4056 6380
116 402 129 417 ⁷
156 395 277 460 549

1347 400 1810 475 QUALITATIS
1858 399 2392 469 CONJECTURA.

3457 400 3576 472 530

156 534 272 590 sim
304 532 391 590 ita
419 533 782 609 incredulus,
806 539 872 592 ut
896 534 1039 610 quid
1073 553 1189 610 qua
1212 536 1532 593 intentione
1563 536 1815 605 actitcm,
1848 539 1902 605 Α
1932 536 2215 603 carnales,
2250 539 2479 608 fratres,
2512 541 2687 612 atque
2745 541 2983 613 nepotes
3039 541 3437 615 permitterem
3481 560 3579 599 ex-

158 622 271 678 sim
304 623 635 697 smpissime
688 625 1112 701 dubius;.dum
1171 625 1393 683 scilicet
1446 626 1593 683 falsa
1622 642 1819 682 verove

160 712 402 769 illorum
433 714 508 770 de
554 732 647 770 me
676 714 1015 772 testimonia
1042 732 1177 771 cum
1221 715 1335 784 his,
1363 733 1489 788 quae
1524 715 1665 771 mihi
1700 714 1820 771 sint

158 800 291 872 plus
324 818 509 874 quam
551 820 788 861 necesse
831 805 926 873 sit,
961 805 1213 878 cognita,
1248 805 1509 874 confero;
1555 804 1696 877 quid
1748 805 1819 859 de

159 889 483 959 abbatiola,
537 909 664 964 quze
715 893 1131 967 Magonzianus
1176 897 1434 962 vocatur,
1485 893 1820 966 nuperrime

155 980 779 1048 statuerim,decretali
805 982 915 1038 hoe
944 983 1161 1056 scripto
1191 982 1514 1053 enucleare,
1538 986 1595 1037 et
1622 985 1822 1039 ventu-

158 1066 237 1123 ris
264 1069 799 1143 pmsentibusque,
824 1074 889 1125 ut
913 1071 1145 1144 utrique
1167 1070 1509 1143 dijudicent,
1528 1070 1821 1127 destinare

157 1158 474 1214 contendo.
508 1159 645 1231 Ipsa
682 1158 864 1233 igitur
904 1160 1130 1230 eadem,
1164 1159 1678 1233 quantulacunque
1722 1159 1818 1227 sit,

157 1261 293 1302 cum
326 1263 400 1303 ex
429 1246 706 1320 prmdiolo
738 1236 1130 1321 quorumdam
1159 1248 1530 1322 dispositioni
1558 1248 1702 1321 (923)
1726 1249 1820 1304 Ec-

159 1334 353 1391 clesim
409 1340 624 1392 nostra:
670 1337 750 1393 ita
797 1337 1115 1407 obvenerit,
1150 1342 1215 1393 ut
1262 1342 1365 1394 aut
1417 1338 1687 1409 obeunte,
1719 1342 1823 1393 aut

158 1440 472 1497 perperam
522 1425 1029 1483 inemendabiliter
1085 1426 1226 1499 quid
1294 1430 1662 1500 perpetrante
1719 1428 1821 1481 ab-

158 1514 316 1583 bate,
348 1513 502 1570 alter
551 1514 623 1571 ab
683 1514 954 1588 episcopo
1012 1514 1132 1571 illic
1186 1515 1556 1571 sufficeretur
1611 1519 1821 1571 nostrae

156 1602 454 1672 dimcesis,
486 1603 588 1676 qui
649 1603 971 1661 militantes
1024 1604 1084 1659 in
1129 1621 1197 1661 ea
1239 1604 1582 1661 monachica
1632 1604 1821 1660 vivere

157 1692 378 1748 faceret
425 1691 584 1766 lege;
616 1691 766 1764 (924)
818 1709 975 1762 cum,
1029 1693 1113 1748 uti
1161 1709 1254 1749 res
1303 1696 1392 1749 est
1437 1693 1819 1766 perdifﬁcilis,

160 1779 271 1836 hoc
334 1795 479 1850 non,
532 1783 599 1836 ut
649 1784 1015 1838 constructor
1068 1781 1348 1851 voluerat,
1406 1782 1822 1854 processisset;

161 1869 408 1925 incenso
439 1869 587 1942 (925)
618 1868 692 1925 ab
739 1868 1031 1943 Huugaris
1077 1870 1412 1939 caenobiolo,
1444 1871 1516 1926 ad
1562 1870 1685 1927 hoc'
1720 1870 1826 1927 mi-

161 1956 498 2015 serabiliter
556 1961 646 2014 est
703 1963 1073 2032 perventum,
1119 1964 1184 2016 ut
1241 1960 1387 2033 ipse,
1439 1960 1540 2033 qui
1593 1960 1823 2017 abbatis

162 2044 311 2103 falso
368 2046 656 2103 vocabulo
715 2048 870 2120 (926)
937 2047 1101 2105 solus
1172 2049 1439 2122 gestabat
1508 2048 1819 2118 cucullam,

159 2152 340 2192 uxore
370 2134 582 2192 saltem
626 2137 895 2209 nequiret
926 2136 1227 2215 ullatenus
1259 2138 1571 2210 abstinere,
1603 2138 1822 2193 nedum

159 2223 256 2279 alii
295 2224 553 2297 propriis
606 2241 838 2298 quoque
887 2231 1126 2299 possent
1170 2226 1592 2297 voluntatibus,
1626 2231 1691 2282 ut
1733 2243 1820 2283 re-

158 2312 301 2387 gula
360 2313 785 2372 monachorum
857 2316 1144 2390 praecipit,
1198 2316 1555 2374 renuntiare.
1610 2317 1821 2382 Quem-

165 2404 302 2459 dam
335 2403 521 2476 igitur
548 2421 620 2460 ex
650 2404 865 2461 talibus
891 2422 1026 2461 cum
1057 2404 1371 2479 omnigeno
1392 2409 1605 2462 couatu
1634 2406 1708 2461 ad
1740 2404 1821 2473 id,

168 2491 327 2564 quod
372 2493 703 2549 secundum
756 2493 965 2549 saltem
996 2495 1152 2550 400
1180 2493 1623 2567 congruentiam
1676 2497 1824 2550 tem-

172 2581 331 2653 poris
357 2584 518 2638 esset
545 2583 859 2654 agendum,
886 2600 1000 2639 non
1024 2582 1340 2641 voluissem
1372 2584 1687 2653 adducere;
1722 2584 1824 2639 sed

172 2671 311 2742 fuga
342 2674 435 2727 ter
480 2669 684 2742 lapsus
740 2670 885 2745 ipse,
923 2669 1164 2747 Geziaca
1219 2688 1312 2728 me
1369 2672 1611 2745 insuper
1664 2671 1829 2745 lepra

171 2775 275 2831 per
302 2759 705 2816 internuntios
737 2764 1045 2817 conaretur
1076 2760 1326 2830 inﬁcere,
1360 2761 1471 2817 hoc
1502 2766 1608 2831 est,
1643 2766 1708 2817 ut
1737 2779 1825 2818 ac.

172 2852 342 2922 cepta
371 2849 446 2905 ab
478 2865 546 2905 eo
584 2849 832 2921 pecunia
873 2849 1127 2907 sinerem
1172 2867 1329 2921 eum,
1361 2852 1516 2923 quod
1564 2851 1825 2908 oblatum

174 2937 425 2995 Domino
455 2937 667 3005 fuerat,
690 2937 837 3011 (927)
870 2937 1123 3007 diabolo,
1156 2943 1221 2994 ut
1267 2944 1400 2995 ante
1444 2940 1677 3009 fecerat,
1710 2945 1825 2996 tra-

174 3027 339 3096 dere;
374 3044 470 3083 me
500 3027 656 3101 quod
696 3026 792 3083 ille
834 3026 1061 3083 volebat
1088 3027 1340 3099 nolente,
1373 3028 1471 3085 illo
1520 3031 1674 3102 quod
1721 3046 1827 3104 ego

173 3114 273 3172 Dei
306 3124 578 3189 respectu
610 3115 863 3173 vitabam
885 3120 1147 3190 rogante,
1172 3117 1446 3190 utrinque
1466 3135 1601 3174 cum
1624 3119 1831 3176 fuisset

173 3204 530 3276 discessum,
574 3204 746 3262 haesit
793 3207 1027 3263 animus
1077 3206 1215 3279 quid
1266 3224 1436 3280 agere
1483 3225 1739 3280 possem.
1768 3208 1827 3264 Si

1927 626 2198 696 pendere,
2258 626 2650 700 imprudentis
2707 628 3130 702 dispensatoris
3194 644 3308 688 non
3377 632 3579 688 minus

1928 732 2159 787 pmuam
2217 704 2396 787 quam
2462 717 2715 775 infidelis
2773 721 3013 775 verebar
3064 720 3378 777 incurrere.
3431 723 3576 777 Cum

1928 803 2085 859 enim
2135 806 2489 875 perarduum
2532 806 2608 862 sit
2655 808 3072 864 monachorum
3106 809 3491 883 propositum,
3523 816 3581 868 et

1930 892 2145 947 talibus
2204 894 2922 965 inconvenientissimum;
2972 898 3127 953 sicut
3174 899 3328 954 enim
3378 917 3581 956 mona-

1930 980 2039 1036 cho
2065 980 2144 1035 nil
2177 983 2458 1050 sanctius,
2484 984 2564 1039 ita
2594 985 2738 1040 nihil
2770 992 2859 1042 est
2877 987 3178 1059 hypocrita
3200 989 3575 1046 sceleratius:

1930 1068 2129 1125 relicto
2173 1070 2547 1145 impossibili,
2581 1074 2651 1129 ad
2687 1074 2965 1147 possibile
3014 1093 3107 1132 me
3151 1079 3412 1134 conferre
3443 1095 3579 1151 ope-

1928 1175 2053 1213 ram
2087 1159 2241 1214 dedi.

1998 1250 2053 1302 2.
2079 1247 2353 1304 Ordinavi
2380 1248 2677 1323 igitur,ut,
2693 1251 2740 1307 si
2764 1251 2959 1323 plures
2990 1253 3279 1310 inhiberet
3309 1254 3578 1323 facultas,

1930 1334 2049 1391 illic
2078 1339 2196 1391 tres
2226 1336 2484 1392 officium
2530 1355 2703 1395 suum
2738 1357 2848 1395 non
2892 1341 3217 1398 nescientes
3246 1344 3405 1399 omni
3435 1348 3581 1400 tem-

1932 1440 2070 1496 pore
2091 1423 2297 1480 saltem
2326 1426 2646 1499 presbyteri
2680 1428 3019 1497 militarent,
3038 1432 3102 1484 ut
3130 1429 3272 1487 inibi
3306 1432 3467 1488 nullo
3487 1433 3581 1489 die

1937 1512 2121 1568 missa
2150 1514 2394 1583 deesset,
2431 1526 2583 1569 unus
2629 1514 2929 1585 diaconus,
2961 1535 3115 1574 unus
3162 1519 3578 1591 subdiaconus,

1936 1601 2192 1658 clericali
2237 1601 2439 1675 aliqui.
2472 1602 2730 1677 Quisque
2776 1607 3245 1680 presbyterorum
3279 1611 3427 1667 ΑΜ
3479 1628 3582 1667 au-

1936 1690 2161 1747 nuatim
2190 1692 2474 1764 acciperet
2493 1692 2645 1749 inter
2670 1694 3027 1751 frumentum
3051 1701 3107 1752 et
3128 1697 3412 1770 segallum
3434 1698 3583 1771 (928)

1934 1779 2132 1835 modia
2160 1780 2383 1850 decem,
2407 1781 2560 1837 inter
2586 1780 2888 1855 legumina
2919 1788 2976 1840 et
3004 1784 3235 1842 milium
3268 1786 3465 1844 modia
3494 1788 3588 1844 de-

1934 1885 2082 1936 cem,
2117 1869 2188 1924 de
2221 1869 2367 1942 (929)
2400 1869 2594 1927 surico
2634 1872 2829 1928 modia
2872 1875 3096 1944 decem,
3128 1876 3199 1931 de
3226 1876 3359 1933 vino
3390 1876 3586 1935 modia

1930 1957 2076 2030 (930)
2107 1958 2439 2014 duodecim.
2468 1958 2761 2017 Diaconus
2810 1961 2879 2018 de
2927 1962 3020 2019 his
3066 1965 3344 2021 omnibus
3388 1966 3584 2022 modia

1931 2046 2211 2119 quinque,
2226 2047 2427 2103 vinum
2446 2048 2644 2105 modia
2659 2066 2779 2105 sex.
2800 2051 3206 2110 Subdiaconus
3226 2054 3424 2110 modia
3446 2056 3582 2125 tria,

1930 2135 2130 2190 vinum
2155 2135 2353 2191 modia
2376 2141 2649 2209 quatuor.
2671 2138 2755 2193 Ad
2779 2140 3126 2195 vestimenta
3143 2143 3464 2216 presbyteri
3496 2160 3584 2200 so-

1930 2222 2080 2279 lidos
2111 2225 2400 2296 quinque;
2433 2225 2716 2281 diaconus
2748 2227 2966 2285 solidos
2985 2229 3161 2299 duos;
3186 2231 3582 2288 subdiaconus

1898 2311 2186 2388 ‘solidum
2246 2330 2451 2369 unum.
2492 2314 2799 2371 Cucullum
2854 2333 3024 2374 nemo
3083 2317 3319 2376 illorum
3368 2326 3580 2393 portet.

1932 2401 2190 2473 Hymnos
2207 2405 2403 2459 tamen
2425 2403 2485 2458 in
2508 2404 2850 2461 memoriam
2871 2406 3126 2479 antiquae
3141 2411 3583 2468 consuetudinis

1934 2491 1992 2545 in
2026 2490 2323 2560 laudibus,
2358 2492 2688 2562 matutinis,
2723 2494 2935 2566 prima,
2967 2496 3158 2569 tertia,
3191 2501 3373 2567 sexta,
3405 2516 3581 2569 nona,

1931 2597 2175 2653 vespera
2198 2584 2256 2636 et
2279 2579 2678 2654 completorio,
2704 2598 2829 2654 quae
2860 2584 3059 2640 omnia
3089 2586 3159 2641 ad
3191 2585 3395 2643 horam
3430 2589 3587 2644 debi-

1934 2672 2054 2725 tam
2082 2668 2338 2725 exhiberi
2361 2669 2605 2744 decrevi,
2628 2676 2949 2728 cantarent.
2969 2673 3038 2728 Et
3066 2673 3203 2746 quia
3234 2675 3361 2732 sine
3389 2676 3587 2749 aliquo

1935 2757 1993 2813 id
2016 2759 2141 2814 ﬁeri
2164 2758 2501 2832 magisterio
2523 2776 2695 2833 posse
2711 2761 3235 2834 desperavi,unum
3262 2766 3417 2823 402
3440 2765 3586 2821 inibi

1936 2848 2164 2920 praefeci
2213 2849 2620 2922 presbyterum
2652 2850 3079 2922 honorabilem,
3124 2870 3230 2909 nec
3277 2854 3590 2911 ministerii

1936 2936 2030 2992 sui
2064 2941 2378 3009 expertem,
2408 2942 2616 3010 praeter
2654 2937 2787 2994 illos
2830 2943 2968 3007 tres,
2994 2940 3074 2996 ita
3116 2942 3361 3012 decrevi,
3385 2947 3452 2999 ut
3489 2947 3591 3000 aut

1936 3026 2186 3082 abeunte
2219 3025 2335 3094 illo,
2369 3031 2471 3082 aut
2500 3027 2728 3083 decreta
2767 3025 2951 3085 facere
2982 3034 3407 3101 contemnente,
3442 3032 3592 3090 alter

1936 3115 2008 3171 ab
2026 3115 2296 3188 episcopo
2309 3114 2629 3172 Veronensi
2646 3115 2771 3172 loco
2787 3118 3224 3191 subrogaretur,
3238 3119 3396 3177 illius
3417 3121 3587 3195 :(931)

1937 3204 2154 3277 quique
2184 3204 2276 3260 his
2324 3205 2620 3273 omnibus,
2654 3209 2720 3261 ut
2763 3206 3091 3262 continetur
3141 3208 3437 3281 superius,
3468 3226 3586 3266 non

173 3294 333 3350 enim
376 3311 485 3368 ego
534 3292 1072 3366 possessiunculam
1100 3294 1199 3351 Dei
1233 3295 1507 3352 Genitrici
1556 3296 1825 3354 collatam
1856 3281 1899 3348 C
1935 3310 2039 3367 per
2067 3294 2265 3351 vineas
2296 3297 2353 3349 et
2390 3310 2649 3367 campos,
2673 3294 2773 3351 sed
2805 3311 2908 3368 per
2949 3311 3260 3354 mensuras
3290 3296 3590 3371 dispensa-

176 3382 392 3440 melius
440 3383 610 3456 quasi
653 3383 1102 3457 dispensaturus
1148 3384 1295 3440 mihi
1344 3386 1675 3453 retinerem,
1726 3391 1829 3443 aut

173 3489 443 3530 meorum
494 3472 671 3530 alicui
733 3474 962 3542 darem;
1020 3490 1091 3529 ne
1148 3490 1552 3531 successorum
1611 3475 1829 3549 aliquis

173 3577 444 3618 meorum
476 3578 606 3619 meo
637 3560 909 3618 similiter
952 3562 1170 3619 faciens
1216 3564 1478 3637 exemplo
1507 3564 1829 3639 eleemosy-

173 3667 312 3707 nam
362 3649 600 3707 illorum
658 3651 944 3707 bonorum
996 3651 1339 3722 destrueret,
1375 3653 1638 3710 nonnihil
1669 3671 1829 3711 vere-

152 3742 299 3797 bar.
326 3740 387 3796 Si
417 3756 552 3797 vero
579 3744 815 3814 propter
844 3758 1026 3797 unum
1058 3741 1274 3798 falsum
1306 3741 1625 3813 cucullum,
1659 3743 1832 3800 abba-

177 3834 293 3886 tem
325 3829 708 3903 appellatum,
734 3828 792 3885 id
820 3834 908 3887 est
936 3834 1159 3903 patrem
1193 3830 1600 3901 falsissimum,
1637 3850 1695 3889 re
1726 3849 1829 3890 au-

174 3924 295 3976 tem
327 3919 600 3976 vitricum
630 3919 1024 3989 verissimum,
1057 3919 1167 3977 hoc
1215 3920 1273 3975 in
1326 3938 1564 3978 uxorem
1595 3925 1652 3978 et
1678 3921 1832 3980 filios

253 4061 406 4134 (923)
428 4060 560 4135 Haec
589 4060 903 4135 peculiaris
933 4061 1239 4135 dispositio
1269 4064 1470 4120 eratin
1494 4065 1836 4122 fundatione

178 4130 309 4205 ejus
337 4130 648 4208 coenobioli
676 4150 709 4189 a
738 4130 1152 4208 constructore
1166 4137 1514 4208 praestituta,
1533 4142 1598 4192 ut
1626 4138 1834 4193 abbate

182 4204 437 4279 mortuo,
470 4208 575 4279 aut
620 4204 1059 4279 inemendabili,
1104 4204 1250 4263 alter
1291 4224 1408 4262 non
1444 4224 1478 4263 a
1506 4208 1831 4279 monachis,

181 4278 282 4335 sed
314 4275 693 4350 ab_ep_iscopo
714 4275 1043 4350 eligeretur,
1067 4283 1243 4350 atque
1273 4280 1663 4350 praeficeretur
1682 4297 1713 4335 e
1731 4275 1836 4335 Ve;

181 4347 419 4424 ronensi
450 4347 704 4417 dioecesi,
738 4347 837 4420 qui
867 4347 1188 4424 monachos
1228 4347 1299 4406 ad
1344 4350 1629 4424 regularis
1659 4351 1833 4407 disci-

180 4420 656 4503 pli‘ngnormarn
685 4419 809 4503 co‘i'n
816 4419 1077 4503 pelleret.

224 4492 402 4561 (924)
431 4490 869 4576 Acheriieditio
911 4494 1169 4576 σξιωῂώί
1226 4501 1455 4576 (sanest,
1482 4493 1832 4576 perdifﬁcilis

181 4564 295 4645 hoc,
325 4577 504 4619 nonae
529 4566 883 4644 constructor,
906 4567 1014 4619 etc.
1044 4564 1521 4621 Emendationem
1552 4564 1680 4621 novi
1714 4565 1833 4621 edi-

179 4632 323 4690 toris
353 4632 706 4706 recepimus.

248 4703 692 4832 (9252’Hungari
740 4703 965 4761 Italiam
1013 4704 1329 4762 identidem
1375 4706 1731 4775 invaserunt,
1766 4724 1833 4764 ac

248 4795 347 4832 ceu
394 4775 468 4832 iis
506 4777 1155 4832 denraedationibusaue
1201 4782 1509 4832 vastarunt
1558 4779 1630 4832 ab
1679 4795 1832 4832 anno

182 4775 468 4833 incendiis
506 4775 1155 4849 depraedationibusque
1201 4782 1509 4833 vastarunt
1558 4779 1630 4834 ab
1679 4795 1832 4834 anno

180 4850 286 4931 900
316 4849 385 4904 ad
418 4848 640 4931 annum
686 4864 874 4931 usque
918 4849 1044 4931 94?.
1066 4848 1220 4931 Yide
1266 4848 1609 4931 Liutprandi
1640 4850 1831 4906 Histo-

183 4920 452 5002 riaghet.
471 4918 617 5002 alios
647 4918 960 5002 scriptores
989 4919 1200 5002 decimi
1231 4918 1448 5002 saeculi.

271 4990 400 5063 926)
430 4990 496 5064 _ln
525 4990 887 5064 Magonziani
912 4990 1231 5064 emnobiolo
1257 4991 1368 5064 hoc
1386 4995 1646 5064 tempore
1677 5010 1831 5048 unus

185 5061 364 5120 abbas
383 5061 521 5134 sine
547 5061 851 5118 monachis
874 5062 1294 5128 inveniebatur,
1320 5061 1592 5134 idemque
1613 5069 1667 5118 et
1699 5081 1833 5120 uxo-

184 5151 303 5191 rem
334 5133 609 5206 habebat,
629 5134 810 5205 et,uti
836 5139 1040 5206 postea
1070 5134 1336 5200 traditur,
1363 5133 1625 5190 carnales
1656 5135 1826 5192 ﬁlios.

184 5207 326 5263 Hinc
356 5205 531 5278 paulo
560 5210 695 5278 post
721 5205 895 5278 imum
922 5206 1130 5277 falsum
1160 5207 1441 5278 cucullum
1471 5212 1658 5261 vocat.

253 5223 326 5262 nc
397 5223 531 5261 aulo
560 5223 695 5278 poet
721 5223 895 5261 unum
922 5223 1130 5277 [auum
1160 5223 1441 5261 cucuumn
1471 5223 1658 5261 vocat.

425 5277 497 5361 .Id
545 5276 962 5361 est,.sinerem,
994 5280 1078 5344 ut,
1111 5277 1514 5361 quodupostea
1560 5277 1828 5361 eaplicat,

74 5377 95 5395 -
184 5347 488 5406 abbatiblaa
517 5347 780 5405 redditus
808 5350 871 5403 in
900 5347 1206 5421 urcei-emet
1242 5347 1385 5420 ﬁlios
1413 5347 1682 5415 carnales,
1711 5353 1829 5421 [ra-

184 5430 309 5487 tres,
334 5429 498 5492 atque
525 5424 740 5494 nepotes
771 5419 1114 5491 expenderet.
1245 5419 1248 5420 ⁷
1711 5419 1719 5421 “

248 5494 399 5565 (928)
432 5492 909 5565 Fortersiliginem
938 5491 1031 5565 ait
1072 5490 1373 5565 Acherius.
1407 5490 1562 5565 Nihil
1595 5495 1829 5565 mutan-

184 5562 318 5621 dum
340 5562 527 5644 novus
547 5562 737 5644 editor
757 5562 1025 5644 credidit,
1040 5563 1272 5644 et‘jure;
1297 5562 1430 5644 hinc
1452 5562 1607 5644 enim
1630 5564 1831 5644 Italica

185 5653 288 5692 vox
329 5635 536 5767 siquia.
568 5634 819 5720 Sigalum
859 5635 1014 5720 apud
1059 5632 1215 5718 alios.
1251 5634 1562 5721 scriptores
1591 5634 1826 5720 legitur,

187 5708 335 5767 apud
425 5723 514 5766 nos
541 5708 761 5767 senatu.
784 5710 852 5765 ut
875 5706 1068 5765 Videre
1088 5709 1179 5765 est
1200 5722 1261 5763 1n
1283 5705 1576 5767 Glossema
1601 5708 1825 5767 Canad.

187 5708 335 5788 apud
367 5705 514 5767 alios
541 5705 761 5782 segetis,
784 5710 852 5765 ut
875 5705 1068 5765 videre
1088 5709 1179 5765 est
1200 5705 1261 5763 in
1283 5705 1576 5767 Glossario
1601 5705 1825 5787 (lingit.

334 5429 498 5494 αειιέἐθ
525 5424 740 5494 nepotes
771 5435 875 5494 “‘1’

1936 3388 2033 3453 tis,
2062 3383 2216 3456 quod
2247 3387 2594 3451 remaneret,
2628 3382 2894 3451 haberet;
2928 3384 2987 3440 in
3020 3385 3313 3458 praeclaris
3340 3404 3474 3444 vero
3507 3386 3587 3444 fe-

1937 3472 2296 3530 stivitatibus
2336 3471 2469 3530 illos
2499 3473 2761 3546 quinque
2791 3491 2991 3531 secum
3022 3476 3233 3532 faceret
3263 3477 3585 3547 comedere,

1938 3562 2159 3618 eisdem
2204 3561 2350 3617 cibis
2408 3566 2465 3617 et
2521 3562 2755 3634 potibus
2787 3580 2902 3635 quo
2933 3564 2994 3636 [ι.
3026 3564 3267 3640 quibus]
3326 3564 3587 3639 seipsum

1939 3651 2307 3706 abundanter
2334 3654 2390 3707 et
2429 3668 2531 3724 pro
2575 3668 2747 3724 posse
2776 3654 3012 3709 eosdem
3044 3655 3333 3712 reficiens.
3365 3654 3588 3722 Quibus

1938 3745 2133 3797 tamen
2169 3741 2377 3797 diebus
2423 3740 2731 3799 lectionem
2778 3743 3149 3801 decernimus
3199 3745 3271 3801 ad
3321 3761 3588 3801 mensam

1938 3830 2212 3902 habeant,
2229 3835 2285 3887 et
2306 3834 2439 3903 post
2463 3829 2660 3887 cibum
2678 3830 2826 3904 (952)
2850 3833 3004 3905 quod
3027 3833 3299 3890 monachi
3329 3837 3587 3892 cantent.

1938 3920 2322 3992 Summopere
2350 3936 2505 3976 vero.
2543 3962 2555 3975 .
2594 3962 2607 3975 .
2645 3962 2659 3976 .
2695 3962 2709 3976 .
2746 3962 2759 3976 .
2797 3962 2810 3976 .
2846 3964 2859 3978 .

1942 4066 2115 4122 Panis
2144 4064 2448 4133 segalaeius
2477 4063 2628 4134 apud
2658 4063 3039 4119 Fortunatum
3070 4063 3129 4118 in
3160 4062 3290 4120 Vita
3322 4065 3381 4119 S.
3412 4064 3590 4121 Rade-

1943 4136 2158 4209 gundis
2188 4152 2219 4209 c
2274 4136 2342 4209 15
2371 4139 2427 4189 et
2452 4137 2542 4189 21.

2013 4207 2165 4279 (929)
2190 4208 2445 4279 sericum
2472 4222 2585 4279 non
2618 4209 2708 4261 est
2738 4205 2996 4279 indicum
3027 4205 3587 4279 frumentum,quod

1943 4274 2209 4359 serius'in
2238 4276 2464 4332 Italiam
2487 4276 2791 4331 inductum
2815 4276 3353 4359 fuit,‘sed‘quaada.m
3375 4274 3589 4359 segetis

1941 4348 2184 4421 species,
2203 4364 2272 4403 ex
2299 4364 2416 4421 qua
2444 4363 2599 4421 nunc
2639 4363 2872 4419 quoque
2913 4346 3124 4404 alicubi
3158 4347 3328 4419 panis
3356 4346 3590 4403 contici-

1941 4418 2057 4485 tur,
2081 4418 2553 4545 quaelqueoltalice
2577 4418 2817 4474 vocatur
2841 4435 3016 4501 sorgo.

2013 4492 2162 4545 (390)
2253 4491 2452 4545 odium
2479 4506 2594 4545 non
2626 4489 2819 4545 solum
2849 4491 3013 4545 arido

2013 4488 2162 4564 (390)
2194 4488 2452 4546 Medium
2479 4506 2594 4545 non
2626 4489 2819 4545 solum
2849 4488 3170 4564 aridorum,
3199 4491 3301 4545 sed
3332 4493 3393 4564 et
3420 4488 3590 4561 liqui.

1940 4561 2150 4645 dorum
2176 4561 3031 4645 eratmensuraprovarietate.
3048 4561 3588 4645 locorum‘diversa,

1860 4625 1908 4689 D
1938 4639 2003 4689 ut
2024 4635 2079 4689 in
2098 4634 2417 4689 novissima
2431 4625 2631 4705 Gangii
2648 4632 2902 4705 editione
2919 4633 3111 4689 fusius
3127 4633 3457 4689 ostenditur
3470 4625 3592 4689 ver;

1940 4707 2014 4761 bo
2035 4706 2290 4773 Medium,
2313 4710 2371 4760 et
2389 4704 2612 4760 Modius.
2632 4704 2792 4779 Quod
2817 4705 2865 4779 si
2895 4709 3099 4761 auctor
3118 4709 3270 4779 part.
3294 4722 3334 4779 ι,
3358 4706 3434 4779 De
3455 4721 3590 4779 cop-

1942 4782 2147 4849 tcmptu
2187 4792 2459 4858 canonum
2499 4792 2663 4858 nium.
2694 4778 2729 4832 3
2762 4778 2950 4858 :_Quot
2984 4775 3174 4849 congia
3205 4775 3588 4858 vini,_inquit,

1940 4848 2059 4904 non
2087 4866 2223 4922 vero
2244 4853 2370 4922 quot
2396 4849 2620 4922 mollia;
2633 4848 2915 4922 congium
2933 4848 3221 4922 (mensura
3237 4852 3374 4922 erat
3402 4848 3593 4903 minor

1942 4920 2162 4999 modio,
2192 4921 2446 4999 quodex
2468 4919 2745 4999 pluribus
2759 4919 3001 4999 icongiis
3031 4921 3352 4999 constabat.
3548 4989 3558 4999 ι

2013 4992 2162 5065 (931)
2196 4989 2255 5047 Ιὶί
2288 4996 2395 5056 est,
2429 4989 2487 5047 et‘
2508 4992 2605 5064 qui
2632 4989 2918 5065 presbyter
2942 4992 3265 5065 dispensatis
3295 4989 3378 5043 lus
3405 4989 3588 5043 omni-

1943 5064 2039 5118 bus
2067 5080 2179 5118 non
2202 5081 2303 5135 per
2330 5065 2516 5118 vineas
2543 5072 2593 5119 et
2641 5079 2876 5134 campos,
2908 5064 3001 5118 sed
3041 5079 3142 5135 per
3191 5066 3592 5135 menstruam

1939 5128 2551 5213 supqius'contz‘netur,
2584 5128 2803 5213 habere;
2839 5128 2978 5213 quod
3014 5128 3591 5213 remanet,_8imiliter

1939 5204 2017 5261 iu'
2040 5208 2294 5265 Judicalo
2325 5224 2488 5261 num.
2519 5210 2572 5273 2,
2607 5204 3079 5260 distributionem
3111 5204 3445 5259 reddituum
3488 5216 3591 5272 per

1937 5278 2145 5333 modios
2168 5286 2219 5335 ct
2248 5279 2510 5343 sacraria,
2543 5294 2644 5332 seu
2700 5292 2801 5348 per
2842 5291 3161 5348 mensuras
3196 5272 3321 5348 ﬁeri
3375 5272 3580 5348 consti-

1940 5350 2073 5416 tuit,
2104 5366 2213 5405 non
2238 5366 2339 5421 per
2365 5364 2580 5419 campos
2608 5356 2667 5421 et,
2686 5343 2898 5421 uineas,
2912 5345 3202 5421 Notabilis
3230 5344 3350 5399 haec
3378 5343 3588 5421 distin-

1940 5422 2055 5476 ctio
2086 5416 2502 5493 inter‘eampos
2534 5423 2590 5473 et
2615 5418 2836 5486 vineas,
2868 5419 2940 5473 de
2968 5434 3086 5490 qua
3113 5417 3244 5474 vide
3273 5421 3395 5472 not.
3430 5417 3491 5471 11
3528 5416 3589 5472 in

1937 5493 2265 5549 Judicatum.

2010 5565 2165 5637 (932)
2190 5564 2249 5637 ld
2289 5567 2397 5627 est,
2430 5563 2666 5617 cantent
2710 5561 2911 5637 eadem
2944 5578 3093 5637 quae,
3119 5560 3400 5637 _monachi
3433 5576 3589 5637 _can-

1936 5631 2084 5692 tant.
2116 5631 2392 5704 Multane,
2420 5649 2493 5689 an
2523 5649 2710 5708 pauca
2738 5633 2798 5690 in
2828 5633 2945 5691 fine
2962 5631 3397 5707 desiderentur,
3429 5631 3590 5707 igno-

1938 5723 2159 5768 Γᾶωυε.
