4056 6436
443 369 561 439 555

1370 361 1745 426 RATHERII
1789 360 2034 423 EPISC.
2080 356 2373 421 VERON.
2422 358 2595 422 OPP.
2644 358 2844 423 PARS
2888 359 2939 423 Ι.

3734 356 3862 420 556

444 507 563 557 tem
598 500 715 565 Dei,
748 498 968 569 trifarie
998 515 1206 572 parare
1246 496 1581 553 memoriter
1610 494 1918 559 festinetis,
1946 493 2092 560 [sub-
2122 492 2178 556 Α
2207 493 2277 546 de
2306 493 2569 565 rEgypto,
2599 494 2651 549 id
2687 498 2795 561 est,
2821 494 3048 549 inferno
3078 508 3444 563 crueremur;
3477 496 3536 547 et
3563 507 3669 564 per
3698 508 3867 548 mare

441 590 580 645 audi
610 588 792 654 illam]
822 588 933 644 hoc
975 592 1082 657 est,
1116 588 1436 645 secundum
1474 584 1829 658 symbolum,
1858 584 2012 637 410
2036 581 2093 636 id

440 682 531 734 est
586 677 953 734 collationem
1014 675 1431 749 apostolorum,
1475 674 1628 729 sicut
1685 673 1743 728 in
1800 669 2098 727 Psalteriis

442 766 718 822 correctis
761 765 1055 821 invenitur
1086 765 1265 836 (935);
1300 767 1357 817 et
1398 761 1560 817 illam
1594 778 1720 833 quae
1752 760 1823 815 ad
1854 759 2099 814 missam

441 855 704 922 canitur;
739 858 797 910 et
827 854 985 909 illam
1020 852 1206 907 sancti
1230 850 1556 918 Athanasii,
1582 866 1710 921 quae
1741 849 1825 903 ita
1853 847 2094 918 incipit:

443 944 761 1015 Quicunque
788 943 906 998 vult
934 942 1120 997 salvus
1149 956 1281 996 esse.
1311 939 1656 1009 Quicunque
1686 936 1811 991 vult
1838 952 1974 1009 ergo
2006 951 2101 990 sa-

442 1033 648 1088 cerdos
686 1031 746 1086 in
778 1034 976 1085 nostra
1006 1028 1283 1101 parochia
1328 1043 1479 1095 esse,
1513 1031 1615 1082 aut
1662 1026 1807 1092 fieri,
1841 1029 1943 1080 aut
1972 1041 2099 1096 per-

444 1135 699 1187 manere,
726 1118 872 1190 (936)
916 1117 1049 1173 illas
1094 1122 1214 1172 tres
1247 1116 1501 1187 [subaudi
1550 1114 1719 1185 ﬁdes]
1767 1112 2103 1168 memoriter

445 1209 615 1264 nobis
664 1207 884 1272 recitet,
921 1222 1056 1262 cum
1106 1204 1371 1277 proxime
1404 1221 1437 1258 a
1475 1203 1645 1258 nobis
1696 1201 1810 1256 huc
1863 1198 2101 1256 vocatus

446 1296 640 1351 fuerit.
919 1346 922 1349 Α

516 1387 571 1438 2.
595 1384 800 1438 Moneo
824 1383 997 1437 etiam
1029 1398 1131 1436 vos
1156 1382 1226 1435 de
1250 1380 1343 1435 die
1374 1379 1699 1444 Dominico,
1720 1382 1785 1432 ut
1813 1375 2100 1448 cogitetis,

447 1475 548 1527 aut
577 1471 626 1526 si
659 1470 914 1542 cogitare
965 1469 1225 1533 nescitis,
1260 1466 1652 1539 interrogetis,
1673 1482 1853 1537 quare
1882 1465 1965 1520 ita
2006 1481 2102 1519 vo-

446 1564 644 1616 cetur:
672 1576 785 1614 usu
816 1558 973 1613 enim
1002 1556 1343 1629 quotidiano
1380 1555 1511 1610 illas
1541 1572 1633 1609 res
1663 1554 1994 1609 Dominicas
2023 1552 2105 1607 di-

447 1648 657 1715 cimus,
684 1665 811 1719 quae
856 1645 1088 1718 proprie
1119 1645 1190 1699 ad
1225 1643 1494 1698 dominos
1526 1643 1818 1714 pertinent
1848 1642 2101 1697 illarum.

447 1740 526 1811 Eo
546 1739 745 1809 itaque
766 1752 940 1791 sensu
967 1734 1271 1790 Dominica
1292 1733 1505 1787 dicitur
1527 1732 1672 1794 dies,
1690 1732 1843 1803 quod
1877 1731 2105 1802 proprie

449 1827 519 1881 ad
545 1825 881 1887 Dominum,
901 1823 956 1877 id
986 1825 1075 1877 est
1098 1822 1301 1876 Jesum
1327 1819 1625 1875 Christum
1653 1819 2102 1890 pertineat.Cum

448 1931 584 1969 vero
608 1930 813 1969 omnes
834 1912 957 1966 dies
978 1910 1167 1982 ipsius
1190 1910 1325 1978 sint,
1349 1910 1503 1963 sicut
1524 1913 1579 1963 et
1598 1908 1796 1963 omnia
1816 1925 1942 1979 quae
1967 1911 2105 1963 sunt

450 2004 510 2057 in
542 2002 777 2067 coelo,et
796 2001 855 2055 in
876 2004 1051 2063 terra,
1071 2004 1128 2054 et
1149 1998 1209 2052 in
1233 1998 1401 2063 mari,
1419 2002 1474 2053 et
1496 1998 1553 2052 in
1581 1997 1854 2052 omnibus
1878 1996 2104 2068 abyssis

453 2092 624 2163 (Psal.
650 2107 872 2157 cxxxrv,
896 2088 972 2159 6);
1004 2086 1415 2157 inquirendum
1442 2102 1621 2159 quare
1651 2085 1765 2141 ista
1793 2085 1983 2141 solum
2015 2085 2102 2139 di-

452 2184 619 2236 catur
658 2178 817 2233 illius
849 2193 997 2232 esse.
1023 2175 1313 2231 Nimirum
1346 2176 1483 2247 quia
1514 2176 1639 2246 ipse
1664 2175 1723 2229 in
1755 2192 1824 2230 ea
1852 2176 1997 2245 (937)
2022 2192 2105 2230 re-

450 2267 721 2323 surrexit.
747 2266 857 2322 Sed
878 2265 938 2319 in
969 2264 1186 2336 quibus
1209 2250 1484 2317 Kalendis
1509 2262 1762 2329 [subaudi
1782 2280 2105 2320 resurrexe-

450 2356 545 2427 rit]
577 2374 694 2412 non
727 2371 923 2421 cures;
975 2355 1046 2408 de
1090 2353 1182 2409 die
1230 2352 1599 2408 solummodo
1645 2352 1854 2424 cogita.
1889 2354 2105 2416 Quinta

449 2446 593 2501 feria
623 2450 755 2517 post.
780 2458 1086 2514 vesperum
1137 2447 1227 2497 est
1275 2441 1548 2507 traditus,
1579 2447 1739 2497 sexta
1769 2443 2100 2511 cruciﬁxus,

450 2534 701 2607 septima
753 2531 971 2604 quievit
1029 2531 1087 2584 in
1146 2528 1437 2601 sepulcro.
1463 2533 1667 2584 octava
1723 2530 2105 2586 resurrexita

452 2622 720 2689 mortuis,
744 2628 800 2675 et
824 2620 974 2674 inter
1004 2619 1255 2673 duorum
1290 2619 1517 2673 dierum
1552 2622 1799 2688 partem,
1825 2618 1944 2673 sive
1965 2619 2104 2675 inte-

450 2711 723 2783 gritatem
756 2708 1035 2773 noctium,
1064 2707 1257 2761 triduo
1288 2706 1434 2777 (93d)
1464 2710 1529 2760 ut
1560 2705 1922 2777 promissrat,
1948 2704 2096 2763 411

451 2800 625 2863 facto,
675 2815 713 2861 ω
760 2796 937 2860 corde,
982 2795 1041 2849 id
1098 2799 1188 2850 est
1245 2794 1621 2849 interioribus
1674 2798 1841 2851 terrae
1879 2796 2098 2867 (Matth.

450 2905 552 2957 xu,
586 2884 674 2957 40)
706 2887 777 2941 ad
825 2882 1131 2956 Apostolos
1163 2882 1355 2937 rediit.
1382 2882 1527 2936 Hinc
1576 2882 1705 2954 ipsa
1733 2887 1950 2951 octava,
1984 2884 2102 2941 sive

453 2976 643 3049 prima
673 2975 815 3029 feria
843 2973 968 3029 dies
998 2977 1235 3028 vocatur
1282 2970 1614 3038 Dominica;
1648 2976 1705 3027 et
1750 2972 1808 3026 in
1840 2990 2101 3044 quoe-un-

453 3082 566 3137 que
589 3063 979 3119 Kalendarum
1013 3061 1106 3116 die
1135 3061 1378 3127 eveniat,
1404 3077 1634 3132 semper
1653 3065 1743 3117 est
1769 3061 2006 3130 Pascha,
2042 3063 2100 3118 id

452 3159 561 3219 est,
595 3154 862 3209 transitus
893 3152 1115 3205 Domini
1131 3150 1201 3204 de
1231 3153 1414 3204 morte
1441 3149 1511 3203 ad
1541 3148 1741 3213 vitam,
1765 3154 1822 3205 et
1847 3168 1963 3206 uno
1985 3169 2105 3208 mo-

2208 580 2493 645 llubrum,
2518 581 2626 635 hoc
2656 586 2764 649 est,
2795 580 3160 654 baptismum
3185 580 3474 653 sanguine
3502 578 3737 636 Domini
3769 597 3867 636 ru-
3907 594 3911 597 ‘

2204 669 2402 735 beum,
2427 685 2530 741 per
2557 670 2852 726 desertum
2898 669 3202 742 praesentis
3234 669 3367 725 vitae
3396 669 3611 737 educti,
3646 669 3718 724 ad
3748 672 3867 724 ter-

2207 774 2332 812 ram
2356 758 2846 829 repromissionis,
2862 758 2921 814 id
2948 758 3242 825 est,vitam
3262 763 3540 815 aeternam
3562 756 3869 831 pervenire

2207 862 2537 917 possemus.
2566 846 2755 903 Habes
2786 846 3029 916 Pascha,
3053 847 3108 902 id
3144 851 3234 902 est
3261 846 3579 903 transitum
3603 847 3865 915 bonum;

2208 935 2389 991 habes
2421 939 2650 1008 Agnum
2679 952 2782 1008 pro
2831 940 2888 991 te
2930 936 3220 1005 occisum;
3255 935 3520 992 transisti
3551 951 3713 991 mare
3745 935 3868 991 Ru-

2208 1023 2403 1089 brum,
2434 1023 2699 1095 graderis
2728 1039 2831 1095 per
2875 1024 3191 1079 desertum.
3214 1023 3361 1079 Vide
3401 1040 3516 1096 quo
3555 1022 3871 1096 graderis?

2209 1112 2389 1167 Stude
2418 1115 2483 1166 ut
2510 1112 2658 1183 (940)
2701 1112 3022 1183 pervenias,
3048 1129 3165 1185 quo
3211 1112 3410 1169 venire
3457 1111 3564 1168 tibi
3609 1112 3867 1185 expedit.

2212 1199 2435 1255 Labora
2465 1216 2600 1255 cum
2628 1200 2728 1255 Dei
2769 1201 2863 1272 adj
2876 1200 3084 1268 utorio,
3111 1217 3184 1257 ne
3213 1206 3316 1257 aut
3344 1201 3404 1257 in
3435 1202 3742 1274 {Egyptum
3775 1216 3869 1257 re-

2210 1288 2369 1355 deas,
2384 1292 2487 1342 aut
2505 1287 2563 1342 in
2586 1288 2812 1344 deserto
2834 1304 3056 1360 pereas,
3072 1290 3175 1346 sed
3202 1290 3274 1345 ad
3295 1289 3548 1363 patriam
3569 1288 3868 1346 caelestem

2212 1376 2532 1447 pervenias.
2569 1376 2630 1431 In
2661 1376 2974 1449 Egyptum
3002 1394 3136 1433 vero
3169 1382 3227 1433 te
3257 1378 3444 1434 redire
3473 1394 3780 1451 cognosce,
3816 1377 3871 1433 si

2212 1469 2538 1537 peccatum,
2567 1466 2721 1535 quod
2751 1466 3083 1536 deseruisti,
3115 1467 3424 1539 praesumis
3452 1471 3731 1539 repetere.
3765 1466 3872 1522 Pe-

2212 1553 2293 1608 ris
2322 1570 2455 1609 vero
2502 1553 2559 1607 in
2592 1553 2840 1622 deserto,
2876 1555 2923 1608 si
2970 1571 3085 1609 non
3128 1571 3462 1627 perseveras
3492 1555 3551 1610 in
3581 1554 3781 1612 labore
3810 1558 3873 1611 et

2212 1658 2384 1713 opere
2416 1643 2588 1698 bono.

2283 1732 2336 1785 3.
2364 1731 2474 1786 Sed
2509 1731 2818 1788 redeamus
2856 1732 2927 1787 ad
2969 1731 3313 1804 Apostolum
3342 1750 3354 1788 :
3386 1734 3615 1799 Pascha,
3647 1732 3866 1805 inquit,

2212 1819 2424 1874 Pascha
2451 1823 2698 1874 nostrum
2730 1821 3045 1876 immolatus
3088 1824 3163 1876 est
3195 1822 3455 1877 Christus.
3480 1822 3722 1878 Postea:
3755 1824 3868 1877 Ita-

2212 1925 2314 1980 que
2342 1909 2645 1980 epulemur.
2671 1908 2849 1965 Putas
2875 1910 3030 1981 quod
3062 1908 3252 1966 dicat:
3281 1909 3541 1983 Crapulte
3580 1915 3639 1966 et
3676 1910 3867 1966 ebrie-

2211 1997 2317 2052 tati
2347 1996 2658 2052 vacemus‘?
2684 1998 3061 2070 Nequaquam
3087 2017 3100 2067 ;
3135 1999 3402 2070 sequitur
3434 1999 3590 2055 enim
3615 2016 3629 2055 :
3656 2001 3778 2057 Non
3808 2001 3868 2055 in

2209 2088 2475 2156 fermento
2504 2087 2690 2151 veteri,
2723 2084 2781 2140 id
2813 2091 2904 2141 est
2931 2086 3230 2143 inflatione
3252 2088 3494 2153 ventris,
3515 2087 3605 2143 vel
3633 2092 3870 2144 tumore

2213 2173 2518 2229 anterioris
2548 2174 2787 2245 peccati,
2820 2179 2923 2229 aut
2955 2175 3187 2230 al'ﬂectu
3221 2177 3292 2231 ad
3324 2181 3619 2232 transacta
3646 2176 3873 2233 scelera

2213 2263 2515 2329 redeundi,
2540 2261 2627 2317 vel
2675 2262 2791 2318 alia
2821 2265 3197 2335 perpetrandi
3232 2282 3245 2320 :
3276 2266 3457 2337 Neque
3497 2267 3557 2320 in
3599 2268 3870 2338 fermento

2208 2353 2437 2407 nuditia:
2468 2355 2520 2405 et
2540 2353 2836 2422 nequitur;
2865 2352 2958 2408 sed
2978 2355 3038 2408 in
3060 2355 3271 2425 azymis
3289 2356 3624 2412 sinceritatis
3652 2363 3705 2412 et
3731 2357 3872 2412 veri-

2212 2442 2339 2496 tatis
2370 2440 2551 2510 (Ibid.,
2573 2442 2651 2508 8),
2675 2439 2732 2494 id
2764 2445 2872 2508 est,
2902 2446 2967 2496 ut
3011 2440 3073 2496 in
3119 2459 3291 2514 opere
3330 2442 3501 2515 justi,
3533 2442 3593 2499 in
3640 2446 3873 2518 cogita-

2209 2531 2367 2585 tione
2410 2529 2729 2601 simplices,
2759 2530 2816 2585 in
2869 2547 3138 2587 sermone
3177 2531 3366 2588 simus
3395 2549 3647 2589 veraces.
3671 2536 3869 2600 Quan-

2218 2619 2334 2674 do?
2365 2617 2534 2673 Omni
2565 2623 2824 2690 tempore
2855 2636 2867 2673 :
2898 2619 3186 2692 praecipue
3223 2637 3357 2676 vero
3386 2620 3445 2675 in
3477 2621 3742 2694 paschali
3775 2639 3870 2679 so-

2210 2705 2531 2772 lemnitate,
2556 2705 2665 2762 hoc
2698 2713 2783 2763 est
2815 2708 2976 2762 omni
3008 2708 3311 2764 Dominica
3341 2709 3479 2765 anni
3510 2710 3720 2784 integri
3750 2712 3869 2768 die.

2210 2796 2270 2851 Si
2302 2795 2459 2851 enim
2500 2795 2803 2851 Dominica
2831 2801 2921 2852 est
2959 2796 3213 2863 Domini,
3247 2797 3452 2870 utique
3500 2816 3613 2855 non
3665 2805 3878 2859 nostra

2211 2884 2336 2940 dies
2367 2888 2490 2938 est:
2517 2884 2577 2939 Si
2610 2883 2832 2939 Domini
2866 2887 2975 2953 est,
3015 2884 3340 2941 reverentia
3377 2886 3610 2942 Domini
3642 2894 3733 2943 est
3761 2888 3874 2946 ho-

2210 2973 2490 3029 noranda.
2522 2973 2631 3027 Sed
2678 2973 2849 3043 cuius
2880 2973 3146 3028 domini?
3176 2974 3413 3041 Revera,
3438 2975 3538 3047 qui
3589 2992 3697 3032 nos
3729 2994 3872 3034 cum

2210 3079 2328 3117 non
2359 3077 2625 3116 essemus
2654 3061 2817 3127 fecit;
2851 3062 2952 3133 qui
2993 3079 3099 3118 nos
3129 3080 3265 3117 cum
3306 3063 3513 3135 perditi
3545 3063 3873 3124 fuissemus

2211 3150 2436 3217 refecit;
2472 3149 2571 3221 qui
2602 3165 2708 3204 nos
2740 3150 3051 3222 gubernat,
3071 3150 3194 3217 alit,
3222 3152 3426 3219 nutrit,
3452 3153 3738 3223 defendit;
3765 3156 3874 3228 qui

453 3229 547 3310 do,
573 3241 857 3314 quidquid
890 3239 1229 3305 manduces,
1250 3236 1339 3293 vel
1372 3237 1559 3308 bibas,
1590 3243 1679 3293 est
1721 3239 2100 3296 observanda.
2134 3224 2178 3292 C
2215 3237 2393 3292 vitam
2424 3242 2700 3305 nostram,
2736 3254 3044 3310 quousque
3091 3237 3176 3293 illi
3225 3239 3528 3312 placuerit,
3556 3242 3652 3297 hic
3680 3224 3874 3299 con—ti-

452 3331 617 3385 Unde
639 3335 833 3385 autem
855 3327 1258 3383 observanda?
1278 3327 1362 3381 Ab
1386 3343 1557 3397 opere
1579 3328 1792 3382 servili.
1813 3330 1975 3393 Quod
2000 3347 2101 3385 au-

452 3424 571 3472 tem
590 3420 677 3472 est
692 3433 838 3486 opus
857 3414 1100 3470 servile?
1116 3414 1421 3469 Peccatum
1441 3432 1453 3470 :
1470 3415 1567 3486 qui
1585 3415 1740 3470 enim
1760 3418 2105 3487 peccat,dia-

452 3504 584 3561 bolo
617 3505 811 3559 servit.
836 3504 895 3558 Si
927 3519 1062 3575 ergo
1095 3503 1250 3557 omni
1286 3503 1379 3558 die
1408 3503 1710 3559 Dominico
1740 3508 1827 3559 est
1856 3506 2101 3575 Pascha,

454 3593 830 3667 quaerendum
854 3592 993 3663 quid
1027 3591 1194 3646 nobis
1226 3591 1557 3646 faciendum
1590 3591 1648 3647 in
1681 3608 1765 3647 ea.
1790 3594 2102 3665 Apostolus

452 3683 643 3738 dicat:
674 3681 901 3747 Pascha,
935 3680 1149 3752 inquit,
1173 3680 1382 3735 Pascha
1411 3688 1656 3735 nostr-um
1687 3682 1996 3739 immolatus
2025 3692 2103 3740 est

454 3771 699 3826 Christus
720 3770 767 3841 (I
781 3769 899 3825 Cor.
914 3786 967 3837 v,
984 3772 1062 3837 7).
1084 3770 1270 3832 Quare
1291 3769 1516 3823 Pascha
1536 3774 1623 3826 est
1643 3770 1946 3826 Christus?
1963 3774 2104 3843 quia

440 3857 792 3913 immolatus
808 3856 975 3930 (939).
991 3856 1104 3911 Cur
1123 3856 1501 3912 immolatus?
1523 3862 1585 3912 ut
1608 3875 1711 3930 pro
1733 3859 1901 3915 nobis
1924 3876 2103 3916 more-

450 3952 631 4002 retur.
667 3946 828 4002 Sicut
856 3944 1059 4016 utique
1090 3948 1259 4000 antea
1296 3944 1393 4001 ille
1440 3945 1874 4012 immolabatur,
1908 3950 2100 4019 cujus,

447 4037 733 4109 sanguine
747 4035 1087 4090 liberandus
1100 4035 1171 4089 ab
1184 4034 1427 4107 {Egypto
1449 4034 1700 4107 populus
1719 4037 2100 4108 purgabatur,

443 4126 526 4181 ita
554 4141 690 4198 ergo
722 4129 777 4180 et
804 4125 913 4180 iste
944 4129 1247 4196 propterea
1267 4128 1356 4179 est
1380 4122 1821 4191 immolatus,ut
1850 4142 2099 4182 morere-

440 4219 560 4282 tur,
582 4218 885 4286 propterea
916 4213 1245 4281 accisus,ut
1266 4229 1372 4268 nos
1395 4228 1498 4284 per
1528 4213 1879 4286 sanguinem
1913 4215 2101 4287 ipsius

441 4320 476 4358 a
503 4306 791 4358 vastatore
822 4302 1028 4356 mundi
1076 4299 1306 4374 angelo,
1332 4300 1389 4356 id
1438 4305 1528 4357 est
1559 4301 1811 4371 diabolo,
1845 4302 2099 4373 liberati,

509 4444 659 4516 (935)
686 4443 829 4499 Hinc
872 4442 1157 4516 suspicari
1190 4442 1343 4516 licet,
1372 4443 1430 4498 in
1471 4443 1790 4516 Veronensi
1842 4446 2099 4503 Ecclesia

440 4514 845 4596 apbstdlorum'
869 4514 1207 4596 Symbolum
1229 4514 1495 4596 aliquam
1546 4515 1904 4596 additionem
1938 4536 2093 4575 rece-

439 4585 614 4656 pisse,
642 4587 724 4639 uti
773 4585 1010 4656 alicubi,
1037 4585 1177 4640 etin
1211 4585 1569 4655 Aquileiensi
1604 4589 1925 4656 praesertim
1973 4607 2092 4645 me-

394 4703 412 4712 -
435 4655 788 4725 tropolitana
818 4655 1062 4710 ecclesia
1108 4657 1335 4710 accidit.
1365 4655 1667 4725 Ejusmodi
1699 4665 1895 4714 autem
1928 4662 2090 4716 addi-

434 4731 696 4803 tamenta
729 4743 861 4780 cum
895 4744 928 4781 a
955 4726 1221 4803 Eutherio
1253 4744 1364 4781 non
1386 4728 1804 4803 probarentur,
1836 4732 1907 4785 ad
1942 4733 2093 4803 psal-

433 4798 580 4872 teria
612 4802 870 4872 correcta
918 4797 1161 4862 remisit,
1195 4798 1252 4852 in
1300 4797 1516 4869 quibus
1564 4799 1716 4854 idem
1745 4797 2088 4872 Symbolum

434 4868 798 4939 descriptum
830 4874 972 4923 erat.

500 4942 647 5008 (936)
684 4939 848 5012 Vulg.
878 4940 978 5012 illa
1000 4942 1216 5010 fratres.
1249 4939 1615 5012 Correximus
1640 4959 1756 4996 non
1788 4942 1980 5001 solum
2014 4963 2083 5002 ex

428 5030 538 5068 ms.
565 5010 945 5084 Frisingénsi,
969 5027 1171 5066 verum
1204 5010 1377 5084 etiam
1410 5028 1477 5065 ex
1506 5012 1798 5070 Itinerario
1831 5033 1993 5071 num.
2020 5019 2077 5083 6,

422 5084 484 5139 in
508 5088 631 5157 quo
663 5083 782 5139 hoc"
803 5084 1059 5157 primum
1094 5083 1389 5157 Synodicas
1421 5084 1742 5157 capitulum
1774 5087 2075 5144 recitatur.

424 5155 565 5222 Dein
587 5155 838 5227 proxime
863 5171 930 5209 ex
955 5156 1156 5210 eodem
1177 5156 1468 5210 Ilinerario
1489 5156 1929 5214 einendavimus
1958 5176 1969 5214 :
1998 5160 2078 5215 le-

432 5229 678 5299 gebatur
706 5229 980 5299 proximo,

497 5294 753 5372 (93?)_Ita
782 5301 961 5372 codex
992 5297 1400 5372 Frisingensis.
1433 5294 1628 5368 Vulg.,
1664 5299 1723 5353 in
1756 5315 1835 5367 eo,
1872 5318 2081 5372 perpe-

429 5367 574 5442 ram.
600 5370 729 5423 Mox
756 5372 813 5442 in
839 5371 1033 5441 quibus
1054 5367 1308 5442 Kalendis
1337 5367 1489 5423 idem
1512 5367 1601 5442 est
1624 5387 1689 5425 ac
1720 5372 1781 5424 in
1802 5367 1904 5442 quo
1926 5367 2079 5427 men-

424 5440 637 5499 sisdie.
672 5439 941 5495 Kalendae
973 5441 1274 5512 enimnon
1318 5457 1420 5511 pro
1470 5439 1658 5512 primo
1691 5439 1940 5507 tantum,
1975 5444 2076 5499 sed

424 5526 530 5634 piro
575 5512 779 5580 quovis
827 5512 921 5566 die
971 5510 1187 5567 mensis
1234 5510 1487 5582 acoeptze
1530 5511 1793 5579 fuerunt;
1831 5516 1986 5570 unde
2017 5515 2075 5570 in

478 5581 558 5634 ita
577 5588 631 5634 S.
660 5582 927 5634 Landrici
949 5583 1204 5634 enisconi
1228 5581 1506 5634 Metensis
1528 5599 1691 5634 num.
1712 5584 1799 5634 11.
1822 5600 1918 5634 uer
1936 5587 2075 5634 mul-

478 5581 558 5637 ita
577 5588 631 5634 S.
660 5582 1205 5655 Landriciepiscopi
1228 5581 1506 5655 Metensis
1528 5599 1691 5638 num.
1712 5584 1799 5649 11,
1818 5600 1918 5655 per
1936 5587 2077 5641 mul-

426 5656 506 5708 tos
545 5668 717 5708 annos
748 5653 1010 5717 Kalenda,
1042 5654 1097 5707 id
1147 5657 1235 5709 est
1281 5653 1426 5720 dies,
1455 5654 1789 5783 festivitatis
1818 5653 1895 5712 PS.
1930 5658 2070 5713 Lan-

426 5724 563 5783 ἀνίει
594 5724 882 5783 oblivionis
910 5725 1167 5783 rubigine
1197 5727 1334 5783 tecta
1362 5729 1453 5782 tra
1497 5724 1632 5782 itur.
1666 5725 1730 5783 In
1761 5743 1935 5783 auem
1966 5728 2070 5783 iei-

421 5724 563 5789 driez
594 5724 882 5783 oblivionis
910 5725 1167 5797 rubigine
1197 5727 1334 5783 tecta
1362 5724 1632 5783 traditur.
1666 5725 1730 5785 In
1761 5743 1935 5804 quem
1966 5728 2070 5805 igi-

2212 3330 2336 3394 net;
2371 3342 2505 3381 cum
2526 3324 2797 3393 voluerit,
2823 3343 2951 3381 eam
2984 3327 3122 3383 hinc
3155 3329 3425 3398 mutabit,
3451 3333 3509 3386 et
3532 3335 3634 3386 aut
3663 3331 3873 3389 melio-

2211 3431 2334 3471 rem
2358 3431 2460 3487 pro
2484 3415 2731 3481 meritis,
2758 3420 2861 3470 aut
2889 3416 3094 3472 reddet
3125 3419 3381 3489 pejorem
3409 3435 3422 3474 :
3448 3423 3740 3490 postremo
3767 3422 3876 3494 qui

2211 3521 2319 3560 nos
2341 3502 2651 3574 judicabit,
2675 3509 2732 3586 et
2760 3508 2863 3559 aut
2894 3505 2952 3559 in
2985 3505 3212 3562 inferno
3236 3506 3362 3562 sine
3394 3508 3508 3565 line
3539 3509 3873 3581 damnabit,

2211 3597 2314 3648 aut
2343 3592 2400 3647 in
2433 3591 2575 3648 caelo
2598 3592 2945 3648 (eternaliter
2966 3594 3290 3649 coronabit.
3315 3594 3472 3651 Talis
3503 3599 3656 3654 412
3686 3597 3877 3671 igitur

2211 3698 2278 3736 ac
2310 3686 2481 3737 tanta:
2535 3682 2837 3753 potestatis
2868 3682 3097 3738 Domini
3129 3700 3263 3739 cum
3321 3683 3441 3739 haec
3502 3685 3579 3741 sit
3634 3689 3875 3760 proprie

2211 3771 2357 3836 dies,
2381 3770 2718 3835 houoretur,
2742 3775 2808 3825 ut
2838 3788 2967 3826 eam
3002 3788 3105 3844 pro
3131 3772 3398 3828 decentia
3436 3774 3585 3829 tanti
3633 3777 3871 3833 Domini

2210 3860 2391 3915 decet.
2417 3860 2699 3915 Honorari
2727 3860 2859 3917 vero
2905 3860 3070 3915 nullo
3110 3862 3283 3917 modo
3316 3861 3429 3917 nisi
3461 3863 3874 3922 ordinabiliter

2208 3947 2380 4003 valet.
2415 3946 2537 4004 Nisi
2582 3949 2739 4003 enim
2791 3965 3100 4021 parasceve
3151 3950 3474 4006 Sabbatum
3536 3954 3867 4022 antecedat,

2209 4037 2533 4092 Sabbatum
2555 4035 2709 4092 diem
2731 4036 3129 4107 Dominicam;
3158 4038 3285 4094 dies
3306 4056 3419 4095 non
3454 4043 3542 4095 est
3570 4039 3873 4101 ullatenus

2210 4125 2533 4182 Dominica.

2281 4216 2334 4269 4.
2364 4214 2510 4281 Quid
2542 4217 2737 4270 autem
2782 4219 2870 4270 est
2919 4216 3268 4285 parasceve?
3314 4217 3628 4290 Apostolus
3656 4219 3818 4277 dicat
3852 4239 3867 4278 :

2208 4306 2406 4359 Probet
2434 4307 2635 4370 autem,
2670 4303 2770 4372 ait,
2801 4306 3042 4376 seipsum
3090 4305 3270 4374 homo,
3303 4310 3355 4360 et
3390 4308 3470 4363 sie
3507 4307 3571 4364 de
3594 4325 3739 4380 pane
3768 4311 3871 4368 illo

2209 4451 2309 4502 tur
2341 4444 2561 4531 mensis
2592 4444 2747 4526 diem
2793 4445 3420 4531 inciderit‘Domi‘nic‘a,
3452 4465 3568 4531 qua
3595 4450 3868 4510 Christus

2208 4517 2543 4594 resurrexit,
2575 4517 2818 4572 minime
2860 4519 3188 4574 curandum
3240 4517 3553 4577 Ratherius
3600 4538 3867 4594 pronun-

2208 4590 2333 4645 tiat.

2272 4661 2420 4733 (938)
2445 4657 2640 4733 Vulg.,
2674 4662 2724 4713 et
2768 4660 2916 4715 inter
2956 4660 3189 4716 duorum
3219 4661 3440 4718 dierum
3478 4668 3711 4733 partem,
3744 4667 3867 4725 sire

2200 4736 2372 4787 trium
2401 4732 2777 4800 integritatem
2824 4733 3083 4799 noctium,
3116 4734 3198 4788 vel
3246 4733 3446 4790 triduo.
3478 4732 3561 4789 Ex
3591 4732 3703 4792 ms.
3731 4737 3862 4793 Fri-

2200 4802 2460 4879 singensi
2491 4802 2824 4879 desevimus
2854 4804 3044 4879 trium,
3070 4816 3127 4858 et
3156 4805 3395 4879 velante
3420 4822 3617 4861 vocem
3650 4809 3857 4879 triduo,

2199 4875 2298 4928 ubi
2332 4880 2526 4928 tamen
2559 4874 2641 4927 vel
2674 4874 3047 4944 praemittitur
3087 4875 3209 4930 voci
3249 4878 3509 4932 noctium.
3544 4878 3604 4933 Si
3656 4874 3859 4936 autem

2196 4963 2303 5001 vox
2333 4946 2504 5019 trium
2535 4951 2687 5019 esset
2727 4945 3048 5014 retinenda,
3071 4945 3399 5019 legeremus
3448 4948 3722 5005 libentius
3755 4968 3768 5004 :
3804 4961 3861 5008 et

2197 5019 2340 5071 inter
2372 5015 2785 5089 triumdierum
2810 5026 3041 5086 partem,
3073 5015 3185 5072 sive
3214 5018 3453 5074 duarum
3481 5022 3860 5089 integritatem

2192 5092 2454 5153 noctium,
2487 5087 2689 5164 triduo,
2714 5093 2820 5141 etc.
2868 5088 2998 5164 Mox
3026 5089 3209 5164 rediit,
3242 5094 3299 5144 et
3346 5093 3561 5164 eveniat
3584 5087 3856 5164 scripsi-

2194 5176 2330 5236 mus,
2387 5176 2453 5236 ex
2503 5158 2706 5236 eodem
2757 5175 2867 5213 ms.
2904 5159 3173 5233 Frising.,
3208 5177 3342 5216 cum
3394 5162 3453 5216 in
3504 5161 3662 5236 vulg.
3696 5158 3857 5222 esset

2191 5230 2353 5292 redit,
2379 5234 2435 5284 et
2465 5230 2727 5284 evenerit.

2262 5300 2408 5371 (939)
2432 5300 2710 5355 Acherius
2727 5317 2827 5370 pro
2848 5302 3006 5357 nobis
3028 5303 3359 5358 immolatus.
3389 5307 3509 5359 Hoc
3529 5303 3654 5359 loco
3675 5321 3851 5361 voces

2187 5388 2288 5446 pro
2314 5374 2472 5446 nobis
2502 5372 2714 5446 desunt
2744 5372 2800 5426 in
2835 5372 3071 5446 laudato
3103 5374 3316 5446 codice
3340 5374 3587 5446 Frising.
3613 5380 3671 5430 et
3708 5392 3853 5432 sane

2188 5443 2535 5516 reﬁciendae;
2555 5443 2770 5498 frustra
2789 5444 2945 5498 enim
2972 5444 3030 5499 in
3056 5445 3436 5516 sequentibus
3467 5443 3847 5516 quaereretur.

2186 5518 2298 5572 Cur
2326 5515 2683 5590 immolatus?
2711 5520 2768 5568 et
2799 5515 3269 5590 responderetur,
3298 5533 3400 5590 pro
3432 5515 3606 5583 nobis,
3643 5518 3691 5574 si
3715 5518 3849 5590 jam

2184 5585 2557 5659 praemissum
2578 5584 2798 5659 luisset
2821 5584 2921 5658 pro
2958 5589 3115 5659 nobis
3147 5584 3480 5643 immolatus.

2219 5656 2404 5739 .(940)
2437 5654 2786 5713 Particulam
2819 5654 2879 5715 ut
2923 5658 3263 5716 addidimus
3309 5675 3417 5735 ope
3466 5658 3686 5718 codicis
3716 5659 3845 5718 Fri-

2183 5745 2340 5803 sing.
