  <div class='ocr_page' id='page_1' title='image "/cluster/home/n/w/nwhite01/storage/ocr_20150623/136/umn.31951002477429o/288.png"; bbox 0 0 4056 6448; ppageno 0'>
   <div class='ocr_carea' id='block_1_1' title="bbox 205 442 322 517">
    <p class='ocr_par' dir='ltr' id='par_1_1' title="bbox 205 442 322 517">
     <span class='ocr_line' id='line_1_1' title="bbox 205 442 322 517; baseline 0 -10"><span class='ocrx_word' id='word_1_1' title='bbox 205 442 322 517; x_wconf 74' lang='grc'><strong>861</strong></span> 
     </span>
    </p>
   </div>
   <div class='ocr_carea' id='block_1_2' title="bbox 1220 447 2605 528">
    <p class='ocr_par' dir='ltr' id='par_1_2' title="bbox 1220 447 2605 528">
     <span class='ocr_line' id='line_1_2' title="bbox 1220 447 2605 528; baseline 0.001 -16"><span class='ocrx_word' id='word_1_2' title='bbox 1220 448 1604 513; x_wconf 85' lang='lat' dir='ltr'><strong>SYNODIGA</strong></span> <span class='ocrx_word' id='word_1_3' title='bbox 1651 448 1755 513; x_wconf 89' lang='lat' dir='ltr'><strong>AD</strong></span> <span class='ocrx_word' id='word_1_4' title='bbox 1797 447 2389 528; x_wconf 79' lang='lat' dir='ltr'><strong>PRESBYTEROS,</strong></span> <span class='ocrx_word' id='word_1_5' title='bbox 2434 448 2605 514; x_wconf 86' lang='lat' dir='ltr'><strong>ETG.</strong></span> 
     </span>
    </p>
   </div>
   <div class='ocr_carea' id='block_1_3' title="bbox 3496 440 3615 507">
    <p class='ocr_par' dir='ltr' id='par_1_3' title="bbox 3496 440 3615 507">
     <span class='ocr_line' id='line_1_3' title="bbox 3496 440 3615 507; baseline 0 0"><span class='ocrx_word' id='word_1_6' title='bbox 3496 440 3615 507; x_wconf 72' lang='lat'>562</span> 
     </span>
    </p>
   </div>
   <div class='ocr_carea' id='block_1_4' title="bbox 203 577 3610 660">
    <p class='ocr_par' dir='ltr' id='par_1_4' title="bbox 203 577 3610 660">
     <span class='ocr_line' id='line_1_4' title="bbox 203 577 3610 660; baseline -0 -22"><span class='ocrx_word' id='word_1_7' title='bbox 203 577 453 639; x_wconf 91' lang='lat' dir='ltr'><strong>bonum.</strong></span> <span class='ocrx_word' id='word_1_8' title='bbox 481 578 653 638; x_wconf 88' lang='lat' dir='ltr'>Omni</span> <span class='ocrx_word' id='word_1_9' title='bbox 683 582 777 638; x_wconf 90' lang='lat' dir='ltr'><strong>die</strong></span> <span class='ocrx_word' id='word_1_10' title='bbox 824 579 1127 639; x_wconf 90' lang='lat' dir='ltr'><strong>Dominica</strong></span> <span class='ocrx_word' id='word_1_11' title='bbox 1166 587 1301 640; x_wconf 98' lang='lat' dir='ltr'><strong>ante</strong></span> <span class='ocrx_word' id='word_1_12' title='bbox 1347 583 1593 641; x_wconf 90' lang='lat' dir='ltr'><strong>missam</strong></span> <span class='ocrx_word' id='word_1_13' title='bbox 1644 600 1856 656; x_wconf 88' lang='lat' dir='ltr'><strong>aquam</strong></span> <span class='ocrx_word' id='word_1_14' title='bbox 1887 587 1942 655; x_wconf 78' lang='grc' dir='ltr'><strong>Α</strong></span> <span class='ocrx_word' id='word_1_15' title='bbox 1972 586 2122 643; x_wconf 73' lang='lat' dir='ltr'><strong>schaa</strong></span> <span class='ocrx_word' id='word_1_16' title='bbox 2145 591 2200 641; x_wconf 89' lang='lat' dir='ltr'><strong>et</strong></span> <span class='ocrx_word' id='word_1_17' title='bbox 2220 587 2604 653; x_wconf 86' lang='lat' dir='ltr'><strong>Pentecostes,</strong></span> <span class='ocrx_word' id='word_1_18' title='bbox 2630 584 2743 643; x_wconf 92' lang='lat' dir='ltr'><strong>nisi</strong></span> <span class='ocrx_word' id='word_1_19' title='bbox 2766 588 3002 660; x_wconf 81' lang='lat' dir='ltr'><strong>propter</strong></span> <span class='ocrx_word' id='word_1_20' title='bbox 3032 582 3355 660; x_wconf 90' lang='lat' dir='ltr'><strong>periculum</strong></span> <span class='ocrx_word' id='word_1_21' title='bbox 3383 580 3610 639; x_wconf 89' lang='lat' dir='ltr'><strong>mortis.</strong></span> 
     </span>
    </p>
   </div>
   <div class='ocr_carea' id='block_1_5' title="bbox 203 668 1857 746">
    <p class='ocr_par' dir='ltr' id='par_1_5' title="bbox 203 668 1857 746">
     <span class='ocr_line' id='line_1_5' title="bbox 203 668 1857 746; baseline 0 -17"><span class='ocrx_word' id='word_1_22' title='bbox 203 670 576 729; x_wconf 89' lang='lat' dir='ltr'><strong>benedictam</strong></span> <span class='ocrx_word' id='word_1_23' title='bbox 609 668 800 739; x_wconf 88' lang='lat' dir='ltr'><strong>facite,</strong></span> <span class='ocrx_word' id='word_1_24' title='bbox 821 671 977 728; x_wconf 90' lang='lat' dir='ltr'><strong>unde</strong></span> <span class='ocrx_word' id='word_1_25' title='bbox 1010 670 1265 745; x_wconf 90' lang='lat' dir='ltr'><strong>populus</strong></span> <span class='ocrx_word' id='word_1_26' title='bbox 1304 677 1669 746; x_wconf 84' lang='lat' dir='ltr'><strong>aspergatur,</strong></span> <span class='ocrx_word' id='word_1_27' title='bbox 1702 678 1759 729; x_wconf 92' lang='lat' dir='ltr'><strong>et</strong></span> <span class='ocrx_word' id='word_1_28' title='bbox 1787 674 1857 730; x_wconf 92' lang='lat' dir='ltr'><strong>ad</strong></span> 
     </span>
    </p>
   </div>
   <div class='ocr_carea' id='block_1_6' title="bbox 202 759 1862 820">
    <p class='ocr_par' dir='ltr' id='par_1_6' title="bbox 202 759 1862 820">
     <span class='ocr_line' id='line_1_6' title="bbox 202 759 1862 820; baseline 0.001 -3"><span class='ocrx_word' id='word_1_29' title='bbox 202 760 314 818; x_wconf 89' lang='lat' dir='ltr'><strong>hoc</strong></span> <span class='ocrx_word' id='word_1_30' title='bbox 338 759 536 819; x_wconf 88' lang='lat' dir='ltr'><strong>solum</strong></span> <span class='ocrx_word' id='word_1_31' title='bbox 565 777 666 818; x_wconf 88' lang='lat' dir='ltr'><strong>vas</strong></span> <span class='ocrx_word' id='word_1_32' title='bbox 693 761 922 818; x_wconf 80' lang='lat' dir='ltr'><strong>habete.</strong></span> <span class='ocrx_word' id='word_1_33' title='bbox 958 761 1135 819; x_wconf 88' lang='lat' dir='ltr'><strong>Sacra</strong></span> <span class='ocrx_word' id='word_1_34' title='bbox 1162 779 1300 819; x_wconf 90' lang='lat' dir='ltr'><strong>vasa</strong></span> <span class='ocrx_word' id='word_1_35' title='bbox 1323 765 1381 819; x_wconf 90' lang='lat' dir='ltr'><strong>et</strong></span> <span class='ocrx_word' id='word_1_36' title='bbox 1406 763 1753 820; x_wconf 88' lang='lat' dir='ltr'><strong>vestimenta</strong></span> <span class='ocrx_word' id='word_1_37' title='bbox 1773 778 1862 819; x_wconf 86' lang='lat' dir='ltr'><strong>sa-</strong></span> 
     </span>
    </p>
   </div>
   <div class='ocr_carea' id='block_1_7' title="bbox 201 849 1858 925">
    <p class='ocr_par' dir='ltr' id='par_1_7' title="bbox 201 849 1858 925">
     <span class='ocr_line' id='line_1_7' title="bbox 201 849 1858 925; baseline -0.002 -16"><span class='ocrx_word' id='word_1_38' title='bbox 201 849 527 909; x_wconf 86' lang='lat' dir='ltr'><strong>cerdotalia</strong></span> <span class='ocrx_word' id='word_1_39' title='bbox 555 850 735 907; x_wconf 89' lang='lat' dir='ltr'><strong>nolite</strong></span> <span class='ocrx_word' id='word_1_40' title='bbox 779 850 841 907; x_wconf 92' lang='lat' dir='ltr'><strong>in</strong></span> <span class='ocrx_word' id='word_1_41' title='bbox 880 849 1123 925; x_wconf 88' lang='lat' dir='ltr'><strong>pignore</strong></span> <span class='ocrx_word' id='word_1_42' title='bbox 1152 852 1289 909; x_wconf 89' lang='lat' dir='ltr'><strong>dare</strong></span> <span class='ocrx_word' id='word_1_43' title='bbox 1339 851 1680 924; x_wconf 81' lang='lat' dir='ltr'><strong>negotiatori</strong></span> <span class='ocrx_word' id='word_1_44' title='bbox 1712 852 1858 924; x_wconf 89' lang='lat'>(958)</span> 
     </span>
    </p>
   </div>
   <div class='ocr_carea' id='block_1_8' title="bbox 201 938 1858 1014">
    <p class='ocr_par' dir='ltr' id='par_1_8' title="bbox 201 938 1858 1014">
     <span class='ocr_line' id='line_1_8' title="bbox 201 938 1858 1014; baseline -0.002 -16"><span class='ocrx_word' id='word_1_45' title='bbox 201 946 303 998; x_wconf 87' lang='lat' dir='ltr'><strong>aut</strong></span> <span class='ocrx_word' id='word_1_46' title='bbox 332 939 691 997; x_wconf 88' lang='lat' dir='ltr'><strong>tabernario.</strong></span> <span class='ocrx_word' id='word_1_47' title='bbox 713 939 923 997; x_wconf 92' lang='lat' dir='ltr'><strong>Nullus</strong></span> <span class='ocrx_word' id='word_1_48' title='bbox 952 944 1211 997; x_wconf 89' lang='lat' dir='ltr'><strong>vestrum</strong></span> <span class='ocrx_word' id='word_1_49' title='bbox 1243 941 1440 997; x_wconf 82' lang='lat' dir='ltr'><strong>minus</strong></span> <span class='ocrx_word' id='word_1_50' title='bbox 1471 941 1647 1014; x_wconf 86' lang='lat' dir='ltr'><strong>digne</strong></span> <span class='ocrx_word' id='word_1_51' title='bbox 1674 938 1858 1012; x_wconf 90' lang='lat' dir='ltr'><strong>poeni-</strong></span> 
     </span>
    </p>
   </div>
   <div class='ocr_carea' id='block_1_9' title="bbox 200 1029 1856 1102">
    <p class='ocr_par' dir='ltr' id='par_1_9' title="bbox 200 1029 1856 1102">
     <span class='ocr_line' id='line_1_9' title="bbox 200 1029 1856 1102; baseline -0.002 -14"><span class='ocrx_word' id='word_1_52' title='bbox 200 1034 428 1088; x_wconf 86' lang='lat' dir='ltr'><strong>tentem</strong></span> <span class='ocrx_word' id='word_1_53' title='bbox 454 1029 882 1102; x_wconf 86' lang='lat' dir='ltr'><strong>cujuscumque</strong></span> <span class='ocrx_word' id='word_1_54' title='bbox 909 1030 990 1085; x_wconf 91' lang='lat' dir='ltr'><strong>rei</strong></span> <span class='ocrx_word' id='word_1_55' title='bbox 1021 1030 1209 1102; x_wconf 88' lang='lat' dir='ltr'><strong>gratia</strong></span> <span class='ocrx_word' id='word_1_56' title='bbox 1226 1031 1298 1086; x_wconf 91' lang='lat' dir='ltr'><strong>ad</strong></span> <span class='ocrx_word' id='word_1_57' title='bbox 1330 1029 1856 1086; x_wconf 81' lang='lat' dir='ltr'><strong>reconciliationem</strong></span> 
     </span>
    </p>
   </div>
   <div class='ocr_carea' id='block_1_10' title="bbox 201 1117 1855 1191">
    <p class='ocr_par' dir='ltr' id='par_1_10' title="bbox 201 1117 1855 1191">
     <span class='ocr_line' id='line_1_10' title="bbox 201 1117 1855 1191; baseline -0.003 -15"><span class='ocrx_word' id='word_1_58' title='bbox 201 1120 465 1176; x_wconf 84' lang='lat' dir='ltr'><strong>adducat</strong></span> <span class='ocrx_word' id='word_1_59' title='bbox 482 1118 738 1185; x_wconf 78' lang='lat' dir='ltr'><strong>[subaudi</strong></span> <span class='ocrx_word' id='word_1_60' title='bbox 766 1119 838 1174; x_wconf 90' lang='lat' dir='ltr'><strong>ad</strong></span> <span class='ocrx_word' id='word_1_61' title='bbox 880 1118 1265 1191; x_wconf 88' lang='lat' dir='ltr'><strong>episcopum],</strong></span> <span class='ocrx_word' id='word_1_62' title='bbox 1286 1122 1343 1174; x_wconf 87' lang='lat' dir='ltr'><strong>et</strong></span> <span class='ocrx_word' id='word_1_63' title='bbox 1372 1117 1422 1175; x_wconf 90' lang='lat' dir='ltr'><strong>ei</strong></span> <span class='ocrx_word' id='word_1_64' title='bbox 1454 1117 1855 1174; x_wconf 86' lang='lat' dir='ltr'><strong>testimonium</strong></span> 
     </span>
    </p>
   </div>
   <div class='ocr_carea' id='block_1_11' title="bbox 202 1205 1857 1265">
    <p class='ocr_par' dir='ltr' id='par_1_11' title="bbox 202 1205 1857 1265">
     <span class='ocr_line' id='line_1_11' title="bbox 202 1205 1857 1265; baseline -0.003 0"><span class='ocrx_word' id='word_1_65' title='bbox 202 1206 697 1265; x_wconf 79' lang='lat' dir='ltr'><strong>reconciliationis</strong></span> <span class='ocrx_word' id='word_1_66' title='bbox 744 1207 909 1262; x_wconf 82' lang='lat' dir='ltr'><strong>ferat.</strong></span> <span class='ocrx_word' id='word_1_67' title='bbox 937 1206 1146 1263; x_wconf 91' lang='lat' dir='ltr'><strong>Nullus</strong></span> <span class='ocrx_word' id='word_1_68' title='bbox 1167 1210 1429 1263; x_wconf 89' lang='lat' dir='ltr'><strong>vestrum</strong></span> <span class='ocrx_word' id='word_1_69' title='bbox 1472 1223 1685 1261; x_wconf 89' lang='lat' dir='ltr'><strong>usuras</strong></span> <span class='ocrx_word' id='word_1_70' title='bbox 1735 1205 1857 1261; x_wconf 78' lang='lat' dir='ltr'><strong>exi-</strong></span> 
     </span>
    </p>
   </div>
   <div class='ocr_carea' id='block_1_12' title="bbox 200 1294 1859 1371">
    <p class='ocr_par' dir='ltr' id='par_1_12' title="bbox 200 1294 1859 1371">
     <span class='ocr_line' id='line_1_12' title="bbox 200 1294 1859 1371; baseline -0.002 -18"><span class='ocrx_word' id='word_1_71' title='bbox 200 1301 323 1371; x_wconf 83' lang='lat' dir='ltr'><strong>gat,</strong></span> <span class='ocrx_word' id='word_1_72' title='bbox 347 1299 409 1352; x_wconf 89' lang='lat' dir='ltr'><strong>et</strong></span> <span class='ocrx_word' id='word_1_73' title='bbox 439 1296 758 1352; x_wconf 89' lang='lat' dir='ltr'><strong>conductor</strong></span> <span class='ocrx_word' id='word_1_74' title='bbox 802 1296 897 1352; x_wconf 91' lang='lat' dir='ltr'><strong>sui</strong></span> <span class='ocrx_word' id='word_1_75' title='bbox 941 1295 1189 1351; x_wconf 90' lang='lat' dir='ltr'><strong>senioris</strong></span> <span class='ocrx_word' id='word_1_76' title='bbox 1220 1295 1433 1351; x_wconf 83' lang='lat' dir='ltr'><strong>existat</strong></span> <span class='ocrx_word' id='word_1_77' title='bbox 1461 1294 1630 1367; x_wconf 89' lang='lat'>(959).</span> <span class='ocrx_word' id='word_1_78' title='bbox 1660 1296 1772 1350; x_wconf 83' lang='lat' dir='ltr'><strong>Res</strong></span> <span class='ocrx_word' id='word_1_79' title='bbox 1803 1298 1859 1351; x_wconf 88' lang='lat' dir='ltr'><strong>et</strong></span> 
     </span>
    </p>
   </div>
   <div class='ocr_carea' id='block_1_13' title="bbox 200 1383 1854 1457">
    <p class='ocr_par' dir='ltr' id='par_1_13' title="bbox 200 1383 1854 1457">
     <span class='ocr_line' id='line_1_13' title="bbox 200 1383 1854 1457; baseline -0.002 -15"><span class='ocrx_word' id='word_1_80' title='bbox 200 1384 535 1457; x_wconf 79' lang='lat' dir='ltr'><strong>facultates,</strong></span> <span class='ocrx_word' id='word_1_81' title='bbox 566 1401 715 1457; x_wconf 89' lang='lat' dir='ltr'><strong>quas</strong></span> <span class='ocrx_word' id='word_1_82' title='bbox 743 1387 876 1457; x_wconf 92' lang='lat' dir='ltr'><strong>post</strong></span> <span class='ocrx_word' id='word_1_83' title='bbox 903 1383 1060 1440; x_wconf 90' lang='lat' dir='ltr'><strong>diem</strong></span> <span class='ocrx_word' id='word_1_84' title='bbox 1089 1384 1474 1440; x_wconf 85' lang='lat' dir='ltr'><strong>ordinationis</strong></span> <span class='ocrx_word' id='word_1_85' title='bbox 1526 1388 1732 1439; x_wconf 67' lang='lat' dir='ltr'><strong>vestrae</strong></span> <span class='ocrx_word' id='word_1_86' title='bbox 1761 1400 1854 1440; x_wconf 78' lang='lat' dir='ltr'><strong>ac-</strong></span> 
     </span>
    </p>
   </div>
   <div class='ocr_carea' id='block_1_14' title="bbox 202 1471 1470 1547">
    <p class='ocr_par' dir='ltr' id='par_1_14' title="bbox 202 1471 1470 1547">
     <span class='ocr_line' id='line_1_14' title="bbox 202 1471 1470 1547; baseline 0 -18"><span class='ocrx_word' id='word_1_87' title='bbox 202 1474 463 1547; x_wconf 87' lang='lat' dir='ltr'><strong>quiritis,</strong></span> <span class='ocrx_word' id='word_1_88' title='bbox 496 1472 697 1530; x_wconf 83' lang='lat' dir='ltr'><strong>sciatis</strong></span> <span class='ocrx_word' id='word_1_89' title='bbox 726 1473 799 1529; x_wconf 92' lang='lat' dir='ltr'><strong>ad</strong></span> <span class='ocrx_word' id='word_1_90' title='bbox 828 1471 1133 1530; x_wconf 86' lang='lat' dir='ltr'><strong>ecclesiam</strong></span> <span class='ocrx_word' id='word_1_91' title='bbox 1162 1472 1470 1545; x_wconf 85' lang='lat' dir='ltr'><strong>pertinere.</strong></span> 
     </span>
    </p>
   </div>
   <div class='ocr_carea' id='block_1_15' title="bbox 268 1561 1857 1620">
    <p class='ocr_par' dir='ltr' id='par_1_15' title="bbox 268 1561 1857 1620">
     <span class='ocr_line' id='line_1_15' title="bbox 268 1561 1857 1620; baseline 0 -2"><span class='ocrx_word' id='word_1_92' title='bbox 268 1564 326 1619; x_wconf 94' lang='lat'><strong>9.</strong></span> <span class='ocrx_word' id='word_1_93' title='bbox 346 1561 562 1620; x_wconf 88' lang='lat' dir='ltr'><strong>Nullus</strong></span> <span class='ocrx_word' id='word_1_94' title='bbox 588 1561 716 1620; x_wconf 84' lang='lat' dir='ltr'><strong>sine</strong></span> <span class='ocrx_word' id='word_1_95' title='bbox 757 1561 1004 1619; x_wconf 89' lang='lat' dir='ltr'><strong>scientia</strong></span> <span class='ocrx_word' id='word_1_96' title='bbox 1044 1566 1102 1619; x_wconf 89' lang='lat' dir='ltr'><strong>et</strong></span> <span class='ocrx_word' id='word_1_97' title='bbox 1132 1577 1419 1619; x_wconf 88' lang='lat' dir='ltr'><strong>consensu</strong></span> <span class='ocrx_word' id='word_1_98' title='bbox 1451 1564 1649 1618; x_wconf 91' lang='lat' dir='ltr'><strong>nostro</strong></span> <span class='ocrx_word' id='word_1_99' title='bbox 1679 1561 1857 1620; x_wconf 90' lang='lat' dir='ltr'><strong>eccle-</strong></span> 
     </span>
    </p>
   </div>
   <div class='ocr_carea' id='block_1_16' title="bbox 202 1650 1855 1724">
    <p class='ocr_par' dir='ltr' id='par_1_16' title="bbox 202 1650 1855 1724">
     <span class='ocr_line' id='line_1_16' title="bbox 202 1650 1855 1724; baseline -0.002 -14"><span class='ocrx_word' id='word_1_100' title='bbox 202 1653 354 1711; x_wconf 83' lang='lat' dir='ltr'><strong>siam</strong></span> <span class='ocrx_word' id='word_1_101' title='bbox 384 1651 673 1724; x_wconf 86' lang='lat' dir='ltr'><strong>acquirat.</strong></span> <span class='ocrx_word' id='word_1_102' title='bbox 705 1650 915 1707; x_wconf 91' lang='lat' dir='ltr'><strong>Nullus</strong></span> <span class='ocrx_word' id='word_1_103' title='bbox 954 1668 1058 1724; x_wconf 92' lang='lat' dir='ltr'><strong>per</strong></span> <span class='ocrx_word' id='word_1_104' title='bbox 1099 1654 1445 1724; x_wconf 90' lang='lat' dir='ltr'><strong>potestatem</strong></span> <span class='ocrx_word' id='word_1_105' title='bbox 1484 1650 1855 1708; x_wconf 84' lang='lat' dir='ltr'><strong>saecularium</strong></span> 
     </span>
    </p>
   </div>
   <div class='ocr_carea' id='block_1_17' title="bbox 201 1739 1855 1814">
    <p class='ocr_par' dir='ltr' id='par_1_17' title="bbox 201 1739 1855 1814">
     <span class='ocr_line' id='line_1_17' title="bbox 201 1739 1855 1814; baseline -0.003 -13"><span class='ocrx_word' id='word_1_106' title='bbox 201 1741 515 1801; x_wconf 84' lang='lat' dir='ltr'><strong>ecclesiam</strong></span> <span class='ocrx_word' id='word_1_107' title='bbox 546 1740 825 1798; x_wconf 85' lang='lat' dir='ltr'><strong>obtineat.</strong></span> <span class='ocrx_word' id='word_1_108' title='bbox 856 1739 1066 1797; x_wconf 90' lang='lat' dir='ltr'><strong>Nullus</strong></span> <span class='ocrx_word' id='word_1_109' title='bbox 1110 1757 1214 1814; x_wconf 92' lang='lat' dir='ltr'><strong>per</strong></span> <span class='ocrx_word' id='word_1_110' title='bbox 1254 1740 1565 1813; x_wconf 89' lang='lat' dir='ltr'><strong>pecuniam</strong></span> <span class='ocrx_word' id='word_1_111' title='bbox 1612 1739 1855 1796; x_wconf 86' lang='lat' dir='ltr'><strong>alterius</strong></span> 
     </span>
    </p>
   </div>
   <div class='ocr_carea' id='block_1_18' title="bbox 201 1828 1855 1903">
    <p class='ocr_par' dir='ltr' id='par_1_18' title="bbox 201 1828 1855 1903">
     <span class='ocr_line' id='line_1_18' title="bbox 201 1828 1855 1903; baseline -0.002 -15"><span class='ocrx_word' id='word_1_112' title='bbox 201 1830 512 1889; x_wconf 83' lang='lat' dir='ltr'><strong>ecclesiam</strong></span> <span class='ocrx_word' id='word_1_113' title='bbox 560 1828 919 1902; x_wconf 90' lang='lat' dir='ltr'><strong>supplantet.</strong></span> <span class='ocrx_word' id='word_1_114' title='bbox 953 1828 1163 1887; x_wconf 91' lang='lat' dir='ltr'><strong>Nullus</strong></span> <span class='ocrx_word' id='word_1_115' title='bbox 1199 1829 1504 1886; x_wconf 88' lang='lat' dir='ltr'><strong>ecclesiam</strong></span> <span class='ocrx_word' id='word_1_116' title='bbox 1552 1830 1624 1886; x_wconf 89' lang='lat' dir='ltr'><strong>ad</strong></span> <span class='ocrx_word' id='word_1_117' title='bbox 1673 1846 1855 1903; x_wconf 90' lang='lat' dir='ltr'><strong>quam</strong></span> 
     </span>
    </p>
   </div>
   <div class='ocr_carea' id='block_1_19' title="bbox 201 1917 1934 2027">
    <p class='ocr_par' dir='ltr' id='par_1_19' title="bbox 201 1917 1934 2027">
     <span class='ocr_line' id='line_1_19' title="bbox 201 1917 1934 2027; baseline -0.002 -50"><span class='ocrx_word' id='word_1_118' title='bbox 201 1919 497 2027; x_wconf 54' lang='lat' dir='ltr'><strong>titulatus&#39;</strong></span> <span class='ocrx_word' id='word_1_119' title='bbox 510 1917 951 2027; x_wconf 55' lang='lat' dir='ltr'><strong>estnrelinquat,</strong></span> <span class='ocrx_word' id='word_1_120' title='bbox 976 1922 1044 2027; x_wconf 64' lang='lat' dir='ltr'><strong>et</strong></span> <span class='ocrx_word' id='word_1_121' title='bbox 1061 1919 1151 2019; x_wconf 47' lang='lat' dir='ltr'><strong>.ad</strong></span> <span class='ocrx_word' id='word_1_122' title='bbox 1180 1918 1358 2019; x_wconf 74' lang='lat' dir='ltr'><strong>aliam</strong></span> <span class='ocrx_word' id='word_1_123' title='bbox 1389 1923 1647 2027; x_wconf 55' lang='lat' dir='ltr'><strong>quaee‘tus</strong></span> <span class='ocrx_word' id='word_1_124' title='bbox 1677 1935 1857 1974; x_wconf 90' lang='lat' dir='ltr'><strong>causa</strong></span> <span class='ocrx_word' id='word_1_125' title='bbox 1885 1961 1934 2027; x_wconf 83' lang='lat' dir='ltr'><strong>B</strong></span> 
     </span>
    </p>
   </div>
   <div class='ocr_carea' id='block_1_20' title="bbox 201 2006 1856 2083">
    <p class='ocr_par' dir='ltr' id='par_1_20' title="bbox 201 2006 1856 2083">
     <span class='ocr_line' id='line_1_20' title="bbox 201 2006 1856 2083; baseline -0.002 -16"><span class='ocrx_word' id='word_1_126' title='bbox 201 2009 439 2083; x_wconf 81' lang='lat' dir='ltr'><strong>migret.</strong></span> <span class='ocrx_word' id='word_1_127' title='bbox 473 2009 539 2064; x_wconf 88' lang='lat' dir='ltr'><strong>In</strong></span> <span class='ocrx_word' id='word_1_128' title='bbox 570 2006 810 2066; x_wconf 86' lang='lat' dir='ltr'><strong>alterius</strong></span> <span class='ocrx_word' id='word_1_129' title='bbox 838 2006 1115 2080; x_wconf 87' lang='lat' dir='ltr'><strong>parocbia</strong></span> <span class='ocrx_word' id='word_1_130' title='bbox 1155 2007 1400 2065; x_wconf 90' lang='lat' dir='ltr'><strong>missam</strong></span> <span class='ocrx_word' id='word_1_131' title='bbox 1431 2006 1634 2064; x_wconf 93' lang='lat' dir='ltr'><strong>nullus</strong></span> <span class='ocrx_word' id='word_1_132' title='bbox 1661 2011 1856 2064; x_wconf 86' lang='lat' dir='ltr'><strong>cantet</strong></span> 
     </span>
    </p>
   </div>
   <div class='ocr_carea' id='block_1_21' title="bbox 201 2095 1852 2171">
    <p class='ocr_par' dir='ltr' id='par_1_21' title="bbox 201 2095 1852 2171">
     <span class='ocr_line' id='line_1_21' title="bbox 201 2095 1852 2171; baseline -0.003 -14"><span class='ocrx_word' id='word_1_133' title='bbox 201 2099 429 2171; x_wconf 87' lang='lat' dir='ltr'><strong>absque</strong></span> <span class='ocrx_word' id='word_1_134' title='bbox 476 2095 814 2169; x_wconf 86' lang='lat' dir='ltr'><strong>parochiani</strong></span> <span class='ocrx_word' id='word_1_135' title='bbox 859 2096 1202 2170; x_wconf 80' lang='lat' dir='ltr'><strong>presbyteri,</strong></span> <span class='ocrx_word' id='word_1_136' title='bbox 1236 2096 1286 2153; x_wconf 88' lang='lat' dir='ltr'><strong>si</strong></span> <span class='ocrx_word' id='word_1_137' title='bbox 1315 2113 1572 2169; x_wconf 78' lang='lat' dir='ltr'><strong>praesens</strong></span> <span class='ocrx_word' id='word_1_138' title='bbox 1618 2102 1726 2164; x_wconf 89' lang='lat' dir='ltr'><strong>est,</strong></span> <span class='ocrx_word' id='word_1_139' title='bbox 1756 2113 1852 2152; x_wconf 88' lang='lat' dir='ltr'><strong>vo-</strong></span> 
     </span>
    </p>
   </div>
   <div class='ocr_carea' id='block_1_22' title="bbox 199 2184 1857 2258">
    <p class='ocr_par' dir='ltr' id='par_1_22' title="bbox 199 2184 1857 2258">
     <span class='ocr_line' id='line_1_22' title="bbox 199 2184 1857 2258; baseline -0.002 -13"><span class='ocrx_word' id='word_1_140' title='bbox 199 2186 430 2245; x_wconf 89' lang='lat' dir='ltr'><strong>luntate</strong></span> <span class='ocrx_word' id='word_1_141' title='bbox 456 2190 517 2243; x_wconf 89' lang='lat' dir='ltr'><strong>et</strong></span> <span class='ocrx_word' id='word_1_142' title='bbox 548 2188 773 2258; x_wconf 87' lang='lat' dir='ltr'><strong>rogatu.</strong></span> <span class='ocrx_word' id='word_1_143' title='bbox 798 2184 1009 2242; x_wconf 89' lang='lat' dir='ltr'><strong>Nullus</strong></span> <span class='ocrx_word' id='word_1_144' title='bbox 1038 2187 1327 2242; x_wconf 89' lang='lat' dir='ltr'><strong>decimam</strong></span> <span class='ocrx_word' id='word_1_145' title='bbox 1371 2187 1443 2242; x_wconf 88' lang='lat' dir='ltr'><strong>ad</strong></span> <span class='ocrx_word' id='word_1_146' title='bbox 1492 2185 1652 2242; x_wconf 90' lang='lat' dir='ltr'><strong>aliud</strong></span> <span class='ocrx_word' id='word_1_147' title='bbox 1683 2186 1857 2258; x_wconf 89' lang='lat' dir='ltr'><strong>perti-</strong></span> 
     </span>
    </p>
   </div>
   <div class='ocr_carea' id='block_1_23' title="bbox 200 2273 1855 2348">
    <p class='ocr_par' dir='ltr' id='par_1_23' title="bbox 200 2273 1855 2348">
     <span class='ocr_line' id='line_1_23' title="bbox 200 2273 1855 2348; baseline -0.001 -14"><span class='ocrx_word' id='word_1_148' title='bbox 200 2279 442 2335; x_wconf 89' lang='lat' dir='ltr'><strong>nentem</strong></span> <span class='ocrx_word' id='word_1_149' title='bbox 472 2274 733 2348; x_wconf 89' lang='lat' dir='ltr'><strong>recipiat.</strong></span> <span class='ocrx_word' id='word_1_150' title='bbox 756 2273 965 2331; x_wconf 89' lang='lat' dir='ltr'><strong>Nullus</strong></span> <span class='ocrx_word' id='word_1_151' title='bbox 995 2275 1372 2348; x_wconf 84' lang='lat' dir='ltr'><strong>pcenitentem</strong></span> <span class='ocrx_word' id='word_1_152' title='bbox 1393 2274 1597 2332; x_wconf 89' lang='lat' dir='ltr'><strong>invitet</strong></span> <span class='ocrx_word' id='word_1_153' title='bbox 1619 2291 1855 2334; x_wconf 89' lang='lat' dir='ltr'><strong>carnem</strong></span> 
     </span>
    </p>
   </div>
   <div class='ocr_carea' id='block_1_24' title="bbox 198 2360 1855 2437">
    <p class='ocr_par' dir='ltr' id='par_1_24' title="bbox 198 2360 1855 2437">
     <span class='ocr_line' id='line_1_24' title="bbox 198 2360 1855 2437; baseline -0.003 -13"><span class='ocrx_word' id='word_1_154' title='bbox 198 2365 566 2424; x_wconf 85' lang='lat' dir='ltr'><strong>manducare</strong></span> <span class='ocrx_word' id='word_1_155' title='bbox 591 2360 874 2421; x_wconf 38' lang='lat' dir='ltr'><strong>et‘bibere</strong></span> <span class='ocrx_word' id='word_1_156' title='bbox 895 2363 1118 2433; x_wconf 85' lang='lat' dir='ltr'><strong>vinum,</strong></span> <span class='ocrx_word' id='word_1_157' title='bbox 1142 2364 1257 2420; x_wconf 89' lang='lat' dir='ltr'><strong>nisi</strong></span> <span class='ocrx_word' id='word_1_158' title='bbox 1283 2381 1387 2437; x_wconf 91' lang='lat' dir='ltr'><strong>pro</strong></span> <span class='ocrx_word' id='word_1_159' title='bbox 1407 2380 1473 2420; x_wconf 93' lang='lat' dir='ltr'><strong>eo</strong></span> <span class='ocrx_word' id='word_1_160' title='bbox 1495 2364 1569 2421; x_wconf 91' lang='lat' dir='ltr'><strong>ad</strong></span> <span class='ocrx_word' id='word_1_161' title='bbox 1599 2381 1855 2437; x_wconf 64' lang='lat' dir='ltr'><strong>praesens</strong></span> 
     </span>
    </p>
   </div>
   <div class='ocr_carea' id='block_1_25' title="bbox 200 2452 1062 2528">
    <p class='ocr_par' dir='ltr' id='par_1_25' title="bbox 200 2452 1062 2528">
     <span class='ocr_line' id='line_1_25' title="bbox 200 2452 1062 2528; baseline -0.007 -14"><span class='ocrx_word' id='word_1_162' title='bbox 200 2455 635 2528; x_wconf 84' lang='lat' dir='ltr'><strong>eleemosynam</strong></span> <span class='ocrx_word' id='word_1_163' title='bbox 665 2453 866 2510; x_wconf 85' lang='lat' dir='ltr'><strong>fecerit</strong></span> <span class='ocrx_word' id='word_1_164' title='bbox 894 2452 1062 2526; x_wconf 85' lang='lat'>(960).</span> 
     </span>
    </p>
   </div>
   <div class='ocr_carea' id='block_1_26' title="bbox 271 2542 1856 2616">
    <p class='ocr_par' dir='ltr' id='par_1_26' title="bbox 271 2542 1856 2616">
     <span class='ocr_line' id='line_1_26' title="bbox 271 2542 1856 2616; baseline -0.001 -14"><span class='ocrx_word' id='word_1_165' title='bbox 271 2546 361 2603; x_wconf 90' lang='grc'><strong>10.</strong></span> <span class='ocrx_word' id='word_1_166' title='bbox 396 2542 608 2601; x_wconf 88' lang='lat' dir='ltr'><strong>Nullus</strong></span> <span class='ocrx_word' id='word_1_167' title='bbox 637 2547 956 2616; x_wconf 61' lang='lat' dir='ltr'><strong>praesumat</strong></span> <span class='ocrx_word' id='word_1_168' title='bbox 984 2542 1278 2616; x_wconf 89' lang='lat' dir='ltr'><strong>baptizare</strong></span> <span class='ocrx_word' id='word_1_169' title='bbox 1307 2542 1421 2600; x_wconf 89' lang='lat' dir='ltr'><strong>nisi</strong></span> <span class='ocrx_word' id='word_1_170' title='bbox 1450 2543 1511 2598; x_wconf 91' lang='lat' dir='ltr'><strong>in</strong></span> <span class='ocrx_word' id='word_1_171' title='bbox 1539 2542 1737 2616; x_wconf 88' lang='lat' dir='ltr'><strong>vigilia</strong></span> <span class='ocrx_word' id='word_1_172' title='bbox 1753 2543 1856 2600; x_wconf 88' lang='lat' dir='ltr'><strong>Pa-</strong></span> 
     </span>
    </p>
   </div>
   <div class='ocr_carea' id='block_1_27' title="bbox 270 2694 1296 2768">
    <p class='ocr_par' dir='ltr' id='par_1_27' title="bbox 270 2694 1296 2768">
     <span class='ocr_line' id='line_1_27' title="bbox 270 2694 1296 2768; baseline -0.001 -17"><span class='ocrx_word' id='word_1_173' title='bbox 270 2694 426 2768; x_wconf 80' lang='lat'>(958)</span> <span class='ocrx_word' id='word_1_174' title='bbox 454 2694 630 2768; x_wconf 71' lang='lat' dir='ltr'><strong>Vulg.</strong></span> <span class='ocrx_word' id='word_1_175' title='bbox 665 2710 967 2767; x_wconf 85' lang='lat' dir='ltr'><strong>perperam</strong></span> <span class='ocrx_word' id='word_1_176' title='bbox 1000 2697 1296 2767; x_wconf 86' lang='lat' dir='ltr'><strong>negociato.</strong></span> 
     </span>
    </p>
   </div>
   <div class='ocr_carea' id='block_1_28' title="bbox 273 2766 1853 2839">
    <p class='ocr_par' dir='ltr' id='par_1_28' title="bbox 273 2766 1853 2839">
     <span class='ocr_line' id='line_1_28' title="bbox 273 2766 1853 2839; baseline -0.002 -16"><span class='ocrx_word' id='word_1_177' title='bbox 273 2766 427 2839; x_wconf 89' lang='lat'>(959)</span> <span class='ocrx_word' id='word_1_178' title='bbox 458 2766 589 2839; x_wconf 77' lang='lat' dir='ltr'><strong>Hoc</strong></span> <span class='ocrx_word' id='word_1_179' title='bbox 608 2766 730 2822; x_wconf 82' lang='lat' dir='ltr'><strong>loco</strong></span> <span class='ocrx_word' id='word_1_180' title='bbox 759 2766 863 2839; x_wconf 84' lang='lat' dir='ltr'><strong>pro</strong></span> <span class='ocrx_word' id='word_1_181' title='bbox 892 2768 984 2823; x_wconf 84' lang='lat' dir='ltr'><strong>sui</strong></span> <span class='ocrx_word' id='word_1_182' title='bbox 1016 2766 1250 2839; x_wconf 86' lang='lat' dir='ltr'><strong>senioris</strong></span> <span class='ocrx_word' id='word_1_183' title='bbox 1290 2783 1594 2839; x_wconf 86' lang='lat' dir='ltr'><strong>perperam</strong></span> <span class='ocrx_word' id='word_1_184' title='bbox 1623 2766 1853 2839; x_wconf 82' lang='lat' dir='ltr'><strong>legeba-</strong></span> 
     </span>
    </p>
   </div>
   <div class='ocr_carea' id='block_1_29' title="bbox 200 2837 1858 2910">
    <p class='ocr_par' dir='ltr' id='par_1_29' title="bbox 200 2837 1858 2910">
     <span class='ocr_line' id='line_1_29' title="bbox 200 2837 1858 2910; baseline -0.001 -15"><span class='ocrx_word' id='word_1_185' title='bbox 200 2837 302 2895; x_wconf 86' lang='lat' dir='ltr'><strong>tur</strong></span> <span class='ocrx_word' id='word_1_186' title='bbox 318 2837 978 2910; x_wconf 80' lang='lat' dir='ltr'><strong>fenoris.Gorrectionem</strong></span> <span class='ocrx_word' id='word_1_187' title='bbox 995 2841 1211 2894; x_wconf 90' lang='lat' dir='ltr'><strong>certam</strong></span> <span class='ocrx_word' id='word_1_188' title='bbox 1229 2837 1489 2910; x_wconf 82' lang='lat' dir='ltr'><strong>fecerunt</strong></span> <span class='ocrx_word' id='word_1_189' title='bbox 1503 2837 1858 2909; x_wconf 82' lang='lat' dir='ltr'><strong>exemplaria</strong></span> 
     </span>
    </p>
   </div>
   <div class='ocr_carea' id='block_1_30' title="bbox 201 2908 1855 2983">
    <p class='ocr_par' dir='ltr' id='par_1_30' title="bbox 201 2908 1855 2983">
     <span class='ocr_line' id='line_1_30' title="bbox 201 2908 1855 2983; baseline -0.002 -15"><span class='ocrx_word' id='word_1_190' title='bbox 201 2908 591 2983; x_wconf 69' lang='lat' dir='ltr'><strong>Inquisitiont&#39;s</strong></span> <span class='ocrx_word' id='word_1_191' title='bbox 619 2913 684 2983; x_wconf 70' lang='lat' dir='ltr'><strong>et</strong></span> <span class='ocrx_word' id='word_1_192' title='bbox 719 2909 1140 2983; x_wconf 50' lang='lat' dir='ltr'><strong>admonuimus.</strong></span> <span class='ocrx_word' id='word_1_193' title='bbox 1163 2908 1492 2983; x_wconf 80' lang='lat' dir='ltr'><strong>Respicitur</strong></span> <span class='ocrx_word' id='word_1_194' title='bbox 1520 2908 1705 2966; x_wconf 86' lang='lat' dir='ltr'><strong>canon</strong></span> <span class='ocrx_word' id='word_1_195' title='bbox 1738 2915 1855 2983; x_wconf 82' lang='lat' dir='ltr'><strong>ter-</strong></span> 
     </span>
    </p>
   </div>
   <div class='ocr_carea' id='block_1_31' title="bbox 201 2979 1858 3053">
    <p class='ocr_par' dir='ltr' id='par_1_31' title="bbox 201 2979 1858 3053">
     <span class='ocr_line' id='line_1_31' title="bbox 201 2979 1858 3053; baseline -0.002 -14"><span class='ocrx_word' id='word_1_196' title='bbox 201 2979 326 3053; x_wconf 76' lang='lat' dir='ltr'><strong>tius</strong></span> <span class='ocrx_word' id='word_1_197' title='bbox 357 2979 586 3053; x_wconf 84' lang='lat' dir='ltr'><strong>concilii</strong></span> <span class='ocrx_word' id='word_1_198' title='bbox 607 2979 1116 3051; x_wconf 86' lang='lat' dir='ltr'><strong>Chalcedonensis,</strong></span> <span class='ocrx_word' id='word_1_199' title='bbox 1143 2998 1258 3053; x_wconf 93' lang='lat' dir='ltr'><strong>quo</strong></span> <span class='ocrx_word' id='word_1_200' title='bbox 1279 2979 1623 3053; x_wconf 79' lang='lat' dir='ltr'><strong>prohibetur</strong></span> <span class='ocrx_word' id='word_1_201' title='bbox 1648 2998 1720 3053; x_wconf 86' lang='lat' dir='ltr'><strong>ne</strong></span> <span class='ocrx_word' id='word_1_202' title='bbox 1749 2980 1858 3036; x_wconf 91' lang='lat' dir='ltr'><strong>cle-</strong></span> 
     </span>
    </p>
   </div>
   <div class='ocr_carea' id='block_1_32' title="bbox 202 3051 1859 3124">
    <p class='ocr_par' dir='ltr' id='par_1_32' title="bbox 202 3051 1859 3124">
     <span class='ocr_line' id='line_1_32' title="bbox 202 3051 1859 3124; baseline -0.002 -15"><span class='ocrx_word' id='word_1_203' title='bbox 202 3051 310 3110; x_wconf 91' lang='lat' dir='ltr'><strong>rici</strong></span> <span class='ocrx_word' id='word_1_204' title='bbox 336 3052 686 3124; x_wconf 76' lang='lat' dir='ltr'><strong>conductores</strong></span> <span class='ocrx_word' id='word_1_205' title='bbox 714 3053 1042 3124; x_wconf 13' lang='lat' dir='ltr'><strong>alienarum,</strong></span> <span class='ocrx_word' id='word_1_206' title='bbox 1052 3051 1447 3124; x_wconf 73' lang='lat' dir='ltr'><strong>possessionum</strong></span> <span class='ocrx_word' id='word_1_207' title='bbox 1472 3054 1648 3124; x_wconf 4' lang='lat' dir='ltr'><strong>ﬁant.)</strong></span> <span class='ocrx_word' id='word_1_208' title='bbox 1664 3052 1859 3107; x_wconf 85' lang='lat' dir='ltr'><strong>Senior</strong></span> 
     </span>
    </p>
   </div>
   <div class='ocr_carea' id='block_1_33' title="bbox 203 3122 1856 3205">
    <p class='ocr_par' dir='ltr' id='par_1_33' title="bbox 203 3122 1856 3205">
     <span class='ocr_line' id='line_1_33' title="bbox 203 3122 1856 3205; baseline -0.003 -23"><span class='ocrx_word' id='word_1_209' title='bbox 203 3123 567 3205; x_wconf 82' lang='lat' dir='ltr'><strong>d_e_dominis</strong></span> <span class='ocrx_word' id='word_1_210' title='bbox 587 3122 958 3205; x_wconf 37' lang='lat' dir='ltr'><strong>_l_aicis.atque</strong></span> <span class='ocrx_word' id='word_1_211' title='bbox 988 3122 1318 3205; x_wconf 72' lang='lat' dir='ltr'><strong>ditioribus,</strong></span> <span class='ocrx_word' id='word_1_212' title='bbox 1343 3124 1443 3205; x_wconf 80' lang='lat' dir='ltr'><strong>qui</strong></span> <span class='ocrx_word' id='word_1_213' title='bbox 1473 3122 1693 3205; x_wconf 69' lang='lat' dir='ltr'><strong>praedia</strong></span> <span class='ocrx_word' id='word_1_214' title='bbox 1723 3140 1856 3205; x_wconf 78' lang='lat' dir='ltr'><strong>pos-</strong></span> 
     </span>
    </p>
   </div>
   <div class='ocr_carea' id='block_1_34' title="bbox 205 3194 1860 3277">
    <p class='ocr_par' dir='ltr' id='par_1_34' title="bbox 205 3194 1860 3277">
     <span class='ocr_line' id='line_1_34' title="bbox 205 3194 1860 3277; baseline -0.002 -25"><span class='ocrx_word' id='word_1_215' title='bbox 205 3196 425 3262; x_wconf 86' lang='lat' dir='ltr'><strong>sident,</strong></span> <span class='ocrx_word' id='word_1_216' title='bbox 447 3194 1074 3277; x_wconf 50' lang='lat' dir='ltr'><strong>sumitur._ﬁtliquando</strong></span> <span class='ocrx_word' id='word_1_217' title='bbox 1105 3200 1237 3277; x_wconf 81' lang='lat' dir='ltr'><strong>pest</strong></span> <span class='ocrx_word' id='word_1_218' title='bbox 1263 3194 1405 3277; x_wconf 85' lang='lat' dir='ltr'><strong>et</strong></span> <span class='ocrx_word' id='word_1_219' title='bbox 1428 3194 1601 3277; x_wconf 71' lang='lat' dir='ltr'><strong>aliam</strong></span> <span class='ocrx_word' id='word_1_220' title='bbox 1626 3194 1860 3277; x_wconf 83' lang='lat' dir='ltr'><strong>scripsi-</strong></span> 
     </span>
    </p>
   </div>
   <div class='ocr_carea' id='block_1_35' title="bbox 204 3265 1859 3340">
    <p class='ocr_par' dir='ltr' id='par_1_35' title="bbox 204 3265 1859 3340">
     <span class='ocr_line' id='line_1_35' title="bbox 204 3265 1859 3340; baseline -0.002 -16"><span class='ocrx_word' id='word_1_221' title='bbox 204 3283 345 3324; x_wconf 86' lang='lat' dir='ltr'><strong>mus</strong></span> <span class='ocrx_word' id='word_1_222' title='bbox 390 3283 461 3323; x_wconf 85' lang='lat' dir='ltr'><strong>ex</strong></span> <span class='ocrx_word' id='word_1_223' title='bbox 503 3265 928 3340; x_wconf 71' lang='lat' dir='ltr'><strong>ms._lj‘rising.,</strong></span> <span class='ocrx_word' id='word_1_224' title='bbox 960 3265 1202 3322; x_wconf 58' lang='lat' dir='ltr'><strong>cum&#39;in</strong></span> <span class='ocrx_word' id='word_1_225' title='bbox 1250 3266 1406 3339; x_wconf 88' lang='lat' dir='ltr'><strong>vulg.</strong></span> <span class='ocrx_word' id='word_1_226' title='bbox 1441 3266 1592 3322; x_wconf 87' lang='lat' dir='ltr'><strong>male</strong></span> <span class='ocrx_word' id='word_1_227' title='bbox 1637 3265 1859 3322; x_wconf 87' lang='lat' dir='ltr'><strong>omissa</strong></span> 
     </span>
    </p>
   </div>
   <div class='ocr_carea' id='block_1_36' title="bbox 206 3336 840 3410">
    <p class='ocr_par' dir='ltr' id='par_1_36' title="bbox 206 3336 840 3410">
     <span class='ocr_line' id='line_1_36' title="bbox 206 3336 840 3410; baseline -0.006 -12"><span class='ocrx_word' id='word_1_228' title='bbox 206 3342 364 3398; x_wconf 85' lang='lat' dir='ltr'><strong>esset</strong></span> <span class='ocrx_word' id='word_1_229' title='bbox 394 3336 722 3410; x_wconf 60' lang='lat' dir='ltr'><strong>prapositio</strong></span> <span class='ocrx_word' id='word_1_230' title='bbox 751 3338 840 3394; x_wconf 86' lang='lat' dir='ltr'><strong>ad.</strong></span> 
     </span>
    </p>
   </div>
   <div class='ocr_carea' id='block_1_37' title="bbox 1972 671 3617 749">
    <p class='ocr_par' dir='ltr' id='par_1_37' title="bbox 1972 671 3617 749">
     <span class='ocr_line' id='line_1_37' title="bbox 1972 671 3617 749; baseline -0.004 -17"><span class='ocrx_word' id='word_1_231' title='bbox 1972 675 2386 749; x_wconf 88' lang='lat' dir='ltr'><strong>Unusquisque</strong></span> <span class='ocrx_word' id='word_1_232' title='bbox 2406 677 2597 733; x_wconf 86' lang='lat' dir='ltr'><strong>fontes</strong></span> <span class='ocrx_word' id='word_1_233' title='bbox 2626 674 2856 743; x_wconf 88' lang='lat' dir='ltr'><strong>habeat,</strong></span> <span class='ocrx_word' id='word_1_234' title='bbox 2870 679 2946 745; x_wconf 89' lang='lat' dir='ltr'><strong>et,</strong></span> <span class='ocrx_word' id='word_1_235' title='bbox 2962 674 3013 733; x_wconf 91' lang='lat' dir='ltr'><strong>si</strong></span> <span class='ocrx_word' id='word_1_236' title='bbox 3044 691 3158 732; x_wconf 93' lang='lat' dir='ltr'><strong>non</strong></span> <span class='ocrx_word' id='word_1_237' title='bbox 3188 677 3377 748; x_wconf 85' lang='lat' dir='ltr'><strong>potest</strong></span> <span class='ocrx_word' id='word_1_238' title='bbox 3402 671 3617 728; x_wconf 89' lang='lat' dir='ltr'><strong>habere</strong></span> 
     </span>
    </p>
   </div>
   <div class='ocr_carea' id='block_1_38' title="bbox 1968 759 3615 837">
    <p class='ocr_par' dir='ltr' id='par_1_38' title="bbox 1968 759 3615 837">
     <span class='ocr_line' id='line_1_38' title="bbox 1968 759 3615 837; baseline -0.002 -19"><span class='ocrx_word' id='word_1_239' title='bbox 1968 762 2252 837; x_wconf 89' lang='lat' dir='ltr'><strong>lapideos,</strong></span> <span class='ocrx_word' id='word_1_240' title='bbox 2286 764 2500 821; x_wconf 87' lang='lat' dir='ltr'><strong>habeat</strong></span> <span class='ocrx_word' id='word_1_241' title='bbox 2529 764 2686 821; x_wconf 90' lang='lat' dir='ltr'><strong>aliud</strong></span> <span class='ocrx_word' id='word_1_242' title='bbox 2715 782 2819 821; x_wconf 90' lang='lat' dir='ltr'><strong>vas</strong></span> <span class='ocrx_word' id='word_1_243' title='bbox 2859 765 2931 822; x_wconf 90' lang='lat' dir='ltr'><strong>ad</strong></span> <span class='ocrx_word' id='word_1_244' title='bbox 2971 765 3081 822; x_wconf 91' lang='lat' dir='ltr'><strong>hoc</strong></span> <span class='ocrx_word' id='word_1_245' title='bbox 3110 765 3523 837; x_wconf 71' lang='lat' dir='ltr'><strong>praeparatum,</strong></span> <span class='ocrx_word' id='word_1_246' title='bbox 3557 759 3615 815; x_wconf 93' lang='lat' dir='ltr'><strong>in</strong></span> 
     </span>
    </p>
   </div>
   <div class='ocr_carea' id='block_1_39' title="bbox 1970 849 3619 923">
    <p class='ocr_par' dir='ltr' id='par_1_39' title="bbox 1970 849 3619 923">
     <span class='ocr_line' id='line_1_39' title="bbox 1970 849 3619 923; baseline -0.001 -16"><span class='ocrx_word' id='word_1_247' title='bbox 1970 868 2086 923; x_wconf 90' lang='lat' dir='ltr'><strong>quo</strong></span> <span class='ocrx_word' id='word_1_248' title='bbox 2119 852 2200 908; x_wconf 90' lang='lat' dir='ltr'><strong>nil</strong></span> <span class='ocrx_word' id='word_1_249' title='bbox 2232 853 2390 909; x_wconf 89' lang='lat' dir='ltr'><strong>aliud</strong></span> <span class='ocrx_word' id='word_1_250' title='bbox 2421 853 2544 908; x_wconf 88' lang='lat' dir='ltr'><strong>fiat.</strong></span> <span class='ocrx_word' id='word_1_251' title='bbox 2571 853 2774 908; x_wconf 86' lang='lat' dir='ltr'><strong>Videte</strong></span> <span class='ocrx_word' id='word_1_252' title='bbox 2824 857 2890 909; x_wconf 90' lang='lat' dir='ltr'><strong>ut</strong></span> <span class='ocrx_word' id='word_1_253' title='bbox 2931 853 3206 909; x_wconf 91' lang='lat' dir='ltr'><strong>omnibus</strong></span> <span class='ocrx_word' id='word_1_254' title='bbox 3249 849 3619 923; x_wconf 90' lang='lat' dir='ltr'><strong>parochianis</strong></span> 
     </span>
    </p>
   </div>
   <div class='ocr_carea' id='block_1_40' title="bbox 1967 938 3616 1013">
    <p class='ocr_par' dir='ltr' id='par_1_40' title="bbox 1967 938 3616 1013">
     <span class='ocr_line' id='line_1_40' title="bbox 1967 938 3616 1013; baseline -0.002 -17"><span class='ocrx_word' id='word_1_255' title='bbox 1967 941 2178 998; x_wconf 88' lang='lat' dir='ltr'><strong>vestris</strong></span> <span class='ocrx_word' id='word_1_256' title='bbox 2206 941 2539 1013; x_wconf 89' lang='lat' dir='ltr'><strong>symbolum</strong></span> <span class='ocrx_word' id='word_1_257' title='bbox 2588 946 2646 997; x_wconf 91' lang='lat' dir='ltr'><strong>et</strong></span> <span class='ocrx_word' id='word_1_258' title='bbox 2692 942 3017 998; x_wconf 88' lang='lat' dir='ltr'><strong>orationem</strong></span> <span class='ocrx_word' id='word_1_259' title='bbox 3066 939 3431 997; x_wconf 88' lang='lat' dir='ltr'><strong>Dominicam</strong></span> <span class='ocrx_word' id='word_1_260' title='bbox 3474 938 3616 993; x_wconf 92' lang='lat' dir='ltr'><strong>insi-</strong></span> 
     </span>
    </p>
   </div>
   <div class='ocr_carea' id='block_1_41' title="bbox 1969 1027 3617 1103">
    <p class='ocr_par' dir='ltr' id='par_1_41' title="bbox 1969 1027 3617 1103">
     <span class='ocr_line' id='line_1_41' title="bbox 1969 1027 3617 1103; baseline -0.002 -18"><span class='ocrx_word' id='word_1_261' title='bbox 1969 1029 2180 1086; x_wconf 89' lang='lat' dir='ltr'><strong>nuetis.</strong></span> <span class='ocrx_word' id='word_1_262' title='bbox 2211 1030 2512 1103; x_wconf 87' lang='lat' dir='ltr'><strong>Jejunium</strong></span> <span class='ocrx_word' id='word_1_263' title='bbox 2562 1035 2813 1103; x_wconf 88' lang='lat' dir='ltr'><strong>quatuor</strong></span> <span class='ocrx_word' id='word_1_264' title='bbox 2866 1035 3220 1103; x_wconf 88' lang='lat' dir='ltr'><strong>temporum,</strong></span> <span class='ocrx_word' id='word_1_265' title='bbox 3245 1034 3302 1085; x_wconf 90' lang='lat' dir='ltr'><strong>et</strong></span> <span class='ocrx_word' id='word_1_266' title='bbox 3348 1027 3617 1099; x_wconf 82' lang='lat' dir='ltr'><strong>Rogatio-</strong></span> 
     </span>
    </p>
   </div>
   <div class='ocr_carea' id='block_1_42' title="bbox 1968 1116 3616 1193">
    <p class='ocr_par' dir='ltr' id='par_1_42' title="bbox 1968 1116 3616 1193">
     <span class='ocr_line' id='line_1_42' title="bbox 1968 1116 3616 1193; baseline -0.004 -17"><span class='ocrx_word' id='word_1_267' title='bbox 1968 1137 2110 1176; x_wconf 91' lang='lat' dir='ltr'><strong>num</strong></span> <span class='ocrx_word' id='word_1_268' title='bbox 2137 1121 2308 1193; x_wconf 84' lang='lat'>(961),</span> <span class='ocrx_word' id='word_1_269' title='bbox 2333 1126 2389 1175; x_wconf 91' lang='lat' dir='ltr'><strong>et</strong></span> <span class='ocrx_word' id='word_1_270' title='bbox 2407 1120 2623 1176; x_wconf 70' lang='lat' dir='ltr'><strong>litanias</strong></span> <span class='ocrx_word' id='word_1_271' title='bbox 2654 1121 2894 1192; x_wconf 85' lang='lat' dir='ltr'><strong>majoris</strong></span> <span class='ocrx_word' id='word_1_272' title='bbox 2915 1119 3186 1192; x_wconf 88' lang='lat' dir='ltr'><strong>plebibus</strong></span> <span class='ocrx_word' id='word_1_273' title='bbox 3204 1117 3412 1174; x_wconf 86' lang='lat' dir='ltr'><strong>vestris</strong></span> <span class='ocrx_word' id='word_1_274' title='bbox 3435 1116 3616 1172; x_wconf 88' lang='lat' dir='ltr'><strong>omni-</strong></span> 
     </span>
    </p>
   </div>
   <div class='ocr_carea' id='block_1_43' title="bbox 1967 1207 3616 1277">
    <p class='ocr_par' dir='ltr' id='par_1_43' title="bbox 1967 1207 3616 1277">
     <span class='ocr_line' id='line_1_43' title="bbox 1967 1207 3616 1277; baseline -0.004 -13"><span class='ocrx_word' id='word_1_275' title='bbox 1967 1209 2159 1265; x_wconf 88' lang='lat' dir='ltr'><strong>modis</strong></span> <span class='ocrx_word' id='word_1_276' title='bbox 2190 1210 2620 1266; x_wconf 85' lang='lat' dir='ltr'><strong>observandum</strong></span> <span class='ocrx_word' id='word_1_277' title='bbox 2661 1209 2976 1265; x_wconf 87' lang='lat' dir='ltr'><strong>insinuate.</strong></span> <span class='ocrx_word' id='word_1_278' title='bbox 3009 1210 3155 1264; x_wconf 78' lang='grc'><strong>417</strong></span> <span class='ocrx_word' id='word_1_279' title='bbox 3198 1207 3359 1263; x_wconf 88' lang='lat' dir='ltr'><strong>Feria</strong></span> <span class='ocrx_word' id='word_1_280' title='bbox 3408 1209 3616 1277; x_wconf 89' lang='lat' dir='ltr'><strong>quarta</strong></span> 
     </span>
    </p>
   </div>
   <div class='ocr_carea' id='block_1_44' title="bbox 1968 1293 3612 1370">
    <p class='ocr_par' dir='ltr' id='par_1_44' title="bbox 1968 1293 3612 1370">
     <span class='ocr_line' id='line_1_44' title="bbox 1968 1293 3612 1370; baseline -0.004 -18"><span class='ocrx_word' id='word_1_281' title='bbox 1968 1300 2101 1353; x_wconf 88' lang='lat' dir='ltr'><strong>ante</strong></span> <span class='ocrx_word' id='word_1_282' title='bbox 2122 1296 2639 1370; x_wconf 87' lang='lat' dir='ltr'><strong>Quadragesimam</strong></span> <span class='ocrx_word' id='word_1_283' title='bbox 2672 1296 2897 1368; x_wconf 88' lang='lat' dir='ltr'><strong>plebem</strong></span> <span class='ocrx_word' id='word_1_284' title='bbox 2921 1296 3068 1367; x_wconf 86' lang='lat'>(962)</span> <span class='ocrx_word' id='word_1_285' title='bbox 3096 1295 3167 1350; x_wconf 90' lang='lat' dir='ltr'><strong>ad</strong></span> <span class='ocrx_word' id='word_1_286' title='bbox 3188 1293 3612 1351; x_wconf 84' lang='lat' dir='ltr'><strong>confessionem</strong></span> 
     </span>
    </p>
   </div>
   <div class='ocr_carea' id='block_1_45' title="bbox 1965 1381 3611 1457">
    <p class='ocr_par' dir='ltr' id='par_1_45' title="bbox 1965 1381 3611 1457">
     <span class='ocr_line' id='line_1_45' title="bbox 1965 1381 3611 1457; baseline -0.004 -17"><span class='ocrx_word' id='word_1_287' title='bbox 1965 1385 2228 1452; x_wconf 79' lang='lat' dir='ltr'><strong>invitato,</strong></span> <span class='ocrx_word' id='word_1_288' title='bbox 2255 1390 2312 1441; x_wconf 91' lang='lat' dir='ltr'><strong>et</strong></span> <span class='ocrx_word' id='word_1_289' title='bbox 2338 1385 2390 1442; x_wconf 92' lang='lat' dir='ltr'><strong>ei</strong></span> <span class='ocrx_word' id='word_1_290' title='bbox 2413 1387 2585 1457; x_wconf 86' lang='lat' dir='ltr'><strong>juxta</strong></span> <span class='ocrx_word' id='word_1_291' title='bbox 2615 1385 2956 1457; x_wconf 86' lang='lat' dir='ltr'><strong>qualitatem</strong></span> <span class='ocrx_word' id='word_1_292' title='bbox 2981 1382 3178 1440; x_wconf 86' lang='lat' dir='ltr'><strong>delicti</strong></span> <span class='ocrx_word' id='word_1_293' title='bbox 3209 1381 3611 1455; x_wconf 79' lang='lat' dir='ltr'><strong>pmnitentiam</strong></span> 
     </span>
    </p>
   </div>
   <div class='ocr_carea' id='block_1_46' title="bbox 1964 1470 3608 1549">
    <p class='ocr_par' dir='ltr' id='par_1_46' title="bbox 1964 1470 3608 1549">
     <span class='ocr_line' id='line_1_46' title="bbox 1964 1470 3608 1549; baseline -0.004 -18"><span class='ocrx_word' id='word_1_294' title='bbox 1964 1475 2274 1549; x_wconf 88' lang='lat' dir='ltr'><strong>injungite,</strong></span> <span class='ocrx_word' id='word_1_295' title='bbox 2309 1491 2424 1530; x_wconf 87' lang='lat' dir='ltr'><strong>non</strong></span> <span class='ocrx_word' id='word_1_296' title='bbox 2457 1490 2526 1530; x_wconf 81' lang='lat' dir='ltr'><strong>ex</strong></span> <span class='ocrx_word' id='word_1_297' title='bbox 2554 1475 2727 1530; x_wconf 89' lang='lat' dir='ltr'><strong>corde</strong></span> <span class='ocrx_word' id='word_1_298' title='bbox 2754 1478 2966 1544; x_wconf 89' lang='lat' dir='ltr'><strong>vestro,</strong></span> <span class='ocrx_word' id='word_1_299' title='bbox 2999 1474 3101 1530; x_wconf 88' lang='lat' dir='ltr'><strong>sed</strong></span> <span class='ocrx_word' id='word_1_300' title='bbox 3146 1472 3298 1529; x_wconf 90' lang='lat' dir='ltr'><strong>sicut</strong></span> <span class='ocrx_word' id='word_1_301' title='bbox 3326 1472 3386 1527; x_wconf 91' lang='lat' dir='ltr'><strong>in</strong></span> <span class='ocrx_word' id='word_1_302' title='bbox 3420 1470 3608 1526; x_wconf 75' lang='grc' dir='ltr'><strong>Ι)ωηὶ-</strong></span> 
     </span>
    </p>
   </div>
   <div class='ocr_carea' id='block_1_47' title="bbox 1964 1559 3609 1635">
    <p class='ocr_par' dir='ltr' id='par_1_47' title="bbox 1964 1559 3609 1635">
     <span class='ocr_line' id='line_1_47' title="bbox 1964 1559 3609 1635; baseline -0.004 -14"><span class='ocrx_word' id='word_1_303' title='bbox 1964 1563 2187 1621; x_wconf 90' lang='lat' dir='ltr'><strong>tentiali</strong></span> <span class='ocrx_word' id='word_1_304' title='bbox 2218 1562 2503 1635; x_wconf 89' lang='lat' dir='ltr'><strong>scriptum</strong></span> <span class='ocrx_word' id='word_1_305' title='bbox 2544 1566 2652 1618; x_wconf 91' lang='lat' dir='ltr'><strong>est.</strong></span> <span class='ocrx_word' id='word_1_306' title='bbox 2677 1565 2891 1628; x_wconf 88' lang='lat' dir='ltr'><strong>Quater</strong></span> <span class='ocrx_word' id='word_1_307' title='bbox 2929 1563 2988 1617; x_wconf 92' lang='lat' dir='ltr'><strong>in</strong></span> <span class='ocrx_word' id='word_1_308' title='bbox 3031 1578 3183 1618; x_wconf 90' lang='lat' dir='ltr'><strong>anno</strong></span> <span class='ocrx_word' id='word_1_309' title='bbox 3206 1560 3377 1633; x_wconf 90' lang='lat'>(963),</span> <span class='ocrx_word' id='word_1_310' title='bbox 3408 1559 3469 1615; x_wconf 91' lang='lat' dir='ltr'><strong>id</strong></span> <span class='ocrx_word' id='word_1_311' title='bbox 3499 1562 3609 1625; x_wconf 92' lang='lat' dir='ltr'><strong>est,</strong></span> 
     </span>
    </p>
   </div>
   <div class='ocr_carea' id='block_1_48' title="bbox 1963 1649 3614 1721">
    <p class='ocr_par' dir='ltr' id='par_1_48' title="bbox 1963 1649 3614 1721">
     <span class='ocr_line' id='line_1_48' title="bbox 1963 1649 3614 1721; baseline -0.004 -11"><span class='ocrx_word' id='word_1_312' title='bbox 1963 1653 2154 1710; x_wconf 86' lang='lat' dir='ltr'><strong>Natali</strong></span> <span class='ocrx_word' id='word_1_313' title='bbox 2188 1651 2415 1710; x_wconf 91' lang='lat' dir='ltr'><strong>Domini</strong></span> <span class='ocrx_word' id='word_1_314' title='bbox 2463 1656 2521 1708; x_wconf 92' lang='lat' dir='ltr'><strong>et</strong></span> <span class='ocrx_word' id='word_1_315' title='bbox 2549 1655 2722 1708; x_wconf 88' lang='lat' dir='ltr'><strong>Coena</strong></span> <span class='ocrx_word' id='word_1_316' title='bbox 2750 1650 3004 1721; x_wconf 92' lang='lat' dir='ltr'><strong>Domini,</strong></span> <span class='ocrx_word' id='word_1_317' title='bbox 3037 1649 3261 1707; x_wconf 87' lang='lat' dir='ltr'><strong>Pascha</strong></span> <span class='ocrx_word' id='word_1_318' title='bbox 3305 1653 3364 1706; x_wconf 91' lang='lat' dir='ltr'><strong>et</strong></span> <span class='ocrx_word' id='word_1_319' title='bbox 3408 1650 3614 1705; x_wconf 86' lang='lat' dir='ltr'><strong>Pente-</strong></span> 
     </span>
    </p>
   </div>
   <div class='ocr_carea' id='block_1_49' title="bbox 1963 1738 3615 1812">
    <p class='ocr_par' dir='ltr' id='par_1_49' title="bbox 1963 1738 3615 1812">
     <span class='ocr_line' id='line_1_49' title="bbox 1963 1738 3615 1812; baseline -0.004 -12"><span class='ocrx_word' id='word_1_320' title='bbox 1963 1746 2142 1810; x_wconf 88' lang='lat' dir='ltr'><strong>coste,</strong></span> <span class='ocrx_word' id='word_1_321' title='bbox 2167 1759 2371 1799; x_wconf 90' lang='lat' dir='ltr'><strong>omnes</strong></span> <span class='ocrx_word' id='word_1_322' title='bbox 2414 1740 2615 1798; x_wconf 86' lang='lat' dir='ltr'><strong>ﬁdeles</strong></span> <span class='ocrx_word' id='word_1_323' title='bbox 2645 1742 2717 1797; x_wconf 88' lang='lat' dir='ltr'><strong>ad</strong></span> <span class='ocrx_word' id='word_1_324' title='bbox 2749 1740 3222 1797; x_wconf 89' lang='lat' dir='ltr'><strong>communionem</strong></span> <span class='ocrx_word' id='word_1_325' title='bbox 3270 1738 3527 1812; x_wconf 91' lang='lat' dir='ltr'><strong>corporis</strong></span> <span class='ocrx_word' id='word_1_326' title='bbox 3557 1741 3615 1794; x_wconf 91' lang='lat' dir='ltr'><strong>et</strong></span> 
     </span>
    </p>
   </div>
   <div class='ocr_carea' id='block_1_50' title="bbox 1965 1829 3616 1906">
    <p class='ocr_par' dir='ltr' id='par_1_50' title="bbox 1965 1829 3616 1906">
     <span class='ocr_line' id='line_1_50' title="bbox 1965 1829 3616 1906; baseline -0.003 -18"><span class='ocrx_word' id='word_1_327' title='bbox 1965 1831 2273 1906; x_wconf 86' lang='lat' dir='ltr'><strong>sanguinis</strong></span> <span class='ocrx_word' id='word_1_328' title='bbox 2298 1831 2530 1887; x_wconf 90' lang='lat' dir='ltr'><strong>Domini</strong></span> <span class='ocrx_word' id='word_1_329' title='bbox 2552 1831 2826 1887; x_wconf 90' lang='lat' dir='ltr'><strong>accedere</strong></span> <span class='ocrx_word' id='word_1_330' title='bbox 2846 1830 3173 1886; x_wconf 87' lang='lat' dir='ltr'><strong>admonete.</strong></span> <span class='ocrx_word' id='word_1_331' title='bbox 3193 1829 3379 1886; x_wconf 86' lang='lat' dir='ltr'><strong>Certis</strong></span> <span class='ocrx_word' id='word_1_332' title='bbox 3403 1832 3616 1901; x_wconf 83' lang='lat' dir='ltr'><strong>tempo-</strong></span> 
     </span>
    </p>
   </div>
   <div class='ocr_carea' id='block_1_51' title="bbox 1964 1916 3613 1993">
    <p class='ocr_par' dir='ltr' id='par_1_51' title="bbox 1964 1916 3613 1993">
     <span class='ocr_line' id='line_1_51' title="bbox 1964 1916 3613 1993; baseline -0.004 -16"><span class='ocrx_word' id='word_1_333' title='bbox 1964 1921 2129 1978; x_wconf 89' lang='lat' dir='ltr'><strong>ribus</strong></span> <span class='ocrx_word' id='word_1_334' title='bbox 2159 1921 2501 1993; x_wconf 89' lang='lat' dir='ltr'><strong>conjugatos</strong></span> <span class='ocrx_word' id='word_1_335' title='bbox 2531 1921 2604 1976; x_wconf 89' lang='lat' dir='ltr'><strong>ab</strong></span> <span class='ocrx_word' id='word_1_336' title='bbox 2634 1919 2915 1975; x_wconf 84' lang='lat' dir='ltr'><strong>uxoribus</strong></span> <span class='ocrx_word' id='word_1_337' title='bbox 2946 1919 3239 1975; x_wconf 87' lang='lat' dir='ltr'><strong>abstinere</strong></span> <span class='ocrx_word' id='word_1_338' title='bbox 3263 1916 3613 1974; x_wconf 80' lang='lat' dir='ltr'><strong>exhortami-</strong></span> 
     </span>
    </p>
   </div>
   <div class='ocr_carea' id='block_1_52' title="bbox 1962 2004 3613 2083">
    <p class='ocr_par' dir='ltr' id='par_1_52' title="bbox 1962 2004 3613 2083">
     <span class='ocr_line' id='line_1_52' title="bbox 1962 2004 3613 2083; baseline -0.004 -17"><span class='ocrx_word' id='word_1_339' title='bbox 1962 2010 2045 2066; x_wconf 88' lang='lat' dir='ltr'><strong>ni.</strong></span> <span class='ocrx_word' id='word_1_340' title='bbox 2079 2009 2348 2082; x_wconf 79' lang='lat' dir='ltr'><strong>Eulogius</strong></span> <span class='ocrx_word' id='word_1_341' title='bbox 2377 2015 2511 2083; x_wconf 91' lang='lat' dir='ltr'><strong>post</strong></span> <span class='ocrx_word' id='word_1_342' title='bbox 2540 2008 2785 2065; x_wconf 89' lang='lat' dir='ltr'><strong>missam</strong></span> <span class='ocrx_word' id='word_1_343' title='bbox 2814 2008 2874 2064; x_wconf 93' lang='lat' dir='ltr'><strong>in</strong></span> <span class='ocrx_word' id='word_1_344' title='bbox 2900 2008 3108 2064; x_wconf 88' lang='lat' dir='ltr'><strong>diebus</strong></span> <span class='ocrx_word' id='word_1_345' title='bbox 3138 2007 3303 2064; x_wconf 86' lang='lat' dir='ltr'><strong>festis</strong></span> <span class='ocrx_word' id='word_1_346' title='bbox 3332 2005 3487 2080; x_wconf 85' lang='lat' dir='ltr'><strong>plebi</strong></span> <span class='ocrx_word' id='word_1_347' title='bbox 3511 2004 3613 2062; x_wconf 86' lang='lat' dir='ltr'><strong>tri-</strong></span> 
     </span>
    </p>
   </div>
   <div class='ocr_carea' id='block_1_53' title="bbox 1962 2098 2323 2171">
    <p class='ocr_par' dir='ltr' id='par_1_53' title="bbox 1962 2098 2323 2171">
     <span class='ocr_line' id='line_1_53' title="bbox 1962 2098 2323 2171; baseline -0.003 -17"><span class='ocrx_word' id='word_1_348' title='bbox 1962 2098 2123 2154; x_wconf 91' lang='lat' dir='ltr'><strong>buite</strong></span> <span class='ocrx_word' id='word_1_349' title='bbox 2153 2098 2323 2171; x_wconf 78' lang='grc'>(964).</span> 
     </span>
    </p>
   </div>
   <div class='ocr_carea' id='block_1_54' title="bbox 2034 2183 3612 2257">
    <p class='ocr_par' dir='ltr' id='par_1_54' title="bbox 2034 2183 3612 2257">
     <span class='ocr_line' id='line_1_54' title="bbox 2034 2183 3612 2257; baseline -0.002 -14"><span class='ocrx_word' id='word_1_350' title='bbox 2034 2188 2122 2243; x_wconf 90' lang='grc'>11.</span> <span class='ocrx_word' id='word_1_351' title='bbox 2145 2186 2356 2244; x_wconf 91' lang='lat' dir='ltr'><strong>Nullus</strong></span> <span class='ocrx_word' id='word_1_352' title='bbox 2376 2184 2502 2243; x_wconf 90' lang='lat' dir='ltr'><strong>sine</strong></span> <span class='ocrx_word' id='word_1_353' title='bbox 2521 2185 2673 2243; x_wconf 89' lang='lat' dir='ltr'><strong>stola</strong></span> <span class='ocrx_word' id='word_1_354' title='bbox 2697 2186 2756 2241; x_wconf 89' lang='lat' dir='ltr'><strong>in</strong></span> <span class='ocrx_word' id='word_1_355' title='bbox 2789 2184 2995 2241; x_wconf 89' lang='lat' dir='ltr'><strong>itinere</strong></span> <span class='ocrx_word' id='word_1_356' title='bbox 3020 2184 3253 2241; x_wconf 91' lang='lat' dir='ltr'><strong>incedat</strong></span> <span class='ocrx_word' id='word_1_357' title='bbox 3272 2183 3443 2257; x_wconf 89' lang='lat'>(965).</span> <span class='ocrx_word' id='word_1_358' title='bbox 3466 2185 3612 2240; x_wconf 91' lang='lat' dir='ltr'><strong>Nul-</strong></span> 
     </span>
    </p>
   </div>
   <div class='ocr_carea' id='block_1_55' title="bbox 1962 2272 3614 2334">
    <p class='ocr_par' dir='ltr' id='par_1_55' title="bbox 1962 2272 3614 2334">
     <span class='ocr_line' id='line_1_55' title="bbox 1962 2272 3614 2334; baseline -0.002 -2"><span class='ocrx_word' id='word_1_359' title='bbox 1962 2276 2057 2334; x_wconf 90' lang='lat' dir='ltr'><strong>lus</strong></span> <span class='ocrx_word' id='word_1_360' title='bbox 2088 2278 2367 2333; x_wconf 89' lang='lat' dir='ltr'><strong>induatur</strong></span> <span class='ocrx_word' id='word_1_361' title='bbox 2384 2274 2746 2332; x_wconf 89' lang='lat' dir='ltr'><strong>vestimentis</strong></span> <span class='ocrx_word' id='word_1_362' title='bbox 2771 2272 3094 2330; x_wconf 88' lang='lat' dir='ltr'><strong>laicalibus.</strong></span> <span class='ocrx_word' id='word_1_363' title='bbox 3119 2272 3328 2329; x_wconf 90' lang='lat' dir='ltr'><strong>Nullus</strong></span> <span class='ocrx_word' id='word_1_364' title='bbox 3356 2289 3481 2330; x_wconf 89' lang='lat' dir='ltr'><strong>rem</strong></span> <span class='ocrx_word' id='word_1_365' title='bbox 3511 2279 3614 2329; x_wconf 89' lang='lat' dir='ltr'><strong>aut</strong></span> 
     </span>
    </p>
   </div>
   <div class='ocr_carea' id='block_1_56' title="bbox 1962 2363 3613 2439">
    <p class='ocr_par' dir='ltr' id='par_1_56' title="bbox 1962 2363 3613 2439">
     <span class='ocr_line' id='line_1_56' title="bbox 1962 2363 3613 2439; baseline -0.003 -15"><span class='ocrx_word' id='word_1_366' title='bbox 1962 2365 2414 2439; x_wconf 89' lang='lat' dir='ltr'><strong>possessionem,</strong></span> <span class='ocrx_word' id='word_1_367' title='bbox 2430 2369 2533 2421; x_wconf 89' lang='lat' dir='ltr'><strong>aut</strong></span> <span class='ocrx_word' id='word_1_368' title='bbox 2560 2363 2921 2436; x_wconf 89' lang='lat' dir='ltr'><strong>mancipium</strong></span> <span class='ocrx_word' id='word_1_369' title='bbox 2942 2364 3197 2420; x_wconf 73' lang='lat' dir='ltr'><strong>ecclesia:</strong></span> <span class='ocrx_word' id='word_1_370' title='bbox 3220 2364 3486 2431; x_wconf 88' lang='lat' dir='ltr'><strong>vendere,</strong></span> <span class='ocrx_word' id='word_1_371' title='bbox 3512 2368 3613 2419; x_wconf 89' lang='lat' dir='ltr'><strong>aut</strong></span> 
     </span>
    </p>
   </div>
   <div class='ocr_carea' id='block_1_57' title="bbox 1964 2451 3612 2526">
    <p class='ocr_par' dir='ltr' id='par_1_57' title="bbox 1964 2451 3612 2526">
     <span class='ocr_line' id='line_1_57' title="bbox 1964 2451 3612 2526; baseline -0.002 -15"><span class='ocrx_word' id='word_1_372' title='bbox 1964 2458 2345 2520; x_wconf 89' lang='lat' dir='ltr'><strong>commutare,</strong></span> <span class='ocrx_word' id='word_1_373' title='bbox 2366 2458 2467 2510; x_wconf 90' lang='lat' dir='ltr'><strong>aut</strong></span> <span class='ocrx_word' id='word_1_374' title='bbox 2496 2468 2843 2526; x_wconf 92' lang='lat' dir='ltr'><strong>quocunque</strong></span> <span class='ocrx_word' id='word_1_375' title='bbox 2864 2451 3096 2524; x_wconf 89' lang='lat' dir='ltr'><strong>ingenio</strong></span> <span class='ocrx_word' id='word_1_376' title='bbox 3118 2452 3369 2508; x_wconf 89' lang='lat' dir='ltr'><strong>alienare</strong></span> <span class='ocrx_word' id='word_1_377' title='bbox 3395 2469 3612 2524; x_wconf 69' lang='lat' dir='ltr'><strong>prmsu-</strong></span> 
     </span>
    </p>
   </div>
   <div class='ocr_carea' id='block_1_58' title="bbox 1965 2541 3612 2613">
    <p class='ocr_par' dir='ltr' id='par_1_58' title="bbox 1965 2541 3612 2613">
     <span class='ocr_line' id='line_1_58' title="bbox 1965 2541 3612 2613; baseline -0.002 -13"><span class='ocrx_word' id='word_1_378' title='bbox 1965 2548 2108 2600; x_wconf 89' lang='lat' dir='ltr'><strong>mat.</strong></span> <span class='ocrx_word' id='word_1_379' title='bbox 2141 2543 2305 2600; x_wconf 89' lang='lat' dir='ltr'><strong>Diem</strong></span> <span class='ocrx_word' id='word_1_380' title='bbox 2338 2542 2708 2600; x_wconf 89' lang='lat' dir='ltr'><strong>Dominicum</strong></span> <span class='ocrx_word' id='word_1_381' title='bbox 2748 2545 2806 2597; x_wconf 89' lang='lat' dir='ltr'><strong>et</strong></span> <span class='ocrx_word' id='word_1_382' title='bbox 2842 2541 2990 2598; x_wconf 89' lang='lat' dir='ltr'><strong>alias</strong></span> <span class='ocrx_word' id='word_1_383' title='bbox 3018 2541 3358 2597; x_wconf 88' lang='lat' dir='ltr'><strong>festivitates</strong></span> <span class='ocrx_word' id='word_1_384' title='bbox 3390 2542 3612 2613; x_wconf 87' lang='lat' dir='ltr'><strong>absque</strong></span> 
     </span>
    </p>
   </div>
   <div class='ocr_carea' id='block_1_59' title="bbox 2037 2692 3611 2769">
    <p class='ocr_par' dir='ltr' id='par_1_59' title="bbox 2037 2692 3611 2769">
     <span class='ocr_line' id='line_1_59' title="bbox 2037 2692 3611 2769; baseline -0.003 -18"><span class='ocrx_word' id='word_1_385' title='bbox 2037 2695 2405 2769; x_wconf 80' lang='lat' dir='ltr'><strong>(962)Vulg.,_</strong></span> <span class='ocrx_word' id='word_1_386' title='bbox 2425 2710 2727 2769; x_wconf 88' lang='lat' dir='ltr'><strong>perperam</strong></span> <span class='ocrx_word' id='word_1_387' title='bbox 2769 2697 3008 2769; x_wconf 79' lang='lat' dir='ltr'><strong>plenam.</strong></span> <span class='ocrx_word' id='word_1_388' title='bbox 3035 2692 3381 2769; x_wconf 73' lang='lat' dir='ltr'><strong>Pmnitentia</strong></span> <span class='ocrx_word' id='word_1_389' title='bbox 3418 2695 3611 2769; x_wconf 81' lang='lat' dir='ltr'><strong>autem</strong></span> 
     </span>
    </p>
   </div>
   <div class='ocr_carea' id='block_1_60' title="bbox 1964 2763 3614 2837">
    <p class='ocr_par' dir='ltr' id='par_1_60' title="bbox 1964 2763 3614 2837">
     <span class='ocr_line' id='line_1_60' title="bbox 1964 2763 3614 2837; baseline -0.003 -14"><span class='ocrx_word' id='word_1_390' title='bbox 1964 2763 2072 2825; x_wconf 80' lang='lat' dir='ltr'><strong>non</strong></span> <span class='ocrx_word' id='word_1_391' title='bbox 2097 2763 2174 2823; x_wconf 63' lang='lat' dir='ltr'><strong>etc</strong></span> <span class='ocrx_word' id='word_1_392' title='bbox 2191 2763 2367 2834; x_wconf 67' lang='lat' dir='ltr'><strong>corde,</strong></span> <span class='ocrx_word' id='word_1_393' title='bbox 2388 2763 2450 2821; x_wconf 89' lang='lat' dir='ltr'><strong>id</strong></span> <span class='ocrx_word' id='word_1_394' title='bbox 2484 2763 2589 2833; x_wconf 76' lang='lat' dir='ltr'><strong>est,</strong></span> <span class='ocrx_word' id='word_1_395' title='bbox 2615 2783 2728 2821; x_wconf 88' lang='lat' dir='ltr'><strong>non</strong></span> <span class='ocrx_word' id='word_1_396' title='bbox 2751 2763 2819 2821; x_wconf 80' lang='lat' dir='ltr'><strong>ex</strong></span> <span class='ocrx_word' id='word_1_397' title='bbox 2846 2764 3070 2837; x_wconf 89' lang='lat' dir='ltr'><strong>impetu</strong></span> <span class='ocrx_word' id='word_1_398' title='bbox 3095 2763 3614 2837; x_wconf 8' lang='lat' dir='ltr'><strong>quodampmentis,</strong></span> 
     </span>
    </p>
   </div>
   <div class='ocr_carea' id='block_1_61' title="bbox 1966 2835 3614 2909">
    <p class='ocr_par' dir='ltr' id='par_1_61' title="bbox 1966 2835 3614 2909">
     <span class='ocr_line' id='line_1_61' title="bbox 1966 2835 3614 2909; baseline -0.003 -14"><span class='ocrx_word' id='word_1_399' title='bbox 1966 2843 2069 2895; x_wconf 89' lang='lat' dir='ltr'><strong>aut</strong></span> <span class='ocrx_word' id='word_1_400' title='bbox 2097 2856 2165 2893; x_wconf 84' lang='lat' dir='ltr'><strong>ex</strong></span> <span class='ocrx_word' id='word_1_401' title='bbox 2195 2839 2435 2895; x_wconf 89' lang='lat' dir='ltr'><strong>arbitrio</strong></span> <span class='ocrx_word' id='word_1_402' title='bbox 2479 2838 2860 2909; x_wconf 89' lang='lat' dir='ltr'><strong>injungenda,</strong></span> <span class='ocrx_word' id='word_1_403' title='bbox 2883 2835 2984 2892; x_wconf 79' lang='lat' dir='ltr'><strong>sed</strong></span> <span class='ocrx_word' id='word_1_404' title='bbox 3028 2835 3319 2907; x_wconf 88' lang='lat' dir='ltr'><strong>quatenus</strong></span> <span class='ocrx_word' id='word_1_405' title='bbox 3351 2835 3410 2891; x_wconf 90' lang='lat' dir='ltr'><strong>in</strong></span> <span class='ocrx_word' id='word_1_406' title='bbox 3443 2835 3614 2891; x_wconf 89' lang='lat' dir='ltr'><strong>Libro</strong></span> 
     </span>
    </p>
   </div>
   <div class='ocr_carea' id='block_1_62' title="bbox 1966 2908 2834 2984">
    <p class='ocr_par' dir='ltr' id='par_1_62' title="bbox 1966 2908 2834 2984">
     <span class='ocr_line' id='line_1_62' title="bbox 1966 2908 2834 2984; baseline -0.001 -19"><span class='ocrx_word' id='word_1_407' title='bbox 1966 2910 2344 2984; x_wconf 62' lang='lat' dir='ltr'><strong>poenitentiali</strong></span> <span class='ocrx_word' id='word_1_408' title='bbox 2379 2908 2701 2984; x_wconf 70' lang='lat' dir='ltr'><strong>perscripta</strong></span> <span class='ocrx_word' id='word_1_409' title='bbox 2727 2913 2834 2964; x_wconf 89' lang='lat' dir='ltr'><strong>est.</strong></span> 
     </span>
    </p>
   </div>
   <div class='ocr_carea' id='block_1_63' title="bbox 2059 2978 3616 3053">
    <p class='ocr_par' dir='ltr' id='par_1_63' title="bbox 2059 2978 3616 3053">
     <span class='ocr_line' id='line_1_63' title="bbox 2059 2978 3616 3053; baseline -0.002 -16"><span class='ocrx_word' id='word_1_410' title='bbox 2059 2982 2185 3053; x_wconf 87' lang='lat'>963)</span> <span class='ocrx_word' id='word_1_411' title='bbox 2211 2983 2294 3036; x_wconf 87' lang='lat' dir='ltr'><strong>Ita</strong></span> <span class='ocrx_word' id='word_1_412' title='bbox 2316 2978 2450 3053; x_wconf 44' lang='lat' dir='ltr'><strong>cu‘m</strong></span> <span class='ocrx_word' id='word_1_413' title='bbox 2468 2978 3186 3053; x_wconf 78' lang='lat' dir='ltr'><strong>vulgatisuterquechex</strong></span> <span class='ocrx_word' id='word_1_414' title='bbox 3208 2978 3616 3053; x_wconf 65' lang='lat' dir='ltr'><strong>Laudunensis</strong></span> 
     </span>
    </p>
   </div>
   <div class='ocr_carea' id='block_1_64' title="bbox 1966 3048 3610 3124">
    <p class='ocr_par' dir='ltr' id='par_1_64' title="bbox 1966 3048 3610 3124">
     <span class='ocr_line' id='line_1_64' title="bbox 1966 3048 3610 3124; baseline -0.003 -16"><span class='ocrx_word' id='word_1_415' title='bbox 1966 3056 2024 3109; x_wconf 91' lang='lat' dir='ltr'><strong>et</strong></span> <span class='ocrx_word' id='word_1_416' title='bbox 2044 3048 2455 3124; x_wconf 52' lang='lat' dir='ltr'><strong>Fris&#39;ingensis,</strong></span> <span class='ocrx_word' id='word_1_417' title='bbox 2471 3048 2704 3124; x_wconf 68' lang='lat' dir='ltr'><strong>necnon</strong></span> <span class='ocrx_word' id='word_1_418' title='bbox 2718 3050 2777 3124; x_wconf 81' lang='lat' dir='ltr'><strong>in</strong></span> <span class='ocrx_word' id='word_1_419' title='bbox 2795 3048 3039 3124; x_wconf 74' lang='lat' dir='ltr'><strong>homilia</strong></span> <span class='ocrx_word' id='word_1_420' title='bbox 3055 3050 3230 3105; x_wconf 90' lang='lat' dir='ltr'><strong>Leoni</strong></span> <span class='ocrx_word' id='word_1_421' title='bbox 3249 3048 3610 3124; x_wconf 79' lang='lat' dir='ltr'><strong>IV_as_cripta,</strong></span> 
     </span>
    </p>
   </div>
   <div class='ocr_carea' id='block_1_65' title="bbox 1967 3119 3616 3194">
    <p class='ocr_par' dir='ltr' id='par_1_65' title="bbox 1967 3119 3616 3194">
     <span class='ocr_line' id='line_1_65' title="bbox 1967 3119 3616 3194; baseline -0.002 -16"><span class='ocrx_word' id='word_1_422' title='bbox 1967 3128 2024 3179; x_wconf 91' lang='lat' dir='ltr'><strong>et</strong></span> <span class='ocrx_word' id='word_1_423' title='bbox 2053 3124 2109 3178; x_wconf 92' lang='lat' dir='ltr'><strong>in</strong></span> <span class='ocrx_word' id='word_1_424' title='bbox 2140 3119 2417 3178; x_wconf 67' lang='lat' dir='ltr'><strong>Serinone</strong></span> <span class='ocrx_word' id='word_1_425' title='bbox 2466 3119 2731 3194; x_wconf 82' lang='lat' dir='ltr'><strong>synodali</strong></span> <span class='ocrx_word' id='word_1_426' title='bbox 2770 3120 2985 3194; x_wconf 85' lang='lat' dir='ltr'><strong>codicis</strong></span> <span class='ocrx_word' id='word_1_427' title='bbox 3012 3120 3358 3194; x_wconf 75' lang='lat' dir='ltr'><strong>Augustam.</strong></span> <span class='ocrx_word' id='word_1_428' title='bbox 3381 3121 3452 3174; x_wconf 90' lang='lat' dir='ltr'><strong>At</strong></span> <span class='ocrx_word' id='word_1_429' title='bbox 3471 3119 3616 3194; x_wconf 23' lang='lat' dir='ltr'><strong>iulia</strong></span> 
     </span>
    </p>
   </div>
   <div class='ocr_carea' id='block_1_66' title="bbox 1965 3189 3617 3262">
    <p class='ocr_par' dir='ltr' id='par_1_66' title="bbox 1965 3189 3617 3262">
     <span class='ocr_line' id='line_1_66' title="bbox 1965 3189 3617 3262; baseline -0.003 -12"><span class='ocrx_word' id='word_1_430' title='bbox 1965 3194 2415 3260; x_wconf 86' lang='lat' dir='ltr'><strong>Admonitionis,</strong></span> <span class='ocrx_word' id='word_1_431' title='bbox 2444 3189 2546 3249; x_wconf 56' lang='lat' dir='ltr'><strong>se&#39;u</strong></span> <span class='ocrx_word' id='word_1_432' title='bbox 2597 3192 2892 3247; x_wconf 89' lang='lat' dir='ltr'><strong>Sermonis</strong></span> <span class='ocrx_word' id='word_1_433' title='bbox 2935 3189 3234 3262; x_wconf 74' lang='lat' dir='ltr'><strong>synodalia</strong></span> <span class='ocrx_word' id='word_1_434' title='bbox 3263 3189 3617 3262; x_wconf 60' lang='lat' dir='ltr'><strong>exemplaria</strong></span> 
     </span>
    </p>
   </div>
   <div class='ocr_carea' id='block_1_67' title="bbox 1970 3262 3617 3334">
    <p class='ocr_par' dir='ltr' id='par_1_67' title="bbox 1970 3262 3617 3334">
     <span class='ocr_line' id='line_1_67' title="bbox 1970 3262 3617 3334; baseline -0.003 -13"><span class='ocrx_word' id='word_1_435' title='bbox 1970 3267 2223 3323; x_wconf 89' lang='lat' dir='ltr'><strong>habent:</strong></span> <span class='ocrx_word' id='word_1_436' title='bbox 2249 3265 2437 3320; x_wconf 78' lang='lat' dir='ltr'><strong>Tribus</strong></span> <span class='ocrx_word' id='word_1_437' title='bbox 2467 3263 2796 3334; x_wconf 74' lang='lat' dir='ltr'><strong>temporibus</strong></span> <span class='ocrx_word' id='word_1_438' title='bbox 2827 3264 2885 3317; x_wconf 87' lang='lat' dir='ltr'><strong>in</strong></span> <span class='ocrx_word' id='word_1_439' title='bbox 2916 3278 3082 3328; x_wconf 88' lang='lat' dir='ltr'><strong>anno,</strong></span> <span class='ocrx_word' id='word_1_440' title='bbox 3114 3263 3173 3334; x_wconf 84' lang='lat' dir='ltr'><strong>id</strong></span> <span class='ocrx_word' id='word_1_441' title='bbox 3201 3269 3281 3334; x_wconf 83' lang='lat' dir='ltr'><strong>est</strong></span> <span class='ocrx_word' id='word_1_442' title='bbox 3319 3263 3381 3316; x_wconf 90' lang='lat' dir='ltr'><strong>in</strong></span> <span class='ocrx_word' id='word_1_443' title='bbox 3416 3262 3617 3334; x_wconf 22' lang='lat' dir='ltr'><strong>ANatale</strong></span> 
     </span>
    </p>
   </div>
   <div class='ocr_carea' id='block_1_68' title="bbox 1886 3331 3611 3411">
    <p class='ocr_par' dir='ltr' id='par_1_68' title="bbox 1886 3331 3611 3411">
     <span class='ocr_line' id='line_1_68' title="bbox 1886 3331 3611 3411; baseline -0.005 -17"><span class='ocrx_word' id='word_1_444' title='bbox 1886 3344 1930 3411; x_wconf 72' lang='grc' dir='ltr'>α</span> <span class='ocrx_word' id='word_1_445' title='bbox 1967 3339 2211 3404; x_wconf 80' lang='lat' dir='ltr'><strong>Domini,</strong></span> <span class='ocrx_word' id='word_1_446' title='bbox 2243 3339 2457 3411; x_wconf 81' lang='lat' dir='ltr'><strong>Pascha</strong></span> <span class='ocrx_word' id='word_1_447' title='bbox 2486 3339 2547 3411; x_wconf 74' lang='lat' dir='ltr'><strong>_e_t</strong></span> <span class='ocrx_word' id='word_1_448' title='bbox 2576 3331 2916 3411; x_wconf 61' lang='lat' dir='ltr'><strong>Pentecoste,</strong></span> <span class='ocrx_word' id='word_1_449' title='bbox 2940 3333 3367 3411; x_wconf 68' lang='lat' dir='ltr'><strong>etc._Sim_ili_ter</strong></span> <span class='ocrx_word' id='word_1_450' title='bbox 3412 3331 3473 3411; x_wconf 84' lang='lat' dir='ltr'><strong>in</strong></span> <span class='ocrx_word' id='word_1_451' title='bbox 3521 3334 3611 3388; x_wconf 86' lang='lat' dir='ltr'><strong>In-</strong></span> 
     </span>
    </p>
   </div>
   <div class='ocr_carea' id='block_1_69' title="bbox 279 3405 3611 3492">
    <p class='ocr_par' dir='ltr' id='par_1_69' title="bbox 279 3405 3611 3492">
     <span class='ocr_line' id='line_1_69' title="bbox 279 3405 3611 3492; baseline -0.001 -28"><span class='ocrx_word' id='word_1_452' title='bbox 279 3405 429 3483; x_wconf 77' lang='lat'>(960)</span> <span class='ocrx_word' id='word_1_453' title='bbox 450 3405 532 3464; x_wconf 68' lang='lat' dir='ltr'><strong>Eii</strong></span> <span class='ocrx_word' id='word_1_454' title='bbox 557 3406 665 3492; x_wconf 84' lang='lat' dir='ltr'><strong>hoc</strong></span> <span class='ocrx_word' id='word_1_455' title='bbox 686 3407 811 3465; x_wconf 89' lang='lat' dir='ltr'><strong>loco</strong></span> <span class='ocrx_word' id='word_1_456' title='bbox 831 3409 1115 3464; x_wconf 89' lang='lat' dir='ltr'><strong>discimus</strong></span> <span class='ocrx_word' id='word_1_457' title='bbox 1123 3408 1440 3492; x_wconf 67' lang='lat' dir='ltr'><strong>publicam</strong></span> <span class='ocrx_word' id='word_1_458' title='bbox 1457 3407 1855 3492; x_wconf 68' lang='lat' dir='ltr'><strong>paenitentiam</strong></span> <span class='ocrx_word' id='word_1_459' title='bbox 1894 3405 1928 3411; x_wconf 69' lang='grc'><strong><em>“</em></strong></span> <span class='ocrx_word' id='word_1_460' title='bbox 1965 3411 2260 3492; x_wconf 68' lang='lat' dir='ltr'><strong>quisitione</strong></span> <span class='ocrx_word' id='word_1_461' title='bbox 2277 3408 2441 3492; x_wconf 77' lang='lat' dir='ltr'><strong>apud</strong></span> <span class='ocrx_word' id='word_1_462' title='bbox 2486 3405 2849 3492; x_wconf 52' lang='lat' dir='ltr'><strong>lleginonen&#39;i</strong></span> <span class='ocrx_word' id='word_1_463' title='bbox 2871 3422 3033 3488; x_wconf 77' lang='lat' dir='ltr'><strong>num.</strong></span> <span class='ocrx_word' id='word_1_464' title='bbox 3191 3406 3383 3492; x_wconf 41' lang='lat' dir='ltr'><strong>(ribus</strong></span> <span class='ocrx_word' id='word_1_465' title='bbox 3408 3408 3611 3492; x_wconf 61' lang='lat' dir='ltr'><strong>tempe-</strong></span> 
     </span>
    </p>
   </div>
   <div class='ocr_carea' id='block_1_70' title="bbox 206 3480 1859 3608">
    <p class='ocr_par' dir='ltr' id='par_1_70' title="bbox 206 3480 1859 3608">
     <span class='ocr_line' id='line_1_70' title="bbox 206 3480 1859 3554; baseline -0.003 -15"><span class='ocrx_word' id='word_1_466' title='bbox 206 3480 540 3554; x_wconf 38' lang='lat' dir='ltr'><strong>eo‘quoque</strong></span> <span class='ocrx_word' id='word_1_467' title='bbox 568 3484 831 3552; x_wconf 90' lang='lat' dir='ltr'><strong>tempore</strong></span> <span class='ocrx_word' id='word_1_468' title='bbox 873 3497 991 3553; x_wconf 87' lang='lat' dir='ltr'><strong>quo</strong></span> <span class='ocrx_word' id='word_1_469' title='bbox 1028 3480 1242 3553; x_wconf 85' lang='lat' dir='ltr'><strong>scripta</strong></span> <span class='ocrx_word' id='word_1_470' title='bbox 1272 3480 1381 3535; x_wconf 86' lang='lat' dir='ltr'><strong>fuit</strong></span> <span class='ocrx_word' id='word_1_471' title='bbox 1408 3480 1714 3536; x_wconf 80' lang='lat' dir='ltr'><strong>Admonitio</strong></span> <span class='ocrx_word' id='word_1_472' title='bbox 1746 3480 1859 3534; x_wconf 88' lang='lat' dir='ltr'><strong>huc</strong></span> 
     </span>
     <span class='ocr_line' id='line_1_71' title="bbox 209 3551 1859 3608; baseline -0.002 0"><span class='ocrx_word' id='word_1_473' title='bbox 209 3553 452 3608; x_wconf 86' lang='lat' dir='ltr'><strong>inserta.</strong></span> <span class='ocrx_word' id='word_1_474' title='bbox 475 3551 861 3608; x_wconf 88' lang='lat' dir='ltr'><strong>eleemosvnis</strong></span> <span class='ocrx_word' id='word_1_475' title='bbox 900 3553 1157 3608; x_wconf 79' lang='lat' dir='ltr'><strong>potuisse</strong></span> <span class='ocrx_word' id='word_1_476' title='bbox 1196 3551 1421 3608; x_wconf 90' lang='lat' dir='ltr'><strong>redimi.</strong></span> <span class='ocrx_word' id='word_1_477' title='bbox 1447 3552 1507 3607; x_wconf 92' lang='lat' dir='ltr'><strong>Id</strong></span> <span class='ocrx_word' id='word_1_478' title='bbox 1541 3551 1859 3608; x_wconf 85' lang='lat' dir='ltr'><strong>exnlicatur</strong></span> 
     </span>
    </p>
   </div>
   <div class='ocr_carea' id='block_1_71' title="bbox 209 3567 1861 3706">
    <p class='ocr_par' dir='ltr' id='par_1_71' title="bbox 209 3567 1861 3706">
     <span class='ocr_line' id='line_1_72' title="bbox 209 3567 1861 3625; baseline -0.002 -16"><span class='ocrx_word' id='word_1_479' title='bbox 209 3567 452 3619; x_wconf 78' lang='lat' dir='ltr'><strong>inserta,</strong></span> <span class='ocrx_word' id='word_1_480' title='bbox 475 3567 861 3625; x_wconf 70' lang='lat' dir='ltr'><strong>eleemosynm</strong></span> <span class='ocrx_word' id='word_1_481' title='bbox 939 3567 1157 3609; x_wconf 66' lang='lat' dir='ltr'><strong>ciuisse</strong></span> <span class='ocrx_word' id='word_1_482' title='bbox 1196 3567 1421 3609; x_wconf 78' lang='lat' dir='ltr'><strong>redimi.</strong></span> <span class='ocrx_word' id='word_1_483' title='bbox 1447 3567 1507 3607; x_wconf 81' lang='grc' dir='ltr'><strong>ια</strong></span> <span class='ocrx_word' id='word_1_484' title='bbox 1541 3567 1861 3623; x_wconf 76' lang='lat' dir='ltr'><strong>explicatur</strong></span> 
     </span>
     <span class='ocr_line' id='line_1_73' title="bbox 209 3570 1856 3706; baseline -0.002 -26"><span class='ocrx_word' id='word_1_485' title='bbox 352 3570 950 3706; x_wconf 50' lang='lat' dir='ltr'><strong>iﬁeginenism.</strong></span> <span class='ocrx_word' id='word_1_486' title='bbox 978 3641 1049 3679; x_wconf 80' lang='lat' dir='ltr'><strong>ex</strong></span> <span class='ocrx_word' id='word_1_487' title='bbox 1081 3622 1505 3706; x_wconf 61' lang='lat' dir='ltr'><strong>Capitulariurn</strong></span> <span class='ocrx_word' id='word_1_488' title='bbox 1554 3622 1656 3706; x_wconf 78' lang='lat' dir='ltr'><strong>lib.</strong></span> <span class='ocrx_word' id='word_1_489' title='bbox 1690 3640 1734 3706; x_wconf 66' lang='grc' dir='ltr'>ι,</span> <span class='ocrx_word' id='word_1_490' title='bbox 1770 3621 1856 3704; x_wconf 82' lang='lat' dir='ltr'><strong>tit.</strong></span> 
     </span>
    </p>
   </div>
   <div class='ocr_carea' id='block_1_72' title="bbox 210 3694 1860 3768">
    <p class='ocr_par' dir='ltr' id='par_1_72' title="bbox 210 3694 1860 3768">
     <span class='ocr_line' id='line_1_74' title="bbox 210 3694 1860 3768; baseline -0.002 -16"><span class='ocrx_word' id='word_1_491' title='bbox 210 3696 309 3752; x_wconf 86' lang='grc'>151</span> <span class='ocrx_word' id='word_1_492' title='bbox 338 3712 353 3750; x_wconf 90' lang='lat'><strong>:</strong></span> <span class='ocrx_word' id='word_1_493' title='bbox 383 3696 447 3752; x_wconf 90' lang='lat' dir='ltr'><strong>Ut</strong></span> <span class='ocrx_word' id='word_1_494' title='bbox 472 3694 660 3768; x_wconf 75' lang='lat' dir='ltr'><strong>nullus</strong></span> <span class='ocrx_word' id='word_1_495' title='bbox 682 3695 967 3768; x_wconf 84' lang='lat' dir='ltr'><strong>presbyter</strong></span> <span class='ocrx_word' id='word_1_496' title='bbox 995 3703 1091 3751; x_wconf 83' lang='lat' dir='ltr'><strong>aut</strong></span> <span class='ocrx_word' id='word_1_497' title='bbox 1118 3694 1289 3768; x_wconf 84' lang='lat' dir='ltr'><strong>laicus</strong></span> <span class='ocrx_word' id='word_1_498' title='bbox 1319 3697 1694 3768; x_wconf 64' lang='lat' dir='ltr'><strong>pwnitentem</strong></span> <span class='ocrx_word' id='word_1_499' title='bbox 1712 3694 1860 3749; x_wconf 85' lang='lat' dir='ltr'><strong>invi-</strong></span> 
     </span>
    </p>
   </div>
   <div class='ocr_carea' id='block_1_73' title="bbox 208 3765 1862 3837">
    <p class='ocr_par' dir='ltr' id='par_1_73' title="bbox 208 3765 1862 3837">
     <span class='ocr_line' id='line_1_75' title="bbox 208 3765 1862 3837; baseline -0.002 -13"><span class='ocrx_word' id='word_1_500' title='bbox 208 3770 289 3824; x_wconf 79' lang='lat' dir='ltr'><strong>tet</strong></span> <span class='ocrx_word' id='word_1_501' title='bbox 314 3768 509 3822; x_wconf 85' lang='lat' dir='ltr'><strong>vinum</strong></span> <span class='ocrx_word' id='word_1_502' title='bbox 538 3765 735 3837; x_wconf 74' lang='lat' dir='ltr'><strong>bibere,</strong></span> <span class='ocrx_word' id='word_1_503' title='bbox 757 3765 861 3823; x_wconf 79' lang='lat' dir='ltr'><strong>aut</strong></span> <span class='ocrx_word' id='word_1_504' title='bbox 870 3783 1094 3822; x_wconf 81' lang='lat' dir='ltr'><strong>carnem</strong></span> <span class='ocrx_word' id='word_1_505' title='bbox 1110 3765 1463 3832; x_wconf 80' lang='lat' dir='ltr'><strong>manducare,</strong></span> <span class='ocrx_word' id='word_1_506' title='bbox 1484 3767 1597 3821; x_wconf 87' lang='lat' dir='ltr'><strong>nisi</strong></span> <span class='ocrx_word' id='word_1_507' title='bbox 1625 3765 1695 3821; x_wconf 87' lang='lat' dir='ltr'><strong>ad</strong></span> <span class='ocrx_word' id='word_1_508' title='bbox 1718 3779 1862 3836; x_wconf 69' lang='lat' dir='ltr'><strong>prae-</strong></span> 
     </span>
    </p>
   </div>
   <div class='ocr_carea' id='block_1_74' title="bbox 204 3837 1859 3909">
    <p class='ocr_par' dir='ltr' id='par_1_74' title="bbox 204 3837 1859 3909">
     <span class='ocr_line' id='line_1_76' title="bbox 204 3837 1859 3909; baseline -0.002 -14"><span class='ocrx_word' id='word_1_509' title='bbox 204 3855 335 3895; x_wconf 80' lang='lat' dir='ltr'><strong>sens</strong></span> <span class='ocrx_word' id='word_1_510' title='bbox 362 3854 462 3909; x_wconf 84' lang='lat' dir='ltr'><strong>pro</strong></span> <span class='ocrx_word' id='word_1_511' title='bbox 493 3838 609 3909; x_wconf 86' lang='lat' dir='ltr'><strong>ipso</strong></span> <span class='ocrx_word' id='word_1_512' title='bbox 637 3854 832 3906; x_wconf 86' lang='lat' dir='ltr'><strong>unum,</strong></span> <span class='ocrx_word' id='word_1_513' title='bbox 865 3839 949 3895; x_wconf 85' lang='lat' dir='ltr'><strong>vel</strong></span> <span class='ocrx_word' id='word_1_514' title='bbox 975 3838 1110 3894; x_wconf 84' lang='lat' dir='ltr'><strong>duos</strong></span> <span class='ocrx_word' id='word_1_515' title='bbox 1146 3838 1402 3894; x_wconf 83' lang='lat' dir='ltr'><strong>denarios</strong></span> <span class='ocrx_word' id='word_1_516' title='bbox 1422 3837 1592 3909; x_wconf 75' lang='lat' dir='ltr'><strong>juxta</strong></span> <span class='ocrx_word' id='word_1_517' title='bbox 1621 3837 1859 3909; x_wconf 83' lang='lat' dir='ltr'><strong>qualita-</strong></span> 
     </span>
    </p>
   </div>
   <div class='ocr_carea' id='block_1_75' title="bbox 206 3910 935 3981">
    <p class='ocr_par' dir='ltr' id='par_1_75' title="bbox 206 3910 935 3981">
     <span class='ocr_line' id='line_1_77' title="bbox 206 3910 935 3981; baseline -0.003 -14"><span class='ocrx_word' id='word_1_518' title='bbox 206 3918 320 3967; x_wconf 84' lang='lat' dir='ltr'><strong>tem</strong></span> <span class='ocrx_word' id='word_1_519' title='bbox 342 3910 677 3981; x_wconf 71' lang='lat' dir='ltr'><strong>paenitentiae</strong></span> <span class='ocrx_word' id='word_1_520' title='bbox 708 3910 935 3965; x_wconf 85' lang='lat' dir='ltr'><strong>dederit.</strong></span> 
     </span>
    </p>
   </div>
   <div class='ocr_carea' id='block_1_76' title="bbox 282 3978 1861 4054">
    <p class='ocr_par' dir='ltr' id='par_1_76' title="bbox 282 3978 1861 4054">
     <span class='ocr_line' id='line_1_78' title="bbox 282 3978 1861 4054; baseline -0.001 -18"><span class='ocrx_word' id='word_1_521' title='bbox 282 3978 433 4054; x_wconf 78' lang='lat'>(961)</span> <span class='ocrx_word' id='word_1_522' title='bbox 466 3980 854 4054; x_wconf 83' lang='lat' dir='ltr'><strong>Rogationum</strong></span> <span class='ocrx_word' id='word_1_523' title='bbox 877 3981 1173 4054; x_wconf 79' lang='lat' dir='ltr'><strong>jejunium</strong></span> <span class='ocrx_word' id='word_1_524' title='bbox 1195 3981 1260 4054; x_wconf 83' lang='lat' dir='ltr'><strong>in</strong></span> <span class='ocrx_word' id='word_1_525' title='bbox 1290 3979 1491 4037; x_wconf 89' lang='lat' dir='ltr'><strong>Galliis</strong></span> <span class='ocrx_word' id='word_1_526' title='bbox 1523 3978 1861 4054; x_wconf 78' lang='lat' dir='ltr'><strong>institutum</strong></span> 
     </span>
    </p>
   </div>
   <div class='ocr_carea' id='block_1_77' title="bbox 206 4048 1863 4124">
    <p class='ocr_par' dir='ltr' id='par_1_77' title="bbox 206 4048 1863 4124">
     <span class='ocr_line' id='line_1_79' title="bbox 206 4048 1863 4124; baseline -0.003 -16"><span class='ocrx_word' id='word_1_527' title='bbox 206 4048 397 4124; x_wconf 82' lang='lat' dir='ltr'><strong>liquet</strong></span> <span class='ocrx_word' id='word_1_528' title='bbox 416 4048 490 4107; x_wconf 82' lang='lat' dir='ltr'><strong>ex</strong></span> <span class='ocrx_word' id='word_1_529' title='bbox 517 4048 762 4124; x_wconf 70' lang='lat' dir='ltr'><strong>ccneilio</strong></span> <span class='ocrx_word' id='word_1_530' title='bbox 803 4048 1205 4108; x_wconf 74' lang='lat' dir='ltr'><strong>Aurelaniensi</strong></span> <span class='ocrx_word' id='word_1_531' title='bbox 1238 4070 1278 4124; x_wconf 81' lang='grc' dir='ltr'>ι,</span> <span class='ocrx_word' id='word_1_532' title='bbox 1310 4069 1360 4106; x_wconf 91' lang='lat' dir='ltr'><strong>c.</strong></span> <span class='ocrx_word' id='word_1_533' title='bbox 1392 4054 1482 4119; x_wconf 87' lang='lat'><strong>27,</strong></span> <span class='ocrx_word' id='word_1_534' title='bbox 1507 4067 1590 4124; x_wconf 76' lang='lat' dir='ltr'><strong>ex_</strong></span> <span class='ocrx_word' id='word_1_535' title='bbox 1612 4050 1777 4124; x_wconf 80' lang='lat' dir='ltr'><strong>Avito</strong></span> <span class='ocrx_word' id='word_1_536' title='bbox 1804 4048 1863 4103; x_wconf 92' lang='lat' dir='ltr'><strong>in</strong></span> 
     </span>
    </p>
   </div>
   <div class='ocr_carea' id='block_1_78' title="bbox 206 4096 1864 4197">
    <p class='ocr_par' dir='ltr' id='par_1_78' title="bbox 206 4096 1864 4197">
     <span class='ocr_line' id='line_1_80' title="bbox 206 4096 1864 4197; baseline -0.002 -18"><span class='ocrx_word' id='word_1_537' title='bbox 206 4096 483 4197; x_wconf 44' lang='lat' dir='ltr'><strong>seirmone</strong></span> <span class='ocrx_word' id='word_1_538' title='bbox 542 4124 617 4197; x_wconf 78' lang='lat' dir='ltr'><strong>de</strong></span> <span class='ocrx_word' id='word_1_539' title='bbox 670 4123 1111 4197; x_wconf 81' lang='lat' dir='ltr'><strong>Rogationibus,</strong></span> <span class='ocrx_word' id='word_1_540' title='bbox 1145 4127 1203 4180; x_wconf 91' lang='lat' dir='ltr'><strong>et</strong></span> <span class='ocrx_word' id='word_1_541' title='bbox 1259 4096 1361 4179; x_wconf 80' lang='lat' dir='ltr'><strong>lib.</strong></span> <span class='ocrx_word' id='word_1_542' title='bbox 1416 4096 1762 4197; x_wconf 50' lang='lat' dir='ltr'><strong>I,’epist._7,</strong></span> <span class='ocrx_word' id='word_1_543' title='bbox 1798 4136 1864 4176; x_wconf 88' lang='lat' dir='ltr'><strong>ac</strong></span> 
     </span>
    </p>
   </div>
   <div class='ocr_carea' id='block_1_79' title="bbox 206 4193 1863 4267">
    <p class='ocr_par' dir='ltr' id='par_1_79' title="bbox 206 4193 1863 4267">
     <span class='ocr_line' id='line_1_81' title="bbox 206 4193 1863 4267; baseline -0.003 -16"><span class='ocrx_word' id='word_1_544' title='bbox 206 4195 317 4251; x_wconf 90' lang='lat' dir='ltr'><strong>lib.</strong></span> <span class='ocrx_word' id='word_1_545' title='bbox 338 4194 641 4267; x_wconf 65' lang='lat' dir='ltr'><strong>vn,epist.</strong></span> <span class='ocrx_word' id='word_1_546' title='bbox 671 4193 1007 4264; x_wconf 45' lang='lat' dir='ltr'><strong>ila-necnon</strong></span> <span class='ocrx_word' id='word_1_547' title='bbox 1038 4212 1107 4251; x_wconf 85' lang='lat' dir='ltr'><strong>ex</strong></span> <span class='ocrx_word' id='word_1_548' title='bbox 1146 4198 1346 4267; x_wconf 89' lang='lat' dir='ltr'><strong>sancto</strong></span> <span class='ocrx_word' id='word_1_549' title='bbox 1378 4193 1649 4265; x_wconf 81' lang='lat' dir='ltr'><strong>Gregorio</strong></span> <span class='ocrx_word' id='word_1_550' title='bbox 1681 4194 1863 4267; x_wconf 78' lang='lat' dir='ltr'><strong>Turo-</strong></span> 
     </span>
    </p>
   </div>
   <div class='ocr_carea' id='block_1_80' title="bbox 212 4264 1865 4337">
    <p class='ocr_par' dir='ltr' id='par_1_80' title="bbox 212 4264 1865 4337">
     <span class='ocr_line' id='line_1_82' title="bbox 212 4264 1865 4337; baseline -0.004 -14"><span class='ocrx_word' id='word_1_551' title='bbox 212 4266 406 4331; x_wconf 88' lang='lat' dir='ltr'><strong>nensi,</strong></span> <span class='ocrx_word' id='word_1_552' title='bbox 428 4264 530 4321; x_wconf 52' lang='lat' dir='ltr'><strong>lih&#39;.</strong></span> <span class='ocrx_word' id='word_1_553' title='bbox 554 4283 594 4321; x_wconf 85' lang='grc' dir='ltr'><strong>ιι</strong></span> <span class='ocrx_word' id='word_1_554' title='bbox 622 4266 771 4322; x_wconf 91' lang='lat' dir='ltr'><strong>Hist.</strong></span> <span class='ocrx_word' id='word_1_555' title='bbox 806 4284 855 4322; x_wconf 93' lang='lat' dir='ltr'><strong>c.</strong></span> <span class='ocrx_word' id='word_1_556' title='bbox 885 4268 975 4324; x_wconf 84' lang='grc'>34.</span> <span class='ocrx_word' id='word_1_557' title='bbox 999 4267 1116 4322; x_wconf 89' lang='lat' dir='ltr'><strong>Hoc</strong></span> <span class='ocrx_word' id='word_1_558' title='bbox 1128 4266 1423 4337; x_wconf 88' lang='lat' dir='ltr'><strong>jejunium</strong></span> <span class='ocrx_word' id='word_1_559' title='bbox 1451 4264 1585 4336; x_wconf 83' lang='lat' dir='ltr'><strong>pest</strong></span> <span class='ocrx_word' id='word_1_560' title='bbox 1604 4264 1865 4337; x_wconf 85' lang='lat' dir='ltr'><strong>medium</strong></span> 
     </span>
    </p>
   </div>
   <div class='ocr_carea' id='block_1_81' title="bbox 211 4335 1868 4395">
    <p class='ocr_par' dir='ltr' id='par_1_81' title="bbox 211 4335 1868 4395">
     <span class='ocr_line' id='line_1_83' title="bbox 211 4335 1868 4395; baseline -0.003 0"><span class='ocrx_word' id='word_1_561' title='bbox 211 4337 626 4395; x_wconf 84' lang='lat' dir='ltr'><strong>tantummodo</strong></span> <span class='ocrx_word' id='word_1_562' title='bbox 658 4338 938 4394; x_wconf 82' lang='lat' dir='ltr'><strong>saeculum</strong></span> <span class='ocrx_word' id='word_1_563' title='bbox 967 4354 1025 4392; x_wconf 79' lang='lat' dir='ltr'><strong>x1</strong></span> <span class='ocrx_word' id='word_1_564' title='bbox 1055 4338 1114 4392; x_wconf 90' lang='lat' dir='ltr'><strong>in</strong></span> <span class='ocrx_word' id='word_1_565' title='bbox 1131 4335 1868 4393; x_wconf 30' lang='lat' dir='ltr'><strong>Ecclesiam’Mediolanen-</strong></span> 
     </span>
    </p>
   </div>
   <div class='ocr_carea' id='block_1_82' title="bbox 216 4407 1864 4490">
    <p class='ocr_par' dir='ltr' id='par_1_82' title="bbox 216 4407 1864 4490">
     <span class='ocr_line' id='line_1_84' title="bbox 216 4407 1864 4490; baseline -0.002 -26"><span class='ocrx_word' id='word_1_566' title='bbox 216 4426 344 4490; x_wconf 69' lang='lat' dir='ltr'><strong>sem</strong></span> <span class='ocrx_word' id='word_1_567' title='bbox 364 4408 926 4490; x_wconf 55' lang='lat' dir='ltr'><strong>inductumeonjicit</strong></span> <span class='ocrx_word' id='word_1_568' title='bbox 939 4408 1473 4490; x_wconf 30' lang='lat' dir='ltr'><strong>‘Muratoriushtomoz</strong></span> <span class='ocrx_word' id='word_1_569' title='bbox 1486 4407 1563 4490; x_wconf 71' lang='lat' dir='ltr'><strong>iV</strong></span> <span class='ocrx_word' id='word_1_570' title='bbox 1572 4407 1864 4490; x_wconf 45' lang='lat' dir='ltr'><strong>éntiqu‘it.</strong></span> 
     </span>
    </p>
   </div>
   <div class='ocr_carea' id='block_1_83' title="bbox 217 4477 1869 4562">
    <p class='ocr_par' dir='ltr' id='par_1_83' title="bbox 217 4477 1869 4562">
     <span class='ocr_line' id='line_1_85' title="bbox 217 4477 1869 4562; baseline -0.004 -24"><span class='ocrx_word' id='word_1_571' title='bbox 217 4480 428 4562; x_wconf 51' lang='lat' dir='ltr'><strong>nam,</strong></span> <span class='ocrx_word' id='word_1_572' title='bbox 463 4496 595 4562; x_wconf 57' lang='lat' dir='ltr'><strong>pag:</strong></span> <span class='ocrx_word' id='word_1_573' title='bbox 628 4481 752 4562; x_wconf 78' lang='lat'>852,</span> <span class='ocrx_word' id='word_1_574' title='bbox 784 4477 1092 4562; x_wconf 78' lang='lat' dir='ltr'><strong>propterea</strong></span> <span class='ocrx_word' id='word_1_575' title='bbox 1117 4481 1289 4562; x_wconf 60' lang='lat' dir='ltr'><strong>quod</strong></span> <span class='ocrx_word' id='word_1_576' title='bbox 1321 4479 1379 4562; x_wconf 75' lang='lat' dir='ltr'><strong>in</strong></span> <span class='ocrx_word' id='word_1_577' title='bbox 1408 4479 1541 4534; x_wconf 87' lang='lat' dir='ltr'><strong>Vita</strong></span> <span class='ocrx_word' id='word_1_578' title='bbox 1571 4479 1629 4534; x_wconf 90' lang='lat' dir='ltr'><strong>S.</strong></span> <span class='ocrx_word' id='word_1_579' title='bbox 1651 4477 1869 4562; x_wconf 55' lang='lat' dir='ltr'><strong>Arialdi</strong></span> 
     </span>
    </p>
   </div>
   <div class='ocr_carea' id='block_1_84' title="bbox 214 4551 1873 4695">
    <p class='ocr_par' dir='ltr' id='par_1_84' title="bbox 214 4551 1873 4695">
     <span class='ocr_line' id='line_1_86' title="bbox 218 4551 1873 4633; baseline -0.002 -25"><span class='ocrx_word' id='word_1_580' title='bbox 218 4552 444 4633; x_wconf 77' lang='lat' dir='ltr'><strong>scripta</strong></span> <span class='ocrx_word' id='word_1_581' title='bbox 466 4551 803 4608; x_wconf 38' lang='lat' dir='ltr'><strong>ab’Andrea&#39;</strong></span> <span class='ocrx_word' id='word_1_582' title='bbox 814 4551 1098 4609; x_wconf 83' lang='lat' dir='ltr'><strong>monacho</strong></span> <span class='ocrx_word' id='word_1_583' title='bbox 1117 4551 1698 4632; x_wconf 71' lang='lat' dir='ltr'><strong>Vallumbrosano,et</strong></span> <span class='ocrx_word' id='word_1_584' title='bbox 1719 4551 1873 4605; x_wconf 82' lang='lat' dir='ltr'><strong>edita</strong></span> 
     </span>
     <span class='ocr_line' id='line_1_87' title="bbox 214 4620 1871 4695; baseline -0.004 -14"><span class='ocrx_word' id='word_1_585' title='bbox 214 4641 255 4681; x_wconf 87' lang='lat' dir='ltr'><strong>a</strong></span> <span class='ocrx_word' id='word_1_586' title='bbox 285 4621 593 4688; x_wconf 79' lang='lat' dir='ltr'><strong>Puricello,</strong></span> <span class='ocrx_word' id='word_1_587' title='bbox 614 4640 674 4695; x_wconf 15' lang='lat' dir='ltr'><strong>fc.</strong></span> <span class='ocrx_word' id='word_1_588' title='bbox 697 4624 763 4695; x_wconf 84' lang='grc'>21</span> <span class='ocrx_word' id='word_1_589' title='bbox 811 4622 934 4678; x_wconf 66' lang='lat' dir='ltr'><strong>haec</strong></span> <span class='ocrx_word' id='word_1_590' title='bbox 964 4623 1138 4695; x_wconf 85' lang='lat' dir='ltr'><strong>verba</strong></span> <span class='ocrx_word' id='word_1_591' title='bbox 1176 4622 1454 4695; x_wconf 87' lang='lat' dir='ltr'><strong>leguntur</strong></span> <span class='ocrx_word' id='word_1_592' title='bbox 1487 4638 1499 4677; x_wconf 91' lang='lat'>:</span> <span class='ocrx_word' id='word_1_593' title='bbox 1537 4620 1871 4695; x_wconf 73' lang='lat' dir='ltr'><strong>Truluanum</strong></span> 
     </span>
    </p>
   </div>
   <div class='ocr_carea' id='block_1_85' title="bbox 1964 3474 3613 3547">
    <p class='ocr_par' dir='ltr' id='par_1_85' title="bbox 1964 3474 3613 3547">
     <span class='ocr_line' id='line_1_88' title="bbox 1964 3474 3613 3547; baseline -0.003 -11"><span class='ocrx_word' id='word_1_594' title='bbox 1964 3474 2121 3536; x_wconf 72' lang='lat' dir='ltr'><strong>ribus</strong></span> <span class='ocrx_word' id='word_1_595' title='bbox 2149 3482 2305 3547; x_wconf 86' lang='lat' dir='ltr'><strong>anni,</strong></span> <span class='ocrx_word' id='word_1_596' title='bbox 2324 3474 2397 3534; x_wconf 62' lang='lat' dir='ltr'><strong>&#39;id</strong></span> <span class='ocrx_word' id='word_1_597' title='bbox 2443 3482 2521 3534; x_wconf 87' lang='lat' dir='ltr'><strong>est</strong></span> <span class='ocrx_word' id='word_1_598' title='bbox 2566 3474 2762 3534; x_wconf 78' lang='lat' dir='ltr'><strong>Natale</strong></span> <span class='ocrx_word' id='word_1_599' title='bbox 2800 3478 3039 3545; x_wconf 84' lang='lat' dir='ltr'><strong>Domini,</strong></span> <span class='ocrx_word' id='word_1_600' title='bbox 3070 3474 3291 3547; x_wconf 12' lang='lat' dir='ltr'><strong>Pascha,</strong></span> <span class='ocrx_word' id='word_1_601' title='bbox 3326 3482 3378 3532; x_wconf 88' lang='lat' dir='ltr'><strong>et</strong></span> <span class='ocrx_word' id='word_1_602' title='bbox 3420 3474 3613 3547; x_wconf 84' lang='lat' dir='ltr'><strong>Pente-</strong></span> 
     </span>
    </p>
   </div>
   <div class='ocr_carea' id='block_1_86' title="bbox 1966 3546 3612 3619">
    <p class='ocr_par' dir='ltr' id='par_1_86' title="bbox 1966 3546 3612 3619">
     <span class='ocr_line' id='line_1_89' title="bbox 1966 3546 3612 3619; baseline -0.005 -11"><span class='ocrx_word' id='word_1_603' title='bbox 1966 3556 2124 3609; x_wconf 83' lang='lat' dir='ltr'><strong>coste.</strong></span> <span class='ocrx_word' id='word_1_604' title='bbox 2158 3546 2297 3606; x_wconf 73' lang='lat' dir='ltr'><strong>Haec</strong></span> <span class='ocrx_word' id='word_1_605' title='bbox 2316 3551 2429 3605; x_wconf 86' lang='lat' dir='ltr'><strong>tria</strong></span> <span class='ocrx_word' id='word_1_606' title='bbox 2466 3553 2694 3604; x_wconf 89' lang='lat' dir='ltr'><strong>tantum</strong></span> <span class='ocrx_word' id='word_1_607' title='bbox 2739 3552 3004 3619; x_wconf 87' lang='lat' dir='ltr'><strong>tempora</strong></span> <span class='ocrx_word' id='word_1_608' title='bbox 3049 3546 3507 3619; x_wconf 77' lang='lat' dir='ltr'><strong>praescribuntur</strong></span> <span class='ocrx_word' id='word_1_609' title='bbox 3551 3546 3612 3619; x_wconf 88' lang='lat' dir='ltr'><strong>in</strong></span> 
     </span>
    </p>
   </div>
   <div class='ocr_carea' id='block_1_87' title="bbox 1969 3617 3613 3693">
    <p class='ocr_par' dir='ltr' id='par_1_87' title="bbox 1969 3617 3613 3693">
     <span class='ocr_line' id='line_1_90' title="bbox 1969 3617 3613 3693; baseline -0.004 -13"><span class='ocrx_word' id='word_1_610' title='bbox 1969 3622 2212 3680; x_wconf 89' lang='lat' dir='ltr'><strong>concilio</strong></span> <span class='ocrx_word' id='word_1_611' title='bbox 2251 3620 2567 3693; x_wconf 84' lang='lat' dir='ltr'><strong>Agathensi</strong></span> <span class='ocrx_word' id='word_1_612' title='bbox 2611 3619 2749 3675; x_wconf 89' lang='lat' dir='ltr'><strong>anni</strong></span> <span class='ocrx_word' id='word_1_613' title='bbox 2792 3617 2918 3693; x_wconf 76' lang='lat'>596,</span> <span class='ocrx_word' id='word_1_614' title='bbox 2951 3636 2999 3675; x_wconf 93' lang='lat' dir='ltr'><strong>c.</strong></span> <span class='ocrx_word' id='word_1_615' title='bbox 3036 3617 3122 3693; x_wconf 70' lang='grc'><strong>18,</strong></span> <span class='ocrx_word' id='word_1_616' title='bbox 3156 3623 3212 3693; x_wconf 80' lang='lat' dir='ltr'><strong>et</strong></span> <span class='ocrx_word' id='word_1_617' title='bbox 3241 3617 3417 3693; x_wconf 87' lang='lat' dir='ltr'><strong>lib_.__u</strong></span> <span class='ocrx_word' id='word_1_618' title='bbox 3449 3618 3613 3693; x_wconf 78' lang='lat' dir='ltr'><strong>Capi-</strong></span> 
     </span>
    </p>
   </div>
   <div class='ocr_carea' id='block_1_88' title="bbox 1968 3689 3617 3755">
    <p class='ocr_par' dir='ltr' id='par_1_88' title="bbox 1968 3689 3617 3755">
     <span class='ocr_line' id='line_1_91' title="bbox 1968 3689 3617 3755; baseline -0.004 -5"><span class='ocrx_word' id='word_1_619' title='bbox 1968 3693 2248 3751; x_wconf 90' lang='lat' dir='ltr'><strong>tularium</strong></span> <span class='ocrx_word' id='word_1_620' title='bbox 2282 3689 2330 3748; x_wconf 35' lang='lat' dir='ltr'><strong>cw.</strong></span> <span class='ocrx_word' id='word_1_621' title='bbox 2364 3695 2453 3748; x_wconf 82' lang='grc'><strong>45.</strong></span> <span class='ocrx_word' id='word_1_622' title='bbox 2479 3692 2659 3747; x_wconf 88' lang='lat' dir='ltr'><strong>Jonas</strong></span> <span class='ocrx_word' id='word_1_623' title='bbox 2686 3690 3122 3746; x_wconf 89' lang='lat' dir='ltr'><strong>Aurelianensis</strong></span> <span class='ocrx_word' id='word_1_624' title='bbox 3152 3691 3294 3745; x_wconf 90' lang='lat' dir='ltr'><strong>dum</strong></span> <span class='ocrx_word' id='word_1_625' title='bbox 3324 3689 3426 3747; x_wconf 91' lang='lat' dir='ltr'><strong>lib.</strong></span> <span class='ocrx_word' id='word_1_626' title='bbox 3461 3689 3617 3755; x_wconf 22' lang='lat' dir='ltr'><strong>11,7de</strong></span> 
     </span>
    </p>
   </div>
   <div class='ocr_carea' id='block_1_89' title="bbox 1972 3761 3615 3834">
    <p class='ocr_par' dir='ltr' id='par_1_89' title="bbox 1972 3761 3615 3834">
     <span class='ocr_line' id='line_1_92' title="bbox 1972 3761 3615 3834; baseline -0.005 -11"><span class='ocrx_word' id='word_1_627' title='bbox 1972 3765 2340 3823; x_wconf 90' lang='lat' dir='ltr'><strong>Institutione</strong></span> <span class='ocrx_word' id='word_1_628' title='bbox 2389 3762 2579 3819; x_wconf 88' lang='lat' dir='ltr'><strong>laicali</strong></span> <span class='ocrx_word' id='word_1_629' title='bbox 2610 3778 2660 3817; x_wconf 91' lang='lat' dir='ltr'><strong>e.</strong></span> <span class='ocrx_word' id='word_1_630' title='bbox 2694 3763 2779 3831; x_wconf 90' lang='grc'>18,</span> <span class='ocrx_word' id='word_1_631' title='bbox 2813 3761 3123 3834; x_wconf 89' lang='lat' dir='ltr'><strong>plerosque</strong></span> <span class='ocrx_word' id='word_1_632' title='bbox 3157 3762 3346 3834; x_wconf 86' lang='lat' dir='ltr'><strong>tribus</strong></span> <span class='ocrx_word' id='word_1_633' title='bbox 3386 3763 3615 3834; x_wconf 81' lang='lat' dir='ltr'><strong>tantum</strong></span> 
     </span>
    </p>
   </div>
   <div class='ocr_carea' id='block_1_90' title="bbox 1972 3779 3619 3909">
    <p class='ocr_par' dir='ltr' id='par_1_90' title="bbox 1972 3779 3619 3909">
     <span class='ocr_line' id='line_1_93' title="bbox 1972 3779 3615 3887; baseline -0.005 -64"><span class='ocrx_word' id='word_1_634' title='bbox 1972 3779 2340 3823; x_wconf 78' lang='lat' dir='ltr'><strong>Institutione</strong></span> <span class='ocrx_word' id='word_1_635' title='bbox 2391 3779 2579 3819; x_wconf 79' lang='lat' dir='ltr'><strong>laicau</strong></span> <span class='ocrx_word' id='word_1_636' title='bbox 2610 3779 2660 3817; x_wconf 90' lang='lat' dir='ltr'><strong>e.</strong></span> <span class='ocrx_word' id='word_1_637' title='bbox 2694 3779 3123 3887; x_wconf 58' lang='lat' dir='ltr'><strong>15,(p1erosque</strong></span> <span class='ocrx_word' id='word_1_638' title='bbox 3157 3779 3343 3817; x_wconf 78' lang='lat' dir='ltr'><strong>tribus</strong></span> <span class='ocrx_word' id='word_1_639' title='bbox 3386 3779 3615 3815; x_wconf 74' lang='lat' dir='ltr'><strong>tantum</strong></span> 
     </span>
     <span class='ocr_line' id='line_1_94' title="bbox 1972 3831 3619 3909; baseline -0.004 -16"><span class='ocrx_word' id='word_1_640' title='bbox 1972 3837 2137 3893; x_wconf 80' lang='lat' dir='ltr'><strong>festis</strong></span> <span class='ocrx_word' id='word_1_641' title='bbox 2168 3835 2356 3909; x_wconf 86' lang='lat' dir='ltr'><strong>magis</strong></span> <span class='ocrx_word' id='word_1_642' title='bbox 2405 3852 2471 3891; x_wconf 87' lang='lat' dir='ltr'><strong>ex</strong></span> <span class='ocrx_word' id='word_1_643' title='bbox 2509 3839 2787 3890; x_wconf 88' lang='lat' dir='ltr'><strong>consuetu</strong></span> <span class='ocrx_word' id='word_1_644' title='bbox 2837 3834 3153 3909; x_wconf 72' lang='lat' dir='ltr'><strong>ine,quam</strong></span> <span class='ocrx_word' id='word_1_645' title='bbox 3202 3848 3273 3909; x_wconf 57' lang='lat' dir='ltr'><strong>ea</strong></span> <span class='ocrx_word' id='word_1_646' title='bbox 3318 3831 3619 3909; x_wconf 83' lang='lat' dir='ltr'><strong>devotione</strong></span> 
     </span>
    </p>
   </div>
   <div class='ocr_carea' id='block_1_91' title="bbox 1971 3904 3623 3991">
    <p class='ocr_par' dir='ltr' id='par_1_91' title="bbox 1971 3904 3623 3991">
     <span class='ocr_line' id='line_1_95' title="bbox 1971 3904 3623 3991; baseline -0.005 -27"><span class='ocrx_word' id='word_1_647' title='bbox 1971 3904 2446 3991; x_wconf 51' lang='lat' dir='ltr'><strong>communionem</strong></span> <span class='ocrx_word' id='word_1_648' title='bbox 2476 3921 2708 3961; x_wconf 87' lang='lat' dir='ltr'><strong>sumere</strong></span> <span class='ocrx_word' id='word_1_649' title='bbox 2748 3905 2947 3974; x_wconf 89' lang='lat' dir='ltr'><strong>tradit,</strong></span> <span class='ocrx_word' id='word_1_650' title='bbox 2971 3904 3173 3959; x_wconf 77' lang='lat' dir='ltr'><strong>eadem</strong></span> <span class='ocrx_word' id='word_1_651' title='bbox 3204 3904 3317 3991; x_wconf 77' lang='lat' dir='ltr'><strong>tria</strong></span> <span class='ocrx_word' id='word_1_652' title='bbox 3357 3906 3623 3991; x_wconf 57' lang='lat' dir='ltr'><strong>tempera</strong></span> 
     </span>
    </p>
   </div>
   <div class='ocr_carea' id='block_1_92' title="bbox 1971 3975 3623 4125">
    <p class='ocr_par' dir='ltr' id='par_1_92' title="bbox 1971 3975 3623 4125">
     <span class='ocr_line' id='line_1_96' title="bbox 1974 3975 3621 4052; baseline -0.005 -17"><span class='ocrx_word' id='word_1_653' title='bbox 1974 3978 2227 4052; x_wconf 87' lang='lat' dir='ltr'><strong>respicit.</strong></span> <span class='ocrx_word' id='word_1_654' title='bbox 2252 3980 2510 4043; x_wconf 87' lang='lat' dir='ltr'><strong>Quatuor</strong></span> <span class='ocrx_word' id='word_1_655' title='bbox 2542 3982 2738 4033; x_wconf 86' lang='lat' dir='ltr'><strong>autem</strong></span> <span class='ocrx_word' id='word_1_656' title='bbox 2769 3982 3099 4048; x_wconf 88' lang='lat' dir='ltr'><strong>temporum</strong></span> <span class='ocrx_word' id='word_1_657' title='bbox 3122 3975 3477 4029; x_wconf 87' lang='lat' dir='ltr'><strong>mentionem</strong></span> <span class='ocrx_word' id='word_1_658' title='bbox 3508 3975 3621 4028; x_wconf 84' lang='lat' dir='ltr'><strong>Ra-</strong></span> 
     </span>
     <span class='ocr_line' id='line_1_97' title="bbox 1971 4044 3623 4125; baseline -0.006 -18"><span class='ocrx_word' id='word_1_659' title='bbox 1971 4051 2197 4125; x_wconf 79' lang='lat' dir='ltr'><strong>therius</strong></span> <span class='ocrx_word' id='word_1_660' title='bbox 2228 4050 2524 4125; x_wconf 77' lang='lat' dir='ltr'><strong>derivasse</strong></span> <span class='ocrx_word' id='word_1_661' title='bbox 2549 4048 2780 4125; x_wconf 63' lang='lat' dir='ltr'><strong>videtur</strong></span> <span class='ocrx_word' id='word_1_662' title='bbox 2809 4063 2877 4101; x_wconf 83' lang='lat' dir='ltr'><strong>ex</strong></span> <span class='ocrx_word' id='word_1_663' title='bbox 2905 4046 3100 4117; x_wconf 90' lang='lat' dir='ltr'><strong>aliquo</strong></span> <span class='ocrx_word' id='word_1_664' title='bbox 3127 4044 3424 4125; x_wconf 82' lang='lat' dir='ltr'><strong>Sermonis</strong></span> <span class='ocrx_word' id='word_1_665' title='bbox 3455 4061 3623 4125; x_wconf 72' lang='lat' dir='ltr'><strong>syne-</strong></span> 
     </span>
    </p>
   </div>
   <div class='ocr_carea' id='block_1_93' title="bbox 1973 4113 3620 4188">
    <p class='ocr_par' dir='ltr' id='par_1_93' title="bbox 1973 4113 3620 4188">
     <span class='ocr_line' id='line_1_98' title="bbox 1973 4113 3620 4188; baseline -0.005 -11"><span class='ocrx_word' id='word_1_666' title='bbox 1973 4122 2123 4178; x_wconf 88' lang='lat' dir='ltr'><strong>dalis</strong></span> <span class='ocrx_word' id='word_1_667' title='bbox 2151 4121 2414 4188; x_wconf 82' lang='lat' dir='ltr'><strong>exemplo</strong></span> <span class='ocrx_word' id='word_1_668' title='bbox 2444 4119 2529 4174; x_wconf 91' lang='lat' dir='ltr'><strong>illi</strong></span> <span class='ocrx_word' id='word_1_669' title='bbox 2580 4117 2778 4182; x_wconf 90' lang='lat' dir='ltr'><strong>simili,</strong></span> <span class='ocrx_word' id='word_1_670' title='bbox 2814 4134 2883 4173; x_wconf 85' lang='lat' dir='ltr'><strong>ex</strong></span> <span class='ocrx_word' id='word_1_671' title='bbox 2913 4113 3029 4188; x_wconf 81' lang='lat' dir='ltr'><strong>quo</strong></span> <span class='ocrx_word' id='word_1_672' title='bbox 3059 4116 3261 4188; x_wconf 82' lang='lat' dir='ltr'><strong>eadem</strong></span> <span class='ocrx_word' id='word_1_673' title='bbox 3313 4113 3531 4170; x_wconf 81' lang='lat' dir='ltr'><strong>mentio</strong></span> <span class='ocrx_word' id='word_1_674' title='bbox 3563 4113 3620 4169; x_wconf 91' lang='lat' dir='ltr'><strong>in</strong></span> 
     </span>
    </p>
   </div>
   <div class='ocr_carea' id='block_1_94' title="bbox 1971 4185 3284 4249">
    <p class='ocr_par' dir='ltr' id='par_1_94' title="bbox 1971 4185 3284 4249">
     <span class='ocr_line' id='line_1_99' title="bbox 1971 4185 3284 4249; baseline -0.007 0"><span class='ocrx_word' id='word_1_675' title='bbox 1971 4192 2279 4249; x_wconf 89' lang='lat' dir='ltr'><strong>homiliam</strong></span> <span class='ocrx_word' id='word_1_676' title='bbox 2311 4185 2484 4246; x_wconf 85' lang='lat' dir='ltr'><strong>Leoni</strong></span> <span class='ocrx_word' id='word_1_677' title='bbox 2520 4189 2593 4244; x_wconf 88' lang='lat' dir='ltr'><strong>1V</strong></span> <span class='ocrx_word' id='word_1_678' title='bbox 2624 4185 2966 4244; x_wconf 79' lang='lat' dir='ltr'><strong>attributam</strong></span> <span class='ocrx_word' id='word_1_679' title='bbox 3000 4185 3284 4243; x_wconf 86' lang='lat' dir='ltr'><strong>transivit.</strong></span> 
     </span>
    </p>
   </div>
   <div class='ocr_carea' id='block_1_95' title="bbox 2046 4255 3624 4336">
    <p class='ocr_par' dir='ltr' id='par_1_95' title="bbox 2046 4255 3624 4336">
     <span class='ocr_line' id='line_1_100' title="bbox 2046 4255 3624 4336; baseline -0.006 -18"><span class='ocrx_word' id='word_1_680' title='bbox 2046 4265 2193 4336; x_wconf 69' lang='grc'>(964)</span> <span class='ocrx_word' id='word_1_681' title='bbox 2218 4264 2380 4336; x_wconf 80' lang='lat' dir='ltr'><strong>Hunc</strong></span> <span class='ocrx_word' id='word_1_682' title='bbox 2423 4262 2616 4315; x_wconf 87' lang='lat' dir='ltr'><strong>locum</strong></span> <span class='ocrx_word' id='word_1_683' title='bbox 2658 4259 2929 4336; x_wconf 60' lang='lat' dir='ltr'><strong>explieat</strong></span> <span class='ocrx_word' id='word_1_684' title='bbox 2950 4257 3239 4336; x_wconf 72' lang='lat' dir='ltr'><strong>Inquisitio</strong></span> <span class='ocrx_word' id='word_1_685' title='bbox 3260 4256 3414 4336; x_wconf 78' lang='lat' dir='ltr'><strong>apud</strong></span> <span class='ocrx_word' id='word_1_686' title='bbox 3447 4255 3624 4327; x_wconf 84' lang='lat' dir='ltr'><strong>Regi-</strong></span> 
     </span>
    </p>
   </div>
   <div class='ocr_carea' id='block_1_96' title="bbox 1976 4327 3625 4402">
    <p class='ocr_par' dir='ltr' id='par_1_96' title="bbox 1976 4327 3625 4402">
     <span class='ocr_line' id='line_1_101' title="bbox 1976 4327 3625 4402; baseline -0.006 -11"><span class='ocrx_word' id='word_1_687' title='bbox 1976 4327 2189 4391; x_wconf 81' lang='lat' dir='ltr'><strong>nonem</strong></span> <span class='ocrx_word' id='word_1_688' title='bbox 2249 4334 2347 4389; x_wconf 91' lang='lat' dir='ltr'><strong>lib.</strong></span> <span class='ocrx_word' id='word_1_689' title='bbox 2384 4351 2419 4402; x_wconf 83' lang='grc' dir='ltr'>ι,</span> <span class='ocrx_word' id='word_1_690' title='bbox 2452 4347 2616 4386; x_wconf 91' lang='lat' dir='ltr'><strong>num.</strong></span> <span class='ocrx_word' id='word_1_691' title='bbox 2647 4332 2710 4385; x_wconf 90' lang='grc'>61</span> <span class='ocrx_word' id='word_1_692' title='bbox 2732 4327 2764 4386; x_wconf 68' lang='grc'><strong>”;</strong></span> <span class='ocrx_word' id='word_1_693' title='bbox 2798 4330 2859 4385; x_wconf 87' lang='lat' dir='ltr'><strong>Si</strong></span> <span class='ocrx_word' id='word_1_694' title='bbox 2895 4329 2960 4384; x_wconf 88' lang='lat' dir='ltr'><strong>de</strong></span> <span class='ocrx_word' id='word_1_695' title='bbox 3014 4327 3397 4402; x_wconf 69' lang='lat' dir='ltr'><strong>oblationibus,</strong></span> <span class='ocrx_word' id='word_1_696' title='bbox 3429 4340 3556 4402; x_wconf 67' lang='lat' dir='ltr'><strong>quae</strong></span> <span class='ocrx_word' id='word_1_697' title='bbox 3590 4343 3625 4381; x_wconf 89' lang='lat' dir='ltr'><strong>a</strong></span> 
     </span>
    </p>
   </div>
   <div class='ocr_carea' id='block_1_97' title="bbox 1970 4399 3624 4480">
    <p class='ocr_par' dir='ltr' id='par_1_97' title="bbox 1970 4399 3624 4480">
     <span class='ocr_line' id='line_1_102' title="bbox 1970 4399 3624 4480; baseline -0.006 -18"><span class='ocrx_word' id='word_1_698' title='bbox 1970 4406 2173 4480; x_wconf 82' lang='lat' dir='ltr'><strong>populo</strong></span> <span class='ocrx_word' id='word_1_699' title='bbox 2204 4399 2519 4480; x_wconf 71' lang='lat' dir='ltr'><strong>o/feruntur</strong></span> <span class='ocrx_word' id='word_1_700' title='bbox 2532 4402 2619 4457; x_wconf 89' lang='lat' dir='ltr'><strong>die</strong></span> <span class='ocrx_word' id='word_1_701' title='bbox 2640 4402 2918 4480; x_wconf 67' lang='lat' dir='ltr'><strong>Dominieo</strong></span> <span class='ocrx_word' id='word_1_702' title='bbox 2948 4407 2998 4480; x_wconf 80' lang='lat' dir='ltr'><strong>et</strong></span> <span class='ocrx_word' id='word_1_703' title='bbox 3024 4402 3089 4480; x_wconf 59' lang='lat' dir='ltr'><strong>in</strong></span> <span class='ocrx_word' id='word_1_704' title='bbox 3116 4399 3506 4480; x_wconf 47' lang='lat' dir='ltr'><strong>diebusﬂfestis,</strong></span> <span class='ocrx_word' id='word_1_705' title='bbox 3528 4414 3624 4453; x_wconf 78' lang='lat' dir='ltr'><strong>ea:-</strong></span> 
     </span>
    </p>
   </div>
   <div class='ocr_carea' id='block_1_98' title="bbox 2016 4470 3624 4543">
    <p class='ocr_par' dir='ltr' id='par_1_98' title="bbox 2016 4470 3624 4543">
     <span class='ocr_line' id='line_1_103' title="bbox 2016 4470 3624 4543; baseline -0.006 -10"><span class='ocrx_word' id='word_1_706' title='bbox 2016 4470 2120 4533; x_wconf 71' lang='lat' dir='ltr'><strong>léta</strong></span> <span class='ocrx_word' id='word_1_707' title='bbox 2147 4470 2316 4531; x_wconf 76' lang='lat' dir='ltr'><strong>missa</strong></span> <span class='ocrx_word' id='word_1_708' title='bbox 2336 4475 2579 4542; x_wconf 86' lang='lat' dir='ltr'><strong>eulogias</strong></span> <span class='ocrx_word' id='word_1_709' title='bbox 2599 4473 2748 4543; x_wconf 84' lang='lat' dir='ltr'><strong>plebi</strong></span> <span class='ocrx_word' id='word_1_710' title='bbox 2770 4472 2994 4527; x_wconf 79' lang='lat' dir='ltr'><strong>tribuat.</strong></span> <span class='ocrx_word' id='word_1_711' title='bbox 3018 4470 3253 4543; x_wconf 82' lang='lat' dir='ltr'><strong>Clarius</strong></span> <span class='ocrx_word' id='word_1_712' title='bbox 3274 4470 3624 4543; x_wconf 84' lang='lat' dir='ltr'><strong>Hincmarus</strong></span> 
     </span>
    </p>
   </div>
   <div class='ocr_carea' id='block_1_99' title="bbox 1973 4495 3625 4615">
    <p class='ocr_par' dir='ltr' id='par_1_99' title="bbox 1973 4495 3625 4615">
     <span class='ocr_line' id='line_1_104' title="bbox 2016 4495 3624 4543; baseline -0.006 -10"><span class='ocrx_word' id='word_1_713' title='bbox 2016 4495 2120 4533; x_wconf 79' lang='grc' dir='ltr'><strong>ιθια</strong></span> <span class='ocrx_word' id='word_1_714' title='bbox 2147 4495 2316 4531; x_wconf 72' lang='lat' dir='ltr'><strong>missa</strong></span> <span class='ocrx_word' id='word_1_715' title='bbox 2336 4495 2579 4542; x_wconf 80' lang='lat' dir='ltr'><strong>eutogzas</strong></span> <span class='ocrx_word' id='word_1_716' title='bbox 2599 4495 2746 4543; x_wconf 74' lang='lat' dir='ltr'><strong>[nam</strong></span> <span class='ocrx_word' id='word_1_717' title='bbox 2770 4495 2994 4527; x_wconf 77' lang='grc' dir='ltr'><strong>ινιυιιαι.</strong></span> <span class='ocrx_word' id='word_1_718' title='bbox 3018 4495 3244 4527; x_wconf 63' lang='lat' dir='ltr'><strong>Utamur}</strong></span> <span class='ocrx_word' id='word_1_719' title='bbox 3274 4495 3624 4525; x_wconf 66' lang='lat' dir='ltr'><strong>nuwumrue</strong></span> 
     </span>
     <span class='ocr_line' id='line_1_105' title="bbox 1973 4495 3625 4615; baseline -0.006 -10"><span class='ocrx_word' id='word_1_720' title='bbox 1973 4495 2326 4605; x_wconf 50' lang='lat' dir='ltr'><strong>ﬁhemensis</strong></span> <span class='ocrx_word' id='word_1_721' title='bbox 2352 4547 2410 4600; x_wconf 91' lang='lat' dir='ltr'><strong>in</strong></span> <span class='ocrx_word' id='word_1_722' title='bbox 2442 4543 2725 4615; x_wconf 88' lang='lat' dir='ltr'><strong>Capitulis</strong></span> <span class='ocrx_word' id='word_1_723' title='bbox 2755 4544 2827 4598; x_wconf 90' lang='lat' dir='ltr'><strong>ad</strong></span> <span class='ocrx_word' id='word_1_724' title='bbox 2858 4559 2978 4598; x_wconf 80' lang='lat' dir='ltr'><strong>suae</strong></span> <span class='ocrx_word' id='word_1_725' title='bbox 3021 4540 3306 4615; x_wconf 69' lang='lat' dir='ltr'><strong>parochias</strong></span> <span class='ocrx_word' id='word_1_726' title='bbox 3330 4541 3625 4615; x_wconf 82' lang='lat' dir='ltr'><strong>presbyte-</strong></span> 
     </span>
    </p>
   </div>
   <div class='ocr_carea' id='block_1_100' title="bbox 1981 4613 3627 4686">
    <p class='ocr_par' dir='ltr' id='par_1_100' title="bbox 1981 4613 3627 4686">
     <span class='ocr_line' id='line_1_106' title="bbox 1981 4613 3627 4686; baseline -0.006 -10"><span class='ocrx_word' id='word_1_727' title='bbox 1981 4621 2240 4676; x_wconf 91' lang='lat' dir='ltr'><strong>rosc.7:</strong></span> <span class='ocrx_word' id='word_1_728' title='bbox 2268 4620 2329 4675; x_wconf 87' lang='lat' dir='ltr'><strong>Ut</strong></span> <span class='ocrx_word' id='word_1_729' title='bbox 2374 4618 2440 4672; x_wconf 88' lang='lat' dir='ltr'><strong>de</strong></span> <span class='ocrx_word' id='word_1_730' title='bbox 2485 4613 2849 4686; x_wconf 71' lang='lat' dir='ltr'><strong>oblatis,qua’</strong></span> <span class='ocrx_word' id='word_1_731' title='bbox 2873 4613 3180 4686; x_wconf 67' lang='lat' dir='ltr'><strong>o/feruntur</strong></span> <span class='ocrx_word' id='word_1_732' title='bbox 3225 4631 3260 4669; x_wconf 89' lang='lat' dir='ltr'><strong>a</strong></span> <span class='ocrx_word' id='word_1_733' title='bbox 3304 4613 3526 4686; x_wconf 78' lang='lat' dir='ltr'><strong>populo,</strong></span> <span class='ocrx_word' id='word_1_734' title='bbox 3576 4618 3627 4667; x_wconf 87' lang='lat' dir='ltr'><strong>et</strong></span> 
     </span>
    </p>
   </div>
   <div class='ocr_carea' id='block_1_101' title="bbox 216 4684 3630 4784">
    <p class='ocr_par' dir='ltr' id='par_1_101' title="bbox 216 4684 3630 4784">
     <span class='ocr_line' id='line_1_107' title="bbox 216 4684 3630 4784; baseline -0.004 -35"><span class='ocrx_word' id='word_1_735' title='bbox 216 4710 461 4784; x_wconf 62' lang='lat' dir='ltr'><strong>namque</strong></span> <span class='ocrx_word' id='word_1_736' title='bbox 484 4684 625 4750; x_wconf 80' lang='lat' dir='ltr'><strong>illud</strong></span> <span class='ocrx_word' id='word_1_737' title='bbox 665 4694 963 4784; x_wconf 55' lang='lat' dir='ltr'><strong>jejueium,</strong></span> <span class='ocrx_word' id='word_1_738' title='bbox 991 4684 1308 4784; x_wconf 44' lang='lat' dir='ltr'><strong>quod’int‘er</strong></span> <span class='ocrx_word' id='word_1_739' title='bbox 1352 4700 1565 4784; x_wconf 70' lang='lat' dir='ltr'><strong>sanctos</strong></span> <span class='ocrx_word' id='word_1_740' title='bbox 1611 4692 1724 4747; x_wconf 82' lang='lat' dir='ltr'><strong>dies</strong></span> <span class='ocrx_word' id='word_1_741' title='bbox 1764 4710 1870 4775; x_wconf 72' lang='lat' dir='ltr'><strong>pa-</strong></span> <span class='ocrx_word' id='word_1_742' title='bbox 1903 4720 1950 4784; x_wconf 83' lang='lat' dir='ltr'><strong>D</strong></span> <span class='ocrx_word' id='word_1_743' title='bbox 1980 4691 2710 4784; x_wconf 49' lang='lat' dir='ltr'><strong>eopsecrat&#39;ioni&#39;supersunt&#39;,</strong></span> <span class='ocrx_word' id='word_1_744' title='bbox 2732 4684 3192 4784; x_wconf 32' lang='lat' dir='ltr'><strong>betae—panibus,</strong></span> <span class='ocrx_word' id='word_1_745' title='bbox 3220 4701 3352 4784; x_wconf 52' lang='lat' dir='ltr'><strong>quo:</strong></span> <span class='ocrx_word' id='word_1_746' title='bbox 3380 4684 3630 4784; x_wconf 70' lang='lat' dir='ltr'><strong>deferunt</strong></span> 
     </span>
    </p>
   </div>
   <div class='ocr_carea' id='block_1_102' title="bbox 215 4765 1878 4838">
    <p class='ocr_par' dir='ltr' id='par_1_102' title="bbox 215 4765 1878 4838">
     <span class='ocr_line' id='line_1_108' title="bbox 215 4765 1878 4838; baseline -0.004 -14"><span class='ocrx_word' id='word_1_747' title='bbox 215 4765 431 4824; x_wconf 85' lang='lat' dir='ltr'><strong>schales</strong></span> <span class='ocrx_word' id='word_1_748' title='bbox 476 4765 673 4822; x_wconf 85' lang='lat' dir='ltr'><strong>contra</strong></span> <span class='ocrx_word' id='word_1_749' title='bbox 708 4765 1066 4838; x_wconf 81' lang='lat' dir='ltr'><strong>antiquorum</strong></span> <span class='ocrx_word' id='word_1_750' title='bbox 1110 4766 1257 4821; x_wconf 85' lang='lat' dir='ltr'><strong>dicta</strong></span> <span class='ocrx_word' id='word_1_751' title='bbox 1303 4769 1618 4838; x_wconf 64' lang='lat' dir='ltr'><strong>sanctorum</strong></span> <span class='ocrx_word' id='word_1_752' title='bbox 1662 4765 1878 4820; x_wconf 80' lang='lat' dir='ltr'><strong>naviter</strong></span> 
     </span>
    </p>
   </div>
   <div class='ocr_carea' id='block_1_103' title="bbox 217 4835 1873 4906">
    <p class='ocr_par' dir='ltr' id='par_1_103' title="bbox 217 4835 1873 4906">
     <span class='ocr_line' id='line_1_109' title="bbox 217 4835 1873 4906; baseline -0.004 -10"><span class='ocrx_word' id='word_1_753' title='bbox 217 4844 301 4896; x_wconf 75' lang='lat' dir='ltr'><strong>est</strong></span> <span class='ocrx_word' id='word_1_754' title='bbox 321 4838 521 4906; x_wconf 85' lang='lat' dir='ltr'><strong>peragi</strong></span> <span class='ocrx_word' id='word_1_755' title='bbox 548 4835 1200 4906; x_wconf 56' lang='lat' dir='ltr'><strong>usitatum,&#39;vehementer</strong></span> <span class='ocrx_word' id='word_1_756' title='bbox 1228 4837 1496 4893; x_wconf 85' lang='lat' dir='ltr'><strong>horrebat.</strong></span> <span class='ocrx_word' id='word_1_757' title='bbox 1528 4835 1644 4890; x_wconf 91' lang='lat' dir='ltr'><strong>Nos</strong></span> <span class='ocrx_word' id='word_1_758' title='bbox 1679 4838 1873 4890; x_wconf 89' lang='lat' dir='ltr'><strong>autem</strong></span> 
     </span>
    </p>
   </div>
   <div class='ocr_carea' id='block_1_104' title="bbox 219 4907 1879 4975">
    <p class='ocr_par' dir='ltr' id='par_1_104' title="bbox 219 4907 1879 4975">
     <span class='ocr_line' id='line_1_110' title="bbox 219 4907 1879 4975; baseline -0.002 -9"><span class='ocrx_word' id='word_1_759' title='bbox 219 4907 442 4966; x_wconf 88' lang='lat' dir='ltr'><strong>nedum</strong></span> <span class='ocrx_word' id='word_1_760' title='bbox 469 4907 809 4975; x_wconf 90' lang='lat' dir='ltr'><strong>Mediolani,</strong></span> <span class='ocrx_word' id='word_1_761' title='bbox 830 4909 933 4965; x_wconf 91' lang='lat' dir='ltr'><strong>sed</strong></span> <span class='ocrx_word' id='word_1_762' title='bbox 963 4909 1024 4964; x_wconf 90' lang='lat' dir='ltr'><strong>in</strong></span> <span class='ocrx_word' id='word_1_763' title='bbox 1055 4908 1185 4964; x_wconf 90' lang='lat' dir='ltr'><strong>aliis</strong></span> <span class='ocrx_word' id='word_1_764' title='bbox 1216 4908 1390 4964; x_wconf 88' lang='lat' dir='ltr'><strong>etiam</strong></span> <span class='ocrx_word' id='word_1_765' title='bbox 1418 4907 1625 4964; x_wconf 88' lang='lat' dir='ltr'><strong>saltem</strong></span> <span class='ocrx_word' id='word_1_766' title='bbox 1656 4911 1879 4962; x_wconf 88' lang='lat' dir='ltr'><strong>nostra-</strong></span> 
     </span>
    </p>
   </div>
   <div class='ocr_carea' id='block_1_105' title="bbox 219 4978 1879 5061">
    <p class='ocr_par' dir='ltr' id='par_1_105' title="bbox 219 4978 1879 5061">
     <span class='ocr_line' id='line_1_111' title="bbox 219 4978 1879 5061; baseline -0.002 -26"><span class='ocrx_word' id='word_1_767' title='bbox 219 4996 357 5061; x_wconf 74' lang='lat' dir='ltr'><strong>rum</strong></span> <span class='ocrx_word' id='word_1_768' title='bbox 390 4978 648 5061; x_wconf 85' lang='lat' dir='ltr'><strong>partium</strong></span> <span class='ocrx_word' id='word_1_769' title='bbox 680 4980 925 5061; x_wconf 74' lang='lat' dir='ltr'><strong>urbibus</strong></span> <span class='ocrx_word' id='word_1_770' title='bbox 956 4979 1166 5061; x_wconf 61' lang='lat' dir='ltr'><strong>saculo</strong></span> <span class='ocrx_word' id='word_1_771' title='bbox 1207 4995 1439 5061; x_wconf 81' lang='lat' dir='ltr'><strong>quoque</strong></span> <span class='ocrx_word' id='word_1_772' title='bbox 1468 4978 1879 5061; x_wconf 50' lang='lat' dir='ltr'><strong>decimojdem</strong></span> 
     </span>
    </p>
   </div>
   <div class='ocr_carea' id='block_1_106' title="bbox 217 5048 1879 5124">
    <p class='ocr_par' dir='ltr' id='par_1_106' title="bbox 217 5048 1879 5124">
     <span class='ocr_line' id='line_1_112' title="bbox 217 5048 1879 5124; baseline -0.001 -18"><span class='ocrx_word' id='word_1_773' title='bbox 217 5048 519 5124; x_wconf 83' lang='lat' dir='ltr'><strong>jejunium</strong></span> <span class='ocrx_word' id='word_1_774' title='bbox 544 5055 837 5124; x_wconf 82' lang='lat' dir='ltr'><strong>receptum</strong></span> <span class='ocrx_word' id='word_1_775' title='bbox 864 5068 977 5124; x_wconf 88' lang='lat' dir='ltr'><strong>non</strong></span> <span class='ocrx_word' id='word_1_776' title='bbox 1001 5069 1068 5108; x_wconf 83' lang='lat' dir='ltr'><strong>ex</strong></span> <span class='ocrx_word' id='word_1_777' title='bbox 1090 5051 1199 5107; x_wconf 88' lang='lat' dir='ltr'><strong>hoc</strong></span> <span class='ocrx_word' id='word_1_778' title='bbox 1219 5048 1449 5106; x_wconf 71' lang='lat' dir='ltr'><strong>tantum</strong></span> <span class='ocrx_word' id='word_1_779' title='bbox 1482 5048 1741 5124; x_wconf 74' lang='lat' dir='ltr'><strong>Ratherii</strong></span> <span class='ocrx_word' id='word_1_780' title='bbox 1765 5053 1879 5124; x_wconf 89' lang='lat' dir='ltr'><strong>tes-</strong></span> 
     </span>
    </p>
   </div>
   <div class='ocr_carea' id='block_1_107' title="bbox 226 5120 1878 5204">
    <p class='ocr_par' dir='ltr' id='par_1_107' title="bbox 226 5120 1878 5204">
     <span class='ocr_line' id='line_1_113' title="bbox 226 5120 1878 5204; baseline -0.002 -26"><span class='ocrx_word' id='word_1_781' title='bbox 226 5120 498 5203; x_wconf 73' lang='lat' dir='ltr'><strong>timonio,</strong></span> <span class='ocrx_word' id='word_1_782' title='bbox 531 5122 653 5204; x_wconf 50' lang='lat' dir='ltr'><strong>sed“</strong></span> <span class='ocrx_word' id='word_1_783' title='bbox 673 5120 998 5204; x_wconf 57' lang='lat' dir='ltr'><strong>praesertim</strong></span> <span class='ocrx_word' id='word_1_784' title='bbox 1029 5139 1098 5178; x_wconf 84' lang='lat' dir='ltr'><strong>ex</strong></span> <span class='ocrx_word' id='word_1_785' title='bbox 1139 5138 1406 5204; x_wconf 80' lang='lat' dir='ltr'><strong>sermone</strong></span> <span class='ocrx_word' id='word_1_786' title='bbox 1450 5122 1644 5204; x_wconf 71' lang='lat' dir='ltr'><strong>primo</strong></span> <span class='ocrx_word' id='word_1_787' title='bbox 1676 5120 1745 5204; x_wconf 81' lang='lat' dir='ltr'><strong>de</strong></span> <span class='ocrx_word' id='word_1_788' title='bbox 1774 5122 1878 5175; x_wconf 89' lang='lat' dir='ltr'><strong>As-</strong></span> 
     </span>
    </p>
   </div>
   <div class='ocr_carea' id='block_1_108' title="bbox 228 5191 1881 5267">
    <p class='ocr_par' dir='ltr' id='par_1_108' title="bbox 228 5191 1881 5267">
     <span class='ocr_line' id='line_1_114' title="bbox 228 5191 1881 5267; baseline -0.001 -19"><span class='ocrx_word' id='word_1_789' title='bbox 228 5192 509 5267; x_wconf 80' lang='lat' dir='ltr'><strong>censione</strong></span> <span class='ocrx_word' id='word_1_790' title='bbox 525 5191 877 5267; x_wconf 54' lang='lat' dir='ltr'><strong>colligimus.</strong></span> <span class='ocrx_word' id='word_1_791' title='bbox 893 5194 1094 5267; x_wconf 80' lang='lat' dir='ltr'><strong>solum</strong></span> <span class='ocrx_word' id='word_1_792' title='bbox 1111 5197 1350 5267; x_wconf 82' lang='lat' dir='ltr'><strong>sanctus</strong></span> <span class='ocrx_word' id='word_1_793' title='bbox 1368 5191 1471 5247; x_wconf 84' lang='lat' dir='ltr'><strong>Ari</strong></span> <span class='ocrx_word' id='word_1_794' title='bbox 1471 5192 1639 5267; x_wconf 78' lang='lat' dir='ltr'><strong>aldus</strong></span> <span class='ocrx_word' id='word_1_795' title='bbox 1658 5191 1881 5267; x_wconf 80' lang='lat' dir='ltr'><strong>rituum</strong></span> 
     </span>
    </p>
   </div>
   <div class='ocr_carea' id='block_1_109' title="bbox 229 5263 1882 5334">
    <p class='ocr_par' dir='ltr' id='par_1_109' title="bbox 229 5263 1882 5334">
     <span class='ocr_line' id='line_1_115' title="bbox 229 5263 1882 5334; baseline -0.001 -13"><span class='ocrx_word' id='word_1_796' title='bbox 229 5266 508 5321; x_wconf 62' lang='lat' dir='ltr'><strong>Romanae</strong></span> <span class='ocrx_word' id='word_1_797' title='bbox 538 5263 803 5321; x_wconf 64' lang='lat' dir='ltr'><strong>Ecclesiae</strong></span> <span class='ocrx_word' id='word_1_798' title='bbox 834 5265 1307 5321; x_wconf 86' lang='lat' dir='ltr'><strong>studiosissimus</strong></span> <span class='ocrx_word' id='word_1_799' title='bbox 1338 5264 1446 5319; x_wconf 90' lang='lat' dir='ltr'><strong>hoc</strong></span> <span class='ocrx_word' id='word_1_800' title='bbox 1480 5263 1778 5334; x_wconf 89' lang='lat' dir='ltr'><strong>jejunium</strong></span> <span class='ocrx_word' id='word_1_801' title='bbox 1810 5264 1882 5319; x_wconf 88' lang='lat' dir='ltr'><strong>ab</strong></span> 
     </span>
    </p>
   </div>
   <div class='ocr_carea' id='block_1_110' title="bbox 229 5335 1886 5418">
    <p class='ocr_par' dir='ltr' id='par_1_110' title="bbox 229 5335 1886 5418">
     <span class='ocr_line' id='line_1_116' title="bbox 229 5335 1886 5418; baseline -0.001 -27"><span class='ocrx_word' id='word_1_802' title='bbox 229 5336 434 5418; x_wconf 80' lang='lat' dir='ltr'><strong>eadem</strong></span> <span class='ocrx_word' id='word_1_803' title='bbox 458 5335 713 5418; x_wconf 51' lang='lat' dir='ltr'><strong>Ecclesia</strong></span> <span class='ocrx_word' id='word_1_804' title='bbox 739 5355 856 5394; x_wconf 92' lang='lat' dir='ltr'><strong>non</strong></span> <span class='ocrx_word' id='word_1_805' title='bbox 879 5341 1196 5418; x_wconf 75' lang='lat' dir='ltr'><strong>receptum,</strong></span> <span class='ocrx_word' id='word_1_806' title='bbox 1221 5341 1277 5391; x_wconf 89' lang='lat' dir='ltr'><strong>et</strong></span> <span class='ocrx_word' id='word_1_807' title='bbox 1301 5336 1555 5418; x_wconf 69' lang='lat' dir='ltr'><strong>alienum</strong></span> <span class='ocrx_word' id='word_1_808' title='bbox 1580 5335 1819 5418; x_wconf 71' lang='lat' dir='ltr'><strong>quidem</strong></span> <span class='ocrx_word' id='word_1_809' title='bbox 1853 5352 1886 5389; x_wconf 85' lang='lat' dir='ltr'><strong>a</strong></span> 
     </span>
    </p>
   </div>
   <div class='ocr_carea' id='block_1_111' title="bbox 229 5406 1883 5481">
    <p class='ocr_par' dir='ltr' id='par_1_111' title="bbox 229 5406 1883 5481">
     <span class='ocr_line' id='line_1_117' title="bbox 229 5406 1883 5481; baseline -0.003 -18"><span class='ocrx_word' id='word_1_810' title='bbox 229 5407 410 5481; x_wconf 83' lang='lat' dir='ltr'><strong>veteri</strong></span> <span class='ocrx_word' id='word_1_811' title='bbox 442 5406 773 5481; x_wconf 84' lang='lat' dir='ltr'><strong>disciplina,</strong></span> <span class='ocrx_word' id='word_1_812' title='bbox 809 5426 925 5481; x_wconf 87' lang='lat' dir='ltr'><strong>qua</strong></span> <span class='ocrx_word' id='word_1_813' title='bbox 955 5406 1171 5481; x_wconf 72' lang='lat' dir='ltr'><strong>diebus</strong></span> <span class='ocrx_word' id='word_1_814' title='bbox 1192 5406 1567 5481; x_wconf 85' lang='lat' dir='ltr'><strong>paschalibus</strong></span> <span class='ocrx_word' id='word_1_815' title='bbox 1588 5406 1883 5481; x_wconf 81' lang='lat' dir='ltr'><strong>jejunium</strong></span> 
     </span>
    </p>
   </div>
   <div class='ocr_carea' id='block_1_112' title="bbox 230 5477 1886 5551">
    <p class='ocr_par' dir='ltr' id='par_1_112' title="bbox 230 5477 1886 5551">
     <span class='ocr_line' id='line_1_118' title="bbox 230 5477 1886 5551; baseline -0.003 -16"><span class='ocrx_word' id='word_1_816' title='bbox 230 5480 561 5551; x_wconf 81' lang='lat' dir='ltr'><strong>vetabatur,</strong></span> <span class='ocrx_word' id='word_1_817' title='bbox 586 5477 738 5551; x_wconf 77' lang='lat' dir='ltr'><strong>apud</strong></span> <span class='ocrx_word' id='word_1_818' title='bbox 782 5477 922 5536; x_wconf 81' lang='lat' dir='ltr'><strong>suos</strong></span> <span class='ocrx_word' id='word_1_819' title='bbox 968 5477 1435 5551; x_wconf 79' lang='lat' dir='ltr'><strong>Mediolanenses</strong></span> <span class='ocrx_word' id='word_1_820' title='bbox 1480 5477 1761 5551; x_wconf 72' lang='lat' dir='ltr'><strong>usitatum</strong></span> <span class='ocrx_word' id='word_1_821' title='bbox 1803 5477 1886 5531; x_wconf 90' lang='lat' dir='ltr'><strong>vi-</strong></span> 
     </span>
    </p>
   </div>
   <div class='ocr_carea' id='block_1_113' title="bbox 234 5546 1886 5619">
    <p class='ocr_par' dir='ltr' id='par_1_113' title="bbox 234 5546 1886 5619">
     <span class='ocr_line' id='line_1_119' title="bbox 234 5546 1886 5619; baseline -0.002 -13"><span class='ocrx_word' id='word_1_822' title='bbox 234 5551 383 5606; x_wconf 88' lang='lat' dir='ltr'><strong>dens</strong></span> <span class='ocrx_word' id='word_1_823' title='bbox 426 5546 744 5619; x_wconf 71' lang='lat' dir='ltr'><strong>exherfuit,</strong></span> <span class='ocrx_word' id='word_1_824' title='bbox 776 5568 842 5606; x_wconf 90' lang='lat' dir='ltr'><strong>ac</strong></span> <span class='ocrx_word' id='word_1_825' title='bbox 873 5551 1144 5607; x_wconf 87' lang='lat' dir='ltr'><strong>novitatis</strong></span> <span class='ocrx_word' id='word_1_826' title='bbox 1176 5549 1486 5606; x_wconf 87' lang='lat' dir='ltr'><strong>accusavit.</strong></span> <span class='ocrx_word' id='word_1_827' title='bbox 1512 5549 1658 5604; x_wconf 87' lang='lat' dir='ltr'><strong>Hinc</strong></span> <span class='ocrx_word' id='word_1_828' title='bbox 1690 5552 1886 5604; x_wconf 85' lang='lat' dir='ltr'><strong>autem</strong></span> 
     </span>
    </p>
   </div>
   <div class='ocr_carea' id='block_1_114' title="bbox 234 5620 1888 5694">
    <p class='ocr_par' dir='ltr' id='par_1_114' title="bbox 234 5620 1888 5694">
     <span class='ocr_line' id='line_1_120' title="bbox 234 5620 1888 5694; baseline -0.003 -15"><span class='ocrx_word' id='word_1_829' title='bbox 234 5638 371 5679; x_wconf 91' lang='lat' dir='ltr'><strong>cum</strong></span> <span class='ocrx_word' id='word_1_830' title='bbox 404 5621 672 5694; x_wconf 76' lang='lat' dir='ltr'><strong>Romana</strong></span> <span class='ocrx_word' id='word_1_831' title='bbox 706 5622 962 5679; x_wconf 88' lang='lat' dir='ltr'><strong>Ecclesia</strong></span> <span class='ocrx_word' id='word_1_832' title='bbox 992 5623 1167 5678; x_wconf 90' lang='lat' dir='ltr'><strong>hocce</strong></span> <span class='ocrx_word' id='word_1_833' title='bbox 1191 5620 1482 5694; x_wconf 67' lang='lat' dir='ltr'><strong>jejunium</strong></span> <span class='ocrx_word' id='word_1_834' title='bbox 1513 5638 1637 5694; x_wconf 83' lang='lat' dir='ltr'><strong>non</strong></span> <span class='ocrx_word' id='word_1_835' title='bbox 1680 5636 1888 5694; x_wconf 89' lang='lat' dir='ltr'><strong>appro-</strong></span> 
     </span>
    </p>
   </div>
   <div class='ocr_carea' id='block_1_115' title="bbox 235 5691 1890 5766">
    <p class='ocr_par' dir='ltr' id='par_1_115' title="bbox 235 5691 1890 5766">
     <span class='ocr_line' id='line_1_121' title="bbox 235 5691 1890 5766; baseline -0.002 -17"><span class='ocrx_word' id='word_1_836' title='bbox 235 5693 485 5766; x_wconf 84' lang='lat' dir='ltr'><strong>baverit,</strong></span> <span class='ocrx_word' id='word_1_837' title='bbox 508 5691 699 5766; x_wconf 79' lang='lat' dir='ltr'><strong>aliena</strong></span> <span class='ocrx_word' id='word_1_838' title='bbox 726 5694 980 5766; x_wconf 86' lang='lat' dir='ltr'><strong>profecto</strong></span> <span class='ocrx_word' id='word_1_839' title='bbox 1012 5711 1047 5749; x_wconf 91' lang='lat' dir='ltr'><strong>a</strong></span> <span class='ocrx_word' id='word_1_840' title='bbox 1071 5691 1352 5766; x_wconf 64' lang='lat' dir='ltr'><strong>Leonelv</strong></span> <span class='ocrx_word' id='word_1_841' title='bbox 1378 5691 1743 5766; x_wconf 84' lang='lat' dir='ltr'><strong>convincitur</strong></span> <span class='ocrx_word' id='word_1_842' title='bbox 1758 5691 1890 5746; x_wconf 83' lang='lat' dir='ltr'><strong>lau-</strong></span> 
     </span>
    </p>
   </div>
   <div class='ocr_carea' id='block_1_116' title="bbox 236 5763 1893 5900">
    <p class='ocr_par' dir='ltr' id='par_1_116' title="bbox 236 5763 1893 5900">
     <span class='ocr_line' id='line_1_122' title="bbox 236 5763 1893 5836; baseline -0.002 -16"><span class='ocrx_word' id='word_1_843' title='bbox 236 5764 375 5821; x_wconf 86' lang='lat' dir='ltr'><strong>data</strong></span> <span class='ocrx_word' id='word_1_844' title='bbox 404 5763 624 5836; x_wconf 75' lang='lat' dir='ltr'><strong>saepius</strong></span> <span class='ocrx_word' id='word_1_845' title='bbox 645 5763 891 5823; x_wconf 80' lang='lat' dir='ltr'><strong>hoinilia</strong></span> <span class='ocrx_word' id='word_1_846' title='bbox 909 5766 1098 5823; x_wconf 89' lang='lat' dir='ltr'><strong>eidem</strong></span> <span class='ocrx_word' id='word_1_847' title='bbox 1125 5764 1423 5831; x_wconf 88' lang='lat' dir='ltr'><strong>attributa,</strong></span> <span class='ocrx_word' id='word_1_848' title='bbox 1447 5779 1573 5836; x_wconf 66' lang='lat' dir='ltr'><strong>quae</strong></span> <span class='ocrx_word' id='word_1_849' title='bbox 1596 5763 1747 5820; x_wconf 89' lang='lat' dir='ltr'><strong>hanc</strong></span> <span class='ocrx_word' id='word_1_850' title='bbox 1768 5780 1893 5836; x_wconf 86' lang='lat' dir='ltr'><strong>par-</strong></span> 
     </span>
     <span class='ocr_line' id='line_1_123' title="bbox 239 5834 769 5900; baseline 0 -7"><span class='ocrx_word' id='word_1_851' title='bbox 239 5834 483 5900; x_wconf 85' lang='lat' dir='ltr'><strong>ticulam</strong></span> <span class='ocrx_word' id='word_1_852' title='bbox 515 5834 769 5893; x_wconf 84' lang='lat' dir='ltr'><strong>exhibet.</strong></span> 
     </span>
    </p>
   </div>
   <div class='ocr_carea' id='block_1_117' title="bbox 289 5852 769 5894">
    <p class='ocr_par' dir='ltr' id='par_1_117' title="bbox 289 5852 769 5894">
     <span class='ocr_line' id='line_1_124' title="bbox 289 5852 769 5894; baseline 0 -1"><span class='ocrx_word' id='word_1_853' title='bbox 289 5852 483 5894; x_wconf 73' lang='lat'><strong>01118111</strong></span> <span class='ocrx_word' id='word_1_854' title='bbox 515 5852 769 5893; x_wconf 76' lang='grc' dir='ltr'><strong>ΘΧΠῙΟΘῑ.</strong></span> 
     </span>
    </p>
   </div>
   <div class='ocr_carea' id='block_1_118' title="bbox 1980 4757 3627 4834">
    <p class='ocr_par' dir='ltr' id='par_1_118' title="bbox 1980 4757 3627 4834">
     <span class='ocr_line' id='line_1_125' title="bbox 1980 4757 3627 4834; baseline -0.006 -15"><span class='ocrx_word' id='word_1_855' title='bbox 1980 4763 2161 4834; x_wconf 78' lang='lat' dir='ltr'><strong>fideles</strong></span> <span class='ocrx_word' id='word_1_856' title='bbox 2191 4761 2261 4817; x_wconf 85' lang='lat' dir='ltr'><strong>ad</strong></span> <span class='ocrx_word' id='word_1_857' title='bbox 2289 4757 2589 4834; x_wconf 79' lang='lat' dir='ltr'><strong>ecclesiam,</strong></span> <span class='ocrx_word' id='word_1_858' title='bbox 2614 4759 2697 4813; x_wconf 86' lang='lat' dir='ltr'><strong>vel</strong></span> <span class='ocrx_word' id='word_1_859' title='bbox 2743 4762 2884 4834; x_wconf 77' lang='lat' dir='ltr'><strong>certe</strong></span> <span class='ocrx_word' id='word_1_860' title='bbox 2931 4757 2994 4813; x_wconf 86' lang='lat' dir='ltr'><strong>de</strong></span> <span class='ocrx_word' id='word_1_861' title='bbox 3035 4758 3151 4834; x_wconf 68' lang='lat' dir='ltr'><strong>suis</strong></span> <span class='ocrx_word' id='word_1_862' title='bbox 3194 4757 3627 4834; x_wconf 79' lang='lat' dir='ltr'><strong>presbyter_con_—</strong></span> 
     </span>
    </p>
   </div>
   <div class='ocr_carea' id='block_1_119' title="bbox 1981 4828 3627 4904">
    <p class='ocr_par' dir='ltr' id='par_1_119' title="bbox 1981 4828 3627 4904">
     <span class='ocr_line' id='line_1_126' title="bbox 1981 4828 3627 4904; baseline -0.007 -13"><span class='ocrx_word' id='word_1_863' title='bbox 1981 4828 2253 4891; x_wconf 67' lang='lat' dir='ltr'><strong>benientes</strong></span> <span class='ocrx_word' id='word_1_864' title='bbox 2278 4838 2460 4904; x_wconf 81' lang='lat' dir='ltr'><strong>partes</strong></span> <span class='ocrx_word' id='word_1_865' title='bbox 2490 4832 2685 4904; x_wconf 81' lang='lat' dir='ltr'><strong>habeat</strong></span> <span class='ocrx_word' id='word_1_866' title='bbox 2732 4832 2789 4884; x_wconf 85' lang='lat' dir='ltr'><strong>in</strong></span> <span class='ocrx_word' id='word_1_867' title='bbox 2828 4845 2959 4904; x_wconf 4' lang='lat' dir='ltr'><strong>(vase</strong></span> <span class='ocrx_word' id='word_1_868' title='bbox 2987 4830 3163 4904; x_wconf 81' lang='lat' dir='ltr'><strong>nitido</strong></span> <span class='ocrx_word' id='word_1_869' title='bbox 3190 4833 3241 4884; x_wconf 87' lang='lat' dir='ltr'><strong>et</strong></span> <span class='ocrx_word' id='word_1_870' title='bbox 3269 4828 3627 4904; x_wconf 83' lang='lat' dir='ltr'><strong>convenienti,</strong></span> 
     </span>
    </p>
   </div>
   <div class='ocr_carea' id='block_1_120' title="bbox 1987 4902 3631 4977">
    <p class='ocr_par' dir='ltr' id='par_1_120' title="bbox 1987 4902 3631 4977">
     <span class='ocr_line' id='line_1_127' title="bbox 1987 4902 3631 4977; baseline -0.008 -15"><span class='ocrx_word' id='word_1_871' title='bbox 1987 4915 2048 4963; x_wconf 87' lang='lat' dir='ltr'><strong>ut</strong></span> <span class='ocrx_word' id='word_1_872' title='bbox 2087 4914 2207 4977; x_wconf 84' lang='lat' dir='ltr'><strong>post</strong></span> <span class='ocrx_word' id='word_1_873' title='bbox 2251 4902 2546 4959; x_wconf 71' lang='lat' dir='ltr'><strong>missarum</strong></span> <span class='ocrx_word' id='word_1_874' title='bbox 2593 4902 2888 4977; x_wconf 70' lang='lat' dir='ltr'><strong>solemnia,</strong></span> <span class='ocrx_word' id='word_1_875' title='bbox 2921 4903 3018 4977; x_wconf 81' lang='lat' dir='ltr'><strong>qui</strong></span> <span class='ocrx_word' id='word_1_876' title='bbox 3026 4972 3037 4977; x_wconf 29' lang='grc' dir='ltr'><strong>Δ</strong></span> <span class='ocrx_word' id='word_1_877' title='bbox 3054 4902 3467 4977; x_wconf 59' lang='lat' dir='ltr'><strong>communicare</strong></span> <span class='ocrx_word' id='word_1_878' title='bbox 3510 4914 3631 4977; x_wconf 71' lang='lat' dir='ltr'><strong>non</strong></span> 
     </span>
    </p>
   </div>
   <div class='ocr_carea' id='block_1_121' title="bbox 1986 4968 3633 5049">
    <p class='ocr_par' dir='ltr' id='par_1_121' title="bbox 1986 4968 3633 5049">
     <span class='ocr_line' id='line_1_128' title="bbox 1986 4968 3633 5049; baseline -0.008 -17"><span class='ocrx_word' id='word_1_879' title='bbox 1986 4968 2210 5049; x_wconf 75' lang='lat' dir='ltr'><strong>fuerunt</strong></span> <span class='ocrx_word' id='word_1_880' title='bbox 2265 4973 2764 5049; x_wconf 77' lang='lat' dir='ltr'><strong>parati,_eulogias_</strong></span> <span class='ocrx_word' id='word_1_881' title='bbox 2808 4968 2961 5049; x_wconf 76' lang='lat' dir='ltr'><strong>omni</strong></span> <span class='ocrx_word' id='word_1_882' title='bbox 3004 4972 3117 5049; x_wconf 85' lang='lat' dir='ltr'><strong>di_e__</strong></span> <span class='ocrx_word' id='word_1_883' title='bbox 3139 4972 3439 5049; x_wconf 74' lang='lat' dir='ltr'><strong>Dominico,</strong></span> <span class='ocrx_word' id='word_1_884' title='bbox 3469 4972 3522 5049; x_wconf 79' lang='lat' dir='ltr'><strong>et</strong></span> <span class='ocrx_word' id='word_1_885' title='bbox 3564 4968 3633 5048; x_wconf 76' lang='lat' dir='ltr'><strong>in</strong></span> 
     </span>
    </p>
   </div>
   <div class='ocr_carea' id='block_1_122' title="bbox 1987 5038 3633 5119">
    <p class='ocr_par' dir='ltr' id='par_1_122' title="bbox 1987 5038 3633 5119">
     <span class='ocr_line' id='line_1_129' title="bbox 1987 5038 3633 5119; baseline -0.009 -15"><span class='ocrx_word' id='word_1_886' title='bbox 1987 5038 2174 5104; x_wconf 78' lang='lat' dir='ltr'><strong>diebus</strong></span> <span class='ocrx_word' id='word_1_887' title='bbox 2202 5038 2354 5118; x_wconf 73' lang='lat' dir='ltr'><strong>festis</strong></span> <span class='ocrx_word' id='word_1_888' title='bbox 2402 5038 2600 5102; x_wconf 56' lang='lat' dir='ltr'><strong>eainde</strong></span> <span class='ocrx_word' id='word_1_889' title='bbox 2643 5038 2938 5119; x_wconf 72' lang='lat' dir='ltr'><strong>accipiant,</strong></span> <span class='ocrx_word' id='word_1_890' title='bbox 2972 5049 3023 5099; x_wconf 85' lang='lat' dir='ltr'><strong>et</strong></span> <span class='ocrx_word' id='word_1_891' title='bbox 3052 5044 3176 5119; x_wconf 74' lang='lat' dir='ltr'><strong>illa,</strong></span> <span class='ocrx_word' id='word_1_892' title='bbox 3205 5041 3346 5119; x_wconf 77' lang='lat' dir='ltr'><strong>unde</strong></span> <span class='ocrx_word' id='word_1_893' title='bbox 3392 5038 3633 5119; x_wconf 76' lang='lat' dir='ltr'><strong>eulogias</strong></span> 
     </span>
    </p>
   </div>
   <div class='ocr_carea' id='block_1_123' title="bbox 1985 5109 3636 5193">
    <p class='ocr_par' dir='ltr' id='par_1_123' title="bbox 1985 5109 3636 5193">
     <span class='ocr_line' id='line_1_130' title="bbox 1985 5109 3636 5193; baseline -0.009 -18"><span class='ocrx_word' id='word_1_894' title='bbox 1985 5109 2268 5193; x_wconf 72' lang='lat' dir='ltr'><strong>presbyter</strong></span> <span class='ocrx_word' id='word_1_895' title='bbox 2296 5119 2528 5193; x_wconf 73' lang='lat' dir='ltr'><strong>daturus</strong></span> <span class='ocrx_word' id='word_1_896' title='bbox 2552 5124 2655 5193; x_wconf 59' lang='lat' dir='ltr'><strong>est,</strong></span> <span class='ocrx_word' id='word_1_897' title='bbox 2674 5109 2802 5170; x_wconf 70' lang='lat' dir='ltr'><strong>ante</strong></span> <span class='ocrx_word' id='word_1_898' title='bbox 2814 5116 2889 5193; x_wconf 54' lang='lat' dir='ltr'><strong>in</strong></span> <span class='ocrx_word' id='word_1_899' title='bbox 2919 5115 3035 5193; x_wconf 51' lang='lat' dir='ltr'><strong>lique</strong></span> <span class='ocrx_word' id='word_1_900' title='bbox 3062 5109 3225 5193; x_wconf 74' lang='lat' dir='ltr'><strong>verba</strong></span> <span class='ocrx_word' id='word_1_901' title='bbox 3253 5109 3549 5193; x_wconf 60' lang='lat' dir='ltr'><strong>benedicat,</strong></span> <span class='ocrx_word' id='word_1_902' title='bbox 3583 5111 3636 5161; x_wconf 84' lang='lat' dir='ltr'><strong>et</strong></span> 
     </span>
    </p>
   </div>
   <div class='ocr_carea' id='block_1_124' title="bbox 1988 5178 3634 5261">
    <p class='ocr_par' dir='ltr' id='par_1_124' title="bbox 1988 5178 3634 5261">
     <span class='ocr_line' id='line_1_131' title="bbox 1988 5178 3634 5261; baseline -0.01 -14"><span class='ocrx_word' id='word_1_903' title='bbox 1988 5178 2067 5247; x_wconf 68' lang='lat' dir='ltr'><strong>sic</strong></span> <span class='ocrx_word' id='word_1_904' title='bbox 2117 5178 2414 5261; x_wconf 51' lang='lat' dir='ltr'><strong>abcepluris</strong></span> <span class='ocrx_word' id='word_1_905' title='bbox 2471 5178 2782 5261; x_wconf 76' lang='lat' dir='ltr'><strong>distribuat.</strong></span> <span class='ocrx_word' id='word_1_906' title='bbox 2812 5185 3041 5241; x_wconf 89' lang='lat' dir='ltr'><strong>Similia</strong></span> <span class='ocrx_word' id='word_1_907' title='bbox 3095 5184 3271 5239; x_wconf 90' lang='lat' dir='ltr'><strong>habet</strong></span> <span class='ocrx_word' id='word_1_908' title='bbox 3324 5178 3634 5236; x_wconf 89' lang='lat' dir='ltr'><strong>concilium</strong></span> 
     </span>
    </p>
   </div>
   <div class='ocr_carea' id='block_1_125' title="bbox 1989 5260 3484 5327">
    <p class='ocr_par' dir='ltr' id='par_1_125' title="bbox 1989 5260 3484 5327">
     <span class='ocr_line' id='line_1_132' title="bbox 1989 5260 3484 5327; baseline -0.009 -8"><span class='ocrx_word' id='word_1_909' title='bbox 1989 5260 2378 5327; x_wconf 83' lang='lat' dir='ltr'><strong>Nannetense,</strong></span> <span class='ocrx_word' id='word_1_910' title='bbox 2413 5279 2462 5315; x_wconf 90' lang='lat' dir='ltr'><strong>c.</strong></span> <span class='ocrx_word' id='word_1_911' title='bbox 2492 5260 2548 5313; x_wconf 92' lang='lat'><strong>9.</strong></span> <span class='ocrx_word' id='word_1_912' title='bbox 3215 5325 3221 5327; x_wconf 91' lang='lat'>_</span> <span class='ocrx_word' id='word_1_913' title='bbox 3414 5324 3423 5327; x_wconf 86' lang='lat'>_</span> <span class='ocrx_word' id='word_1_914' title='bbox 3479 5299 3484 5305; x_wconf 91' lang='lat'><strong>.</strong></span> 
     </span>
    </p>
   </div>
   <div class='ocr_carea' id='block_1_126' title="bbox 2063 5320 3636 5402">
    <p class='ocr_par' dir='ltr' id='par_1_126' title="bbox 2063 5320 3636 5402">
     <span class='ocr_line' id='line_1_133' title="bbox 2063 5320 3636 5402; baseline -0.01 -12"><span class='ocrx_word' id='word_1_915' title='bbox 2063 5335 2212 5402; x_wconf 87' lang='grc'>(965)</span> <span class='ocrx_word' id='word_1_916' title='bbox 2242 5320 2431 5389; x_wconf 86' lang='lat' dir='ltr'><strong>Verba</strong></span> <span class='ocrx_word' id='word_1_917' title='bbox 2474 5330 2663 5385; x_wconf 80' lang='lat' dir='ltr'><strong>nullus</strong></span> <span class='ocrx_word' id='word_1_918' title='bbox 2691 5330 2810 5402; x_wconf 76' lang='lat' dir='ltr'><strong>sine</strong></span> <span class='ocrx_word' id='word_1_919' title='bbox 2835 5327 2995 5402; x_wconf 53' lang='lat' dir='ltr'><strong>stole</strong></span> <span class='ocrx_word' id='word_1_920' title='bbox 3041 5327 3098 5379; x_wconf 86' lang='lat' dir='ltr'><strong>in</strong></span> <span class='ocrx_word' id='word_1_921' title='bbox 3148 5325 3352 5402; x_wconf 70' lang='lat' dir='ltr'><strong>&quot;itinere</strong></span> <span class='ocrx_word' id='word_1_922' title='bbox 3377 5320 3636 5402; x_wconf 80' lang='lat' dir='ltr'><strong>_incedal,</strong></span> 
     </span>
    </p>
   </div>
   <div class='ocr_carea' id='block_1_127' title="bbox 1994 5393 3642 5477">
    <p class='ocr_par' dir='ltr' id='par_1_127' title="bbox 1994 5393 3642 5477">
     <span class='ocr_line' id='line_1_134' title="bbox 1994 5393 3642 5477; baseline -0.007 -18"><span class='ocrx_word' id='word_1_923' title='bbox 1994 5393 2120 5477; x_wconf 72' lang='lat' dir='ltr'><strong>quae</strong></span> <span class='ocrx_word' id='word_1_924' title='bbox 2151 5393 2222 5477; x_wconf 61' lang='lat' dir='ltr'><strong>ei;</strong></span> <span class='ocrx_word' id='word_1_925' title='bbox 2251 5421 2360 5459; x_wconf 87' lang='lat' dir='ltr'><strong>ms.</strong></span> <span class='ocrx_word' id='word_1_926' title='bbox 2382 5398 2940 5477; x_wconf 68' lang='lat' dir='ltr'><strong>Laudunensiedita</strong></span> <span class='ocrx_word' id='word_1_927' title='bbox 2961 5397 3213 5477; x_wconf 66' lang='lat' dir='ltr'><strong>fuerunt,</strong></span> <span class='ocrx_word' id='word_1_928' title='bbox 3233 5393 3642 5475; x_wconf 79' lang='lat' dir='ltr'><strong>desiderantur</strong></span> 
     </span>
    </p>
   </div>
   <div class='ocr_carea' id='block_1_128' title="bbox 1996 5465 3640 5592">
    <p class='ocr_par' dir='ltr' id='par_1_128' title="bbox 1996 5465 3640 5592">
     <span class='ocr_line' id='line_1_135' title="bbox 1996 5465 3640 5533; baseline -0.009 -1"><span class='ocrx_word' id='word_1_929' title='bbox 1996 5465 2111 5533; x_wconf 75' lang='lat' dir='ltr'><strong>non</strong></span> <span class='ocrx_word' id='word_1_930' title='bbox 2143 5475 2331 5530; x_wconf 89' lang='lat' dir='ltr'><strong>solum</strong></span> <span class='ocrx_word' id='word_1_931' title='bbox 2381 5473 2437 5527; x_wconf 90' lang='lat' dir='ltr'><strong>in</strong></span> <span class='ocrx_word' id='word_1_932' title='bbox 2484 5488 2594 5526; x_wconf 88' lang='lat' dir='ltr'><strong>ms.</strong></span> <span class='ocrx_word' id='word_1_933' title='bbox 2630 5468 2818 5525; x_wconf 86' lang='lat' dir='ltr'><strong>Frisin</strong></span> <span class='ocrx_word' id='word_1_934' title='bbox 2863 5467 2989 5522; x_wconf 90' lang='lat' dir='ltr'><strong>ensi</strong></span> <span class='ocrx_word' id='word_1_935' title='bbox 3033 5465 3407 5528; x_wconf 80' lang='lat' dir='ltr'><strong>Ratheriano,</strong></span> <span class='ocrx_word' id='word_1_936' title='bbox 3437 5481 3640 5520; x_wconf 82' lang='lat' dir='ltr'><strong>verum</strong></span> 
     </span>
     <span class='ocr_line' id='line_1_136' title="bbox 1997 5484 3640 5592; baseline -0.001 0"><span class='ocrx_word' id='word_1_937' title='bbox 1997 5548 2168 5592; x_wconf 65' lang='lat' dir='ltr'><strong>aliam</strong></span> <span class='ocrx_word' id='word_1_938' title='bbox 2202 5547 2258 5592; x_wconf 84' lang='lat' dir='ltr'><strong>in</strong></span> <span class='ocrx_word' id='word_1_939' title='bbox 2312 5541 2555 5592; x_wconf 81' lang='lat' dir='ltr'><strong>hnmilia</strong></span> <span class='ocrx_word' id='word_1_940' title='bbox 2587 5540 2761 5592; x_wconf 89' lang='lat' dir='ltr'><strong>Leoni</strong></span> <span class='ocrx_word' id='word_1_941' title='bbox 2794 5484 2866 5592; x_wconf 45' lang='lat'><strong>1%</strong></span> <span class='ocrx_word' id='word_1_942' title='bbox 2897 5539 3196 5592; x_wconf 84' lang='lat' dir='ltr'><strong>attributa.</strong></span> <span class='ocrx_word' id='word_1_943' title='bbox 3228 5538 3335 5592; x_wconf 89' lang='lat' dir='ltr'><strong>Sed</strong></span> <span class='ocrx_word' id='word_1_944' title='bbox 3396 5535 3453 5590; x_wconf 91' lang='lat' dir='ltr'><strong>in</strong></span> <span class='ocrx_word' id='word_1_945' title='bbox 3511 5534 3640 5590; x_wconf 84' lang='lat' dir='ltr'><strong>aliis</strong></span> 
     </span>
    </p>
   </div>
   <div class='ocr_carea' id='block_1_129' title="bbox 1997 5534 3642 5605">
    <p class='ocr_par' dir='ltr' id='par_1_129' title="bbox 1997 5534 3642 5605">
     <span class='ocr_line' id='line_1_137' title="bbox 1997 5534 3642 5605; baseline -0.009 0"><span class='ocrx_word' id='word_1_946' title='bbox 1997 5548 2169 5605; x_wconf 88' lang='lat' dir='ltr'><strong>etiam</strong></span> <span class='ocrx_word' id='word_1_947' title='bbox 2202 5547 2261 5601; x_wconf 86' lang='lat' dir='ltr'><strong>in</strong></span> <span class='ocrx_word' id='word_1_948' title='bbox 2312 5541 2555 5599; x_wconf 83' lang='lat' dir='ltr'><strong>homilia</strong></span> <span class='ocrx_word' id='word_1_949' title='bbox 2587 5540 2761 5596; x_wconf 89' lang='lat' dir='ltr'><strong>Leoni</strong></span> <span class='ocrx_word' id='word_1_950' title='bbox 2794 5534 2866 5594; x_wconf 86' lang='lat' dir='ltr'><strong>1V</strong></span> <span class='ocrx_word' id='word_1_951' title='bbox 2897 5539 3196 5594; x_wconf 86' lang='lat' dir='ltr'><strong>attributa.</strong></span> <span class='ocrx_word' id='word_1_952' title='bbox 3228 5538 3335 5592; x_wconf 88' lang='lat' dir='ltr'><strong>Sed</strong></span> <span class='ocrx_word' id='word_1_953' title='bbox 3396 5535 3453 5590; x_wconf 92' lang='lat' dir='ltr'><strong>in</strong></span> <span class='ocrx_word' id='word_1_954' title='bbox 3511 5534 3642 5590; x_wconf 85' lang='lat' dir='ltr'><strong>aliis</strong></span> 
     </span>
    </p>
   </div>
   <div class='ocr_carea' id='block_1_130' title="bbox 1997 5607 3645 5689">
    <p class='ocr_par' dir='ltr' id='par_1_130' title="bbox 1997 5607 3645 5689">
     <span class='ocr_line' id='line_1_138' title="bbox 1997 5607 3645 5689; baseline -0.01 -13"><span class='ocrx_word' id='word_1_955' title='bbox 1997 5617 2424 5689; x_wconf 82' lang='lat' dir='ltr'><strong>exemplaribus</strong></span> <span class='ocrx_word' id='word_1_956' title='bbox 2455 5612 2729 5689; x_wconf 52' lang='lat' dir='ltr'><strong>Sermonis</strong></span> <span class='ocrx_word' id='word_1_957' title='bbox 2769 5611 3048 5689; x_wconf 61' lang='lat' dir='ltr'><strong>synodalia</strong></span> <span class='ocrx_word' id='word_1_958' title='bbox 3083 5607 3559 5689; x_wconf 79' lang='lat' dir='ltr'><strong>_leguntur,_sicut</strong></span> <span class='ocrx_word' id='word_1_959' title='bbox 3589 5609 3645 5660; x_wconf 90' lang='lat' dir='ltr'><strong>et</strong></span> 
     </span>
    </p>
   </div>
   <div class='ocr_carea' id='block_1_131' title="bbox 2000 5680 3645 5760">
    <p class='ocr_par' dir='ltr' id='par_1_131' title="bbox 2000 5680 3645 5760">
     <span class='ocr_line' id='line_1_139' title="bbox 2000 5680 3645 5760; baseline -0.009 -14"><span class='ocrx_word' id='word_1_960' title='bbox 2000 5691 2058 5745; x_wconf 92' lang='lat' dir='ltr'><strong>in</strong></span> <span class='ocrx_word' id='word_1_961' title='bbox 2089 5680 2447 5760; x_wconf 57' lang='lat' dir='ltr'><strong>lnéuisitione</strong></span> <span class='ocrx_word' id='word_1_962' title='bbox 2476 5701 2509 5738; x_wconf 92' lang='lat' dir='ltr'><strong>a</strong></span> <span class='ocrx_word' id='word_1_963' title='bbox 2530 5680 2825 5760; x_wconf 66' lang='lat' dir='ltr'><strong>Reginone</strong></span> <span class='ocrx_word' id='word_1_964' title='bbox 2844 5680 3175 5760; x_wconf 53' lang='lat' dir='ltr'><strong>descripta}</strong></span> <span class='ocrx_word' id='word_1_965' title='bbox 3201 5681 3261 5737; x_wconf 94' lang='lat' dir='ltr'><strong>in</strong></span> <span class='ocrx_word' id='word_1_966' title='bbox 3301 5680 3516 5753; x_wconf 90' lang='lat' dir='ltr'><strong>quibus</strong></span> <span class='ocrx_word' id='word_1_967' title='bbox 3545 5694 3645 5733; x_wconf 89' lang='lat' dir='ltr'><strong>so-</strong></span> 
     </span>
    </p>
   </div>
   <div class='ocr_carea' id='block_1_132' title="bbox 2000 5754 3644 5833">
    <p class='ocr_par' dir='ltr' id='par_1_132' title="bbox 2000 5754 3644 5833">
     <span class='ocr_line' id='line_1_140' title="bbox 2000 5754 3644 5833; baseline -0.01 -15"><span class='ocrx_word' id='word_1_968' title='bbox 2000 5754 2428 5833; x_wconf 12' lang='lat' dir='ltr'><strong>lumi&#39;additur,</strong></span> <span class='ocrx_word' id='word_1_969' title='bbox 2469 5755 2552 5811; x_wconf 87' lang='lat' dir='ltr'><strong>vel</strong></span> <span class='ocrx_word' id='word_1_970' title='bbox 2599 5755 2803 5833; x_wconf 62' lang='lat' dir='ltr'><strong>orarie,</strong></span> <span class='ocrx_word' id='word_1_971' title='bbox 2836 5754 3213 5833; x_wconf 31' lang='lat' dir='ltr'><strong>quodhstelze.</strong></span> <span class='ocrx_word' id='word_1_972' title='bbox 3255 5764 3644 5833; x_wconf 70' lang='lat' dir='ltr'><strong>synonymum</strong></span> 
     </span>
    </p>
   </div>
   <div class='ocr_carea' id='block_1_133' title="bbox 2002 5823 3501 5900">
    <p class='ocr_par' dir='ltr' id='par_1_133' title="bbox 2002 5823 3501 5900">
     <span class='ocr_line' id='line_1_141' title="bbox 2002 5823 3501 5900; baseline -0.01 -10"><span class='ocrx_word' id='word_1_973' title='bbox 2002 5836 2109 5890; x_wconf 90' lang='lat' dir='ltr'><strong>est.</strong></span> <span class='ocrx_word' id='word_1_974' title='bbox 2144 5832 2273 5888; x_wconf 67' lang='lat' dir='ltr'><strong>Hazc</strong></span> <span class='ocrx_word' id='word_1_975' title='bbox 2298 5831 2421 5886; x_wconf 89' lang='lat' dir='ltr'><strong>erat</strong></span> <span class='ocrx_word' id='word_1_976' title='bbox 2451 5825 2833 5885; x_wconf 89' lang='lat' dir='ltr'><strong>sacerdotalis</strong></span> <span class='ocrx_word' id='word_1_977' title='bbox 2854 5823 3169 5900; x_wconf 76' lang='lat' dir='ltr'><strong>dignitatis</strong></span> <span class='ocrx_word' id='word_1_978' title='bbox 3199 5823 3501 5881; x_wconf 89' lang='lat' dir='ltr'><strong>indicium.</strong></span> 
     </span>
    </p>
   </div>
  </div>
