4056 6382
3746 396 3886 459 564

460 398 580 468 563
1382 400 1753 466 RATHERII
1797 398 2039 464 EPISC.
2084 399 2378 467 VERON.
2424 398 2596 465 OPP.
2642 400 2846 464 PARS
2890 398 2940 463 I.

463 553 639 612 opere
682 533 878 594 servili
909 552 942 594 a
970 550 1210 611 vespera
1238 536 1296 592 in
1325 552 1624 608 vesperam
1671 536 1961 592 celebrare
2008 535 2109 592 do-
2137 539 2194 608 Α
2222 535 2462 592 mor-iter
2488 551 2555 592 ac
2602 535 2874 592 distincte
2920 509 3176 608 proferre
3220 527 3427 590 valeat.
3461 528 3781 605 Epistulam
3817 533 3890 590 et

463 631 591 683 cete
610 627 778 699 (966).
802 628 1021 683 Cantus
1050 631 1107 683 et
1138 626 1346 683 choros
1396 625 1713 701 mulierum
1737 626 1797 679 in
1842 624 1988 680 atrio
2014 642 2110 680 ee-
2216 624 2593 697 Evangelium
2624 625 2769 679 bene
2790 623 2978 696 legere
3000 622 3208 695 possit,
3223 626 3281 678 et
3304 621 3528 678 utinam
3552 620 3761 677 saltem
3796 621 3885 678 ad

461 714 651 771 clesize
710 715 1033 787 prohibete.
1083 714 1356 770 Carmina
1412 714 1719 779 diabolica,
1754 731 1880 785 qum
1935 729 2112 784 super
2218 709 3883 784 litteramcjussensumpossetmanifestere.Psalmorum

462 807 726 859 mortuos
754 803 1055 859 nocturnis
1083 803 1243 858 horis
1266 802 1479 876 vulgus
1502 808 1737 857 cantare
1760 801 1925 869 solet,
1947 806 2004 857 et
2024 818 2113 857 ca-

461 890 895 965 chinnos,quos
924 896 1190 948 exercent
1217 892 1327 947 sub
1350 890 1896 962 contestatione§Dei
1925 890 2112 947 omni-

461 979 739 1052 potentis,
763 983 970 1035 vetate.
995 980 1139 1035 Cum
1174 980 1695 1035 excommunicatis
1734 978 1912 1035 nolite
1952 996 2112 1035 com-

462 1068 786 1124 municare.
811 1067 1018 1124 Nullus
1068 1068 1185 1124 illis
1214 1072 1534 1141 praesumat
1564 1069 1806 1124 missam
1857 1073 2111 1134 cantare,

462 1158 563 1211 sed
590 1160 646 1213 et
674 1155 946 1228 plebibus
967 1157 1133 1213 vobis
1156 1156 1488 1213 commissis
1511 1157 1619 1212 hoc
1640 1157 2003 1212 annuntiate.
2027 1157 2113 1212 Ad

461 1244 700 1316 nuptias
738 1245 892 1302 418
942 1245 1142 1301 nullus
1196 1250 1455 1301 vestrum
1504 1250 1597 1301 eat
1626 1247 1797 1318 (967).
1829 1246 2115 1301 Omnibus

462 1332 824 1400 denuntiata,
849 1338 915 1389 ut
943 1333 1144 1391 nullus
1169 1351 1408 1390 uxorem
1440 1333 1708 1406 accipiat,
1740 1334 1852 1389 nisi
1886 1334 2117 1406 publice

463 1421 773 1478 celebratis
790 1423 1030 1495 nuptiis.
1053 1423 1307 1495 Raptum
1331 1422 1686 1478 omnimodis
1707 1423 2036 1495 prohibete;
2060 1426 2118 1478 et

463 1513 532 1565 ut
559 1509 761 1567 nullus
781 1512 853 1566 ad
880 1512 1207 1584 proximam
1236 1511 1543 1584 sanguinis
1565 1511 1656 1567 sui
1679 1512 1941 1580 accedat;
1971 1516 2027 1567 et
2052 1516 2119 1567 ut

452 1596 709 1654 alterius
739 1616 1016 1671 sponsam
1068 1599 1269 1655 nullus
1299 1601 1493 1656 ducat.
1530 1601 1855 1668 Porcarios,
1878 1606 1933 1656 et
1972 1600 2117 1656 alios

464 1690 732 1759 pastores
750 1687 839 1743 vel
870 1688 1173 1744 Dominico
1204 1688 1298 1744 die
1328 1689 1399 1744 ad
1433 1688 1676 1744 missam
1697 1689 1894 1744 venire
1923 1689 2116 1746 facite.

462 1774 685 1832 Patrini
715 1774 857 1833 ﬁliis
887 1777 1013 1833 suis
1053 1776 1387 1849 symbolum
1418 1782 1475 1833 et
1505 1778 1825 1834 orationem
1860 1778 2117 1833 Domini-

464 1880 595 1920 cam
626 1865 930 1921 insinuent
953 1866 1123 1937 (968),
1148 1872 1252 1921 aut
1270 1866 1559 1922 insinuari
1591 1865 1826 1932 faciant,
1850 1866 2119 1923 Chrisma

463 1968 700 2026 semper
719 1954 828 2010 sub
853 1970 983 2010 sera
1004 1954 1084 2011 sit
1100 1959 1203 2011 aut
1226 1955 1334 2010 sub
1359 1954 1549 2027 sigillo
1574 1959 1810 2028 propter
1830 1956 2117 2027 quosdam

465 2040 735 2098 infideles
764 2042 936 2113 (969).

537 2131 624 2185 12.
645 2129 934 2187 Volumus
964 2135 1159 2187 autem
1192 2132 1341 2188 scire
1370 2133 1442 2187 de
1467 2132 1728 2205 quolibet
1757 2133 2114 2206 presbytero,

464 2216 516 2274 si
549 2233 618 2274 ex
647 2218 918 2292 ingenuis
960 2220 1305 2292 parentibus
1347 2221 1427 2275 sit
1468 2224 1663 2288 natus,
1688 2226 1790 2277 aut
1818 2237 1888 2277 ex
1915 2222 2116 2277 condi-

464 2305 627 2363 tione
656 2307 872 2373 servili,
899 2313 1002 2363 aut
1048 2308 1098 2363 si
1145 2309 1216 2365 de
1246 2313 1447 2365 nostra
1499 2310 1774 2381 parocbia
1804 2314 1979 2366 natus
2006 2315 2113 2377 est,

464 2399 567 2451 aut
596 2396 921 2463 ordinatus,
944 2396 1032 2453 vel
1059 2397 1131 2453 ad
1164 2413 1341 2470 quem
1389 2396 1582 2454 locum
1614 2398 2021 2470 praetitulatus.
2056 2399 2117 2455 Si

467 2500 669 2541 servus
701 2485 833 2553 fuit,
857 2486 1127 2541 ostendat
1156 2486 1418 2542 chartam
1450 2504 1569 2542 sua:
1601 2486 1890 2543 libertatis
1924 2488 2070 2559 (970)
2097 2504 2111 2542 :

466 2573 517 2629 si
548 2573 620 2629 de
649 2573 762 2629 alia
790 2574 1086 2646 parochia,
1105 2576 1374 2631 ostendat
1421 2574 1647 2631 litteras
1695 2576 2115 2632 commendati-

462 2661 600 2728 tias,
632 2678 779 2733 quas
838 2662 1119 2719 formatas
1163 2667 1389 2719 vocant.
1425 2668 1503 2720 De
1559 2664 1883 2720 ministerio
1940 2667 2115 2721 etiam

466 2749 633 2807 vobis
680 2751 998 2808 commisso
1026 2768 1129 2808 vos
1176 2753 1488 2809 admonere
1518 2770 1815 2821 curamus,
1848 2756 1905 2809 et
1934 2771 2116 2810 unus-

469 2838 724 2911 quisque
751 2844 1031 2908 vestrum,
1056 2841 1102 2895 si
1138 2841 1262 2897 ﬁeri
1294 2845 1502 2914 potest,
1521 2841 1939 2914 expositionem
1965 2860 2117 2916 sym-

466 2926 587 2983 boli
618 2932 675 2984 et
694 2928 976 2986 orationis
1009 2929 1320 2986 Dominicae
1336 2931 1507 3002 juxta
1524 2930 1898 2987 traditionem
1920 2932 2115 2988 ortho-

464 3015 748 3072 doxorum
771 3033 950 3090 penes
970 3033 1033 3074 se
1063 3017 1341 3091 scriptam
1374 3018 1605 3086 habeat,
1627 3023 1684 3075 et
1710 3036 1840 3074 eam
1870 3019 2118 3093 pleniter

461 3103 774 3179 intelligat,
804 3109 864 3162 et
905 3106 1061 3174 inde,
1104 3106 1155 3163 si
1203 3106 1380 3173 novit,
1412 3108 1779 3179 praedicando
1829 3108 2115 3181 populum

462 3193 575 3251 sibi
606 3194 992 3252 commissum
1024 3195 1227 3252 sedulo
1257 3196 1537 3265 instruat;
1562 3196 1613 3253 si
1635 3214 1771 3263 non,
1796 3197 2006 3254 saltem
2037 3203 2115 3255 te-

2217 802 2411 870 verba,
2443 806 2499 857 et
2528 800 2933 857 distinctiones
2987 799 3337 872 regulariter
3392 816 3462 855 ex
3516 799 3688 855 corde
3720 798 3886 871 (972)

2219 907 2354 946 cum
2404 890 2650 946 canticis
2698 888 3230 945 consuetudinariis
3277 888 3657 961 pronuntiare
3702 888 3884 943 sciat.

2221 980 2583 1045 Sermonem,
2603 984 2669 1034 ut
2705 977 2975 1051 superius
3005 978 3145 1043 dixi,
3167 977 3470 1033 Athanasii
3511 977 3770 1049 episcopi
3803 977 3888 1032 de

2221 1068 2336 1123 fide
2374 1068 2703 1133 Trlnitatis,
2731 1069 2901 1139 cujus
2947 1067 3181 1123 initium
3220 1071 3310 1123 est
3342 1084 3354 1123 :
3386 1068 3703 1138 Quicunque
3729 1066 3881 1131 vult,

2223 1156 2562 1213 memoriter
2600 1160 2809 1211 teneat.
2834 1154 3201 1211 Exercismos
3246 1159 3305 1211 et
3348 1155 3639 1212 orationes
3670 1156 3742 1210 ad
3777 1171 3885 1210 ca-

2222 1244 2641 1300 techumenum
2673 1244 3025 1309 faciendum,
3058 1245 3131 1299 ad
3164 1245 3382 1300 fontem
3413 1260 3646 1317 quoque
3675 1259 3889 1299 conse-

2224 1334 2603 1400 crandum,et
2624 1332 2880 1404 reliquas
2910 1348 3108 1405 preces
3138 1349 3318 1405 super
3347 1331 3676 1389 masculum
3703 1336 3763 1387 et
3794 1331 3886 1387 fe-

2225 1422 2448 1478 minam
2482 1421 2801 1493 pluraliter,
2837 1439 2902 1478 ac
2932 1421 3327 1493 singulariter,
3351 1422 3706 1494 distinctque
3736 1438 3890 1494 pro-

2227 1510 2375 1565 ferre
2394 1510 2611 1579 valeat;
2632 1510 2904 1565 similiter
2917 1509 3180 1566 ordinem
3199 1510 3532 1582 baptizandi
3550 1511 3622 1566 ad
3640 1527 3892 1567 succur-

2227 1599 2474 1654 rendum
2497 1599 2935 1668 inﬁrmis(973),
2950 1599 3213 1654 ordinem
3237 1616 3469 1672 quoque
3490 1599 3889 1655 reconcilian-

2227 1687 2307 1754 di,
2334 1687 2503 1759 juxta
2532 1688 2771 1743 modum
2806 1687 2917 1743 sibi
2961 1688 3238 1744 canonice
3286 1692 3666 1760 reservatum,
3698 1693 3890 1761 atque

2226 1776 2483 1848 ungendi
2512 1775 2806 1843 infirmos;
2839 1776 3131 1833 orationes
3152 1794 3384 1850 quoque
3412 1777 3601 1834 eidem
3627 1777 3893 1834 necessi-

2226 1863 2333 1919 tati
2356 1867 2773 1936 competentes,
2800 1864 2947 1919 bene
2967 1863 3175 1920 saltem
3199 1865 3346 1921 sciat
3366 1864 3574 1938 legere.
3597 1866 3892 1923 Similiter

2226 1952 2491 2007 ordinem
2508 1956 2565 2008 et
2580 1967 2780 2024 preces
2801 1952 2861 2008 in
2878 1952 3171 2024 exsequiis
3188 1954 3430 2027 agendis
3440 1955 3885 2013 defunctorum.

2225 2040 2507 2096 Similiter
2532 2041 2891 2096 exorcismos
2920 2045 2977 2097 et
3008 2042 3440 2100 benedictiones
3466 2043 3606 2100 salis
3625 2049 3682 2101 et
3710 2061 3888 2117 aquae

2226 2129 2566 2185 memoriter
2590 2134 2802 2187 teneat.
2822 2131 3125 2187 Canticum
3150 2131 3295 2204 (974)
3318 2136 3670 2191 nocturnum
3699 2139 3889 2207 atque

2227 2218 2505 2274 diurnum
2537 2219 2781 2275 noverit.
2811 2223 3162 2291 Computum
3190 2221 3498 2291 minorem,
3522 2223 3581 2279 id
3607 2228 3717 2291 est,
3745 2240 3889 2296 epa-

2226 2311 2369 2375 ctas,
2403 2312 2835 2373 concurrentes,
2887 2307 3206 2379 regulares,
3256 2310 3574 2367 terminum
3629 2313 3889 2384 pascha-

2225 2396 2363 2465 lem,
2394 2401 2451 2453 et
2493 2397 2770 2469 reliquos,
2804 2396 2853 2452 si
2884 2402 2973 2453 est
3018 2398 3319 2470 possibile,
3352 2400 3560 2473 sapiat.
3594 2401 3889 2474 Martyro-

2226 2485 2449 2559 logium
2481 2490 2538 2542 et
2567 2486 2965 2543 Pmnitentiale
3007 2486 3238 2554 habeat,
3269 2493 3328 2544 et
3356 2494 3568 2546 caetera
3599 2492 3771 2564 (975).

2300 2576 2385 2629 13.
2423 2577 2497 2630 De
2526 2575 2867 2630 ordinandis
2907 2592 3011 2648 pro
3041 2579 3194 2633 certo
3225 2577 3613 2650 scitote,quod
3644 2596 3679 2635 a
3708 2580 3889 2637 nobis

2224 2663 2386 2719 nullo
2416 2664 2591 2719 modo
2622 2664 3139 2736 promovebuntur,
3163 2664 3277 2720 nisi
3309 2670 3409 2721 aut
3438 2667 3497 2722 in
3523 2667 3755 2725 civitate
3786 2687 3891 2726 no-

2225 2757 2348 2808 stra
2396 2752 2567 2826 (976),
2618 2757 2720 2808 aut
2777 2753 2838 2808 in
2899 2753 3096 2826 aliquo
3155 2755 3530 2825 monasterio,
3576 2756 3663 2813 vel
3721 2758 3886 2831 apud

2224 2841 2546 2913 quemlibet
2575 2842 2899 2914 sapientem
2931 2842 3002 2897 ad
3034 2846 3270 2915 tempus
3291 2844 3615 2900 conservati
3639 2845 3887 2914 fuerint,

2222 2935 2280 2987 et
2309 2930 2519 2987 litteris
2553 2928 2988 3001 aliquantulum
3009 2931 3241 3001 eruditi,
3267 2935 3332 2987 ut
3354 2930 3548 2989 idonei
3569 2933 3888 2991 videantur

2223 3019 2630 3076 ecclesiasticae
2655 3019 2943 3092 dignitati.

2296 3110 2381 3164 14.
2397 3108 2541 3164 Cum
2563 3109 2877 3164 auctoritas
2895 3125 3128 3181 quoque
3148 3109 3440 3167 contineat
3456 3110 3877 3180 ecclesiastica,

2223 3201 2289 3253 ut
2306 3198 2375 3254 de
2399 3199 2575 3253 rebus
2604 3196 3012 3253 ecclesiasticis
3030 3201 3282 3269 quatuor
3299 3199 3423 3255 ﬁeri
3442 3200 3693 3257 debeant
3718 3204 3881 3260 420

460 3287 618 3354 neat,
650 3283 740 3339 vel
777 3285 995 3341 credat.
1029 3284 1331 3342 Orationes
1362 3286 1681 3341 missarum
1724 3290 1782 3342 et
1827 3304 2109 3343 canonem
2140 3272 2183 3340 C
2221 3292 2418 3359 partes
2450 3302 2480 3341 e
2510 3285 2725 3358 quibus
2754 3303 2873 3341 una
2912 3286 3191 3359 episcopi,
3220 3286 3401 3343 altera
3430 3288 3660 3345 fabricae
3690 3291 3882 3347 eccle-

460 3371 610 3428 bene
657 3371 946 3445 intelligat
974 3373 1152 3445 (961);
1196 3376 1351 3430 419
1381 3378 1438 3429 et
1467 3373 1518 3428 si
1564 3391 1702 3443 non,
1736 3374 1942 3431 saltem
1990 3393 2112 3432 me-

530 3486 680 3563 (966_)
711 3486 873 3563 Olim
895 3486 1461 3563 scilicet__diesAfes_ti
1494 3505 1529 3563 a
1554 3506 1795 3563 vespera
1826 3488 1883 3545 in
1912 3506 2112 3563 vespe-

460 3573 595 3633 ram
613 3557 1093 3633 observabantur.
1112 3558 1256 3633 Vide
1287 3559 1619 3633 Capitulare
1639 3557 2112 3633 Aquisgranense

461 3626 599 3701 anni
628 3628 755 3701 769,
788 3644 837 3683 c.
874 3630 973 3697 15;
1008 3628 1321 3701 concilium
1344 3626 1767 3701 ,Forojuliense
1817 3626 1953 3687 a'nni
1982 3634 2109 3700 791,

459 3700 635 3775 e._13;
672 3699 1190 3775 Francofordiense
1218 3700 1356 3756 anni
1384 3699 1594 3775 794m.
1631 3704 1715 3770 11,
1747 3708 1805 3758 et
1836 3703 1951 3759 alia
1980 3699 2109 3775 ejué

461 3771 628 3847 sdem
658 3770 888 3847 generis
926 3770 1114 3847 plura.
1137 3771 1266 3847 Mox
1293 3772 1467 3847 verba
1508 3777 1891 3847 cantus,_etc.,
1923 3770 2110 3847 usque

462 3787 628 3827 suem
658 3787 888 3896 generis
926 3787 1266 3844 p1ura.mox
1293 3787 1467 3828 verba
1508 3787 1720 3838 cantus,
1752 3787 1891 3841 etc.,
1923 3792 2107 3847 usque

462 3842 542 3916 ad
563 3857 663 3913 pro
704 3842 861 3911 ibete,
887 3859 1016 3916 qua:
1045 3843 1529 3916 desiderabantur
1558 3843 1915 3916 invulgatis,
1940 3851 2107 3902 restt-

460 3913 825 3987 tuimus'ope
856 3913 968 3987 m's.
1006 3914 1250 3987 Frising.
1285 3931 1462 3986 quam
1493 3913 1920 3972 restitutionem
1951 3934 2109 3973 com-

460 3984 712 4057 probant
740 3984 866 4041 tum
893 3985 1137 4057 homilia
1164 3984 1423 4054 laudata,
1446 3990 1572 4041 tum
1602 3991 1807 4043 caatera
1835 3988 2108 4045 Sermonis

460 4055 741 4128 synodali:
767 4056 1141 4130 exemplaria,
1174 4075 1399 4115 necnon
1430 4059 1719 4131 Inquisitio
1753 4060 1907 4131 apud
1939 4060 2107 4133 Regi-

459 4142 697 4183 nonem.

530 4198 679 4275 (967)
707 4198 933 4275 Nuptiae
965 4199 1074 4275 hoc
1096 4198 1229 4275 loco
1274 4198 1561 4275 nuptialia
1590 4201 1849 4275 convivia
1878 4201 2107 4275 signifi-

457 4269 839 4352 cantq’uibus
869 4287 941 4352 ne
971 4269 1166 4352 clerici
1188 4269 1500 4352 intersint,
1535 4272 1901 4352 prohibitum
1929 4269 2019 4329 Est
2047 4274 2107 4329 in

457 4339 703 4415 concilio
731 4340 1026 4415 Venetico,
1059 4358 1108 4397 c.
1143 4344 1229 4411 11,
1261 4349 1319 4415 et
1356 4339 1719 4415 Moguntino,
1753 4361 1803 4400 c.
1837 4345 1926 4401 39.

529 4411 1005 4491 (968)_Acheriu_s
1057 4430 1136 4491 ex
1174 4411 1793 4491 codice_Laudunensi
1838 4415 1897 4471 in
1946 4419 2106 4491 textu

456 4483 721 4558 ediderat
743 4487 1005 4558 patroni;
1035 4489 1094 4540 at
1123 4485 1181 4539 in
1220 4484 1480 4558 margine
1523 4490 1829 4558 notaverat
1872 4489 2102 4558 patrini.

459 4551 619 4640 Hanc
645 4551 1109 4640 emendatio-nem
1157 4551 1760 4640 recepit-novissimus
1813 4551 2106 4640 Spicilegii

459 4624 665 4699 editor.
699 4624 858 4699 Licet
886 4631 1084 4682 autem
1117 4624 1339 4699 patroni
1381 4627 1519 4682 item
1567 4628 1794 4699 legatur
1822 4624 1881 4684 in
1911 4624 2107 4686 codice

458 4692 847 4773 Frisingensj;
880 4692 1238 4773 cumtamen
1264 4715 1429 4773 voces
1459 4700 1592 4768 ﬁliis
1614 4692 1730 4755 suis
1764 4718 1878 4773 non
1911 4702 1981 4755 ad
2012 4718 2109 4773 pa-

455 4767 679 4838 tronos,
710 4767 811 4821 sed
842 4768 915 4822 ad
946 4768 1205 4838 patrinos
1245 4767 1588 4836 referantur,
1613 4771 1879 4827 eamdem
1906 4767 2102 4828 emen-

456 4835 1159 4914 dationem‘retinuimus,
1190 4839 1365 4911 idque
1394 4858 1459 4914 eo
1488 4841 1789 4914 libentius,
1815 4842 1954 4914 quia
1973 4860 2105 4899 con-

453 4908 736 4985 firmatur
752 4911 880 4985 tum
909 4926 979 4985 ex
1010 4926 1152 4966 mss.
1186 4908 1467 4985 exemplis
1497 4908 1783 4985 Sermonis
1799 4908 2100 4985 synodalia,

450 4982 579 5035 tum
611 4981 1070 5064 e§_lnquisiti'one
1117 4983 1269 5064 apud
1320 4981 1679 5064 Reginonem
1727 4981 1844 5064 lib:
1862 5002 1922 5051 11,
1946 5002 1996 5041 c.
2042 4981 2097 5064 5,

451 5068 616 5108 num.
648 5053 739 5121 74,
773 5052 833 5108 in
865 5052 1082 5128 (ιιριξυβ
1113 5052 1328 5128 putrini
1357 5052 1585 5128 legitur.
1619 5055 1757 5111 Post
1790 5073 1975 5128 pauca
2001 5052 2099 5113 sub

449 5137 735 5199 soracum
777 5124 1439 5199 msiFrisingealiisque
1468 5124 1868 5199 Admonitionis
1911 5145 2100 5184 exem-

451 5142 571 5179 ταν-α
600 5142 735 5180 cum
777 5142 888 5180 ms.
915 5142 1164 5199 r'rlsmg.
1193 5142 1439 5250 anusque
1473 5142 1868 5183 Admonitioms
1911 5145 2095 5184 exem-

451 5192 1113 5281 plaribus-scripsimus,
1130 5196 1331 5281 ubi.vu
1360 5198 1476 5281 gati
1509 5197 1931 5281 habebant‘sub.
1951 5217 2095 5281 cera.

454 5263 468 5342 ;
521 5263 670 5342 (969)
703 5263 1137 5342 Haecindicant
1159 5263 1606 5342 Admonitionem
1636 5286 1669 5342 a
1700 5269 1971 5342 Ratherio
2004 5271 2098 5326 hic

450 5337 761 5409 insertam,
784 5337 921 5394 olim
972 5339 1266 5396 conditam
1300 5340 1481 5396 fuisse
1530 5340 1590 5395 in
1639 5340 1785 5409 loco,
1820 5340 1919 5395 ubi
1968 5346 2095 5398 turn

451 5403 906 5484 adhuequidam
937 5410 1221 5478 infideles,
1257 5428 1359 5467 seu
1391 5403 2093 5484 paganiinvcniebantur.

514 5475 1046 5555 _(970)_Addidimu_s
1075 5499 1187 5555 suae
1209 5475 1285 5537 ex
1328 5475 1437 5537 ms.
1466 5475 1849 5553 Frisingensi,
1884 5500 1951 5538 ex
1980 5501 2094 5555 quo

447 5549 793 5625 etiammox
817 5552 1255 5609 emendavimus
1283 5556 1545 5623 scriptam
1576 5549 1949 5625 pro-scriptas.

519 5617 668 5688 (971)
701 5618 785 5673 lta
812 5636 945 5675 cum
977 5625 1177 5678 eodem
1208 5617 1405 5680 codice
1442 5617 1885 5681 concinentibus
1916 5625 2092 5683 etiam

444 5687 865 5814 ἓιέἐέἕηίιίοηίδ,
899 5696 954 5747 et
998 5693 1370 5764 lnquz'sitionis
1413 5695 1862 5767 exemplaribus.
1897 5696 2090 5771 Vulg.,

500 5774 624 5818 ιδεέε
631 5800 641 5815 .

2224 3375 2529 3445 siaa,tertia
2548 3373 2911 3443 clericorum,
2926 3379 3136 3447 quarta
3156 3375 3363 3432 debeat
3391 3394 3520 3433 esse
3546 3395 3880 3451 pauperum

2292 3491 2439 3574 (972)
2588 3490 2763 3558 corde,
2796 3490 2853 3545 id
2896 3494 2987 3574 est
3029 3490 3385 3574 memoriter.
3418 3492 3702 3574 Similiter
3730 3512 3886 3574 eon-

2221 3562 2427 3636 cilium
2465 3562 2987 3636 Rbemenseapud
3037 3562 3416 3636 Reginonem,
3449 3563 3552 3636 lib.
3585 3583 3622 3632 ι,
3657 3582 3709 3621 c.
3743 3571 3877 3636 272,

2219 3633 2466 3704 loquens
2496 3633 2567 3689 de
2596 3631 2948 3705 symbolo—et
2967 3631 3228 3690 oratione
3247 3634 3569 3703 Dominica,
3592 3636 3673 3692 ait
3696 3655 3709 3693 :
3736 3631 3879 3696 Cum

2222 3705 2294 3761 ad
2321 3706 2975 3784 con/essionem_tempore
3002 3705 3468 3784 quadragesimali
3493 3710 3737 3784 ueniunt,
3768 3729 3875 3784 pa-

2220 3776 2513 3831 rochianis
2537 3777 2649 3831 haec
2676 3776 2743 3830 ab
2774 3776 3093 3848 unoquoque
3111 3779 3425 3833 memoriter
3451 3779 3560 3833 sibi
3585 3776 3878 3839 decant'w'i

2216 3848 2406 3919 fam’at,
2454 3848 2781 3919 presbyter;
2832 3863 2932 3902 nec
2977 3856 3102 3903 ante
3142 3857 3388 3904 sanctam
3430 3854 3875 3910 communionem

2217 3918 2390 3974 alicui
2416 3918 2617 3991 tradat,
2638 3918 2756 3991 nisi
2784 3920 2901 3991 haec
2936 3935 3009 3974 ea:
3046 3920 3205 3975 corde
3227 3924 3590 3991 pronuntiare
3615 3928 3875 3991 noverit;

2220 3991 2319 4046 ubi
2351 3990 2506 4064 quod
2537 3989 2595 4064 in
2628 3990 2806 4061 priori
2851 3990 3112 4064 membro
3138 3989 3285 4064 dixit
3323 3996 3650 4064 memoriter,
3682 3995 3744 4050 in
3774 3989 3870 4053 se-

2217 4060 2408 4117 cunde
2438 4060 2678 4118 vocibus
2710 4078 2779 4117 ex
2806 4061 2965 4118 corde
2992 4062 3296 4133 expressit.

2288 4150 2449 4223 (973),
2464 4150 2737 4223 ordinem
2769 4149 3101 4223 baptizandi
3122 4152 3685 4223 adsuccurrendum
3710 4154 3871 4213 inﬁr-

2217 4221 2331 4277 mis
2360 4221 2577 4277 videsis
2607 4221 2706 4276 lib.
2741 4239 2759 4277 ι
2792 4221 3239 4278 Sdcramentarii
3283 4223 3593 4295 Gelasiani,
3627 4242 3677 4282 c.
3708 4228 3783 4281 72
3814 4232 3873 4284 et

2217 4309 2382 4365 seqq.

2287 4382 2685 4458 (97_4)Ita_eum
2706 4381 2965 4458 vulgatis
2983 4386 3227 4458 uterque
3248 4383 3639 4458 Ratherianus
3661 4386 3864 4458 codex,

2215 4453 2726 4531 et'fidmonitionis,
2768 4453 2872 4531 seu
2918 4453 3204 4531 Sermonis
3249 4456 3531 4531 synodalis
3577 4453 3863 4531 exempla.

2214 4526 2284 4578 At
2312 4523 2371 4579 in
2415 4525 2771 4596 Inquisitione
2818 4524 3033 4598 legitur
3078 4523 3316 4582 cantum.
3369 4523 3764 4585 Concurrentes'
3809 4537 3867 4586 et

2214 4598 2491 4669 regulares
2523 4600 2661 4651 sunt
2686 4596 2917 4669 termini
2944 4597 3014 4669 ad
3037 4602 3378 4669 computum
3401 4598 3863 4657 ecclesiasticum

2134 4673 2182 4739 D
2214 4667 2590 4744 pertinentes,
2623 4683 2771 4744 quos
2810 4668 3074 4739 ejusdem
3118 4667 3375 4741 computi
3421 4671 3732 4744 scriptorcs
3774 4675 3861 4729 fu-

2213 4737 2337 4793 sius
2369 4737 2676 4810 explicant.

2304 4827 2430 4904 975)
2461 4826 2563 4904 Hic
2592 4826 3025 4904 desinuntque;
3063 4830 3553 4904 ex_.{l_dmonitione
3595 4832 3860 4904 synodali

2211 4898 2545 4980 a_Ratberio
2571 4904 2839 4980 excerpta
2864 4898 3116 4980 fuerunt.
3147 4901 3360 4958 Mirum
3385 4919 3520 4958 vero
3550 4898 3860 4980 scripsisse

2213 4976 2509 5057 etfaciem,
2544 4986 2611 5025 ac
2649 4970 2917 5057 omisisse
2965 4971 3086 5053 haec
3132 4990 3501 5057 pauc-a,‘qum
3531 4970 3857 5057 -in'éadem

2208 5040 2592 5119 Admonitione
2610 5043 2763 5113 apud
2795 5040 3297 5119 Baluziurpfsicut
3319 5040 3497 5119 etiam
3527 5045 3587 5100 in
3616 5047 3858 5119 Inquisi-

2206 5113 2351 5189 tione
2382 5113 2676 5189 adduntur
2710 5130 2722 5167 :
2757 5118 2837 5179 ut,
2868 5115 3163 5171 secundum
3191 5116 3332 5187 quod
3362 5117 3441 5189 ibi
3467 5113 3731 5189 scriptum
3758 5128 3853 5185 est,

2208 5185 2499 5261 interroget
2526 5185 2884 5261 confitentem,
2914 5194 3011 5242 aut
3052 5185 3292 5259 confesso
3322 5188 3544 5261 modum
3575 5185 3854 5261 pte-niten-

2207 5256 2304 5311 tiae
2333 5255 2837 5331 imponet._\_leru_m
2854 5255 2990 5331 ‘hazc
3021 5255 3251 5331 quoque
3272 5255 3627 5316 omittuntur
3645 5261 3704 5316 in
3728 5262 3853 5317 Ser-

2204 5342 2363 5405 mone
2389 5327 2643 5405 synodali
2666 5326 3280 5405 _co_d1cis_Augustani,
3313 5331 3412 5403 qui
3461 5332 3677 5405 pariter
3722 5338 3853 5405 post

2202 5398 2378 5453 verba
2407 5399 2790 5455 Pwnitentiale
2820 5398 3052 5470 habeat,w
3064 5402 3227 5458 addit
3254 5398 3416 5474 teque
3445 5398 3512 5460 ac
3542 5398 3851 5465 Ratherius

2201 5477 2253 5525 et
2284 5478 2499 5525 caetera.

2275 5560 2421 5629 (979)
2452 5556 2816 5633 Scholarum,
2858 5560 2922 5633 in
2970 5562 3185 5633 quibus
3236 5562 3427 5618 clerici
3478 5563 3849 5620 instrueban-

2200 5633 2318 5709 tur,
2342 5634 2459 5709 tres
2490 5630 2715 5709 species
2737 5630 2829 5709 hic
2855 5630 3017 5709 locus
3047 5633 3284 5709 indicat,
3306 5651 3483 5690 unam
3512 5636 3571 5690 in
3598 5635 3845 5709 civitate,

2202 5699 2467 5775 fortassis
2498 5699 2555 5775 in
2588 5699 2927 5775 cathedrali,
2960 5703 3203 5760 alteram
3231 5706 3289 5760 in
3323 5706 3719 5775 monasteriis,
3743 5699 3848 5764 ter-

2200 5772 2342 5827 tiam
2373 5771 2527 5842 apud
2557 5770 2814 5843 aliquem
2845 5773 3034 5833 virnm
3067 5775 3410 5849 sapientem.
