4056 6410
446 359 593 431 555.

1372 351 1749 415 RATHERII
1793 350 2038 413 EPISC.
2084 346 2376 411 VERON.
2427 348 2599 412 OPP.
2648 348 2848 414 PARS
2892 349 2943 413 Ι.

3738 346 3868 411 556

447 497 565 547 tem
600 490 717 555 Dei,
750 489 971 559 trifarie
1002 504 1209 562 parare
1249 486 1584 543 memoriter
1614 484 1922 548 festinetis,
1949 483 2096 550 [sub—
2127 482 2182 547 Α
2211 483 2281 536 de
2310 483 2573 555 Egypto,
2602 484 2655 539 id
2691 488 2799 552 est,
2824 484 3052 539 inferno
3082 498 3448 552 erueremur;
3482 485 3540 537 et
3567 497 3673 555 per
3701 498 3873 537 mare

444 580 582 636 audi
613 579 795 644 illam]
824 578 936 634 hoc
978 582 1085 647 est,
1119 577 1439 635 secundum
1477 573 1832 648 symbolum,
1861 574 2015 628 410
2040 571 2097 625 id

444 672 534 724 est
589 667 956 724 collationem
1016 665 1434 739 apostolorum,
1478 664 1632 719 sicut
1689 663 1748 718 in
1804 659 2102 716 Psalteriis

445 756 721 812 correctis
764 755 1058 811 invenitur
1089 755 1268 826 (935);
1303 757 1360 807 et
1402 751 1564 807 illam
1597 768 1724 823 quae
1755 751 1827 805 ad
1858 749 2103 804 missam

444 844 707 912 canitur;
741 848 800 900 et
830 844 988 899 illam
1024 841 1209 897 sancti
1233 840 1559 909 Athanasii,
1586 856 1713 911 quae
1745 838 1828 893 ita
1857 837 2098 908 incipit:

446 934 763 1005 Quicunque
790 933 909 987 vult
937 931 1123 986 salvus
1152 945 1284 986 csse.
1315 929 1660 999 Quicunque
1688 926 1815 981 vult
1842 941 1978 998 ergo
2010 941 2105 979 sa-

445 1022 651 1078 cerdos
688 1021 750 1076 in
780 1023 979 1075 nostra
1009 1018 1287 1090 parochia
1331 1032 1482 1086 esse,
1517 1020 1619 1072 aut
1665 1015 1810 1083 ﬁeri,
1845 1018 1947 1069 aut
1976 1030 2103 1086 per-

352 1178 361 1185 .
447 1125 702 1177 manere,
729 1109 875 1179 (936)
919 1106 1051 1163 illas
1097 1111 1217 1162 tres
1250 1105 1505 1177 [subaudi
1552 1103 1722 1175 ﬁdes]
1771 1102 2107 1157 memoriter

447 1198 618 1254 nobis
666 1197 887 1262 recitet,
923 1212 1059 1251 cum
1110 1195 1374 1267 proxime
1407 1211 1440 1248 a
1478 1192 1648 1248 nobis
1698 1191 1813 1246 huc
1866 1186 2105 1246 vocatus

449 1286 642 1341 fuerit.
921 1336 924 1340 .

518 1377 573 1429 2.
597 1374 803 1429 Moneo
827 1372 1000 1427 etiam
1031 1388 1133 1426 vos
1158 1371 1229 1424 de
1253 1370 1346 1425 die
1377 1369 1702 1433 Dominico,
1723 1372 1788 1422 ut
1816 1364 2103 1438 cogitetis,

448 1466 549 1517 aut
579 1460 629 1516 si
661 1460 916 1533 cogitare
968 1459 1228 1523 nescitis,
1262 1456 1655 1528 interrogetis,
1676 1471 1856 1526 quare
1886 1455 1968 1510 ita
2009 1470 2106 1508 vo-

448 1555 613 1606 cetur
635 1568 647 1605 :
673 1566 786 1603 usu
818 1549 975 1604 enim
1004 1546 1346 1619 quotidiano
1381 1545 1513 1599 illas
1544 1561 1636 1599 res
1666 1543 1997 1599 Dominicas
2026 1542 2108 1597 di-

450 1639 659 1705 cimus,
686 1654 813 1708 que:
859 1635 1090 1708 proprie
1121 1635 1192 1689 ad
1228 1632 1497 1687 dominos
1529 1633 1820 1704 pertinent
1849 1631 2104 1687 illarum.

450 1730 528 1799 Eo
550 1728 746 1799 itaque
768 1742 944 1782 sensu
969 1723 1273 1779 Dominica
1294 1722 1507 1777 dicitur
1530 1721 1674 1784 dies,
1692 1722 1847 1792 quod
1880 1720 2109 1792 pr0prie

452 1817 522 1871 ad
549 1815 882 1877 Dominum,
903 1813 959 1867 id
988 1815 1077 1867 est
1100 1811 1304 1866 Jesum
1330 1808 1628 1864 Christum
1656 1809 2107 1880 pertineat.Cum

451 1921 586 1959 vero
611 1920 815 1959 omnes
836 1902 959 1957 dies
979 1900 1169 1972 ipsius
1192 1899 1328 1968 sint,
1353 1900 1507 1953 sicut
1527 1902 1582 1952 et
1601 1897 1799 1953 omnia
1820 1914 1945 1968 quae
1971 1901 2108 1952 sunt

454 1994 512 2047 in
545 1992 778 2058 coelo,et
798 1991 858 2045 in
878 1994 1053 2053 terra,
1073 1994 1130 2044 et
1151 1988 1211 2042 in
1236 1988 1403 2053 mari,
1422 1992 1477 2042 et
1499 1988 1557 2042 in
1584 1986 1858 2042 omnibus
1881 1986 2107 2058 abyssis

456 2082 626 2154 (Psal.
652 2096 874 2147 cxxxrv,
898 2078 974 2149 6);
1006 2076 1418 2148 inquirendum
1445 2092 1624 2149 quare
1654 2075 1767 2131 ista
1795 2075 1987 2130 solum
2018 2075 2106 2130 di-

455 2174 622 2226 catur
660 2169 820 2223 illius
852 2184 999 2223 esse.
1026 2165 1315 2221 Nimirum
1349 2166 1487 2237 quia
1518 2166 1642 2236 ipse
1667 2165 1727 2220 in
1759 2182 1827 2221 ea
1856 2166 2000 2236 (937)
2026 2182 2109 2220 re-

454 2257 723 2314 surrexit.
750 2257 860 2312 Sed
880 2255 941 2310 in
972 2255 1189 2326 quibus
1212 2240 1487 2308 Kalendis
1512 2253 1765 2319 [subaudi
1786 2271 2109 2310 resurrexe—

453 2347 548 2419 rit]
581 2364 697 2402 non
730 2362 926 2411 cures;
978 2345 1049 2399 de
1093 2343 1186 2398 die
1233 2342 1602 2398 solummodo
1649 2342 1858 2413 cogita.
1893 2343 2109 2406 Quinta

453 2437 596 2492 feria
626 2440 758 2508 post
782 2448 1091 2504 vesperum
1141 2436 1231 2487 est
1278 2431 1551 2497 traditus,
1582 2436 1743 2486 sexta
1773 2432 2104 2501 cruciﬁxus,

454 2525 704 2597 septima
757 2521 976 2594 quievit
1033 2520 1092 2574 in
1150 2518 1441 2590 sepulcro.
1467 2523 1671 2573 octava
1727 2520 2108 2576 resurrexita

455 2612 724 2679 mortuis,
749 2619 804 2664 et
828 2610 979 2663 inter
1008 2609 1259 2663 duorum
1294 2608 1521 2661 dierum
1556 2611 1803 2678 partem,
1829 2608 1948 2663 sive
1969 2609 2108 2665 inte-

454 2701 727 2773 gritatem
760 2696 1040 2762 noctium,
1068 2696 1262 2750 triduo
1293 2696 1438 2767 (933)
1468 2699 1533 2750 ut
1564 2696 1925 2767 promiserat,
1952 2696 2100 2753 411

456 2790 629 2853 facto,
680 2804 721 2851 ιλ
766 2785 943 2849 corde,
988 2784 1046 2838 id
1103 2788 1192 2840 est
1248 2784 1625 2839 interioribus
1678 2788 1844 2841 terrae
1883 2786 2102 2856 (Matth.

454 2894 557 2946 x11,
591 2875 680 2945 40)
711 2876 783 2930 ad
830 2872 1135 2945 Apostolos
1167 2872 1358 2927 rediit.
1386 2872 1530 2927 Hinc
1579 2872 1709 2945 ipsa
1737 2878 1954 2942 octava,
1988 2874 2106 2931 sive

458 2965 647 3038 prima
678 2964 819 3019 feria
847 2962 972 3018 dies
1001 2966 1239 3018 vocatur
1286 2960 1618 3028 Dominica;
1652 2966 1708 3017 et
1753 2963 1812 3017 in
1843 2980 2105 3035 quocun-

457 3071 571 3126 que
592 3053 982 3108 Kalendarum
1015 3052 1109 3106 die
1138 3050 1381 3117 eveniat,
1408 3067 1638 3122 semper
1657 3056 1746 3107 est
1772 3051 2010 3119 Pascha,
2045 3054 2105 3109 id

456 3148 564 3209 est,
598 3144 864 3198 transitus
896 3142 1118 3196 Domini
1133 3140 1203 3195 de
1234 3143 1417 3194 morte
1444 3139 1513 3194 ad
1544 3138 1745 3203 vitam,
1768 3145 1825 3195 et
1850 3158 1966 3196 uno
1988 3159 2109 3198 mo-

2212 570 2496 635 Rubrum,
2522 570 2630 625 hoc
2660 577 2768 639 est,
2798 570 3164 644 baptismum
3189 570 3478 643 sanguine
3506 569 3740 627 Domini
3774 587 3873 626 ru~
3914 584 3918 587 '

2208 659 2405 725 beum,
2431 675 2535 730 per
2561 660 2855 716 desertum
2902 659 3207 732 praesentis
3237 660 3371 716 vitai
3400 659 3615 726 educti,
3649 659 3723 715 ad
3752 662 3873 714 ter-

2211 764 2336 802 ram
2361 747 2850 819 repromissionis,
2866 749 2926 804 id
2951 749 3247 816 est,vitam
3266 752 3544 805 aeternam
3566 747 3874 821 pervenire

2210 852 2541 907 possemus.
2571 837 2759 893 Habes
2789 836 3033 907 Pascha,
3056 838 3112 892 id
3148 841 3238 893 est
3265 837 3582 892 transitum
3607 837 3869 905 bonum;

2211 924 2393 980 habes
2424 928 2655 997 Agnum
2683 942 2786 998 pro
2835 930 2892 982 te
2934 927 3225 994 occisum;
3259 924 3524 982 transisti
3555 941 3718 982 mare
3749 925 3872 981 Ru-

2212 1013 2407 1079 brum,
2438 1013 2702 1085 graderis
2732 1029 2835 1085 per
2879 1014 3196 1069 desertum.
3218 1014 3365 1069 Vide
3405 1030 3520 1086 quo
3560 1012 3876 1086 graderis?

2212 1102 2392 1157 Stude
2422 1105 2487 1155 ut
2514 1101 2662 1173 (940)
2706 1102 3026 1173 pervenias,
3052 1119 3169 1175 quo
3215 1102 3414 1159 venire
3461 1101 3567 1158 tibi
3614 1102 3871 1175 expedit.

2215 1189 2440 1245 Labora
2469 1206 2603 1245 cum
2633 1190 2731 1246 Dei
2773 1191 3088 1262 adjutorio,
3115 1207 3188 1246 ne
3218 1196 3321 1247 aut
3348 1192 3407 1246 in
3438 1192 3746 1264 ngyptum
3779 1206 3873 1247 re-

2213 1278 2373 1345 deas,
2388 1277 2567 1332 autin
2590 1278 2816 1333 deserto
2839 1295 3060 1350 pereas,
3076 1280 3179 1336 sed
3206 1280 3277 1334 ad
3299 1279 3552 1352 patriam
3573 1279 3873 1335 caelestem

2215 1366 2536 1438 pervenias.
2572 1366 2634 1421 In
2665 1366 2979 1439 [Egyptum
3006 1383 3140 1423 vero
3173 1372 3231 1423 te
3261 1368 3449 1424 redire
3476 1384 3785 1441 cognosce,
3819 1368 3875 1423 si

2214 1459 2542 1527 peccatum,
2571 1456 2726 1525 quod
2755 1456 3087 1526 deseruisti,
3119 1456 3428 1529 praesumis
3456 1461 3735 1529 repetere.
3770 1457 3876 1512 Pe-

2216 1543 2296 1598 ris
2325 1560 2459 1599 vero
2506 1544 2564 1597 in
2596 1543 2844 1613 deserto,
2880 1544 2927 1599 si
2973 1560 3088 1599 non
3132 1561 3467 1617 perseveras
3497 1545 3554 1600 in
3585 1545 3785 1602 labore
3814 1548 3878 1602 et

2216 1648 2387 1704 opere
2420 1633 2592 1687 bono.

2287 1722 2339 1775 3.
2368 1721 2477 1776 Sed
2513 1720 2822 1777 redeamus
2861 1723 2931 1776 ad
2973 1721 3317 1794 Apostolum
3345 1741 3359 1778 :
3389 1724 3620 1790 Pascha,
3652 1722 3873 1795 inquit,

2216 1809 2427 1864 Pascha
2455 1813 2703 1864 nostrum
2734 1811 3049 1866 immolatus
3091 1814 3168 1866 est
3198 1812 3459 1867 Christus.
3484 1812 3690 1868 Postea
3714 1830 3727 1867 :
3760 1814 3876 1868 Ita-

2216 1915 2317 1970 que
2346 1899 2648 1970 epulemur.
2675 1898 2853 1954 Putas
2879 1900 3033 1970 quod
3066 1899 3256 1956 dicat:
3285 1899 3546 1973 Crapulaa
3584 1906 3643 1957 et
3680 1901 3874 1956 ebrie-

2214 1987 2319 2042 tati
2351 1986 2662 2042 vacemus?
2687 1988 3064 2060 Nequaquam
3090 2006 3104 2057 ;
3138 1988 3407 2060 sequitur
3438 1990 3594 2046 enim
3620 2006 3633 2045 :
3660 1991 3781 2047 Non
3812 1992 3875 2045 in

2213 2078 2478 2146 fermento
2508 2077 2693 2141 ueteri,
2726 2074 2784 2130 id
2817 2081 2907 2131 est
2935 2076 3234 2133 inﬂatione
3257 2078 3498 2144 ventris,
3520 2077 3609 2134 vel
3637 2082 3877 2135 tumore

2216 2163 2522 2219 anterioris
2552 2163 2791 2235 peccati,
2824 2169 2926 2219 aut
2959 2165 3191 2220 al'ﬂectu
3226 2167 3296 2220 ad
3327 2171 3622 2222 transacta
3650 2166 3881 2224 scelera

2216 2253 2519 2318 redeundi,
2544 2252 2630 2307 vel
2678 2252 2795 2307 alia
2825 2255 3200 2324 perpetrandi
3237 2273 3249 2310 :
3280 2256 3461 2327 Neque
3501 2257 3561 2310 in
3603 2258 3877 2328 fermento

2213 2343 2441 2397 Militiae
2472 2345 2524 2396 et
2544 2343 2840 2412 nequitiae;
2869 2343 2962 2397 sed
2982 2345 3041 2398 in
3063 2345 3275 2415 azymis
3293 2346 3628 2402 sinceritatis
3656 2353 3708 2402 et
3736 2348 3879 2402 veri-

2215 2432 2342 2486 tatis
2373 2430 2554 2500 (Ibid.,
2577 2431 2654 2498 8),
2679 2429 2735 2484 id
2768 2435 2876 2499 est,
2906 2436 2970 2486 ut
3016 2431 3076 2486 in
3123 2449 3295 2504 opere
3334 2433 3505 2504 justi,
3536 2432 3597 2489 in
3644 2435 3879 2507 cogita—

2213 2521 2371 2575 tione
2414 2518 2733 2591 simplices,
2763 2520 2820 2575 in
2873 2537 3142 2577 sermone
3180 2521 3370 2578 simus
3399 2538 3651 2579 veraces.
3674 2526 3875 2590 Quan-

2222 2610 2337 2663 do?
2368 2608 2538 2664 Omni
2568 2613 2828 2680 tempore
2859 2625 2871 2663 :
2903 2608 3190 2682 praecipue
3226 2627 3360 2666 vero
3390 2611 3450 2665 in
3481 2611 3744 2684 paschali
3778 2630 3875 2669 so-

2213 2695 2534 2761 lemnitate,
2559 2696 2669 2752 hoc
2702 2703 2787 2752 est
2819 2698 2979 2752 omni
3011 2698 3314 2753 Dominica
3345 2699 3483 2755 anni
3514 2700 3725 2774 integri
3753 2702 3874 2759 die.

2214 2786 2274 2841 Si
2306 2785 2463 2840 enim
2504 2785 2807 2841 Dominica
2836 2791 2925 2842 est
2963 2786 3217 2853 Domini,
3251 2787 3456 2860 utique
3503 2805 3619 2845 non
3669 2795 3882 2849 nostra

2215 2874 2340 2930 dies
2370 2878 2494 2929 est:
2521 2874 2581 2929 Si
2613 2872 2837 2929 Domini
2870 2877 2978 2942 est,
3019 2874 3343 2931 reverentia
3381 2875 3614 2932 Domini
3646 2884 3737 2933 est
3766 2877 3878 2936 ho-

2214 2963 2494 3019 noranda.
2526 2962 2635 3017 Sed
2682 2963 2853 3032 cuius
2885 2963 3149 3018 domini?
3180 2963 3417 3031 Revera,
3442 2965 3543 3037 qui
3593 2983 3702 3023 nos
3734 2984 3876 3024 cum

2214 3069 2332 3107 non
2362 3067 2629 3106 essemus
2659 3051 2821 3117 fecit;
2855 3052 2956 3123 qui
2996 3069 3103 3108 nos
3133 3069 3267 3107 cum
3310 3053 3517 3124 perditi
3548 3054 3878 3115 fuissemus

2214 3140 2439 3207 refecit;
2476 3139 2575 3211 qui
2606 3156 2711 3194 nos
2743 3140 3053 3211 gubernat,
3075 3140 3197 3208 alit,
3225 3142 3430 3209 nutrit,
3456 3143 3742 3213 defendit;
3770 3146 3877 3218 qui

455 3218 548 3299 do,
575 3231 860 3303 quidquid
892 3230 1231 3295 manduces,
1252 3227 1341 3283 vel
1375 3228 1562 3298 bibas,
1592 3233 1683 3283 est
1725 3229 2104 3286 observanda.
2138 3214 2181 3281 (ἶ
2218 3227 2395 3282 vitam
2427 3232 2704 3295 nostram,
2740 3244 3048 3300 quousque
3094 3227 3178 3282 illi
3229 3228 3532 3301 placuerit,
3560 3232 3656 3287 hic
3685 3214 3879 3289 conti-

455 3321 619 3375 Unde
641 3324 835 3375 autem
857 3317 1261 3373 observanda?
1281 3317 1365 3371 Ab
1389 3333 1560 3388 opere
1581 3318 1796 3373 servili.
1817 3320 1979 3384 Quod
2004 3337 2105 3375 au-

454 3414 573 3463 tem
593 3410 679 3462 est
694 3423 841 3476 opus
860 3404 1102 3460 servile?
1119 3405 1424 3459 Peccatum
1444 3422 1456 3459 :
1473 3405 1570 3476 qui
1589 3405 1743 3460 enim
1763 3408 2109 3477 peccat,dia-

454 3495 587 3551 bolo
619 3495 813 3550 servit.
838 3494 897 3548 Si
930 3510 1065 3565 ergo
1098 3493 1253 3547 omni
1289 3493 1382 3548 die
1412 3493 1713 3549 Dominico
1743 3499 1830 3549 est
1860 3496 2105 3564 Pascha,

456 3584 832 3657 qumrendum
857 3583 995 3652 quid
1030 3581 1197 3636 nobis
1229 3581 1561 3636 faciendum
1593 3582 1650 3636 in
1684 3598 1769 3637 ea.
1792 3585 2106 3654 Apostolus

456 3673 646 3727 dicat:
677 3672 905 3737 Pascha,
939 3669 1152 3740 inquit,
1176 3670 1385 3724 Pascha
1414 3677 1659 3725 nostrum
1690 3673 2000 3728 immolatus
2029 3683 2107 3731 est

457 3761 702 3815 Christus
723 3760 770 3829 (Ι
784 3758 903 3814 Cor.
917 3775 971 3825 v,
988 3761 1066 3826 7).
1088 3759 1273 3821 Quare
1296 3758 1519 3813 Pascha
1539 3764 1627 3815 est
1646 3760 1950 3816 Christus?
1967 3764 2108 3833 quia

434 3846 796 3902 «immolatus
812 3846 979 3918 (939).
995 3846 1108 3901 Cur
1128 3845 1505 3901 immolatus?
1528 3852 1588 3902 ut
1611 3864 1714 3920 pro
1736 3850 1904 3906 nobis
1927 3867 2107 3907 more-

454 3941 635 3991 retur.
670 3935 831 3991 Sicut
860 3933 1063 4005 utique
1093 3937 1263 3990 antea
1298 3934 1397 3991 ille
1443 3935 1877 4004 immolabatur,
1911 3941 2103 4009 cujus,

451 4025 736 4097 sanguine
751 4024 1091 4079 liberandus
1104 4024 1175 4079 ab
1188 4023 1431 4096 ngypto
1451 4025 1704 4097 populus
1723 4028 2103 4099 purgabatur,

446 4114 530 4169 ita
558 4130 695 4187 ergo
725 4118 781 4168 et
805 4113 917 4169 iste
946 4117 1251 4185 propterea
1271 4117 1359 4168 est
1381 4113 1824 4181 immolatus,ut
1853 4133 2103 4173 morere-

444 4207 564 4271 tur,
586 4206 889 4275 propterea
920 4203 1248 4271 accisus,ut
1270 4219 1376 4258 nos
1399 4219 1502 4275 per
1532 4203 1881 4276 sanguinem
1916 4206 2104 4277 ipsius

444 4309 479 4348 a
507 4294 794 4347 vastatore
827 4290 1031 4345 mundi
1080 4289 1309 4363 angelo,
1335 4290 1392 4346 id
1442 4295 1531 4346 est
1562 4291 1814 4359 diabolo,
1848 4292 2102 4364 liberati,

511 4434 663 4506 (935),
689 4433 832 4488 Hinc
876 4432 1160 4506 suspicari
1194 4432 1347 4506 licet,
1376 4432 1434 4487 in
1474 4433 1792 4506 Veronensi
1844 4436 2102 4493 Ecclesia

443 4504 848 4586 apbstOlorum_
872 4504 1210 4586 Symbolum
1232 4504 1498 4586 aliquam
1549 4505 1907 4586 additionem
1941 4526 2096 4565 rece-

441 4574 617 4646 pisse,
645 4576 727 4628 uti
776 4574 1013 4646 alicubi,
1040 4580 1097 4630 et
1124 4575 1180 4629 iu
1214 4574 1579 4645 Aquileiensi
1606 4578 1928 4646 praesertim
1976 4597 2096 4635 me-

397 4693 415 4702 -
438 4644 791 4715 tropolitana
821 4644 1066 4699 ecclesia
1111 4646 1338 4700 accidit.
1369 4644 1669 4715 Ejusmodi
1702 4654 1897 4704 autem
1932 4651 2093 4705 addi-

438 4720 699 4792 tamenta
732 4732 865 4769 cum
898 4733 931 4770 a
957 4715 1224 4792 Eutherio
1255 4734 1368 4770 non
1389 4718 1807 4792 probarentur,
1839 4721 1910 4774 ad
1946 4723 2096 4792 psal-

436 4787 583 4863 teria
615 4791 873 4863 correcta
920 4786 1164 4863 remisit,
1199 4787 1255 4841 in
1303 4787 1518 4858 quibus
1566 4789 1719 4844 idem
1747 4786 2091 4863 Symbolum

437 4858 802 4927 descriptum
833 4862 975 4911 erat.

504 4931 651 4998 (936)
686 4928 852 5000 Vulg.
882 4928 982 5000 illa
1004 4930 1220 4999 fratres.
1252 4928 1618 5000 Correximus
1643 4948 1758 4986 non
1792 4933 1983 4989 solum
2017 4952 2086 4990 ex

431 5018 542 5057 ms.
569 4998 948 5073 Frisingensi,
972 5015 1175 5073 verum
1208 4998 1381 5073 etiam
1413 5017 1481 5054 ex
1510 5001 1801 5073 [litterario
1835 5023 1996 5060 num.
2024 5008 2081 5073 6,

427 5073 488 5128 in
508 5076 635 5145 "quo
667 5070 1063 5145 hoc—primum
1097 5070 1393 5145 Synoiicte
1425 5072 1746 5142 capitulum
1778 5070 2078 5132 recitatur.

428 5144 568 5201 Dein
590 5146 841 5217 proxime
866 5159 933 5197 ex
959 5144 1160 5198 eodem
1182 5144 1472 5198 [litterario
1493 5144 1933 5202 eineudavimus
1961 5164 1973 5202 :
2000 5149 2082 5203 le-

435 5218 681 5288 gebatur
709 5217 985 5287 proximo,

500 5282 757 5360 (937)7It'a
786 5288 964 5342 codex
996 5285 1404 5360 Frisingensis.
1437 5282 1632 5356 Vulg.,
1667 5287 1838 5360 ineo,
1874 5306 2083 5360 perpe-

433 5355 577 5430 ram.
604 5355 732 5412 Mox
758 5361 818 5430 in
842 5360 1038 5429 quibus
1058 5355 1312 5413 Kalehdis
1342 5355 1494 5411 idem
1516 5355 1606 5430 est
1628 5373 1693 5412 ac
1725 5359 1785 5412 in.
1805 5355 1908 5430 qab
1928 5355 2082 5416 men-

428 5429 640 5487 sis_die.
675 5428 945 5485 Kalendae
977 5430 1132 5485 enim
1165 5446 1278 5484 non
1321 5445 1424 5499 pro
1473 5428 1662 5500 primo
1694 5428 1944 5495 tantum,
1978 5433 2079 5488 sed

472 5514 533 5570 ro
579 5500 783 5569 quovis
831 5502 924 5555 die
974 5499 1191 5557 mensis
1238 5499 1489 5570 acceptas
1533 5499 1796 5569 fuerunt;
1835 5505 1988 5559 unde
2020 5505 2078 5559 in

462 5568 562 5625 iita
581 5568 636 5623 S.
664 5571 1209 5645 Landriciepiscopi
1231 5568 1509 5645 Metensis
1531 5588 1695 5627 num.
1714 5573 1802 5638 11,
1821 5590 1922 5645 per
1938 5576 2081 5631 mul-

429 5645 510 5696 tos
549 5657 721 5697 annos
752 5642 1012 5705 Kalenda’.
1045 5643 1099 5696 id
1150 5646 1239 5698 est
1284 5642 1429 5709 dies,
1457 5644 1792 5773 ί[σεειίυίιξιιιίις
1821 5642 1898 5701 ’8.
1932 5647 2073 5702 Lan-

429 5713 567 5773 ἀνίει
597 5713 886 5772 oblivionis
913 5714 1169 5773 rubigine
1200 5717 1338 5772 tecta
1365 5718 1456 5772 tra
1500 5714 1635 5773 itur.
1669 5715 1733 5773 In
1764 5732 1938 5773 auem
1969 5717 2073 5773 iei-

425 5713 567 5777 dricz
597 5713 886 5772 oblivionis
913 5714 1169 5787 rubigine
1200 5717 1338 5772 tecta
1365 5713 1635 5773 traditur.
1669 5715 1733 5774 In
1764 5732 1938 5793 quem
1969 5717 2073 5794 igi-

2215 3320 2339 3385 net;
2374 3333 2508 3371 cum
2529 3314 2801 3384 voluerit,
2827 3333 2955 3371 eam
2986 3316 3125 3373 hinc
3159 3319 3429 3388 mutabit,
3455 3323 3513 3375 et
3536 3326 3638 3376 aut
3668 3321 3876 3379 melio-

2215 3421 2339 3461 rem
2361 3421 2463 3476 pro
2488 3404 2735 3472 meritis,
2761 3409 2864 3460 aut
2892 3405 3098 3461 reddet
3128 3409 3385 3479 pejorem
3414 3425 3426 3463 :
3452 3413 3745 3481 postremo
3772 3413 3881 3485 qui

2215 3511 2322 3550 nos
2344 3492 2654 3564 judicabit,
2678 3499 2736 3576 et
2764 3498 2866 3548 aut
2897 3494 2956 3548 in
2988 3494 3215 3552 inferno
3240 3496 3366 3552 sine
3398 3498 3511 3555 fine
3543 3499 3876 3571 damnabit,

2215 3586 2318 3638 aut
2346 3582 2403 3637 in
2437 3581 2579 3638 ccelo
2602 3582 2949 3638 aeternaliter
2969 3584 3294 3639 coronabit.
3318 3584 3475 3641 Talis
3506 3589 3659 3643 412
3691 3588 3881 3661 igitur

2215 3688 2281 3726 ac
2314 3676 2484 3727 tanta:
2537 3672 2841 3744 potestatis
2871 3672 3101 3728 Domini
3132 3690 3266 3729 cum
3324 3673 3445 3730 haec
3506 3675 3583 3731 sit
3638 3679 3879 3750 proprie

2215 3761 2360 3827 dies,
2384 3760 2721 3825 houoretur,
2746 3765 2811 3815 ut
2842 3777 2971 3815 eam
3006 3778 3108 3834 pro
3135 3762 3401 3818 decentia
3440 3764 3590 3819 tanti
3638 3768 3875 3823 Domini

2213 3850 2394 3906 decet.
2420 3850 2701 3905 Honorari
2731 3850 2862 3907 vero
2909 3850 3073 3905 nullo
3113 3852 3286 3907 modo
3319 3850 3432 3907 nisi
3465 3853 3878 3912 ordinabiliter

2212 3938 2384 3994 valet.
2418 3937 2540 3994 Nisi
2585 3938 2743 3993 enim
2794 3954 3103 4010 parasceve
3154 3940 3478 3996 Sabbatum
3539 3945 3871 4012 antecedat,

2213 4027 2536 4082 Sabhatum
2558 4026 2711 4082 diem
2735 4025 3132 4096 Dominicam;
3162 4028 3288 4084 dies
3311 4046 3422 4084 non
3457 4034 3547 4085 est
3574 4029 3878 4092 ullatenus

2213 4115 2536 4172 Dominica.

2284 4206 2336 4259 4.
2367 4204 2512 4271 Quid
2545 4208 2741 4260 autem
2785 4209 2873 4260 est
2921 4206 3271 4275 parasceve?
3317 4207 3631 4280 Apostolus
3660 4210 3822 4268 dicat
3855 4229 3871 4270 :

2212 4296 2409 4349 Probet
2437 4297 2638 4362 autem,
2673 4293 2773 4362 ait,
2805 4295 3045 4366 seipsum
3093 4295 3273 4364 homo,
3306 4300 3359 4351 et
3393 4298 3473 4354 sie
3510 4297 3575 4354 de
3597 4316 3742 4370 pane
3772 4301 3874 4359 illo

2213 4441 2312 4491 tur
2343 4434 2564 4522 mens-is
2596 4434 2749 4517 diem
2795 4434 3422 4522 inciderit‘Dom‘i‘nica,
3455 4456 3571 4522 qua
3599 4440 3871 4501 Christus

2211 4508 2546 4584 resurrexit,
2578 4507 2820 4563 minime
2863 4509 3191 4564 curandum
3243 4507 3557 4567 Ratherius
3604 4529 3869 4584 pronun-

2209 4580 2336 4634 tiat.

2275 4651 2424 4722 (938)
2447 4647 2643 4721 Vulg,
2676 4651 2727 4703 et
2770 4650 2918 4704 inter
2958 4649 3193 4707 duorum
3222 4651 3442 4708 dierum
3481 4658 3716 4723 partem,
3748 4657 3870 4715 sire

2203 4724 2375 4776 trium
2404 4722 2779 4789 integritatem
2826 4723 3086 4788 noctium,
3119 4723 3201 4778 vel
3250 4723 3449 4780 triduo.
3481 4722 3565 4779 Ex
3595 4722 3709 4782 ms.
3735 4728 3864 4783 Fri-

2203 4792 2463 4869 singensi
2495 4790 2827 4869 desevimus
2856 4794 3047 4869 trium,
3073 4806 3130 4848 et
3158 4795 3240 4869 vel
3263 4800 3397 4869 ante
3422 4812 3620 4851 vocem
3654 4799 3860 4869 triduo,

2201 4863 2529 4918 ubi’tamen
2564 4864 2644 4918 vel
2676 4863 3050 4933 praemittitur
3090 4865 3212 4920 voci
3252 4868 3512 4922 noctium.
3547 4868 3607 4924 Si
3660 4863 3861 4927 autem

2199 4952 2306 4990 vox
2336 4936 2507 5008 trium
2536 4940 2690 5008 esset
2730 4935 3051 5004 retinenda,
3075 4935 3402 5008 legeremus
3451 4938 3728 4997 libentius
3761 4959 3774 4996 :
3809 4952 3864 4999 et

2202 5008 2343 5061 inter
2374 5005 2786 5080 triamdicrum
2812 5016 3044 5080 partem,
3076 5005 3188 5080 sibe
3217 5008 3455 5064 duarum
3484 5012 3862 5080 integritatem

2196 5081 2457 5143 noctium,
2490 5077 2691 5156 triduo,
2715 5083 2822 5131 etc.
2870 5078 3001 5156 Mor;
3028 5079 3212 5156 rediit,
3245 5085 3302 5135 et
3349 5083 3563 5156 eueniat
3587 5077 3859 5156 _'scripsi-

2197 5166 2334 5227 mus
2389 5166 2456 5227 ex
2506 5149 2709 5227 eodem
2759 5165 2870 5203 ms.
2906 5149 3176 5222 l“rising.,
3211 5167 3344 5206 cum
3396 5152 3456 5207 in
3507 5151 3666 5227 vulg.
3701 5149 3860 5213 esset

2194 5220 2355 5283 redit,
2381 5224 2437 5274 et
2467 5221 2730 5273 evenerit.

2264 5290 2410 5362 (939)
2434 5290 2713 5362 Acherius
2731 5306 2829 5362 pro
2840 5291 3008 5362 nobis
3030 5293 3362 5348 immolatus.
3392 5297 3512 5349 Hoc
3532 5294 3657 5350 loco
3680 5312 3854 5352 voces

2190 5377 2290 5437 pro
2316 5363 2475 5437 nobis
2504 5361 2717 5437 desunt
2748 5361 2803 5415 in
2837 5361 3074 5437 laudato
3106 5364 3591 5437 codiceLFrising.
3618 5371 3675 5420 et
3713 5384 3855 5424 sane

2190 5432 2538 5507 rejiciendze;
2555 5432 2772 5486 frustra
2792 5432 2947 5488 enim
2974 5434 3032 5488 in
3059 5433 3439 5506 sequentibus
3469 5432 3850 5507 quaereretur.

2188 5508 2300 5561 Cur
2330 5504 2685 5581 immolatus?
2714 5504 3271 5581 et‘respondere—tur,
3300 5523 3403 5581 pro
3434 5504 3610 5573 nobis,
3648 5509 3696 5564 si
3720 5510 3852 5581 jam

2186 5576 2559 5648 praemissum
2580 5572 2800 5648 luisset
2823 5572 2924 5647 pro
2958 5579 3116 5632 nobis
3150 5572 3484 5634 immolatus.

2221 5646 2407 5729 .(940)
2438 5643 2788 5703 Particulam
2821 5643 2882 5704 ut
2925 5648 3264 5706 addidimus
3311 5666 3420 5725 ope
3469 5649 3691 5710 codicis
3721 5649 3847 5709 Fri-

2186 5734 2342 5794 sing.
