4056 6454
228 447 342 525 561

1237 454 1623 519 SYNODIGA
1668 454 1773 519 AD
1814 453 2406 535 PRESBYTEROS,
2451 456 2622 521 ETG.

3513 446 3632 515 562

227 583 470 645 bonum.
499 584 671 644 Omni
699 587 795 644 die
842 586 1144 645 Dominica
1184 593 1318 646 ante
1366 590 1609 647 missam
1661 606 1874 663 aquam
1904 595 1960 661 Α
1989 593 2140 649 schze
2162 597 2218 648 et
2238 593 2622 659 Pentecostes,
2646 590 2761 650 nisi
2783 594 3020 667 propter
3050 589 3373 667 periculum
3400 588 3627 645 mortis.

227 675 595 736 benedictam
627 674 818 746 facite,
840 677 994 735 unde
1026 676 1282 751 populus
1322 682 1686 752 aspergatur,
1719 684 1777 737 et
1804 680 1875 736 ad

227 766 333 825 hoc
357 766 553 825 solum
582 783 684 824 vas
711 767 940 824 habete.
975 768 1152 825 Sacra
1179 785 1317 825 vasa
1341 772 1398 825 et
1423 769 1771 826 vestimenta
1788 785 1880 833 sa-

226 855 545 915 cerdotalia
573 856 754 914 nolite
797 855 858 913 in
898 856 1140 930 pignore
1170 858 1308 915 dare
1355 857 1697 930 negotiatori
1730 858 1876 930 (953)

225 950 323 1003 aut
352 945 708 1003 tabernario.
731 945 941 1002 Nullus
969 950 1228 1003 vestrum
1260 947 1458 1003 miuus
1488 947 1665 1020 digne
1691 945 1876 1018 poeni-

224 1040 445 1094 tentem
473 1035 900 1108 cujuscumque
926 1036 1009 1092 rei
1037 1037 1226 1108 gratia
1244 1037 1315 1092 ad
1347 1035 1874 1092 reconciliationem

224 1126 483 1182 adducat
501 1124 755 1192 [subaudi
785 1126 856 1180 ad
897 1124 1283 1197 episcopum],
1304 1129 1361 1180 et
1389 1124 1440 1181 ei
1472 1123 1873 1181 testimonium

225 1212 714 1271 reconciliationis
762 1214 927 1268 ferat.
955 1212 1163 1270 Nullus
1185 1216 1446 1270 vestrum
1490 1229 1703 1268 usuras
1753 1212 1875 1267 exi-

225 1307 343 1377 gat,
366 1306 426 1358 et
456 1301 777 1358 conductor
820 1302 915 1358 sui
959 1302 1207 1357 senioris
1237 1301 1450 1358 existat
1479 1301 1648 1374 (959).
1678 1302 1789 1357 Res
1819 1304 1877 1357 et

223 1390 553 1463 facultates,
584 1408 732 1464 quas
761 1393 893 1464 post
920 1390 1077 1446 diem
1106 1390 1492 1447 ordinationis
1545 1393 1750 1446 vestrae
1779 1407 1872 1446 ac-

225 1480 480 1554 quiritis,
514 1479 715 1537 sciatis
744 1479 816 1537 ad
846 1477 1150 1537 ecclesiam
1181 1478 1488 1551 pertinere.

291 1570 347 1625 9.
367 1567 580 1626 Nullus
604 1567 733 1626 sine
775 1567 1021 1625 scientia
1061 1572 1119 1625 et
1149 1584 1437 1625 consensu
1468 1571 1667 1624 nostro
1696 1567 1874 1625 eccle-

223 1658 373 1716 siam
403 1658 690 1730 acquirat.
723 1656 933 1714 Nullus
972 1674 1075 1730 per
1116 1660 1463 1731 potestatem
1502 1656 1872 1714 saecularium

222 1746 532 1806 ecclesiam
563 1746 842 1804 obtineat.
873 1745 1084 1803 Nullus
1128 1763 1232 1820 per
1273 1746 1582 1820 pecuniam
1629 1745 1873 1803 alterius

223 1836 530 1895 ecclesiam
578 1834 937 1908 supplantct.
970 1834 1181 1893 Nullus
1217 1836 1522 1893 ecclesiam
1569 1837 1643 1892 ad
1691 1853 1872 1909 quam

223 1925 514 2034 titulatus'
527 1928 637 2034 est1
658 1923 969 2025 relinquat,
993 1929 1051 2034 et
1077 1926 1169 2026 .ad
1198 1924 1376 2025 aliam
1406 1930 1665 2034 qume‘tus
1695 1941 1875 1981 causa
1902 1968 1951 2034 Β

224 2015 456 2088 migret.
492 2015 557 2070 In
587 2012 827 2072 alterius
854 2013 1132 2086 parochia
1173 2014 1418 2072 missam
1449 2012 1652 2070 nullus
1679 2018 1874 2070 cantet

223 2105 446 2177 absque
494 2101 831 2176 parochiani
876 2103 1220 2177 presbyteri,
1253 2102 1303 2159 si
1332 2119 1589 2176 prmsens
1636 2108 1744 2171 est,
1773 2119 1870 2159 vo-

220 2192 447 2251 luntate
475 2197 534 2249 et
566 2195 790 2265 rogatu.
815 2190 1027 2249 Nullus
1055 2193 1345 2249 decimam
1389 2193 1461 2248 ad
1510 2191 1669 2248 aliud
1700 2192 1874 2265 perti-

221 2286 460 2341 nentem
491 2280 749 2355 recipiat.
774 2280 982 2338 Nullus
1012 2281 1389 2355 pcenitentem
1410 2280 1615 2338 invitet
1637 2298 1872 2339 carnem

218 2372 584 2429 manducare
608 2366 891 2428 et'bibere
912 2370 1135 2440 vinum,
1158 2370 1275 2427 nisi
1300 2387 1404 2443 pro
1425 2387 1491 2427 eo
1512 2371 1586 2428 ad
1617 2387 1872 2443 praesens

221 2461 652 2533 cleemosynam
682 2459 883 2516 fecerit
911 2459 1079 2533 (960).

294 2552 378 2609 10.
413 2548 626 2606 Nullus
654 2554 974 2622 praesumat
1002 2548 1295 2622 baptizare
1323 2548 1438 2606 nisi
1468 2549 1528 2605 in
1557 2548 1754 2622 vigilia
1770 2549 1873 2606 Pa-

292 2700 443 2773 (958)
472 2699 648 2773 Vulg.
682 2716 985 2773 perperam
1016 2702 1312 2773 negociato.

295 2771 444 2845 (959)
476 2771 606 2846 Hoc
625 2771 748 2827 loco
777 2771 880 2846 pro
908 2774 1000 2829 sui
1033 2771 1267 2846 senioris
1308 2790 1611 2845 perperam
1640 2772 1870 2846 legeba-

219 2849 321 2901 tur
336 2843 995 2916 feriorisﬂorrectionem
1011 2848 1227 2899 certam
1245 2843 1506 2916 fecerunt
1520 2843 1875 2916 exemplaria

219 2914 608 2988 Inquisitioqus
637 2919 701 2988 et
737 2915 1157 2988 Admonitioais.
1180 2914 1509 2988 Respicitur
1537 2914 1722 2972 canon
1755 2921 1872 2988 ter-

218 2984 344 3060 tius
374 2984 603 3060 concilii
624 2985 1132 3060 Chalcedonensis,
1160 3004 1275 3060 quo
1295 2984 1640 3059 prohibetur
1666 3004 1737 3060 ne
1766 2986 1875 3043 cle-

220 3058 328 3115 rici
354 3058 703 3130 conductores
731 3059 1043 3130 alienarum
1069 3058 1463 3130 possessionum
1489 3060 1649 3130 ﬁant.
1682 3058 1876 3114 Senior

221 3129 583 3212 d_e_dominis
604 3128 975 3212 laicis‘atque
1005 3128 1335 3212 ditioribus,
1360 3130 1461 3212 qui
1489 3128 1710 3212 praedia
1740 3146 1873 3212 pos-

222 3201 441 3269 sident,
464 3199 1090 3284 sumitquliquando
1122 3206 1253 3283 post
1279 3210 1331 3257 et
1348 3199 1422 3284 ad
1445 3199 1617 3284 aliam
1643 3199 1876 3284 scripsi-

220 3290 363 3330 mus
406 3289 478 3330 ex
520 3271 944 3346 ms._lj‘rising.,
976 3271 1219 3328 cum'in
1268 3272 1422 3346 vulg.
1457 3273 1609 3329 male
1654 3271 1876 3328 omissa

221 3349 381 3404 esset
409 3342 739 3416 praepositie
768 3344 857 3400 ad.

1988 681 2405 755 Unusquisque
2424 683 2614 739 fontes
2643 681 2873 749 habeat,
2888 684 2963 751 et,
2980 680 3029 739 si
3061 698 3175 738 non
3205 683 3395 754 potest
3418 678 3633 735 habere

1986 768 2269 843 lapideos,
2304 771 2518 827 habeat
2547 770 2704 827 aliud
2733 788 2837 826 vas
2876 771 2948 828 ad
2987 771 3098 828 hoc
3128 772 3539 844 praeparatum,
3573 766 3633 822 in

1988 874 2103 930 quo
2136 858 2216 915 nil
2249 859 2407 915 aliud
2439 859 2561 915 ﬂat.
2589 859 2792 915 Videte
2842 863 2906 915 ut
2948 859 3223 915 omnibus
3266 855 3636 930 parochianis

1983 948 2195 1004 vestris
2223 948 2557 1020 symbolum
2606 953 2663 1004 et
2709 948 3034 1005 orationem
3082 946 3448 1003 Dominicam
3490 944 3633 1000 insi-

1986 1036 2198 1093 nuetis.
2229 1037 2530 1108 Jejunium
2579 1041 2831 1109 quatuor
2884 1042 3237 1109 temporum,
3262 1040 3318 1091 et
3366 1034 3634 1106 Rogatio-

1985 1143 2128 1182 num
2154 1127 2326 1199 (961),
2350 1132 2406 1182 et
2425 1126 2640 1182 litanias
2671 1128 2911 1199 majoris
2932 1126 3202 1199 plebibus
3221 1125 3430 1181 vestris
3451 1123 3633 1179 omni-

1985 1216 2175 1271 modis
2207 1216 2636 1272 observandum
2678 1216 2993 1271 insinuate.
3027 1217 3172 1271 417
3214 1214 3376 1270 Feria
3425 1217 3633 1284 quarta

1985 1308 2118 1359 ante
2139 1303 2657 1376 Quadragesimam
2689 1302 2914 1375 plebem
2938 1303 3084 1374 (962)
3113 1302 3184 1356 ad
3204 1300 3628 1358 confessionem

1982 1391 2245 1458 invitato,
2272 1397 2329 1447 et
2356 1392 2407 1448 ei
2431 1392 2603 1464 juxta
2633 1392 2973 1464 qualitatem
2999 1389 3194 1447 delicti
3225 1388 3628 1462 pmnitentiam

1982 1481 2290 1555 injungite,
2326 1498 2441 1537 non
2474 1496 2543 1536 ex
2572 1481 2743 1537 corde
2771 1485 2983 1550 vestro,
3016 1481 3118 1537 sed
3162 1479 3315 1535 sicut
3342 1478 3403 1533 in
3437 1478 3624 1533 Pumi-

1982 1570 2204 1627 tentiali
2235 1568 2520 1642 scriptum
2561 1573 2669 1625 est.
2693 1572 2908 1635 Quater
2945 1569 3005 1624 in
3048 1585 3199 1625 anno
3223 1567 3394 1640 (963),
3425 1566 3485 1621 id
3516 1569 3626 1632 est,

1981 1659 2171 1717 Natali
2206 1658 2432 1716 Domini
2480 1662 2538 1714 et
2567 1662 2739 1714 Coena
2768 1657 3021 1727 Domini,
3054 1656 3278 1713 Pascha
3322 1660 3380 1712 et
3425 1657 3631 1712 Pente-

1981 1753 2159 1817 coste,
2185 1765 2388 1806 omnes
2431 1747 2633 1804 ﬁdeles
2662 1748 2734 1804 ad
2767 1747 3239 1803 communionem
3286 1745 3545 1819 corporis
3573 1748 3632 1801 et

1982 1837 2289 1911 sanguinis
2314 1837 2548 1894 Domini
2569 1837 2842 1894 accedere
2863 1837 3190 1893 admonete.
3210 1835 3396 1892 Certis
3419 1838 3633 1907 tempo-

1982 1927 2147 1984 ribus
2176 1927 2518 2000 conjugatos
2548 1927 2621 1983 ab
2651 1926 2932 1982 uxoribus
2963 1925 3256 1982 abstinere
3279 1923 3630 1980 exhortami-

1980 2017 2062 2072 ni.
2097 2015 2365 2089 Eulogias
2394 2020 2528 2088 post
2557 2015 2801 2071 missam
2831 2015 2890 2070 in
2917 2014 3125 2071 diebus
3155 2013 3319 2070 festis
3349 2011 3502 2086 plebi
3528 2011 3630 2068 tri-

1980 2105 2141 2161 buite
2170 2105 2340 2177 (964).

2052 2194 2139 2250 11.
2162 2193 2373 2250 Nullus
2393 2192 2520 2249 sine
2539 2191 2690 2249 stola
2714 2192 2774 2248 in
2805 2191 3011 2247 itinere
3037 2191 3270 2247 incedat
3288 2190 3460 2263 (965).
3483 2191 3628 2247 Nul—

1980 2282 2074 2340 lus
2105 2284 2384 2339 induatur
2401 2279 2763 2339 vestimentis
2787 2279 3112 2336 laicalibus.
3135 2279 3345 2336 Nullus
3373 2295 3497 2336 rem
3528 2285 3631 2336 aut

1980 2371 2431 2445 possessionem,
2447 2375 2550 2427 aut
2578 2369 2938 2443 mancipium
2959 2370 3214 2426 ecclesias
3237 2370 3502 2438 vendere,
3529 2375 3631 2426 aut

1982 2464 2362 2526 commutare,
2383 2464 2484 2516 aut
2512 2475 2860 2532 quocunque
2880 2458 3113 2531 ingenio
3134 2458 3385 2514 alienare
3411 2476 3629 2531 przesu-

1983 2554 2125 2607 mat.
2158 2550 2322 2607 Diem
2355 2548 2724 2606 Dominicam
2765 2551 2823 2604 et
2860 2547 3006 2605 alias
3035 2548 3375 2604 festivitates
3407 2549 3629 2620 absque

2054 2702 2201 2775 (962)
2222 2701 2421 2775 Vulg,
2442 2716 2744 2775 perperam
2785 2704 3024 2775 ptenam.
3052 2699 3396 2775 Pmnitentia
3434 2702 3629 2775 autem

1982 2770 2088 2831 non
2113 2770 2190 2829 av
2209 2770 2383 2841 corde,
2409 2770 2467 2828 id
2500 2770 2606 2839 est,
2632 2789 2745 2827 non
2767 2770 2835 2828 ex
2864 2771 3088 2844 impetu
3111 2770 3630 2844 quodammentis,

1984 2850 2086 2902 aut
2113 2862 2181 2900 ex
2211 2844 2450 2901 arbitrio
2495 2844 2876 2915 injungenda,
2900 2842 3000 2899 sed
3045 2847 3336 2914 quatenus
3366 2842 3426 2897 in
3460 2843 3631 2897 Libro

1983 2916 2360 2990 pcenitentiali
2395 2915 2718 2990 perscripta
2744 2919 2850 2971 est.

2077 2988 2202 3058 963)
2227 2989 2310 3043 Ita
2332 2985 2466 3042 cu—m
2484 2985 3203 3058 vulgatisuterquecodex
3225 2985 3632 3058 Laudunensis

1983 3062 2040 3115 et
2061 3055 2471 3131 Fris'ingensis,
2487 3055 2720 3131 necnon
2734 3057 2793 3131 in
2812 3055 3055 3131 humilia
3072 3056 3247 3111 Leoni
3265 3055 3627 3131 IV_as_cripta,

1984 3134 2040 3186 et
2070 3131 2127 3184 in
2156 3126 2434 3185 Serinone
2483 3126 2748 3200 synodali
2786 3127 3002 3200 codicis
3029 3127 3374 3200 Augustani.
3396 3128 3469 3181 At
3487 3126 3633 3200 _alia

1982 3201 2432 3267 Admonitionis,
2460 3196 2563 3255 se'u
2613 3199 2908 3254 Sermonis
2952 3196 3250 3269 synod’alis
3279 3196 3633 3269 exemplaria

1986 3273 2239 3329 habent:
2266 3272 2455 3327 Tribus
2484 3270 2813 3341 temporibus
2844 3271 2902 3323 in
2933 3286 3098 3335 anno,
3131 3269 3190 3341 id
3218 3276 3298 3341 est
3335 3270 3397 3322 in
3432 3269 3633 3341 _Natale

1903 3349 1946 3418 (ι
1984 3345 2228 3418 Domini,
2261 3345 2473 3418 Pascite
2504 3346 2564 3418 et
2592 3339 2932 3418 Pentecoste,
2957 3339 3384 3418 etc._SAim_iliter
3428 3339 3490 3418 in
3537 3342 3627 3394 In-

297 3412 446 3489 (960)
466 3412 550 3470 Ei
575 3413 682 3498 hoc
704 3413 828 3470 loco
848 3415 1132 3470 discimus
1140 3413 1457 3498 publicem
1473 3413 1872 3498 paenitentiam
1913 3412 1946 3418 ﬁ
1982 3415 2458 3498 qiiisitioneapud
2503 3412 2865 3498 Itegjn‘onen'i
2887 3428 3051 3495 num.
3207 3413 3399 3498 fribus
3426 3414 3627 3498 tempo-

223 3485 557 3560 eo'quoque
586 3489 848 3560 tempore
890 3502 1008 3558 quo
1044 3485 1258 3560 scripta
1288 3485 1731 3560 fuit/Idmonitio
1763 3485 1875 3539 huc

224 3556 477 3631 inserta,
491 3556 878 3631 eleemosynis
910 3556 1179 3631 potuisse
1213 3556 1439 3631 redimi.
1463 3558 1524 3613 Id
1558 3557 1878 3631 explicatur

225 3630 333 3686 lib.
368 3647 385 3685 ι
415 3627 967 3702 Reginonis,'c.259,
995 3647 1065 3685 ex
1100 3628 1521 3701 Capitularium
1571 3627 1672 3684 lib.
1708 3645 1749 3702 ι,
1786 3627 1873 3702 tit.

224 3702 325 3758 151
354 3718 369 3755 :
399 3702 463 3758 Ut
488 3700 677 3773 nullas
700 3701 983 3773 presbyter
1011 3708 1108 3757 aut
1134 3700 1306 3757 laicus
1335 3702 1711 3773 pwnitenlem_
1728 3701 1876 3756 invi-

222 3777 305 3830 tet
330 3774 525 3828 vinum
555 3771 752 3842 bibere,
775 3771 877 3829 aut
887 3788 1111 3828 carnem
1128 3771 1480 3839 manducare,
1500 3773 1614 3827 nisi
1642 3771 1712 3827 ad
1734 3784 1880 3842 prse-

218 3860 350 3900 sens
378 3860 479 3915 pro
510 3845 626 3915 ipso
654 3859 848 3912 unum,
881 3844 966 3901 vel
992 3844 1127 3900 duos
1162 3844 1418 3900 denarios
1438 3844 1609 3915 juxta
1637 3843 1877 3915 qualita-

221 3924 335 3972 tem
359 3916 694 3987 paenitentia:
725 3915 952 3971 dederit.

298 3984 449 4059 (961)
482 3986 871 4059 Rogationum
893 3987 1190 4059 jejunium
1217 3987 1276 4042 in
1306 3985 1508 4043 Galliis
1541 3984 1878 4059 institutum

220 4055 412 4131 liquet
431 4055 506 4113 ex
533 4055 779 4131 concilio
820 4055 1222 4131 Aurelaniensi
1254 4075 1377 4131 1,70.
1408 4060 1499 4125 27,
1524 4073 1607 4131 ex_
1629 4056 1794 4131 Avito
1820 4055 1880 4110 in

220 4128 498 4203 esi-mone
558 4129 634 4203 de
688 4129 1129 4203 Bogationibus,
1162 4133 1220 4186 et
1276 4129 1378 4185 lib.
1433 4147 1468 4197 I,
1520 4128 1780 4203 epist._7,
1814 4143 1880 4183 ac

220 4200 331 4257 lib.
354 4199 652 4272 vn,epist.
688 4199 1024 4270 14,'necnon
1055 4217 1124 4256 ex
1163 4204 1362 4258 sancto
1394 4199 1666 4271 Gregorio
1698 4200 1880 4272 Turo-

224 4273 422 4337 nensi,
444 4271 546 4327 libi.
571 4289 610 4327 ιι
638 4272 788 4328 Hist.
822 4289 871 4328 c.
901 4273 992 4330 34.
1016 4272 1133 4328 Hoc
1145 4272 1440 4343 jejunium
1468 4275 1601 4342 post
1620 4271 1881 4343 medium

224 4343 643 4401 tantummodo
674 4343 955 4399 saaculum
983 4359 1042 4398 x1
1072 4343 1131 4397 in
1149 4341 1884 4399 Ecclesiam’Mediolanen-

227 4431 359 4495 sem
380 4414 943 4495 inductumeonjicit
956 4414 1490 4495 Muratoriuehtom'.
1503 4413 1579 4495 IV
1589 4413 1880 4495 éntiqu‘it:

228 4485 444 4559 Italic.,
480 4502 612 4559 pag.
644 4486 769 4559 852,
801 4483 1110 4559 propterea
1134 4487 1306 4559 quod
1339 4485 1395 4559 in
1424 4485 1558 4539 Vita
1588 4484 1645 4540 S.
1669 4483 1886 4559 Arialdi

230 4503 444 4554 1tanc.,
480 4503 612 4559 pag.
644 4503 769 4555 eos,
801 4503 1110 4558 propterea
1194 4503 1306 4541 uou
1339 4503 1395 4540 1n
1436 4503 1558 4539 Vita
1588 4503 1645 4540 δ.
1669 4503 1886 4540 Ανιειιαι

230 4558 460 4639 scripta
483 4557 557 4613 ab
581 4558 810 4613 Andrea
830 4557 1114 4613 monacho
1134 4503 1644 4639 aallumbrosano,
1657 4559 1714 4612 et
1736 4554 1889 4611 edita

230 4646 270 4684 ει
298 4627 609 4684 Puricello.
642 4645 691 4684 c.
714 4630 780 4684 21
828 4628 951 4684 hanc
981 4629 1156 4684 verba
1192 4627 1471 4684 leguntur
1503 4645 1516 4683 :
1553 4626 1887 4683 Truluanum

228 4646 270 4686 a
299 4644 609 4701 Puriceuo,
630 4645 691 4701 7c.
714 4644 780 4701 ‘41
828 4644 951 4684 nazc
981 4644 1156 4701 verna
1192 4644 1471 4701 leguntur
1503 4645 1516 4683 :
1556 4644 1887 4701 [menmium

230 4718 365 4757 nam

230 4716 477 4826 nameue
500 4716 643 4756 uiua
682 4716 980 4773 Jejumum,
1008 4716 1149 4772 quoa
1179 4716 1325 4756 mter
1369 4716 1581 4755 sanctos
1628 4716 1741 4753 (ηας
1780 4716 1888 4769 pa-

228 4773 363 4829 scha
390 4788 447 4827 es
491 4779 681 4827 contra
725 4773 1083 4844 antiquorum
1127 4772 1274 4826 dicta
1319 4774 1634 4844 senatorem
1680 4772 1895 4825 naviter

229 4850 314 4900 est
335 4845 538 4912 peragi
564 4842 1216 4912 usitatum,‘vehementer
1245 4843 1512 4898 horrebat.
1545 4842 1661 4896 Nos
1695 4845 1890 4897 autem

231 4912 459 4971 nedum
482 4912 826 4981 Mediolani,
847 4915 950 4970 sed
980 4914 1040 4969 in
1071 4913 1202 4970 aliis
1232 4914 1406 4970 etiam
1435 4912 1642 4969 saltem
1673 4917 1895 4967 nostra-

231 5002 372 5066 rum
406 4985 664 5066 partium
696 4986 943 5066 urbibus
973 4985 1183 5066 seaculo
1225 5002 1456 5066 quoque
1485 4983 1895 5066 decimo'idem

228 5053 536 5130 jejunium
561 5061 854 5130 receptum
880 5074 994 5130 non
1017 5074 1086 5114 ex
1107 5056 1216 5113 hoc
1236 5053 1466 5112 tantum
1498 5053 1759 5130 Ratherii
1782 5059 1896 5130 tes-

236 5126 514 5209 timonio,
547 5126 1015 5209 sedpraiscrtim
1046 5145 1114 5184 ex
1156 5144 1423 5209 sermone
1466 5127 1660 5209 primo
1693 5126 1762 5209 de
1791 5126 1894 5180 As-

239 5198 525 5256 censione
541 5197 893 5272 colligimus.
910 5200 1111 5272 Solum
1128 5203 1366 5272 sanctus
1385 5197 1656 5272 Arialdus
1675 5197 1897 5272 rituum

241 5272 524 5327 Romanis
552 5268 820 5326 Ecclésite
851 5271 1323 5327 studiosissimus
1356 5270 1463 5324 hoc
1496 5268 1794 5340 jejunium
1827 5269 1898 5324 ab

241 5342 451 5423 eadem
474 5341 729 5423 Ecclesia
756 5360 873 5399 non
896 5347 1213 5423 receptum,
1236 5346 1295 5397 et
1317 5339 1571 5423 alienum
1597 5339 1835 5423 quidem
1869 5357 1902 5394 a

240 5413 426 5487 veteri
459 5412 790 5487 disciplina,
826 5431 942 5487 qua
971 5411 1584 5487 diebus'paschalibus
1605 5411 1900 5487 jejunium

242 5485 576 5557 vetabatur,
601 5482 755 5557 apud
799 5482 938 5541 suos
985 5482 1452 5557 Mediolanenses
1496 5482 1777 5557 usitatum
1820 5482 1902 5536 vi-

247 5556 400 5611 dens
443 5550 760 5626 exherruit,
793 5573 857 5612 ac
889 5556 1160 5613 novitatis
1193 5555 1503 5612 accusavit.
1528 5554 1674 5609 Hinc
1707 5557 1903 5609 autem

247 5643 389 5683 cum
421 5627 688 5683 Romana
722 5627 978 5689 Ecclesia
1008 5628 1184 5684 hocce
1208 5626 1498 5699 jejuoium
1530 5643 1644 5680 non
1696 5641 1904 5750 appro-

247 5698 501 5750 baverit.
524 5698 715 5750 aliena
744 5700 997 5750 nrofectn
1028 5717 1063 5750 (ι
1087 5700 1275 5750 Leone
1297 5698 1370 5750 IV
1395 5696 1759 5750 convincitur
1810 5714 1904 5750 au-

246 5698 501 5773 haverit,
524 5698 715 5773 aliena
743 5700 1009 5773 profecto
1028 5717 1063 5754 a
1087 5696 1370 5773 LeoneIV
1395 5696 1759 5773 convincitur
1774 5696 1907 5752 lau-

249 5770 392 5843 data
422 5769 639 5842 saepius
660 5768 907 5829 hoinilia
926 5772 1114 5829 eidem
1141 5770 1440 5838 attributa,
1463 5785 1591 5842 quae
1614 5768 1763 5825 hanc
1784 5786 1910 5842 par-

252 5839 500 5906 ticulam
531 5841 785 5899 exhibet.

303 5858 500 5899 cuiam
531 5858 785 5899 BXDIDBI.

1980 3481 2138 3543 ribus
2166 3488 2322 3553 anni,
2342 3481 2414 3541 'id
2459 3489 2537 3540 est
2583 3481 2778 3540 Natale
2816 3485 3056 3552 Domini,
3086 3481 3298 3539 Pascha
3342 3488 3394 3539 et
3436 3481 3630 3538 Pente-

1983 3562 2141 3615 coste.
2176 3558 2304 3613 Haec
2334 3557 2447 3612 tria
2483 3560 2712 3611 tantum
2756 3559 3021 3625 tempera
3065 3554 3524 3625 praescribuntur
3568 3552 3627 3607 in

1985 3629 2229 3686 concilio
2267 3626 2583 3699 Agathensi
2629 3626 2765 3681 anni
2809 3624 2934 3699 596,
2967 3642 3016 3681 c.
3052 3624 3139 3699 18,
3173 3629 3229 3699 et
3257 3624 3433 3699 librum
3465 3624 3629 3699 Capi-

1984 3700 2264 3757 tularium
2299 3696 2347 3755 (ιῖ
2381 3701 2469 3754 45.
2497 3699 2676 3754 Jonas
2703 3696 3138 3753 Aurelianensis
3168 3697 3311 3751 dum
3342 3696 3442 3752 lib.
3477 3713 3538 3762 ιι,
3563 3696 3633 3751 de

1988 3771 2357 3828 Institutione
2406 3768 2597 3826 laicali
2628 3785 2677 3824 c.
2710 3771 2796 3838 18,
2831 3768 3139 3840 plerosque
3173 3768 3360 3823 tribus
3404 3770 3632 3840 tantum

1990 3785 2357 3828 Institutione
2407 3785 2597 3826 laicali
2628 3785 2677 3824 c.
2710 3785 3139 3893 16,(p1erosque
3173 3785 3360 3823 mnus
3404 3785 3632 3822 tantum

1989 3844 2154 3899 festis
2185 3842 2373 3915 magis
2422 3859 2489 3898 ex
2526 3844 2804 3897 consuetu
2854 3841 3169 3915 i_n_e,quam
3219 3854 3289 3915 ei;
3335 3838 3637 3915 devotione

1988 3910 2463 3996 communionem
2493 3928 2725 3996 sumere
2764 3911 2963 3980 tradit,
2987 3910 3190 3966 eadem
3220 3910 3334 3996 tria
3374 3914 3639 3996 tempera

1990 3985 2244 4058 respicit.
2268 3986 2526 4050 Quatuor
2559 3988 2756 4040 autem
2787 3989 3115 4054 temporum
3139 3982 3495 4036 mentionem
3525 3982 3638 4036 Ra-

1988 4057 2214 4114 therius
2245 4056 2538 4112 derivassc
2565 4054 2796 4109 videtur
2825 4069 2893 4107 ex
2922 4052 3116 4124 aliquo
3143 4051 3441 4124 Sermonis
3472 4068 3640 4124 syno-

1990 4129 2139 4184 dalis
2169 4127 2431 4194 exemplo
2460 4125 2545 4180 illi
2597 4124 2795 4189 simili,
2831 4139 2900 4178 ex
2930 4120 3045 4194 quo
3076 4123 3278 4194 eadem
3330 4120 3548 4176 mentio
3579 4120 3636 4176 in

1989 4199 2295 4256 homiliam
2329 4192 2501 4252 Leoni
2536 4195 2609 4250 IV
2641 4192 2983 4250 attributam
3014 4192 3301 4249 transivit.

2063 4271 2397 4343 (964iliunc
2440 4269 2632 4322 locum
2674 4264 3256 4343 explieatjnqaisitio
3277 4263 3431 4343 apud
3465 4262 3641 4334 Regi-

1992 4333 2205 4397 nonem
2266 4341 2364 4395 lib.
2401 4357 2436 4408 ι,
2468 4353 2633 4393 num.
2665 4333 2781 4392 61':
2815 4336 2876 4391 Si
2911 4336 2976 4391 de
3030 4333 3414 4408 oblationibus,
3446 4333 3573 4406 quae
3607 4351 3641 4388 (ι

1987 4413 2189 4486 populo
2221 4405 2536 4486 offeruntur
2549 4409 2637 4463 die
2658 4409 2935 4486 Dominico
2965 4414 3017 4486 et
3041 4408 3105 4486 in.
3133 4405 3333 4486 diebus
3344 4405 3522 4486 festis,
3544 4420 3641 4459 erc-

2032 4476 2137 4540 leta
2164 4476 2333 4538 missa
2353 4481 2596 4549 eulogias
2616 4479 2766 4550 plebi
2787 4479 3011 4534 tribuat.
3035 4476 3269 4550 Clarius
3290 4476 3640 4550 Hincmarus

2032 4501 2137 4540 leta
2164 4501 2333 4538 missa
2353 4501 2596 4549 eutogzas
2616 4501 2763 4550 ptem
2787 4501 3011 4534 ινιυῑιίιι.
3035 4501 3260 4534 unauus
3291 4501 3640 4531 nmmum-us

1990 4501 2343 4611 ﬁhemensis
2370 4553 2427 4606 in
2459 4550 2742 4621 Capitulis
2772 4551 2844 4605 ad
2876 4566 2995 4605 suae
3038 4546 3323 4621 parochias
3347 4548 3640 4621 presbyte-

1998 4643 2093 4682 ros
2114 4627 2256 4681 c.7:
2285 4627 2346 4681 Ut
2391 4624 2457 4679 de
2502 4619 2718 4689 oblatis,
2742 4637 2867 4694 quae
2886 4619 3197 4694 offerantur
3241 4637 3277 4675 a
3320 4619 3542 4694 populo,
3591 4624 3643 4673 et

406 4716 477 4756 ue
500 4691 643 4756 illud
682 4700 980 4791 jejuiiium,
1008 4699 1161 4791 quod)
1369 4706 1581 4791 satiatos
1628 4698 1741 4753 dies
1780 4715 1888 4781 ρει·
1920 4725 1967 4791 D
1996 4697 2727 4791 eco'ns'eeraﬁioni'supersant',
2751 4691 3209 4791 'vel‘de‘panibas,
3237 4708 3368 4791 quo}:
3397 4691 3646 4791 deferunt

1997 4770 2179 4840 ﬁdeles
2208 4767 2277 4824 ad
2305 4767 2606 4840 ecclesiam,
2632 4766 2713 4819 vel
2760 4768 2900 4840 certe
2947 4764 3011 4819 de
3051 4765 3167 4840 suis
3211 4764 3643 4840 presbyter_con_—

1998 4834 2269 4897 venientes
2294 4845 2477 4910 partes
2507 4838 2701 4910 habeat
2749 4838 2806 4890 in
2844 4851 2974 4910 vase
3003 4836 3179 4910 nitido
3206 4834 3256 4890 et
3285 4834 3643 4910 convenienti,

2004 4921 2064 4968 ut
2105 4920 2223 4984 post
2268 4908 2563 4984 missarum
2610 4908 2904 4984 solemnia,
2937 4909 3052 4984 q_ui_
3070 4908 3482 4984 communit-are
3526 4920 3647 4984 non

2002 4975 2226 5055 fuerunt
2281 4979 2780 5055 paratitealogios
2825 4975 2976 5055 omni
3019 4978 3455 5055 dz'e_Domi1_zico,
3486 4978 3537 5055 et
3580 4975 3650 5055 in

2004 5044 2191 5110 diebus
2218 5044 2370 5123 festis
2418 5044 2616 5106 exinde
2660 5044 2954 5123 accipiant,
2987 5054 3037 5104 et
3067 5050 3192 5123 illa,
3221 5046 3363 5123 uade
3409 5044 3650 5123 eulogias

2001 5116 2285 5198 presbyter
2311 5123 2544 5198 daturus
2568 5128 2671 5198 est,
2690 5116 2817 5175 ante
2831 5121 2904 5198 in.
2934 5120 3051 5198 lisse
3078 5119 3241 5198 verba
3269 5116 3566 5198 benedicgt,
3599 5118 3653 5168 et

2004 5184 2084 5252 Sic
2133 5184 2430 5266 abeepturis
2487 5184 2798 5266 distribuat.
2828 5190 3057 5246 Similia
3112 5190 3287 5245 habet
3341 5184 3652 5243 concilium

2005 5265 2394 5331 Nannetensc,
2429 5283 2478 5319 c.
2508 5265 2564 5318 9.
3498 5305 3502 5312 .

2080 5340 2228 5407 (965)
2258 5327 2449 5393 Verba
2490 5335 2679 5390 nullus
2708 5336 2827 5407 sine
2853 5333 3012 5407 stola
3057 5333 3113 5387 in
3163 5332 3370 5407 itinere
3395 5327 3653 5407 _incedat,

2011 5401 2138 5482 quae
2168 5401 2237 5482 ei;
2267 5426 2377 5465 ms.
2399 5405 2956 5482 Laudunensiedita
2978 5404 3231 5482 fuerunt,
3250 5401 3659 5482 desiderantur

2012 5472 2127 5537 non
2160 5481 2349 5535 solum
2398 5479 2455 5533 in
2502 5495 2612 5533 ms.
2648 5475 3006 5537 Frisingensi
3050 5472 3424 5537 Ratheriano,
3454 5489 3657 5528 verum

2015 5554 2186 5610 etiam
2219 5553 2277 5606 in
2329 5548 2573 5605 homilia
2605 5548 2777 5604 Leoni
2812 5542 2885 5602 1V
2914 5546 3214 5602 attributa.
3246 5545 3352 5600 Sed
3413 5543 3471 5598 in
3528 5542 3660 5598 aliis

2014 5623 2442 5696 exemplaribus
2472 5621 2747 5696 Salmonis
2787 5619 3065 5696 synpdalis
3101 5615 3577 5696 _1eguntur,_eicut
3606 5617 3663 5668 ot

2016 5697 2075 5752 in
2105 5688 2465 5767 Inquisitione
2494 5708 2528 5747 a
2549 5688 2842 5767 Reginone
2861 5688 3192 5767 descripta}
3218 5690 3278 5744 in
3318 5688 3533 5760 quibus
3562 5701 3662 5740 so-

2016 5768 2141 5824 lum
2180 5761 2446 5833 additur,
2486 5764 2569 5820 vel
2616 5761 2821 5827 drario,
2854 5763 3010 5834 quod
3060 5761 3227 5834 stola;
3271 5770 3661 5834 synonymum

2019 5843 2126 5896 est.
2161 5838 2291 5895 Haec
2316 5830 2439 5894 erat
2468 5834 2850 5893 sacerdotalis
2870 5830 3186 5907 dignitatis
3216 5830 3518 5888 indicium.
