4056 6378
557 345 676 415 375

1476 346 1850 412 RATHERII
1898 345 2143 412 EPISC.
2188 348 2479 414 VERON.
2526 351 2699 415 OPP.
2746 350 2945 416 PARS
2989 352 3038 415 Ι.

3854 351 3962 423 576

556 504 672 546 non
704 503 888 545 cesso.
920 486 1127 545 Utrum
1157 499 1290 542 vero
1320 482 1393 539 ab
1422 481 1496 540 iis
1525 500 1753 540 cessare
1798 482 2036 556 penitus
2065 487 2199 540 ante
2225 485 2282 553 Α
2313 490 2378 540 ut
2407 485 2662 560 reliquos
2691 491 2933 559 taceam,
2966 487 3038 544 de
3089 501 3205 560 quo
3251 481 3574 560 Apostolus
3613 483 3781 555 dicit,
3815 484 3959 544 vide-

553 577 872 637 terminum
923 576 1127 633 datum
1176 572 1254 631 sit
1295 573 1445 640 vitae,
1480 572 1662 630 fateor
1692 589 1785 629 me
1835 570 1996 629 nullo
2027 572 2200 629 modo

2310 577 2434 631 tur:
2463 576 2569 633 Hoc
2595 580 2781 633 autem
2806 579 2994 635 scitote
3023 576 3387 647 intelligentes
3433 573 3583 649 quod
3636 576 3819 632 omnis
3860 576 3960 648 for-

553 670 722 727 seire.
752 668 942 725 Conor
969 666 1123 723 enim
1157 662 1472 732 meliorari,
1516 666 1575 719 et
1622 662 1853 731 vincor;
1888 661 2111 731 laboro,
2145 665 2203 718 et
2308 666 2539 735 nicator,
2572 672 2667 723 aut
2705 667 3158 735 immundus,aut
3176 682 3395 732 avarus,
3422 664 3674 739 quodest
3700 664 3959 722 idolorum

551 757 756 815 deﬁcio
777 775 792 828 ;
816 773 1014 830 surgo,
1037 759 1093 812 et
1110 753 1363 821 relabor;
1386 769 1689 824 nunquam
1715 751 1773 807 in
1792 751 1928 808 boni
1950 750 2199 823 alicujus

550 850 708 905 statu
741 862 1071 920 permaneo.
1098 844 1276 915 (1010)
1303 842 1485 898 Usum
1502 842 1656 898 enim
1682 859 1751 896 ex
1771 840 1990 897 vomitu
2014 840 2196 912 canis,

552 937 795 1008 suisque
819 954 887 992 ex
918 931 1267 989 volutatione
1290 932 1458 1003 (Petr.
1482 930 1644 1002 u,22)
1674 929 1872 985 infelix
1902 930 2197 1002 miserque

549 1026 947 1098 frequentans,
969 1027 1025 1077 et
1056 1022 1164 1077 hac
1192 1038 1285 1076 me
1318 1019 1856 1087 solummodo,dum
1891 1036 2004 1075 non
2037 1018 2193 1075 aliud

547 1113 803 1170 invenire
823 1111 1004 1178 valeo,
1027 1110 1313 1168 sententia
1344 1125 1631 1175 recreans,
1655 1109 1895 1180 despero
1926 1124 2193 1180 sperans,

546 1221 715 1276 spero
756 1203 1096 1275 desperans,
1151 1200 1267 1255 ﬁdo
1298 1199 1593 1267 difﬁdens,
1625 1197 1827 1253 diffide
1871 1198 2190 1252 conﬁdens.

545 1293 821 1350 Universa
854 1290 1090 1364 quippe,
1126 1306 1252 1361 quae
1293 1287 1577 1344 Dominus
1626 1286 1914 1359 promisit,
1965 1286 2192 1342 conﬁdo

542 1398 678 1438 eum
709 1381 984 1437 daturum
1011 1396 1025 1447 ;
1054 1378 1154 1434 sed
1188 1377 1392 1433 difﬁde
1422 1392 1514 1431 me
1543 1374 1788 1430 inveniri
1823 1390 2013 1447 posse,
2066 1391 2192 1446 pro-

541 1471 727 1528 missa
747 1468 839 1525 cui
860 1467 1137 1535 conferat,
1164 1465 1429 1538 dignum.
1453 1463 1697 1520 Veniam
1729 1480 1860 1519 vero
1891 1479 2024 1518 cum
2046 1461 2191 1518 nulli

540 1560 845 1634 promittat
866 1556 979 1613 nisi
1001 1570 1306 1622 converso;
1339 1551 1840 1609 inconvertibilem
1881 1552 2021 1607 dum
2074 1569 2191 1607 me-

540 1652 663 1705 met
694 1645 931 1720 aspicio,
966 1661 1081 1699 non
1112 1643 1183 1699 de
1211 1642 1340 1714 ejus
1372 1640 1745 1698 miseratione
1788 1642 2050 1713 despero,
2087 1641 2187 1696 sed

540 1738 614 1794 de
637 1734 1021 1792 obduratione
1043 1749 1171 1788 mea
1191 1748 1454 1805 pavesco.
1475 1732 1543 1786 Et
1565 1730 1704 1803 quid
1727 1730 1980 1802 amplius
1996 1731 2024 1786 ‘?
2044 1730 2185 1786 0dio

540 1842 637 1883 me
668 1824 855 1897 magis
886 1823 1130 1895 dignum
1153 1838 1329 1894 quam
1354 1837 1549 1893 amore
1571 1824 1626 1875 et
1657 1819 1776 1876 scio
1799 1823 1856 1875 et
1876 1820 2183 1888 conﬁteor;

541 1915 592 1971 si
621 1913 775 1981 talis,
808 1910 999 1983 qualis
1029 1926 1161 1965 sum
1210 1908 1403 1976 modo,
1437 1907 1740 1981 defungor.
1778 1907 2022 1980 Defungi
2052 1924 2185 1963 vero

539 2004 717 2062 talem
749 2002 797 2059 si
830 2000 1187 2057 destinatum
1217 1997 1293 2054 sit
1323 1997 1489 2067 mihi,
1523 1996 1683 2053 nullo
1706 1998 1877 2053 modo
1909 1998 2050 2054 scio.
2086 2002 2181 2054 De-

539 2094 775 2151 functus
806 2107 938 2146 vero
959 2088 1094 2145 talis
1124 2088 1173 2144 si
1202 2088 1385 2154 fuero,
1419 2087 1491 2143 de
1520 2085 1844 2159 perditione
1870 2104 2001 2143 mea
2022 2087 2187 2143 certi-

536 2180 698 2237 ﬁcari
728 2181 974 2236 cunctos
1004 2193 1176 2250 posse
1204 2192 1320 2232 non
1354 2191 1520 2248 nego.

604 2274 659 2327 2.
705 2268 941 2326 Soleant
997 2283 1132 2322 vero
1181 2265 1325 2321 dum
1377 2263 1576 2338 plures
1629 2265 2063 2321 conversionem
2124 2265 2183 2320 in

532 2359 712 2415 ﬁnem
741 2357 870 2413 vitae
898 2352 1157 2423 differre;
1190 2370 1325 2410 cum
1348 2352 1650 2427 repentina
1670 2353 1931 2409 inﬁnitos
1950 2353 2183 2426 rapiens

534 2465 717 2516 mors,
746 2446 962 2503 nedum
984 2442 1223 2512 multos,
1239 2441 1471 2515 penitus
1489 2442 1663 2498 faciat
1678 2441 2050 2499 insensibiles
2062 2460 2182 2512 eos;

537 2538 610 2593 de
638 2535 756 2592 illis
779 2534 922 2608 quid
944 2533 1194 2591 sentiam
1224 2530 1521 2600 haesitans,
1546 2532 1617 2587 de
1639 2547 1751 2598 me,
1778 2531 1829 2586 si
1860 2530 2003 2587 illud
2035 2532 2182 2587 mihi

534 2625 918 2698 contingeret,
952 2639 1085 2679 sum
1116 2636 1264 2694 pene
1289 2621 1627 2693 desperans.
1661 2619 1910 2687 Quidam
1940 2620 2095 2677 enim
2121 2622 2181 2678 in

534 2711 833 2789 grabbatis
867 2716 980 2769 Deo
1010 2709 1268 2785 plurima
1299 2709 1717 2782 promiserunt,
1750 2728 1876 2782 quae
1917 2711 2179 2767 convale-

533 2807 759 2861 scentes
776 2800 1018 2858 minime
1039 2799 1432 2856 attenderuut.
1452 2797 1599 2863 Quid
1617 2797 1796 2871 igitur
1817 2815 1950 2855 cum
1974 2817 2180 2856 rursus

532 2890 913 2949 ceciderunt?
943 2889 1004 2946 Si
1035 2907 1150 2946 non
1192 2887 1604 2961 promiserant,
1656 2888 1869 2944 iterum
1903 2888 2179 2962 despera-

530 2982 688 3038 tione
709 2980 953 3054 periisse
970 2978 1330 3052 putabantur
1348 2976 1506 3033 haud
1528 2992 1862 3050 perperam;
1895 2977 1945 3034 si
1970 2978 2181 3050 promi-

530 3069 734 3138 serint,
765 3072 824 3126 et
851 3067 1065 3125 iterum
1086 3063 1557 3123 convalescentes
1585 3065 1822 3121 fuerunt
1845 3067 2176 3137 mendaces,

530 3159 672 3234 quid
692 3157 898 3215 facturi
930 3160 1133 3231 postea
1153 3155 1299 3212 tales
1321 3155 1349 3210 ‘I
1371 3154 1518 3221 Quid
1533 3155 1561 3210 ?
1588 3153 1688 3211 Dei
1709 3154 1792 3211 eis
1824 3155 2009 3228 pietas
2039 3156 2177 3213 insi-

530 3253 687 3306 nuet.
708 3247 870 3315 Quod
894 3245 1038 3302 mihi
1060 3250 1256 3301 tamen
1273 3244 1522 3312 videtur,
1551 3243 1689 3317 quia
1708 3243 1938 3299 etiamsi
1963 3244 2177 3302 millies

528 3339 640 3395 hoc
665 3338 750 3394 eis
767 3334 1069 3407 contingat
1086 3333 1369 3390 instinctu
1392 3332 1679 3389 diabolica
1695 3349 1894 3405 agere;
1913 3336 2002 3389 est
2020 3335 2177 3406 quod

530 3442 648 3482 non
702 3424 833 3481 ideo
890 3424 962 3479 de
990 3423 1202 3495 pietate
1263 3422 1491 3479 Domini
1552 3421 1802 3477 debeant
1847 3422 2179 3494 desperare,

529 3512 799 3587 quamvis
828 3513 887 3567 in
910 3514 1031 3567 tam
1054 3510 1429 3566 instabilibus
1452 3510 1758 3582 promissis
1780 3512 1932 3568 438
1957 3511 2177 3567 nullam

527 3601 759 3676 possint
787 3599 1063 3656 fiduciam
1095 3598 1327 3655 habere.
1361 3599 1557 3656 Nescit
1585 3599 1741 3655 enim
1774 3599 1950 3655 homo
1980 3603 2177 3657 utrum

530 3689 685 3755 odio,
719 3707 793 3745 an
846 3704 1042 3744 amore
1099 3687 1175 3743 sit
1205 3687 1420 3760 dignus
1479 3686 1713 3744 futurus
1766 3688 1958 3761 (Eccle.
2011 3706 2088 3756 1x,
2123 3688 2177 3761 Ι)

529 3777 799 3854 quamvis
850 3778 1092 3844 noverit,
1128 3777 1280 3848 quod
1335 3776 1777 3849 praesentialiter
1823 3777 1900 3833 sit
1928 3777 2059 3833 odio
2091 3778 2179 3833 di-

529 3885 705 3944 gnus,
730 3867 958 3924 dicente
988 3866 1306 3938 Scriptura,
1341 3866 1620 3938 quoniam
1652 3867 2021 3939 omnipotens
2046 3867 2177 3924 odio

529 3957 707 4014 habet
736 3959 1089 4030 peccatores,
1123 3960 1179 4011 et
1208 3954 1485 4011 misertus
1515 3958 1605 4010 est
1642 3954 1823 4027 justis
1855 3956 2043 4028 (Eccli.
2076 3974 2176 4028 xu,

526 4046 605 4120 3).
636 4047 762 4102 Non
811 4046 969 4102 enim
1014 4044 1184 4101 aliter
1203 4045 1352 4116 justi
1381 4061 1452 4100 ex
1480 4044 1883 4116 peccatoribus
1913 4049 2181 4117 poterant

528 4134 677 4204 ﬁeri,
701 4135 812 4191 nisi
835 4133 1235 4191 misericordia
1251 4132 1351 4189 Dei
1370 4132 1666 4206 praeventi,
1692 4132 1938 4188 fuissent
1958 4150 1993 4189 a
2023 4132 2178 4190 malo

527 4226 599 4283 ad
621 4225 843 4281 bonum
864 4222 1149 4291 conversi,
1176 4238 1363 4294 neque
1402 4220 1486 4276 illi
1511 4220 1681 4276 aliter
1710 4221 1769 4276 in
1791 4222 2044 4294 peccatis
2073 4223 2178 4277 du-

527 4314 835 4382 ravissent,
850 4312 963 4369 nisi
971 4313 995 4383 j
1008 4310 1208 4367 ustitia
1227 4310 1328 4366 Dei
1343 4310 1453 4366 obd
1464 4309 1619 4364 urari
1631 4309 1891 4381 potuisse
1905 4311 2177 4382 permissi

528 4403 811 4471 fuissent;
842 4401 997 4457 unde
1028 4403 1086 4455 et
1114 4401 1186 4455 de
1213 4399 1430 4455 talibus
1462 4397 1840 4455 formidolosa
1859 4397 1961 4455 illa
1991 4404 2079 4456 est
2098 4400 2180 4456 di-

528 4490 712 4548 centis
760 4489 1084 4546 sententia:
1134 4488 1194 4543 Si
1219 4487 1548 4543 concluserit
1584 4488 1846 4542 Dominus
1876 4489 2175 4561 hominem,

2306 756 2562 824 servitus,
2593 772 2703 813 non
2752 757 2911 812 habet
2956 755 3333 814 haereditatem
3368 757 3430 811 in
3460 770 3634 826 regno
3669 752 3874 809 Christi
3912 759 3958 811 et

2305 845 2406 899 Dei
2419 848 2445 897 .9
2474 846 2685 916 (Ephes.
2710 862 2764 913 v,
2788 846 2867 916 5.)
2889 845 3035 901 Cum
3057 862 3190 901 vero
3207 842 3679 900 innumerabiles
3701 860 3735 899 a
3755 842 3957 900 talibus

2306 932 2568 988 conversi
2600 937 2833 990 cessent
2861 950 2991 991 esse
3012 933 3413 1001 fornicatores,
3439 932 3764 1001 immundi,
3787 933 3953 1001 avari,

2305 1019 2583 1077 nimirum
2612 1023 2683 1078 de
2722 1022 3202 1095 permanentibus
3234 1021 3292 1077 in
3334 1021 3689 1094 hujusmodi
3738 1021 3845 1077 hoc
3874 1021 3952 1077 di-

2304 1114 2464 1165 ctum
2496 1111 2671 1167 claret
2703 1110 3041 1167 sceleribus.
3097 1112 3403 1187 Permanet
3444 1128 3585 1167 vero
3617 1110 3676 1165 in
3727 1110 3949 1180 scelere,

2303 1198 2405 1270 qui
2436 1216 2745 1272 quousque
2774 1203 2876 1256 aut
2911 1204 3071 1268 aetas,
3104 1204 3207 1255 aut
3236 1200 3458 1256 sanitas
3489 1199 3544 1255 ei
3577 1198 3945 1271 suffragatur,

2302 1291 2368 1343 ut
2397 1287 2583 1360 possit
2610 1288 2751 1345 illud
2787 1294 3037 1362 patrare,
3062 1306 3178 1345 non
3222 1288 3469 1345 dimittit
3507 1287 3661 1345 illud
3690 1288 3947 1344 commit-

2301 1379 2422 1433 tere
2446 1395 2459 1433 :
2494 1381 2596 1434 aut
2627 1378 2675 1434 si
2699 1378 2966 1447 dimittit,
2995 1396 3106 1434 non
3132 1378 3330 1434 studet
3349 1376 3494 1434 illud
3518 1376 3859 1450 pmnitendo
3877 1377 3950 1432 di-

2299 1465 2478 1523 luere.
2505 1466 2687 1539 Cujus
2708 1470 2906 1524 autem
2928 1467 3181 1535 senium,
3196 1471 3301 1523 aut
3318 1466 3643 1522 infirmitas
3666 1464 3949 1523 interdicit

2299 1554 2445 1611 illud
2476 1556 2725 1623 efficere,
2750 1573 2867 1612 non
2891 1554 3083 1612 scelus
3109 1554 3248 1624 illle,
3272 1557 3374 1613 sed
3406 1554 3584 1611 illum
3614 1553 3808 1612 scelus
3829 1571 3950 1611 con-

2296 1643 2550 1701 vincitur
2584 1644 2893 1718 reliquisse
2917 1663 2931 1714 ;
2956 1662 3021 1702 ac
3051 1661 3154 1718 per
3172 1644 3282 1701 hoc
3304 1661 3492 1717 neque
3514 1660 3759 1701 cessans
3784 1660 3820 1700 a
3840 1642 3945 1699 for-

2297 1733 2585 1791 nicatione
2617 1734 2834 1790 desinit
2872 1732 3005 1807 quis
3036 1732 3353 1789 fornicator
3378 1749 3531 1803 esse,
3566 1731 3621 1789 si
3648 1749 3945 1806 quousque

2295 1827 2486 1896 potest
2523 1841 2639 1881 non
2680 1823 2896 1880 desinit
2922 1822 3218 1892 fornicari,
3252 1826 3309 1879 et
3340 1820 3789 1879 fornicationem
3820 1821 3940 1878 reli-

2294 1916 2447 1969 ctam
2456 1913 2725 1986 jejuniis,
2751 1912 3156 1986 elcemosynis,
3183 1915 3238 1968 et
3261 1910 3611 1985 lacrymosis
3632 1910 3940 1984 gemitibus

2294 2019 2410 2058 non
2441 2003 2639 2059 studet
2670 2003 2972 2059 mundare.
3005 2001 3147 2057 Cum
3185 2000 3363 2074 igitur
3391 1999 3651 2074 legimus
3670 1998 3757 2056 vel
3790 2000 3939 2056 audi-

2294 2108 2429 2147 mus
2453 2108 2466 2146 :
2500 2093 2679 2148 Nescit
2707 2092 2864 2147 homo
2893 2099 3078 2147 utrum
3104 2089 3248 2158 odio,
3279 2106 3353 2144 an
3390 2105 3581 2146 amore
3624 2089 3825 2159 dignus
3849 2090 3934 2156 sit,

2294 2180 2407 2236 nisi
2440 2182 2662 2252 futurus
2692 2178 3228 2252 subintelligamus,
3262 2180 3327 2233 ut
3351 2177 3429 2233 sit
3457 2176 3670 2250 utique
3716 2193 3932 2244 sensus,

2294 2270 2450 2342 quod
2484 2267 2706 2325 nesciat
2726 2266 2940 2341 aliquis
2962 2268 3033 2324 de
3067 2265 3283 2339 aliquo,
3307 2270 3506 2322 utrum
3531 2265 3612 2321 sit
3631 2265 3684 2321 ei
3715 2282 3935 2322 conces-

2294 2376 2428 2415 sum
2459 2362 2592 2415 ante
2624 2361 2872 2414 mortem
2896 2354 3171 2425 converti,
3205 2372 3280 2412 an
3303 2356 3364 2410 in
3390 2355 3653 2428 peccatis
3676 2370 3859 2427 usque
3881 2353 3933 2409 in

2292 2449 2469 2504 ﬁnem
2502 2465 2619 2504 suae
2651 2447 2920 2503 sanitatis
2966 2447 3217 2513 durare;
3249 2444 3435 2501 fateor
3481 2460 3580 2500 me
3628 2444 3783 2517 quod
3811 2442 3935 2500 velit

2291 2541 2573 2604 astruere,
2606 2536 2842 2608 penitus
2872 2535 3159 2608 ignorare.

2362 2628 2416 2681 4.
2448 2624 2722 2690 Quamvis
2755 2641 2871 2680 non
2908 2623 3362 2697 desperandum,
3395 2623 3557 2695 quod
3588 2622 3764 2680 etiam
3815 2621 3931 2695 ipsa

2288 2715 2601 2771 inﬁrmitas
2619 2714 2690 2770 ab
2713 2712 2994 2770 anteactis
3016 2711 3337 2785 quemlibet
3358 2711 3616 2786 peccatis
3638 2710 3926 2777 emaculet,

2289 2805 2338 2862 si
2368 2808 2564 2860 tamen
2596 2807 2897 2876 gratanter
2945 2802 3119 2858 fuerit
3148 2805 3400 2875 recepta,
3432 2802 3593 2875 quod
3641 2805 3833 2858 tamen
3862 2802 3925 2856 de

2286 2893 2513 2968 prolixa
2540 2893 2665 2949 ﬁeri
2695 2891 2947 2948 arbitror
2975 2889 3318 2964 aegritudine
3364 2894 3625 2958 tantum,
3656 2889 3926 2964 patienter

2285 2987 2503 3052 tamen,
2523 2986 2607 3051 ut,
2640 2981 2779 3051 dixi,
2812 2980 3060 3054 perlata:
3094 2979 3281 3037 levius
3301 2978 3437 3037 licet
3466 2980 3782 3037 concinens
3810 2976 3923 3035 tali~

2289 3081 2371 3131 ter
2399 3071 2670 3129 senserit.

2410 3179 2476 3230 Et
2500 3178 2736 3228 vindicta
2762 3176 2943 3227 brevis
2969 3175 3056 3225 hic
3083 3176 3241 3226 noxia
3268 3176 3491 3226 crimina
3525 3176 3665 3236 ﬁnit,

2474 3244 2547 3292 Ne
2577 3242 2692 3291 sine
2723 3240 2828 3289 fine
2858 3239 3053 3288 habeat
3082 3239 3260 3289 debita
3288 3253 3452 3303 pcena
3479 3253 3603 3289 reos

2286 3341 2454 3399 Solos
2483 3357 2637 3409 vero,
2679 3337 2760 3394 ait
2807 3337 3141 3410 Gregorius,
3193 3335 3539 3410 temporalia
3587 3334 3811 3410 flagella
3856 3334 3920 3388 ab

2288 3430 2518 3487 aeternis
2570 3427 2841 3495 liberant,
2893 3442 3043 3498 quos
3072 3426 3407 3481 immutant.
3443 3426 3632 3498 (1011)
3661 3425 3789 3481 Haec
3817 3422 3921 3478 duo

2288 3520 2508 3592 itaque,
2534 3518 2590 3572 id
2608 3519 2719 3585 est,
2746 3518 2849 3571 aut
2878 3514 3316 3571 conversionem
3347 3513 3670 3580 salubrem,
3702 3516 3800 3569 aut
3829 3512 3921 3566 ﬂa-

2286 3607 2572 3682 gellorum
2588 3604 2690 3662 Dei
2707 3603 3074 3677 suffragium,
3089 3603 3229 3659 dum
3248 3603 3549 3659 sententiae
3575 3601 3657 3659 illi
3681 3600 3918 3665 innixus,

2287 3712 2405 3767 qua
2435 3693 2684 3750 dicitur:
2716 3693 2893 3747 Nescit
2920 3692 3098 3760 homo,
3128 3699 3316 3747 utrum
3352 3690 3494 3758 odio,
3526 3707 3604 3746 an
3631 3704 3809 3747 amore
3834 3688 3917 3755 sit,

2285 3784 2504 3853 dignus,
2550 3784 2826 3853 expecto;
2880 3780 2930 3837 si
2986 3781 3058 3835 de
3106 3780 3296 3849 tertio,
3351 3779 3680 3851 perditione
3732 3776 3918 3849 utique

2286 3873 2633 3939 certissima,
2659 3873 2968 3941 suspectus
2999 3873 3057 3924 et
3080 3886 3297 3942 pavens
3318 3886 3433 3924 non
3465 3871 3622 3926 434
3643 3871 3819 3935 exsto;
3843 3866 3917 3920 in-

2287 3962 2482 4020 sanire
2512 3977 2606 4015 me
2635 3958 2918 4015 veraciter
2946 3959 3135 4024 credo,
3170 3963 3227 4014 et
3256 3975 3370 4031 quo
3412 3958 3765 4016 desiderium
3802 3972 3913 4011 ver-

2283 4055 2428 4117 tam,
2460 4049 2602 4122 quid
2634 4052 2849 4121 optem,
2872 4040 3084 4120 quidve
3103 4047 3441 4121 amplectar,
3465 4048 3689 4123 ignoro.
3713 4046 3916 4117 Repen-

2286 4139 2479 4196 tinum
2499 4154 2635 4193 nam
2666 4136 2974 4192 imminere
2996 4153 3131 4192 cum
3154 4135 3301 4192 mihi
3323 4142 3582 4194 metuam
3609 4135 3911 4197 interitum,

2285 4227 2576 4303 prolixum
2608 4226 2793 4298 (1012)
2825 4226 2875 4281 si
2919 4242 3163 4295 mereor,
3197 4230 3263 4281 ut
3311 4226 3643 4283 desiderare
3672 4241 3762 4281 me
3809 4236 3913 4277 non

2285 4318 2558 4383 diffiteor,
2592 4318 2857 4371 actutum
2899 4314 3280 4371 damnantem
3311 4315 3454 4371 mihi
3488 4316 3683 4384 audio,
3715 4309 3913 4368 surdus

2284 4406 2440 4473 licet,
2500 4402 2841 4477 Apostolum
2891 4403 3128 4476 (dicere)
3162 4421 3175 4460 :
3208 4406 3434 4474 Ignoras
3478 4405 3613 4478 quia
3659 4398 3914 4476 patientia

2284 4498 2383 4552 Dei
2409 4494 2479 4551 ad
2505 4495 2892 4567 paenitentiam
2925 4497 2978 4549 te
3004 4497 3325 4566 exspectat?
3374 4494 3446 4549 Tu
3492 4502 3674 4551 autem
3713 4491 3909 4547 thesau-

528 4581 639 4636 hoc
668 4584 757 4636 est
781 4578 1047 4635 concludi
1079 4576 1428 4667 permiserit,
1452 4577 1576 4649 quis
1590 4585 1760 4647 potest
1779 4578 1832 4633 ei
1859 4577 2055 4645 dicere,
2078 4596 2178 4635 cur
2206 4602 2254 4667 Β
2284 4586 2431 4641 νέως
2463 4584 2567 4639 tibi
2594 4584 2739 4638 iram
2772 4583 2832 4637 in
2860 4582 2948 4638 die
2980 4584 3103 4649 irae,
3148 4590 3201 4638 et
3246 4584 3623 4639 retributionis
3657 4581 3792 4654 justi
3824 4577 3910 4648 ju-

528 4671 612 4724 ita
637 4670 812 4740 facis?
838 4668 954 4737 (Job
971 4685 1047 4723 1x.
1083 4665 1195 4737 12.)

599 4758 653 4811 3.
688 4756 733 4811 Ο
755 4756 955 4828 igitur,
988 4772 1020 4810 ο
1052 4754 1457 4810 incrustabilia
1487 4753 1585 4810 Dei
1619 4753 1843 4825 judicia
1871 4754 1883 4809 l
1934 4773 1967 4810 ο
2021 4757 2178 4813 inve-

531 4843 830 4919 stigabiles
858 4844 960 4899 vise
991 4841 1149 4915 ejus!
1183 4842 1323 4910 Quis
1354 4842 1510 4899 enim
1537 4843 1651 4899 mei
1671 4842 1956 4899 similium
1979 4863 2094 4902 non
2117 4864 2179 4903 se

529 4934 845 4992 formidare
874 4932 1027 4989 valet
1074 4931 1501 4989 inevadibiliter
1531 4932 1651 4988 fore
1691 4932 2057 5005 conclusum,
2090 4935 2178 4990 in-

528 5026 717 5098 deque
738 5023 870 5080 odio
888 5023 1157 5097 dignum.
1176 5023 1343 5078 Nunc
1363 5023 1521 5079 enim
1541 5021 1674 5077 odio
1692 5039 1805 5077 non
1827 5022 2177 5096 tibidignus,

599 5132 784 5203 (10l0)
807 5132 1090 5187 Construe
1115 5149 1127 5186 :
1164 5132 1381 5186 Etenim
1410 5131 1613 5201 infelix
1640 5137 1691 5185 et
1716 5131 1884 5185 miser
1923 5133 2177 5203 frequen-

529 5213 652 5259 tans
699 5221 857 5258 usum
887 5221 956 5258 ea:
998 5205 1201 5258 vomitu
1258 5204 1432 5267 canis,
1479 5205 1529 5256 et
1576 5218 1645 5255 ex
1684 5203 2015 5258 volutatione
2044 5206 2179 5269 suis,

529 5275 651 5345 (ubi
685 5274 920 5347 respicit
952 5274 1048 5329 illa
1080 5276 1135 5329 Il
1160 5276 1313 5347 Petri
1343 5291 1403 5338 ιι,
1436 5273 1542 5347 22ε
1588 5273 1751 5347 Canis
1806 5290 2055 5347 reversus
2111 5276 2181 5330 ad

528 5343 692 5401 Suum
740 5343 1022 5414 vomitum,
1072 5353 1121 5400 et
1159 5362 1253 5400 sus
1284 5346 1394 5399 lota
1424 5345 1486 5398 in
1513 5343 1794 5415 volutabra
1828 5344 1954 5415 (uti)
2004 5350 2055 5401 et
2101 5363 2181 5401 re-

528 5432 717 5471 creans
739 5432 826 5471 me
853 5416 1185 5472 solummodo
1228 5416 1330 5470 hac
1355 5416 1645 5482 sententia,
1694 5413 1825 5468 dum
1870 5413 1983 5469 non
2026 5418 2179 5474 valeo

530 5487 781 5541 invenire
812 5487 985 5551 aliud,
1017 5487 1237 5558 despero
1264 5501 1513 5557 sperans,
1543 5489 1655 5540 etc.

604 5557 788 5612 (1011)
831 5556 1148 5612 Construe:
1200 5560 1387 5612 Itaque
1433 5556 1564 5612 dum
1607 5558 1655 5611 in

604 5557 788 5629 (1011)
831 5557 1148 5613 Construe:
1200 5560 1387 5682 Itaque
1433 5557 1564 5612 dum
1607 5557 1839 5612 innixus
1895 5562 2176 5619 sententia:

531 5629 640 5703 illi,
664 5643 790 5700 quae
808 5627 1011 5683 dicitur
1030 5646 1048 5683 :
1070 5629 1271 5703 Nescit
1333 5644 1485 5703 omo,
1501 5632 1632 5694 etc.,
1657 5631 1901 5703 exspecto
1916 5630 2034 5703 haec
2051 5632 2176 5703 duo,

531 5701 587 5763 id
606 5707 686 5760 est
704 5707 802 5756 aut
835 5701 1235 5756 conversionem
1261 5700 1556 5768 salubrem,
1589 5707 1685 5756 aut
1712 5702 2043 5773 suffragium
2069 5700 2173 5775 ﬂa;

831 5556 1148 5613 Construe:
1200 5556 1387 5619 Itaque
1433 5556 1564 5612 dum
1607 5557 1839 5612 innixus
1895 5562 2181 5619 sententia:

2287 4675 2425 4729 dieii
2454 4675 2561 4729 Dei
2610 4673 2783 4744 (Rom.
2816 4688 2877 4736 ιι,
2925 4673 2978 4738 4,
2998 4671 3080 4744 5.)
3112 4670 3315 4727 Infelix
3346 4670 3685 4744 hujusmodi
3714 4669 3909 4739 longae-

2287 4764 2459 4832 vitas,
2492 4778 2671 4834 quam
2701 4763 2866 4817 tanta
2896 4760 3163 4832 sequitur
3200 4760 3524 4829 calamitas,
3569 4753 3910 4834 aspernabite

2288 4851 2545 4924 spatium
2564 4848 2839 4923 congerit,
2866 4848 3020 4920 quod
3033 4848 3206 4905 talem
3228 4848 3569 4924 thesaurum
3581 4840 3910 4906 miserabilis

2288 4939 2538 4996 induciae
2571 4938 2642 4994 ad
2675 4936 3140 5009 exaggerandam
3158 4937 3445 4993 scelerum
3466 4938 3773 4994 vindictam
3793 4946 3911 4988 oon-

2290 5027 2488 5085 cessit.
2521 5025 2729 5083 Melius
2750 5026 2957 5093 fuerat,
2984 5024 3184 5094 fateor,
3217 5025 3567 5096 miserrimo,
3587 5026 3721 5083 side
3738 5020 3909 5094 primo

2288 5137 2571 5208 gallorum,
2589 5134 2687 5208 Dei
2710 5152 2726 5198 ;
2747 5135 2798 5187 si
2825 5149 2936 5208 non
2964 5140 3114 5208 exsto
3140 5142 3415 5208 siupeetus
3446 5143 3498 5208 et
3514 5148 3709 5206 parens

2289 5204 2388 5277 tio,
2414 5206 2723 5278 perditione
2752 5206 2943 5275 utique
2972 5204 3279 5260 certissima
3300 5226 3319 5278 ;
3344 5204 3628 5262 credo’me
3670 5204 3909 5278 veraciter

2289 5271 2555 5342 insanire,
2588 5285 2639 5332 et
2680 5271 2889 5345 ignoro,
2921 5291 3027 5347 quo
3054 5280 3261 5332 vertam
3288 5271 3634 5343 desiderium,
3667 5271 3788 5347 quid
3823 5283 3905 5338 op—

2287 5355 2415 5414 tem,
2449 5348 2644 5419 quidve
2672 5347 2992 5419 amplectar.

2361 5416 2545 5492 (1012)
2576 5416 2995 5493 corrigendum
3025 5421 3083 5474 et
3112 5419 3507 5493 supplendum
3549 5419 3769 5493 videtur
3789 5423 3904 5483 pro-

2361 5434 2545 5492 (IUIZ)
2576 5434 2995 5544 uorzfenuum
3025 5434 3083 5474 et
3112 5434 3507 5493 supplendum
3549 5434 3769 5475 Videtur
3789 5434 3902 5483 prv-

2289 5492 2467 5547 lixam
2493 5490 2675 5565 _;egrit
2756 5491 2901 5545 inem
2925 5491 2990 5565 ni
3018 5506 3267 5565 mereor;
3297 5509 3423 5565 quae
3454 5489 3902 5565 concinuntch

2287 5556 2771 5636 praecedentibus,
2814 5562 2953 5633 quod
2981 5568 3165 5618 tamen
3189 5564 3255 5619 de
3278 5556 3501 5636 prolixa
3525 5564 3650 5635 ﬁeri
3688 5556 3905 5615 arbitror

2286 5632 2639 5707 aegritudine,
2673 5635 2780 5688 etc.
