4056 6414
103 416 217 479 577

1382 415 1485 481 DE
1528 417 1809 482 OTIOSO
1853 417 2246 481 SERMONE.

3402 426 3521 488 578

104 551 202 607 Dei
233 550 819 624 contemptujustam
849 550 1172 625 excepisset
1188 551 1756 625 sententiam,quam
1788 558 1844 624 Α
1872 554 1988 609 ita:
2020 555 2085 612 Si
2113 562 2349 622 peccata
2371 563 2472 610 tua
2502 560 2659 611 recte
2685 555 3162 623 consideraveris,
3184 558 3472 630 judicasti
3500 579 3520 617 :

102 640 319 696 tandiu
341 643 744 713 exspectatum
761 640 1239 696 taminnumeros
1263 640 1623 697 contraxisse
1645 658 1765 697 rea-

101 737 221 796 tus,
257 747 368 802 pro
409 728 659 802 singulis
687 729 956 786 videlicet
984 730 1332 786 mternaliter
1376 729 1762 802 puniendum.

171 821 228 874 5.
265 818 389 874 Hoc
422 836 483 874 se
515 819 597 875 ita
625 818 878 875 habente
910 818 1131 876 felicior
1172 818 1318 874 mihi
1359 819 1587 875 videtur
1634 819 1767 874 bre-

99 909 279 974 vitas,
318 924 499 979 quam
531 907 891 963 diuturnitas
928 907 1078 964 vitae.
1110 913 1201 965 Vw
1242 908 1399 964 enim
1456 908 1629 978 vobis,
1662 906 1764 973 ait,

107 995 532 1069 propheta,qui
561 997 800 1052 trahitis
832 997 1193 1068 iniquitatem
1224 999 1284 1053 in
1303 998 1582 1068 funiculis
1601 997 1766 1052 cani-

104 1086 282 1142 tatis!
302 1086 466 1154 (Isai.
488 1102 542 1153 ν,
569 1086 684 1154 18.)
703 1086 807 1140 Est
827 1085 1065 1157 quidem
1097 1085 1381 1141 Deminus
1408 1085 1763 1152 misericors,

105 1179 161 1230 et
191 1173 576 1230 ineliabiliter
606 1175 772 1247 pius;
806 1175 908 1230 sed
932 1176 1109 1230 etiam
1146 1191 1339 1243 verax,
1370 1179 1427 1230 et
1462 1174 1766 1229 inenarra-

109 1263 553 1335 biliterjustus.
586 1263 881 1319 Promittit
906 1264 1157 1331 veniam,
1190 1267 1492 1336 computat
1511 1278 1722 1319 noxam
1750 1278 1764 1330 ;

108 1352 349 1409 veniam
381 1351 630 1425 largitur
658 1353 909 1424 perfecte
937 1353 1253 1422 conversis,
1287 1369 1499 1408 noxam
1515 1354 1769 1408 reservat

110 1441 551 1499 obdurantibus
581 1441 1043 1498 aversis.Annon
1066 1441 1222 1497 enim
1243 1442 1481 1498 evidens
1509 1439 1769 1497 cernitur

111 1531 482 1604 computatio
511 1548 671 1587 noxae
698 1530 947 1587 dicentis
979 1546 992 1585 :
1024 1535 1210 1587 Anien
1237 1531 1363 1588 dico
1391 1531 1570 1600 vobis,
1603 1544 1770 1585 omne

109 1622 352 1677 verbum
364 1621 634 1685 otiosum,
645 1620 796 1693 quod
805 1619 981 1677 locuti
992 1619 1219 1693 fuerint
1239 1620 1513 1688 homines,
1527 1618 1770 1674 reddent

108 1712 180 1766 de
206 1727 281 1766 eo
309 1711 600 1767 rationem
626 1710 686 1766 in
712 1710 806 1766 die
823 1710 1035 1780 judicii
1057 1713 1080 1765 ?
1104 1709 1330 1771 (Matth.
1354 1725 1455 1775 xu,
1477 1709 1589 1769 36.)
1608 1706 1766 1761 Fuit-

114 1815 185 1854 ne
212 1815 484 1870 unquam
509 1797 825 1855 terribilius
854 1797 1076 1871 aliquid
1100 1797 1361 1854 dictum?
1379 1796 1577 1853 Caeteri
1608 1811 1770 1860 nam~

114 1905 230 1960 que
261 1888 410 1960 quid
437 1897 619 1960 ‘super
638 1887 748 1943 hoc
767 1888 1044 1954 sentiant,
1065 1887 1315 1943 viderint
1333 1903 1346 1954 ;
1363 1884 1507 1941 mihi
1542 1885 1767 1940 videtur

115 1976 487 2034 tolerabilius
516 1976 717 2045 fuisse,
749 1976 799 2032 si
845 1976 1088 2032 dixisset
1118 1993 1132 2031 :
1165 1975 1545 2031 Merebuntur
1588 1973 1659 2028 de
1697 1989 1764 2028 eo

116 2064 376 2120 millium
406 2080 695 2121 annorum
724 2063 1101 2137 supplicium.
1135 2062 1413 2120 Miserum
1461 2061 1617 2118 enim
1648 2077 1764 2126 me,

117 2171 255 2210 cum
306 2153 473 2209 nulla
502 2154 701 2209 minus
730 2153 852 2209 sint
880 2152 1047 2209 utilia
1078 2169 1256 2225 quam
1285 2151 1502 2224 turpia.
1536 2151 1685 2216 Quid
1716 2150 1766 2205 si

116 2245 176 2300 in
205 2243 418 2301 eodem
441 2242 568 2299 loco
600 2243 876 2312 (iOl3),et
904 2242 1050 2299 forte
1076 2241 1328 2314 tali,quo
1355 2240 1769 2313 dedignaretur

119 2332 342 2405 aliquis
372 2331 550 2388 etiam
571 2331 929 2403 vesci.turpe
947 2330 1088 2403 quid
1112 2329 1329 2387 faciens
1361 2328 1625 2402 quilibet,
1643 2332 1766 2383 tur-

120 2422 439 2494 pissimum
470 2419 693 2493 aliquid
726 2419 971 2476 dixerit?
991 2420 1197 2476 Postea
1217 2420 1288 2475 de
1305 2419 1452 2491 ipsa,
1469 2434 1647 2490 quam
1665 2432 1768 2489 pa-

120 2511 299 2566 travit
344 2509 730 2582 turpitudine,
782 2508 1182 2582 pmnitentiam
1230 2506 1460 2581 gessit;
1497 2508 1571 2563 de
1616 2507 1766 2579 ipsa,

121 2617 304 2672 quam
335 2598 504 2668 dixit,
537 2600 699 2672 quid,
724 2615 887 2671 rogo,
918 2597 1069 2654 erit?
1097 2597 1153 2653 Si
1197 2598 1256 2652 in
1295 2596 1521 2669 judicio
1570 2596 1771 2667 itaque

120 2690 204 2744 illi
230 2689 698 2762 improperatum
728 2688 925 2755 fuerit,
941 2687 1094 2760 quod
1126 2687 1184 2742 in
1205 2686 1304 2743 tali
1338 2686 1462 2741 loco
1483 2684 1599 2741 tale
1629 2684 1770 2756 quid

124 2778 347 2850 talique
394 2781 519 2850 pro'
547 2793 725 2834 causa
771 2776 1023 2844 dixerit;
1054 2776 1379 2848 putandum
1430 2775 1588 2846 quod
1617 2774 1771 2829 inter

122 2868 294 2934 alios,
328 2867 524 2925 Venite
554 2867 837 2923 benedicti
866 2866 1069 2922 Patris
1090 2865 1207 2920 mei
1236 2864 1471 2935 (Matth.
1506 2881 1633 2931 xxv,
1657 2862 1769 2934 34),

122 2956 328 3013 audire
359 2955 481 3011 ullo
511 2955 685 3011 modo
708 2954 935 3027 possit?
965 2954 1103 3011 Post
1128 2958 1354 3009 tantam
1386 2953 1543 3011 enim
1574 2967 1770 3007 coram

123 3045 398 3102 universo
453 3061 663 3118 genere
720 3043 978 3099 humano
1017 3041 1449 3109 verecnndiam,
1483 3040 1772 3113 suspicari

123 3151 259 3190 eum
274 3150 592 3207 possumus
604 3130 1771 3202 habiturum,nedumccelestem,aliqucm
1790 3138 1793 3141 ‘

126 3222 638 3296 gloriam?Nonne
665 3221 821 3278 enim
851 3226 909 3277 et
939 3221 1092 3294 quod
1123 3220 1306 3293 gessit
1334 3219 1771 3275 manifestatum

129 3289 347 3384 pariter
397 3311 527 3378 erit,
559 3326 691 3365 cum
724 3311 877 3366 idem
909 3289 1102 3365 forsan
1127 3289 1356 3364 vdixerit
1411 3308 1565 3380 quod
1616 3307 1769 3377 fecit,
1801 3289 1845 3357 C

129 3400 330 3457 fecerit
359 3401 516 3473 quod
576 3399 765 3455 dixit?
794 3399 1092 3471 Condigna
1119 3415 1288 3470 poma
1327 3394 1547 3463 rebelli,
1581 3399 1645 3450 ut
1673 3396 1772 3468 qui

129 3488 396 3547 videlicet
439 3488 778 3557 Dominum,
808 3490 866 3544 et
911 3487 1064 3560 quod
1113 3487 1184 3543 de
1220 3503 1286 3542 eo
1317 3483 1773 3541 Christianitatis

129 3579 306 3636 traxit
326 3577 673 3635 vocabulum
691 3596 804 3634 non
828 3578 1128 3645 reveritus,
1154 3576 1212 3630 in
1226 3579 1539 3647 conspectu
1562 3573 1770 3646 ipsius,

129 3669 229 3726 tali
281 3669 344 3725 in
389 3666 540 3737 loco,
567 3670 690 3724 tam
732 3666 998 3739 turpiter,
1049 3669 1395 3738 praesentem
1442 3663 1610 3719 illum
1655 3680 1770 3719 non

128 3759 397 3816 nesciens
429 3774 684 3830 quoque,
712 3756 1048 3812 recordatus
1079 3754 1254 3810 etiam
1295 3751 1501 3826 ipsius,
1535 3768 1650 3809 non
1699 3752 1770 3808 ti-

127 3848 279 3903 muit
307 3843 1134 3917 dehonestare,dehonestatus
1161 3843 1222 3900 in
1253 3846 1565 3914 censpeetu
1590 3842 1772 3898 totius

126 3940 323 4009 pereat
351 3938 651 3992 creaturae.
666 3933 815 4000 Quid
827 3949 960 3990 vero
982 3931 1179 3989 miseri
1193 3933 1265 3987 de
1277 3930 1551 4004 perjuriis
1572 3930 1771 4003 saepis-

126 4026 317 4094 simis,
351 4025 495 4098 quid
525 4024 598 4079 de
625 4022 1090 4079 detractionibus
1119 4020 1501 4094 perassiduis,
1535 4020 1674 4092 quid
1699 4020 1770 4076 de

125 4113 450 4172 mendaciis
507 4111 819 4183 continuis,
853 4111 992 4185 quid
1033 4111 1103 4167 de
1145 4110 1338 4166 verbis
1398 4108 1766 4182 deceptoriis,

126 4205 266 4278 quid
296 4204 368 4261 de
401 4202 701 4271 irrisoriis,
719 4201 860 4274 quid
888 4203 959 4258 de
980 4198 1540 4257 fraudulentissimis
1557 4197 1768 4255 dicturi

126 4292 454 4368 promissis,
478 4293 620 4365 quid
652 4291 723 4348 de
753 4289 1263 4347 maledictionibus
1294 4287 1685 4360 creberrimis,
1718 4287 1768 4343 si

126 4385 196 4440 de
224 4399 369 4439 raca
388 4381 682 4454 judicium
714 4379 988 4447 subituri,
1021 4378 1092 4435 de
1118 4380 1288 4451 fatue
1316 4377 1664 4451 gehennam,
1697 4377 1768 4432 de

127 4473 276 4529 485
313 4473 496 4530 otioso
546 4487 753 4526 sumus
798 4468 1083 4525 rationem
1130 4465 1412 4522 reddituri
1462 4466 1770 4522 sermone?

128 4562 354 4635 (Matth.
373 4579 431 4629 v,
447 4558 563 4622 22.)
588 4557 898 4632 intelligite
927 4572 1183 4625 mecum,
1199 4553 1298 4628 qui
1322 4571 1549 4610 mecum
1570 4552 1768 4610 oblivi-

1871 643 1922 697 si
1939 643 2239 712 abjeceris,
2268 644 2555 700 occidisti.
2591 645 2750 708 Quod
2799 650 2864 699 ut
2910 645 3120 701 melius
3168 647 3523 706 dilucidetur

1874 731 2032 803 (poni
2076 738 2315 804 possent
2363 749 2499 788 cum
2549 733 2993 804 plurimaUOlS
3026 736 3153 806 ipsa
3204 755 3322 793 una
3351 740 3521 795 nobis

1875 819 2069 876 divina
2107 821 2380 889 sufficiat,
2414 822 2730 878 dicendum
2765 825 3083 894 quomodo,
3117 842 3294 896 quam
3321 831 3518 898 protu-

1875 907 2015 973 listi,
2046 911 2354 965 sententia.
2397 910 2493 965 Ait
2537 927 2708 967 vero:
2742 915 2923 970 Omne
2970 914 3203 969 verbum
3246 916 3516 986 otiosum,

1873 997 2021 1069 quod
2049 1000 2228 1053 locuti
2245 999 2464 1068 fuerint
2484 1002 2761 1068 homines,
2777 1002 3017 1057 reddent
3050 1004 3125 1058 de
3147 1020 3214 1058 eo
3236 1013 3522 1062 rattonem

1873 1087 1932 1141 in
1960 1086 2052 1142 die
2073 1087 2291 1157 judicii
2321 1090 2552 1149 (Matth.
2581 1106 2680 1157 xu,
2710 1089 2826 1151 36.)
2848 1091 2994 1153 Quid
3010 1096 3098 1146 est
3114 1094 3354 1149 verbum
3377 1096 3520 1151 otio-

1874 1176 2052 1230 sum?
2081 1175 2309 1232 Inutile.
2342 1176 2515 1233 Nulla
2543 1183 2736 1233 autem
2771 1184 2928 1244 sunt,
2964 1184 3028 1235 ut
3066 1180 3286 1250 dixisti,
3320 1183 3520 1240 minus

1876 1262 2043 1319 utilia
2054 1280 2231 1336 quam
2248 1265 2473 1338 turpia;
2492 1265 2708 1338 quibus
2726 1268 2795 1322 ad
2794 1267 2975 1337 jicere
2997 1286 3313 1340 possumus
3326 1273 3518 1341 noxia,

1876 1356 1931 1407 et
1953 1343 2392 1422 contumeliosa,
2415 1354 2697 1425 irrisorie,
2721 1356 3071 1427 deceptiosa,
3092 1359 3345 1430 pcrjura,
3361 1361 3520 1418 frau-

1876 1440 2138 1510 dulenta,
2170 1441 2476 1511 maledica,
2510 1444 2835 1511 mendacia,
2876 1445 3179 1519 sacrilega,
3229 1448 3519 1518 haeretica,

1877 1529 2214 1602 apostatica,
2242 1531 2607 1603 blaspheme,
2631 1533 2845 1588 falsum
2866 1535 3162 1604 testantia,
3188 1536 3428 1604 furiosa,
3457 1539 3523 1595 li-

1877 1618 2106 1692 tigiosa.
2127 1620 2209 1675 Ex
2237 1620 2453 1692 quibus
2482 1620 2761 1677 omnibus
2797 1638 2980 1676 unum
3012 1640 3187 1680 suum
3215 1624 3275 1679 in
3307 1626 3521 1700 allega-

1877 1708 2036 1763 tione
2068 1708 2169 1764 illa
2190 1709 2490 1780 proferens
2522 1710 2841 1782 superiore;
2857 1710 3141 1784 collegisti
3161 1713 3387 1770 saqum
3406 1733 3523 1773 non

1877 1812 2048 1869 posse
2078 1798 2231 1853 credi
2264 1798 2551 1865 futurum,
2585 1799 2677 1854 cui
2709 1798 2769 1853 in
2800 1804 3057 1856 extremo
3084 1800 3178 1857 die
3189 1802 3400 1873 judicii
3422 1803 3522 1861 illo

1874 1885 1933 1940 id
1965 1885 2324 1959 fuerit,quod
2359 1887 2461 1942 tali
2490 1888 2549 1942 in
2582 1887 2706 1943 loco
2738 1888 3080 1959 hujnsmodi
3108 1908 3210 1963 pro
3241 1908 3419 1949 causa
3439 1892 3523 1948 di-

1873 1975 2038 2041 xerit,
2072 1991 2268 2030 coram
2300 1976 2572 2032 universo
2594 1993 2803 2049 genere
2833 1977 3141 2035 hominum
3172 1979 3525 2054 impropera-

1872 2067 2020 2118 tum.
2044 2063 2157 2120 Sen
2175 2080 2308 2119 eum
2327 2063 2667 2120 ﬁrmissime
2693 2082 2798 2121 nos
2827 2071 3022 2122 tenere
3044 2069 3349 2138 concedas,
3365 2072 3521 2142 quod

1876 2151 1956 2206 nil
1981 2151 2377 2224 temporaliter
2397 2156 2599 2208 contra
2618 2154 2721 2224 jus
2754 2155 2958 2226 fasque
2988 2154 3174 2212 valeat
3202 2158 3523 2232 agi,neque

1876 2240 1935 2295 id
1964 2240 2362 2312 temporaliter
2391 2240 2631 2313 expiari,
2660 2242 2968 2315 desperare
3012 2244 3192 2300 istum
3222 2246 3522 2320 compelli-

1877 2346 2029 2397 mur,
2063 2329 2163 2401 qui
2196 2327 2339 2385 illud
2370 2334 2540 2402 turpe
2568 2329 2732 2396 dixit,
2752 2330 2864 2386 nisi
2892 2331 3175 2388 auxilium
3203 2334 3254 2389 ei
3285 2334 3519 2405 demus,

1877 2419 2016 2490 quid
2046 2417 2241 2483 faciat,
2272 2422 2588 2490 antequam
2619 2420 2776 2475 436
2807 2420 2879 2475 ad
2909 2420 3055 2476 illud
3097 2421 3521 2496 improperium

1876 2506 2090 2562 veniat.
2104 2505 2380 2562 Dicamus
2411 2522 2547 2579 ergo
2569 2506 2826 2578 primum
2849 2508 2989 2579 quid
3020 2509 3131 2565 erit
3148 2509 3286 2579 illis,
3306 2512 3404 2584 qui
3427 2530 3519 2570 ra-

1878 2594 2098 2650 tionem
2128 2596 2200 2651 de
2229 2595 2391 2651 omni
2418 2595 2592 2651 verbo
2615 2596 2992 2667 otioso,quod
3014 2598 3191 2654 locuti
3214 2600 3520 2671 fuerimus,

1878 2683 1938 2738 in
1965 2683 2059 2739 die
2082 2683 2292 2755 judicii
2314 2683 2532 2739 fuerint
2552 2684 2862 2754 reddituri;
2886 2686 3169 2743 nimirum
3194 2688 3287 2756 iis,
3305 2690 3524 2761 quibus

1878 2772 2132 2828 dicetur:
2165 2772 2593 2842 Ite,matedicti,
2608 2774 2665 2829 in
2697 2774 2887 2844 ignem
2919 2780 3526 2851 a’teruum;quiaesu-

1878 2862 2008 2931 rivi,
2036 2868 2089 2917 et
2120 2879 2236 2918 non
2274 2863 2489 2918 dedisti
2527 2865 2676 2920 mihi
2707 2864 3063 2922 menducare
3098 2866 3323 2936 (Matth,
3370 2886 3524 2940 xxvx,

1877 2952 2088 3023 111,42),
2111 2955 2521 3020 etc.;et:Amen
2550 2952 2679 3008 dico
2709 2952 2830 3021 tibi,
2863 2970 2971 3010 non
2999 2955 3155 3011 exies
3180 2957 3335 3027 inde,
3349 2959 3529 3016 donec

1879 3041 2091 3097 reddas
2128 3041 2498 3097 novissimum
2546 3042 2937 3114 quadrantem
2971 3048 3202 3114 (Matth.
3232 3063 3287 3113 ν,
3310 3048 3424 3110 26).
3459 3048 3527 3104 Et

1880 3146 2080 3201 quare,
2112 3128 2331 3201 inquis,
2362 3129 2473 3185 hoc
2498 3129 2582 3185 eis
2612 3130 2883 3185 dicetur»
2906 3131 3046 3202 quia
3066 3148 3181 3187 non
3212 3134 3526 3191 audierunt

1880 3219 2101 3274 scilicet
2147 3217 2433 3273 dicentem
2471 3234 2484 3274 :
2513 3219 2917 3275 Paenitentiam
2949 3221 3132 3292 agite,
3160 3227 3218 3277 et
3267 3239 3380 3278 non
3410 3225 3525 3280 erit

1880 3308 2034 3365 vobis
2076 3308 2348 3379 iniquitas
2389 3308 2450 3363 in
2497 3307 2729 3363 ruinam
2772 3309 3005 3369 (Ezech.
3049 3327 3207 3379 xvm,
3257 3312 3370 3385 30).
3404 3313 3518 3368 Et:

1882 3397 2300 3453 Convertimini
2324 3397 2404 3452 ad
2425 3413 2535 3464 me,
2550 3397 2604 3452 et
2628 3413 2731 3467 ego
2750 3408 3014 3453 revertar
3029 3399 3105 3455 ad
3123 3416 3214 3455 vos
3237 3401 3522 3474 (Zachar.

1883 3504 1922 3551 1,
1955 3484 2033 3547 3).
2067 3486 2366 3541 Postremo
2418 3485 2558 3558 quia
2596 3486 3013 3543 obturaverunt
3057 3505 3260 3546 aurem
3308 3491 3525 3561 cordis,

1882 3575 2023 3629 dum
2052 3572 2365 3646 Apostolus
2379 3574 2656 3630 clamaret
2672 3577 2767 3632 :Si
2781 3577 3527 3650 nosmetipsoadijudicare-

1879 3680 2029 3732 mus,
2048 3680 2165 3719 non
2205 3663 2403 3736 utique
2437 3664 2846 3735 judicaremur
2874 3671 2922 3729 (Ι
2963 3670 3098 3725 Cor.
3127 3685 3205 3738 x1,
3239 3669 3333 3732 51)
3364 3687 3377 3726 :
3409 3672 3525 3726 Au-

1880 3754 2185 3826 gustinum
2215 3769 2448 3825 quoque
2474 3760 2928 3827 prosequentem
2964 3774 2976 3812 :
3010 3756 3076 3813 Si
3101 3766 3335 3827 peccata
3370 3769 3528 3817 recte

1878 3843 2652 3917 consideraveris,judicasti
2662 3864 2682 3911 ,-
2698 3845 2754 3901 si
2773 3845 3072 3916 abjeceris,
3094 3848 3357 3905 cecidisti
3375 3867 3393 3905 :
3416 3849 3528 3906 hoc

1880 3931 2035 3988 enim
2062 3949 2239 3989 sensu
2271 3939 2338 3988 ut
2364 3937 2422 3989 et
2451 3933 2521 3988 de
2551 3933 2772 3991 caeteris
2803 3934 3063 4007 ﬂagitiis,
3091 3936 3172 3992 ita
3214 3941 3271 3993 et
3314 3938 3385 3994 de
3413 3939 3526 3995 isto

1877 4021 2217 4094 turpiloquo
2247 4022 2692 4095 intelligendum
2717 4040 3021 4079 sermone:
3051 4030 3116 4080 ut
3143 4025 3410 4081 videlicet
3439 4030 3523 4094 tu,

1880 4110 1978 4184 qui
2008 4109 2173 4166 illum
2202 4110 2517 4183 protulisti,
2539 4110 2716 4166 facias
2744 4111 2848 4166 tibi
2884 4113 2956 4169 de
2980 4128 3046 4167 eo
3077 4112 3173 4167 hic
3204 4112 3527 4185 diemjudi-

1878 4198 1972 4267 cii,
1986 4200 2230 4256 damnes
2244 4199 2300 4254 in
2318 4198 2515 4270 illumj
2525 4204 2660 4255 uxta
2671 4199 2762 4255 sui
2776 4216 2982 4257 censor
2993 4200 3366 4273 aequissimus
3379 4218 3522 4274 qua-

1877 4288 2479 4360 litatem,damnatum
2505 4287 2738 4360 punias,
2762 4288 3034 4361 punitum
3057 4288 3309 4360 occidas,
3332 4290 3390 4347 id
3413 4295 3522 4362 est;

1876 4378 2203 4449 abjiciendo
2226 4376 2395 4432 illum
2426 4375 2683 4449 amplius
2705 4377 2763 4431 in
2794 4381 3072 4433 aeternum
3099 4394 3216 4433 non
3237 4378 3522 4451 proferas,

1876 4465 2112 4522 itaillud
2125 4465 2512 4539 turpigerum,
2529 4464 2949 4538 turpiloquium
2962 4466 3427 4540 utturpigerum,
3444 4467 3527 4524 ita

1872 4556 2238 4628 turpigerum
2262 4553 2347 4610 uti
2364 4552 2787 4628 turpiloquium
2811 4559 3037 4625 taxans,
3056 4573 3091 4612 a
3113 4556 3523 4628 consimilibus

127 4651 355 4709 scimini
387 4651 596 4715 Deum,
616 4665 687 4705 ne
718 4647 953 4721 quando
984 4645 1284 4718 rapiamur
1313 4645 1528 4711 subito,
1563 4647 1620 4700 et
1649 4643 1764 4699 eri-
1796 4667 1843 4733 D
1875 4660 2106 4717 quoque
2151 4642 2380 4733 Christo
2429 4644 2744 4733 adiuvante
2791 4644 3085 4733 abstinere
3111 4644 3337 4703 viribus
3381 4644 3524 4704 totis

126 4741 355 4814 piamur
384 4756 420 4795 a
448 4738 611 4794 nullo
642 4737 816 4801 (Psat.
845 4753 993 4804 xux,
1024 4736 1135 4807 22).

190 4831 244 4886 6.
275 4827 567 4901 Intelligo,
618 4827 725 4895 ais,
777 4825 901 4894 Dei,
950 4841 1054 4897 pro
1096 4824 1295 4880 nefas!
1326 4822 1539 4895 saepius
1587 4839 1765 4895 quam

127 4935 359 4976 necesse
407 4917 603 4985 fuerit,
647 4914 888 4983 oblitus,
933 4928 1254 4985 verensque
1308 4912 1529 4985 utique,
1582 4911 1767 4983 [locus

123 5007 441 5078 mendosus]
470 5005 672 5062 innuis
703 5005 912 5069 facere,
927 5019 998 5058 ne
1025 5002 1272 5075 rapiaris
1301 5000 1514 5069 subito,
1533 5005 1767 5074 ereptus

126 5117 156 5153 a
186 5098 364 5154 nullo.
399 5097 512 5153 Sed
541 5095 938 5168 Apostolicum
970 5091 1114 5147 illud
1147 5091 1218 5147 de
1248 5095 1568 5163 spontaneo
1600 5089 1768 5146 nobis

126 5187 340 5243 inflicto
372 5203 407 5240 a
435 5184 604 5240 nobis
635 5183 780 5257 ipsis
805 5181 1031 5254 judicio
1063 5180 1203 5235 dum
1235 5196 1369 5235 cum
1403 5178 1503 5234 illo
1534 5180 1766 5235 confero

126 5278 327 5349 (1014),
359 5274 514 5348 quod
548 5272 883 5347 nuperrime
913 5287 1006 5326 me
1037 5268 1271 5326 audisse
1327 5269 1614 5337 recordor,
1650 5285 1767 5324 non

124 5381 326 5437 parum
360 5380 454 5420 me
488 5362 736 5419 animari
768 5360 1063 5434 profiteor.
1088 5359 1325 5415 Lectum
1357 5357 1513 5414 enim
1545 5357 1768 5414 exstitit

188 5543 372 5617 (1013)
410 5543 556 5600 Vide
570 5543 885 5617 Qualitatt's
912 5543 1303 5612 conjecturam
1332 5555 1496 5594 num.
1521 5541 1576 5606 7,
1599 5542 1658 5595 et
1690 5539 1767 5596 De

124 5615 359 5687 proprio
392 5616 560 5686 lapsu
581 5632 744 5670 num.
772 5615 831 5687 ,4.

194 5681 373 5761 (1013)
397 5681 681 5761 construe
705 5686 849 5744 :Sed
874 5685 1012 5742 dum
1039 5684 1279 5761 confero
1312 5681 1482 5761 illud
1511 5691 1769 5761 aposto-

126 5754 291 5821 ticum
304 5754 380 5819 de
389 5760 626 5833 judicio
635 5767 953 5836 spontaneo
967 5755 1130 5816 nobis
1140 5755 1359 5833 inﬂicto
1377 5770 1415 5813 α
1425 5755 1587 5814 nobis
1604 5754 1761 5829 ipsis,

1875 4733 2216 4789 contendas.
2250 4732 2497 4788 Videtur
2525 4732 2681 4787 enim
2728 4732 2873 4788 mihi
2920 4732 3031 4790 hoc
3072 4733 3153 4790 ita
3194 4739 3521 4806 constante,

1875 4821 2028 4894 quod
2062 4820 2113 4878 si
2142 4822 2445 4893 turpitudo
2464 4838 2640 4893 quam
2665 4821 3062 4891 fecisti,fuerit
3076 4824 3326 4897 perfecte
3347 4825 3527 4899 paeni-

1874 4911 2048 4966 tendo
2065 4914 2434 4983 consumpta,
2448 4909 2597 4983 ipsa,
2614 4927 2791 4983 quam
2804 4909 2966 4969 illius
2979 4914 3281 4970 occasione
3300 4914 3521 4980 dixisti,

1875 4999 1985 5056 erit
2014 4998 2230 5072 pariter
2257 5004 2515 5068 enecata,
2552 5000 2861 5071 adjuvante
2901 5001 3057 5057 illius
3096 5002 3514 5069 misericordia,

1877 5089 1977 5161 qui
2006 5089 2066 5143 in
2098 5088 2254 5144 hunc
2286 5090 2574 5145 mundum
2607 5090 2678 5144 ad
2702 5096 2902 5145 nostra
2925 5090 3083 5146 venit
3103 5090 3415 5146 relaxanda
3437 5090 3520 5145 fa-

1875 5176 2209 5249 einora,qui
2238 5193 2373 5232 cum
2398 5178 2563 5233 Patre
2594 5181 2651 5233 et
2678 5178 2898 5250 Spiritu
2930 5178 3142 5234 Sancto
3174 5177 3314 5233 vivit
3342 5183 3399 5234 et
3430 5184 3518 5235 re-

1875 5270 2016 5340 gnat
2042 5267 2102 5322 in
2133 5265 2347 5322 saecula
2379 5266 2746 5323 saeculorum.
2780 5268 2983 5323 Amen.

1873 5537 2010 5593 dum
2039 5535 2706 5611 confero,_inquam,cum
2722 5537 2824 5595 illo
2850 5538 2999 5611 quod
3025 5541 3302 5597 recordor
3314 5559 3520 5601 menu-

1872 5611 2133 5683 νοτ-νίκης
2160 5609 2390 5683 audisse
2407 5611 2717 5683 mro/ﬂeor
2734 5627 2828 5666 me
2855 5609 2967 5668 non
2996 5627 3210 5683 parum
3240 5615 3518 5675 animari.

1945 5681 2446 5758 (1015)_C.onstrue
2472 5697 2484 5735 :
2506 5681 3126 5758 Dicendumqummdo
3147 5685 3274 5755 ipsa
3297 5701 3412 5746 una
3432 5689 3519 5747 di-

1907 5750 2005 5812 ina
2033 5750 2338 5824 sententia,
2357 5766 2530 5829 quam
2546 5750 2870 5830 protulisti,
2891 5756 3053 5818 nobis
3078 5750 3348 5835 sufﬁciat.
