4056 6386
539 326 655 389 579

1459 332 1830 395 ΗΑΊἮΕΠΙΙ
1870 333 2116 419 EPISC.
2163 332 2456 399 vanos.
2502 337 2675 397 OPP.
2722 335 2918 398 PARS
2962 335 3013 399 Ι.

3830 334 3958 401 580

1678 638 2790 743 ΒΔΤΗΕΒῙῙ

1964 834 2224 892 ROMAM
2262 836 2520 893 EUNTIS

1311 900 2839 1177 ITINERARIUM

594 1416 744 1472 407
779 1413 994 1487 Nosse:
1016 1413 1437 1470 fraternitatem
1482 1430 1596 1469 non
1645 1413 1870 1487 ignoro,
1907 1413 2035 1482 ﬁlii,
2067 1430 2161 1469 ve-
2193 1416 2250 1483 Α
2280 1416 2376 1471 bet
2397 1418 2686 1483 monetur,
2717 1415 2829 1472 hoc
2857 1420 2971 1483 est,
2996 1421 3060 1472 ut
3117 1416 3330 1473 serviat
3379 1414 3463 1471 illi
3510 1415 3571 1471 in
3604 1415 3843 1486 timore,
3876 1422 3939 1474 et

469 1544 476 1553 ι
522 1508 727 1571 stram,
751 1520 845 1559 me
875 1519 1112 1576 pergere
1156 1519 1366 1574 cupere
1414 1502 1857 1575 praesentialiter
1896 1503 2160 1568 Romam,

522 1594 623 1649 sed
655 1593 826 1663 cujus
856 1592 938 1647 rei
970 1591 1159 1664 gratia
1189 1591 1444 1662 [subaudi
1473 1590 1706 1663 cupiam
1736 1594 2016 1663 pergere],
2036 1608 2165 1648 esse

520 1696 766 1752 prorsus
797 1680 1085 1753 ignaram.
1119 1680 1242 1735 Non
1278 1680 1434 1735 enim
1476 1680 1755 1736 orationis
1804 1696 1983 1736 causa
2024 1679 2163 1735 illuc

518 1769 687 1837 vado,
719 1786 850 1825 cum
880 1768 942 1824 in
972 1767 1280 1841 Evangelio
1311 1767 1501 1842 legam
1535 1784 1548 1823 :
1574 1770 1801 1836 Mulier,
1825 1768 1979 1824 crede
1997 1768 2158 1837 mihi,

517 1860 652 1929 quia
680 1860 829 1914 venit
855 1859 1011 1924 hora,
1043 1875 1167 1914 cum
1211 1874 1385 1930 neque
1431 1860 1490 1912 in
1533 1866 1714 1914 monte
1740 1860 1856 1926 hoc,
1888 1874 2061 1930 neque
2100 1860 2157 1914 in

518 1949 904 2019 Hierosolymis
944 1947 1248 2003 adorubitis
1286 1949 1507 2002 Patrem
1537 1946 1721 2018 (Joan.
1755 1964 1832 2012 IV,
1866 1946 1984 2019 24);
2019 1947 2158 2002 sub-

507 2037 715 2107 juncto
745 2053 757 2092 :
792 2036 1029 2109 Spiritus
1056 2040 1135 2092 est
1166 2038 1323 2107 Deus,
1348 2043 1397 2091 et
1418 2052 1525 2102 eos,
1557 2038 1657 2107 qui
1680 2035 1911 2091 adorant
1940 2037 2160 2104 eum,in

511 2126 720 2197 spiritu
791 2129 842 2181 et
914 2126 1141 2181 veritate
1196 2132 1401 2196 oportet
1463 2124 1694 2209 adorare
1748 2124 1928 2190 (Ibid.,
1994 2124 2088 2193 24)
2141 2141 2154 2180 :

513 2215 667 2288 quod
699 2215 901 2287 utique
931 2213 1088 2270 domi
1110 2217 1300 2286 potest
1316 2213 1567 2285 quisque
1596 2211 2025 2285 peragere.Non
2046 2213 2157 2267 im-

510 2302 736 2376 periali,
762 2303 901 2376 quia
932 2303 1282 2376 imperatum
1316 2307 1405 2357 est
1435 2301 1884 2372 minime,jnssu
1904 2301 2159 2372 [subaudi

509 2390 648 2448 illuc
668 2393 837 2463 vado]
873 2408 885 2448 :
923 2391 1138 2447 milites
1164 2390 1354 2446 solum
1381 2394 1447 2444 ut
1467 2389 1757 2444 mitterem
1787 2405 1969 2456 meos,
1999 2389 2070 2443 ab
2088 2405 2154 2445 eo

510 2498 644 2538 cum
674 2482 853 2547 (1017)
886 2480 1032 2535 mihi
1064 2480 1142 2535 sit
1170 2480 1542 2551 imperatum.
1568 2478 1751 2549 (1018)
1768 2477 2154 2545 Non,bonum

508 2572 649 2644 quid
669 2571 743 2626 sit
766 2573 996 2640 Deoque
1018 2568 1318 2640 placitum,
1335 2573 1401 2621 ut
1420 2567 1636 2621 ibidem
1664 2566 1962 2621 addiscam
1984 2584 1997 2635 ;
2018 2583 2151 2621 cum

509 2661 723 2732 saepius
752 2658 863 2714 hoc
892 2662 1154 2728 tempore
1178 2659 1476 2711 cantatum
1509 2670 1821 2726 agnoscam
1846 2671 1859 2710 :
1896 2654 2153 2710 Indicabo

509 2750 630 2817 tibi,
664 2747 841 2812 homo,
866 2746 995 2819 quid
1014 2747 1088 2800 sit
1105 2745 1322 2810 bonum,
1349 2747 1447 2798 aut
1476 2743 1606 2814 quid
1625 2744 1888 2798 Dominus
1908 2745 2153 2813 requirat

507 2857 543 2896 a
590 2843 644 2894 te
686 2856 704 2892 :
750 2840 934 2909 facere
991 2835 1268 2907 judicium
1323 2841 1375 2889 et
1413 2833 1709 2906 justitiam,
1759 2835 1811 2887 et
1853 2832 2153 2887 sollicitum

490 2927 792 2985 ambulare
816 2943 941 2981 cum
969 2926 1074 2980 Deo
1101 2932 1191 2980 tuo
1243 2924 1419 2986 (lliich.
1444 2939 1520 2989 v1,
1554 2922 1627 2987 8),
1661 2938 1774 2976 non
1809 2920 2003 2976 solum
2036 2920 2152 2975 uti-

506 3033 620 3091 que
642 3031 776 3072 cum
806 3015 1050 3071 Romam
1084 3013 1379 3079 vadimus,
1409 3012 1564 3067 438
1596 3011 1694 3066 sed
1729 3014 1787 3066 et
1818 3009 2155 3081 ubicunque

503 3105 885 3162 consistimus
904 3102 1388 3175 [al.,existimus].
1409 3100 1552 3156 Cum
1572 3100 1687 3155 Deo
1712 3116 1968 3171 namque
1997 3116 2154 3155 sem-

502 3211 607 3267 per
636 3193 917 3263 ambulat,
949 3191 1051 3264 qui
1081 3208 1115 3247 a
1146 3190 1449 3262 praeceptis
1496 3188 1685 3260 ipsius
1713 3204 2008 3260 nusquam
2051 3187 2152 3243 de-

500 3284 710 3340 viando
740 3282 1052 3338 discordat.
1069 3279 1231 3343 Quod
1255 3278 1434 3340 (1019)
1459 3276 1767 3333 sollicitius
1793 3292 1963 3349 agere
1981 3274 2153 3347 quili-

574 3428 759 3495 (1016)
791 3427 908 3481 Hoc
936 3424 1295 3481 Itinerarium
1323 3423 1573 3495 Ratherii
1608 3422 1833 3495 Romam
1872 3422 2150 3495 pergentis

505 3517 537 3555 a
571 3490 851 3553 Fulcuino
872 3496 1173 3550 laudatum
1208 3511 1333 3564 cap.
1370 3495 1458 3564 24,
1487 3493 1712 3564 editum
1747 3490 1854 3546 fuit
1873 3490 1945 3547 ab
1976 3490 2153 3564 Ache-

507 3571 590 3624 rio
649 3586 717 3623 ex
768 3569 964 3623 codice
1023 3563 1418 3620 Laudunensi.
1451 3563 1819 3635 Frisingense
1856 3563 2152 3635 exemplar

504 3640 674 3696 nobis
707 3638 970 3694 subsndio
1002 3638 1404 3707 fuit.Tempus
1435 3640 1552 3690 tres
1585 3633 1913 3707 caracteres
1939 3633 2145 3707 ﬁgunt.

505 3712 695 3766 Verba
725 3709 954 3767 numeri
976 3708 1169 3780 primi,
1195 3706 1345 3776 Quod
1371 3706 1526 3761 modo
1555 3722 1631 3780 ea;
1643 3706 1945 3780 Evangelia
1990 3706 2150 3761 Petro

503 3787 554 3839 et
593 3781 821 3838 Andreae
874 3778 1114 3835 audistis
1165 3781 1245 3834 ita
1300 3795 1522 3834 suasum
1549 3795 1569 3831 :
1614 3778 1800 3835 Venite
1845 3783 1959 3839 post
2011 3794 2144 3833 me:

503 3852 881 3921 Evangelium
914 3849 1354 3921 indicant.quod
1385 3848 1446 3921 in
1474 3854 1530 3903 S.
1558 3849 1797 3921 Andrea:
1832 3847 1975 3902 festo
2005 3847 2147 3920 legi-

502 3930 621 3980 tUr.
662 3918 1011 3983 Rdverbium
1065 3918 1259 3977 autem
1292 3919 1446 3976 modo
1478 3920 1599 3975 haec
1648 3918 1871 3991 scripta
1902 3918 2151 3975 testatur

503 3998 631 4069 ipso
655 3996 714 4051 S.
737 3995 978 4069 Andreae.
1000 3993 1112 4060 die,
1139 3999 1240 4048 aut
1256 3993 1491 4069 ineunte
1504 3990 1827 4069 Decembri.
1844 3990 2147 4069 Depembri

502 4062 635 4124 v'ero
667 4069 806 4122 anni
833 4068 941 4122 966
965 4065 1086 4120 haec
1119 4063 1425 4120 convenire
1445 4063 1560 4118 duo
1589 4068 1811 4117 certum
1862 4062 2145 4130 el'ﬁcmnt,

498 4140 742 4221 Joannis
773 4138 1065 4221 pontificis
1096 4136 1333 4221 mentio,
1355 4138 1424 4221 iet
1473 4135 1802 4221 Romanum
1835 4134 2147 4221 cpncilium
2179 4155 2222 4221 ρ

501 4211 707 4266 Ottone
724 4212 739 4264 l
757 4204 1042 4282 praesente
1064 4207 1500 4263 celebrandum.
1529 4207 1671 4282 [ium
1683 4204 1844 4282 enim
1857 4205 2145 4282 Joannem

502 4276 834 4354 pontificem
868 4285 1155 4354 memorat
1170 4282 1412 4354 num_._2,
1437 4276 1908 4354 exploratumest
1925 4294 2143 4333 sermo-

501 4347 632 4409 nem
658 4370 772 4408 non
806 4370 933 4409 esse
964 4353 1035 4407 de
1059 4352 1282 4407 Joanne
1311 4351 1431 4417 XII,
1456 4347 1525 4405 ut
1552 4347 1815 4404 nonnulli
1840 4353 2142 4420 putarunt;

501 4425 657 4480 hunc
694 4425 872 4491 enim,
901 4424 1070 4494 cujus
1116 4425 1386 4494 praecepto
1435 4422 1619 4494 fuerat
1668 4420 1994 4494 restitutus,
2017 4421 2144 4491 jam

500 4496 618 4551 vita
649 4490 915 4551 functum
944 4490 1165 4549 indicat
1195 4490 1407 4548 num.4
1438 4490 1717 4560 scribens,
1738 4508 1800 4546 se
1828 4490 2147 4546 restitutum

536 4572 767 4638 reecepto
797 4566 1054 4638 Apostoli.
1088 4565 1365 4638 qui_tunc_
1400 4564 1662 4638 Romanae
1717 4570 1954 4638 prmerat
2006 4563 2142 4638 sedi.

536 4583 767 4638 réecepw
797 4583 1054 4638 Αροδῑοιῖ.
1124 4583 1181 4618 ιιι
1214 4583 1352 4619 tunc
1400 4583 1662 4618 [romanae
1717 4583 1954 4633 praeerat
2006 4583 2142 4617 δϐαι.

494 4583 580 4693 ﬁe
609 4638 831 4693 Joanne
864 4642 1058 4693 autem
1088 4583 1211 4691 gilll
1242 4634 1581 4689 Ratherium
1610 4632 1769 4703 loqui
1802 4633 2018 4689 certius
2051 4635 2148 4690 [iet

500 4725 570 4763 ex
599 4708 861 4764 dicendis
884 4713 1002 4763 not.
1028 4708 1185 4762 1025.
1206 4704 1641 4778 Ροιιιξοᾲοοῃοῇᾗο
1658 4704 1853 4759 Romae
1887 4707 2145 4778 cogendo

499 4780 769 4835 Ottonem
801 4781 1236 4851 imperatorem,
1257 4776 1357 4851 qui
1386 4776 1443 4851 in
1478 4775 1711 4851 Italiam
1735 4775 1991 4851 venerat;
2011 4794 2143 4832 cum

498 4851 787 4934 episcopis
819 4846 1159 4934 adiuturum
1188 4846 1503 4934 Batherius
1533 4864 1649 4930 non
1681 4846 1927 4934 dubitat.
1955 4848 2143 4932 genti:

498 4918 657 4991 tium,
692 4918 905 4993 inquit,
930 4938 1093 4993 num.
1116 4922 1457 4993 i,tantorum
1486 4920 1583 4993 qui
1611 4918 1879 4973 conducta
1904 4921 2148 4990 piissimi

496 4990 730 5053 Caesaris
774 4990 912 5050 illuc
967 4992 1037 5048 ad
1085 4992 1437 5063 apostolicam
1486 4990 1665 5045 sedem
1721 4999 1850 5045 sunt
1904 4994 2142 5058 venturi,

494 5069 651 5123 adire
678 5068 924 5138 dispono.
953 5066 1028 5138 Et
1060 5065 1311 5138 num._3,
1342 5063 1777 5138 sapie-ntissimps
1824 5063 1974 5138 opim
2030 5066 2146 5138 tam

493 5140 560 5195 de
580 5142 679 5195 isto
709 5134 892 5210 regno,
911 5137 1088 5210 idest
1120 5134 1339 5210 Italico,
1359 5151 1527 5210 quam
1541 5142 1592 5189 et
1619 5134 1683 5188 de
1711 5134 1816 5210 his,
1839 5134 2144 5189 Germanis

496 5210 715 5266 scilicet
740 5207 1181 5282 episcopistqui
1207 5224 1333 5282 cum
1364 5207 1596 5262 Domino
1642 5208 1846 5282 nostro“
1880 5209 2144 5282 venerunt

493 5298 703 5355 semper
730 5274 988 5355 Augusto,
1012 5274 1729 5355 iliicadfuturoscognosco.
1762 5274 1892 5355 Otto
1920 5276 2143 5355 Joanne

495 5347 627 5408 XIII
660 5347 929 5424 pontiﬁce
954 5351 1015 5406 in
1048 5347 1286 5424 Italiam
1302 5349 1459 5404 venit
1482 5351 1616 5424 post
1641 5348 1971 5424 Augustum
2004 5347 2140 5424 anni

494 5417 924 5490 9:56;'B.omam
963 5439 1096 5478 vero
1155 5421 1450 5493 profectus
1484 5417 1620 5493 _su_b
1679 5417 1943 5493 ejusdem
1975 5419 2141 5493 __anni

498 5488 694 5556 ﬁnem,
728 5493 991 5548 natalitia
1020 5488 1175 5549 festa
1197 5491 1416 5548 ibidem
1456 5488 1782 5546 celebravit.
1816 5488 2138 5546 Concilium

494 5566 733 5643 tandem
760 5564 953 5643 Romae
977 5564 1242 5643 habitum
1269 5564 1450 5643 fuisse
1470 5560 2136 5643 initioannisequentis,

495 5636 588 5694 cui
621 5636 775 5710 idem
804 5635 1284 5710 imperatorpum
1313 5633 1604 5710 episcopis
1636 5637 1763 5710 tum
1792 5631 1972 5710 italis,
2005 5637 2134 5710 tum

492 5706 797 5772 Germanis
826 5704 1113 5779 interfuit,
1128 5706 1315 5784 liquet
1344 5704 1413 5769 ex
1430 5704 1730 5784 privilegio
1753 5704 2016 5783 ejusdem
2038 5704 2145 5766 im-

2274 1504 2523 1559 exsultet
2551 1503 2601 1560 ei
2634 1519 2769 1559 cum
2801 1508 3053 1560 tremore
3081 1503 3256 1564 (Psal.
3285 1521 3346 1570 II,
3371 1505 3481 1572 11).
3506 1504 3570 1561 In
3601 1506 3935 1578 peccatoris

2273 1610 2545 1665 namque,
2566 1596 2632 1648 ut
2659 1592 2739 1647 ait
2763 1592 3098 1665 Gregorius.
3118 1597 3349 1665 pectore
3368 1593 3735 1650 incessanter
3752 1594 3938 1651 debet

2272 1696 2405 1752 spes
2435 1686 2492 1736 et
2519 1680 2769 1736 formido
2800 1696 3056 1737 manere.
3089 1680 3387 1736 Judicium
3417 1697 3552 1737 vero
3574 1682 3714 1754 quid
3737 1687 3830 1738 est
3850 1684 3937 1739 fa-

2271 1785 2418 1836 cere,
2451 1768 2564 1825 nisi
2606 1770 2762 1840 quod
2809 1768 2900 1824 lex
2947 1768 3210 1842 praecipit
3239 1769 3590 1826 observare?
3619 1771 3783 1837 Quod
3818 1771 3935 1827 fuit

2269 1859 2490 1930 utique,
2520 1859 2675 1930 quod
2708 1858 2881 1914 modo
2928 1874 2997 1913 ex
3040 1857 3347 1930 Evangelio
3384 1858 3552 1915 Petro
3581 1862 3639 1915 et
3674 1859 3926 1916 Andreae

2269 1947 2520 2003 audistis
2552 1947 2634 2002 ita
2663 1964 2905 2002 suasum
2939 1965 2952 2003 :
2990 1947 3173 2003 Venite
3197 1952 3317 2018 post
3345 1964 3434 2003 me
3464 1948 3669 2021 (Μαίη).
3696 1966 3770 2017 ιν,
3807 1950 3923 2015 19).

2268 2035 2397 2089 ΗίΒο
2427 2040 2516 2090 est
2546 2036 2704 2090 enim
2737 2035 2827 2091 lex
2871 2040 2933 2091 et
2972 2036 3287 2107 prophetae,
3321 2040 3387 2091 ut
3428 2041 3562 2108 post
3615 2037 3925 2094 Christum

2268 2124 2425 2178 omni
2461 2129 2722 2197 tempore
2754 2124 3072 2181 debeamus
3101 2124 3431 2198 cogitando,
3456 2124 3771 2197 loquendo,
3786 2143 3924 2200 ope-

2266 2214 2448 2268 rando
2478 2213 2694 2269 venire.
2719 2213 2958 2269 Justitia
2989 2230 3121 2269 vero
3154 2230 3331 2286 quam
3351 2215 3542 2271 facere
3573 2216 3919 2283 suademur,

2265 2317 2392 2372 quae
2423 2305 2536 2369 est,
2568 2301 2682 2357 nisi
2700 2302 2874 2373 juris,
2901 2302 3012 2357 hoc
3038 2307 3127 2358 est
3165 2302 3312 2375 legis
3343 2302 3709 2360 status?Sed
3743 2306 3919 2374 cujus

2264 2387 2448 2461 legis?
2467 2388 2682 2444 Christi
2714 2380 2936 2459 utique.
2961 2389 3196 2444 Factam
3221 2405 3354 2445 vero
3386 2390 3681 2461 quomodo
3700 2390 3915 2463 imple-

2264 2478 2441 2533 mus?
2471 2479 2642 2545 Alter,
2677 2479 2925 2545 atterius,
2960 2477 3044 2532 ait
3071 2478 3171 2549 qui
3204 2481 3459 2546 noverat,
3480 2494 3649 2535 onera
3672 2483 3910 2551 portate,

2260 2575 2310 2623 et
2356 2569 2434 2623 sic
2481 2568 2854 2640 adimptebitis
2912 2568 3082 2639 legem
3132 2566 3336 2623 Christi
3358 2568 3501 2640 (Gal.
3528 2585 3605 2636 Vl,
3636 2569 3713 2631 2).
3747 2568 3913 2633 Quod

2261 2661 2350 2712 est
2379 2660 2573 2711 autem
2607 2673 2755 2712 onus
2777 2656 3092 2728 unicuique
3122 2656 3379 2729 gravius,
3413 2673 3590 2729 quam
3614 2673 3749 2713 cum
3778 2658 3915 2730 quis

2262 2745 2593 2818 ignorantia
2606 2745 3128 2817 premitureorum,
3146 2745 3458 2816 quasillum
3473 2745 3623 2802 scire
3637 2750 3915 2819 oportue-

2265 2840 2355 2889 rat
2370 2833 2662 2907 amplius‘?
2695 2833 3027 2906 Eamigitur
3043 2850 3174 2889 cum
3201 2850 3318 2889 non
3337 2834 3579 2906 implere
3608 2836 3763 2891 489
3795 2836 3914 2890 nisi

2265 2922 2618 2989 inchoatam,
2651 2921 2927 2978 inchoare
2972 2939 3106 2978 vero
3137 2922 3250 2978 nisi
3298 2923 3557 2994 agnitum
3590 2922 3914 2992 valeamus,

2264 3011 2447 3084 (1020)
2480 3011 2648 3084 quasi
2679 3011 3013 3067 discordare
3040 3028 3174 3067 vero
3208 3012 3267 3066 in
3298 3012 3589 3083 pluribus,
3621 3013 3764 3069 dum
3793 3030 3913 3070 non

2261 3100 2627 3174 intelligitur,
2651 3100 2982 3169 videamus;
3004 3104 3068 3155 ut
3088 3103 3144 3156 et
3167 3115 3259 3155 me
3289 3101 3492 3156 eodem
3524 3101 3680 3157 fasce
3695 3099 3910 3170 levare,

2262 3194 2321 3245 et
2350 3189 2512 3244 vobis
2562 3189 2697 3245 inde
2737 3194 3038 3261 utcunque
3082 3205 3445 3259 concurrere,
3472 3190 3627 3262 quod
3676 3193 3911 3263 portare

2262 3279 2405 3334 dicit
2460 3277 2794 3351 Apostolus,
2825 3277 3072 3348 valeam,
3092 3277 3405 3334 concilium
3450 3281 3746 3335 tantorum
3805 3280 3910 3352 qui

2302 3420 2545 3477 eratoris
2576 3421 2635 3475 in
2658 3421 2910 3476 favorem
2936 3419 3273 3476 monasterii
3295 3419 3670 3478 Sublacensis
3689 3420 3824 3477 dato
3848 3439 3909 3478 III

2302 3439 2545 3477 eratoris
2576 3439 2635 3475 in
2658 3439 2910 3476 Iavorem
2936 3439 3273 3476 monasneru
3295 3439 3670 3478 bumacenSIs
3689 3439 3824 3477 asto
3848 3439 3909 3478 III

2261 3439 2398 3548 fdus
2423 3493 2686 3548 Januarii
2705 3491 2841 3564 anni
2864 3491 2989 3564 967,
3016 3492 3170 3564 quod
3188 3510 3221 3547 a
3243 3492 3553 3549 Maratorio
3575 3493 3800 3549 editum
3820 3497 3913 3550 est

2259 3570 2401 3619 tom.
2436 3564 2482 3617 V
2513 3563 2780 3635 Antiquit
2832 3562 3293 3635 Italicfdissert.
3326 3565 3415 3629 65,
3444 3569 3501 3620 et
3545 3582 3577 3620 a
3624 3564 3909 3621 canonico

2260 3636 2572 3708 Garampio
2605 3633 2879 3708 recusum
2911 3651 2975 3689 ex
3005 3633 3237 3691 schedis
3268 3634 3555 3690 Dominici
3581 3635 3814 3708 Georgii
3848 3637 3907 3691 in

2258 3706 2408 3762 libro
2435 3706 2739 3788 inscripto
2790 3707 2863 3787 De
2907 3722 3131 3788 nummo
3178 3711 3433 3788 argenteo
3473 3706 3773 3788 ‘Renetlicti
3809 3709 3906 3788 £11,

2257 3795 2391 3850 pag.
2426 3778 2569 3850 169.77
2586 3776 2955 3850 itinerarium
2976 3776 3175 3850 igitur,
3211 3776 3364 3849 quod
3398 3779 3507 3850 sub
3531 3778 3766 3850 initium
3809 3780 3912 3834 De-

2258 3848 2510 3905 cembris
2539 3849 2764 3921 Joanne
2792 3848 2920 3904 XIII
2947 3848 3217 3921 pontifice
3230 3848 3374 3921 post
3400 3848 3626 3921 Qttonis
3658 3849 3912 3906 Iadven-

2256 3928 2380 3976 tum
2408 3921 2468 3975 in
2500 3920 2748 3988 Italiam,
2778 3923 2835 3975 et
2864 3919 2997 3975 ante
3029 3919 3206 3976 hocce
3236 3919 3549 3976 concilium
3589 3921 3910 3977 Ratherius

2256 3992 2603 4119 giatéubravit,
2637 3991 3063 4065 assignandum
3095 3995 3187 4047 est
3214 3991 3440 4048 ineunti
3469 3992 3776 4049 Decembri
3809 4010 3906 4050 an.

2331 4134 2510 4218 (1017)
2541 4133 2737 4218 Vulg",
2756 4135 2971 4218 hoc
3005 4133 3703 4218 Qorrectippem‘p'rtebuit
3724 4135 3910 4218 codex

2259 4205 2828 4279 Frisingensis.'Cum
2860 4205 2989 4261 Otto
3021 4206 3042 4261 Ι
3073 4223 3223 4279 an_no
3253 4206 3359 4260 966
3389 4205 3707 4279 inggllialiam
3723 4206 3912 4263 venis-

2255 4284 2365 4345 set,
2400 4276 2872 4332 ut'rebollionem
2902 4281 3104 4333 contra
3131 4277 3414 4333 Joannem
3438 4277 3563 4333 XIII
3586 4277 3785 4333 Romae
3816 4294 3913 4334 ex-

2253 4349 2954 4421 citatamcompesceret;
2989 4348 3108 4421 hac
3126 4349 3297 4421 forte
3312 4348 3389 4421 de
3436 4365 3615 4421 causa
3664 4349 3910 4417 milites,

2256 4421 2355 4492 qui
2389 4421 2461 4475 ab
2493 4420 2640 4492 ipsis
2660 4418 2959 4492 episcopis
2981 4419 3065 4492 uti
3094 4418 3326 4492 imperii
3354 4419 3603 4492 vassalis
3634 4421 3915 4492 peteban-

2253 4490 2314 4547 tu
2325 4511 2368 4558 r,
2386 4490 2729 4547 Ratherium
2743 4490 2970 4547 mittere
2982 4491 3005 4562 j
3016 4490 3270 4546 ussitin
3281 4507 3351 4546 nc
3363 4490 3537 4547 etiam
3551 4491 3610 4547 in
3634 4490 3910 4548 sermone

2254 4564 2325 4619 de
2360 4564 2553 4635 Maria
2585 4567 2641 4618 et
2671 4562 2900 4635 Martha
2942 4562 3049 4635 hoc
3080 4563 3285 4635 eodem
3309 4579 3468 4635 anno
3508 4567 3642 4635 post
3688 4565 3909 4620 festum

2256 4634 2691 4706 Assumptioniﬁs
2724 4634 2787 4688 B.
2819 4633 3012 4688 Maria:
3042 4633 3285 4706 virginis
3308 4633 3908 4691 habito‘num.4.ait:

2254 4707 2453 4762 Milites
2479 4705 2700 4778 quando
2726 4707 2897 4760 etiam
2934 4720 3080 4760 meos
3130 4705 3200 4760 ad
3240 4705 3503 4777 praelium
3550 4707 3614 4762 ob
3666 4708 3914 4763 Caesaris

2252 4794 2381 4846 cogo
2408 4781 2755 4848 praeceptum.

2326 4845 2512 4919 (1018)
2572 4845 2823 4919 Contrue
2856 4863 2869 4902 :
2903 4848 3022 4903 Non
3079 4845 3244 4919 (vado
3298 4845 3460 4919 illuc)
3519 4855 3578 4905 ut
3624 4847 3915 4904 addiseam

2253 4919 2478 4986 ibidem,
2498 4918 2642 4991 quid
2671 4918 2974 4991 sitgbonum
3003 4921 3055 4973 et
3084 4919 3351 4991 placitum
3378 4918 3503 4975 Deo.

2313 4989 2636 5117 1(11.0lt9)Sic
2667 4990 2793 5045 cod.
2813 4990 3058 5063 Frising.
3093 4989 3325 5057 melius,
3345 5006 3520 5062 quam
3562 4989 3623 5046 in
3653 4990 3912 5064 vulgatis

2358 5079 2426 5117 τοι
2455 5080 2539 5117 us.

2249 5064 2539 5118 sollicitus.

2311 5135 2370 5259 (Si
2384 5134 2510 5201 020)
2525 5131 2845 5188 Dissidium
2865 5131 3103 5257 respicit
3123 5148 3257 5187 cum
3276 5132 3401 5189 suis
3421 5132 3668 5197 clericis,
3688 5133 3911 5206 quibus

2351 5206 2558 5259 ebatur
2605 5203 2695 5259 lex
2744 5220 2911 5259 ouasx
2996 5220 3115 5259 isco
3165 5204 3303 5259 dare
3344 5204 3400 5258 in
3436 5204 3726 5259 pluribus.
3764 5206 3911 5259 dum

2248 5202 2558 5285 videbatur
2595 5202 2911 5285 _le_x“qua.si
2953 5202 3303 5285 discidere
3344 5204 3400 5258 in
3436 5202 3912 5285 pluribus,_dum

2249 5275 2412 5331 illam
2446 5293 2560 5331 non
2591 5274 3035 5347 intelligebant;
3066 5274 3148 5329 illi
3200 5275 3357 5330 enim
3415 5274 3682 5347 quaedam
3734 5275 3913 5332 licere

2250 5348 2556 5419 putabant,
2583 5363 2709 5419 qua:
2754 5345 3084 5419 Ratherius
3111 5347 3343 5419 vetabat
3391 5345 3475 5402 uti
3522 5346 3746 5403 illicita.
3778 5348 3917 5419 Mox

2272 5422 2396 5491 ‘asce
2436 5435 2540 5491 pro
2582 5417 2767 5491 onere,
2799 5417 2886 5473 uti
2935 5417 3090 5490 apud
3142 5417 3454 5491 Virgilium
3505 5418 3564 5474 in
3613 5417 3913 5489 Bucolica,

2298 5489 2483 5565 cloga,
2518 5507 2595 5559 ix,
2620 5506 2675 5558 v,
2707 5489 2798 5545 69.

2254 5681 2267 5697 .
2343 5679 2355 5697 .
2424 5679 2438 5695 .
2508 5678 2521 5694 .
2589 5674 2604 5695 .
2672 5676 2686 5694 .
2753 5641 2862 5709 Ego
2882 5640 2986 5694 hoc
3013 5644 3066 5693 te
3094 5640 3237 5696 fasce
3265 5641 3466 5696 levabo.
