4056 6400
144 364 273 433 585

1608 364 2154 439 lTlNERARlUM.

3453 361 3571 425 588

142 497 335 577 ῤυὶε,
350 499 646 570 ereptum,
680 496 1011 565 reductum,
1046 513 1080 551 a
1109 496 1273 551 vobis
1305 513 1438 552 vero
1479 499 1597 552 tam
1629 495 1804 550 inhu-
1835 495 2129 579 Aterium
2190 496 2650 570 perpetraverit;
2714 495 2848 569 quis
2874 513 2942 553 ex
2993 495 3159 552 vobis
3205 495 3579 579 indepositus

152 602 329 655 mane
350 590 680 658 receptum,
712 589 777 651 ut
806 601 921 640 non
953 585 1188 641 difﬁcile
1242 584 1415 641 fuerit
1442 584 1499 639 in
1547 583 1807 639 vultibus

148 674 365 741 vestris
396 674 712 745 conjectari
742 691 921 747 quam
963 691 1080 730 non
1128 673 1378 743 libenter
1417 690 1508 729 me
1545 672 1807 729 videritis

150 764 383 833 reverti,
412 779 547 818 cum
580 767 637 818 et
668 762 874 819 exinde
897 766 982 819 tot
1007 779 1100 818 me
1126 780 1240 818 non
1259 762 1542 820 desinatis
1570 761 1804 833 injuriis

147 849 462 920 lacessere,
490 855 556 906 ut
584 851 743 906 omni
774 867 868 906 me
901 850 1281 923 praerogativa
1327 850 1550 906 ordinis
1580 850 1802 921 episco-

148 940 302 1013 palis
331 941 476 997 adeo
505 939 675 997 sicuti
704 944 839 996 ante
864 939 1070 1011 (1034),
1102 938 1183 994 ita
1213 943 1267 996 et
1293 942 1442 1011 post,
1475 955 1590 993 non
1606 937 1802 993 dimit-

144 1030 287 1097 tatis
317 1029 569 1102 privare,
604 1033 669 1085 ut
697 1029 843 1084 nihil
878 1044 939 1084 ev
974 1045 1042 1084 ea
1061 1028 1206 1083 mihi
1238 1027 1584 1099 relinquatis
1598 1032 1806 1099 praeter

148 1118 496 1175 chrismatis
528 1117 972 1187 coniectionem,
1004 1121 1061 1172 et
1103 1116 1464 1172 chrismandi
1518 1115 1807 1189 quidlibet

149 1224 290 1273 cum
321 1206 865 1279 subscriptionibus
896 1209 1267 1278 potestatem.
1302 1206 1457 1260 Adeo
1489 1205 1803 1277 quoquede

147 1295 316 1353 vobis
346 1295 464 1350 sim
494 1294 843 1366 inhonorus,
876 1299 943 1350 ut
988 1302 1133 1349 ’cum
1166 1295 1315 1366 (135)
1364 1309 1570 1350 omnes
1614 1293 1803 1365 coepi-

148 1384 312 1457 scopi
342 1384 483 1440 illuc
512 1383 763 1452 venturi,
796 1384 868 1439 de
898 1383 1126 1440 clericis
1157 1382 1284 1439 suis
1314 1399 1516 1455 parere
1535 1382 1802 1438 inibiha-

147 1474 325 1529 beant
355 1472 654 1541 honorati;
691 1488 798 1544 ego
828 1473 1077 1529 devobis
1097 1489 1201 1528 nec
1218 1489 1405 1529 unum
1435 1472 1548 1529 sim
1568 1471 1800 1527 habitu-
1836 1518 1851 1531 .

148 1579 275 1630 rus;
308 1578 445 1619 cum
477 1562 549 1617 de
570 1577 706 1616 mea
738 1561 1148 1633 paupertatula
1173 1579 1290 1617 non
1321 1561 1433 1617 sim
1465 1561 1631 1617 vobis
1660 1562 1802 1616 adeo

155 1650 544 1719 inhumanus,
578 1653 644 1704 ut
674 1649 913 1705 militari
936 1648 1432 1721 beneficio(1036),
1464 1650 1805 1717 habeam,et

151 1739 261 1801 hoc
289 1737 497 1812 gratis,
530 1738 728 1794 decem
761 1755 830 1794 ex
858 1738 1022 1795 vobis
1054 1739 1290 1794 ditatus.

218 1832 270 1882 5.
294 1808 593 1926 bmittam.
617 1831 833 1892 tamen,
870 1831 936 1882 ut
966 1826 1105 1894 dixi,
1136 1826 1296 1883 illius
1326 1808 1524 1883 omnia
1573 1828 1685 1883 ista
1708 1844 1799 1882 re-
1832 1866 1879 1931 B

145 1920 371 1990 spectu,
404 1916 505 1988 qui
537 1915 712 1985 dixit:
765 1917 946 1972 Nolite
1002 1918 1260 1972 resistere
1305 1918 1452 1973 malo
1505 1916 1714 1989 (Matth.
1742 1933 1798 1986 v,

147 2005 260 2075 39).
294 2003 377 2059 De
408 2003 630 2074 synodo
661 2018 695 2058 a
725 2002 897 2058 nobis
925 2003 1067 2075 quid
1126 2003 1417 2076 agendum
1467 2004 1802 2076 nuperrime

149 2098 277 2149 acta
305 2090 524 2160 (1037)?
555 2092 784 2159 (Nicaea.
818 2092 950 2164 0.15.
969 2108 1091 2148 can.
1115 2093 1799 2164 apost.38.)Scitisenim,

149 2180 335 2250 scitis,
366 2196 462 2236 me
492 2195 723 2252 semper
751 2179 863 2235 hoc
879 2196 1050 2253 agere
1077 2179 1204 2236 ideo
1221 2180 1543 2253 distulisse,
1563 2198 1698 2238 cum
1713 2182 1801 2238 bis

149 2269 211 2325 iu
242 2286 398 2324 anno
430 2268 587 2324 idem
618 2271 974 2341 praeceptum
1007 2269 1084 2324 sit
1113 2270 1321 2338 facere,
1356 2271 1509 2342 quod
1549 2271 1800 2327 dicerem

149 2375 266 2433 me,
296 2357 455 2413 unde
486 2357 771 2429 synodare
793 2357 1087 2425 deberem,
1112 2359 1351 2431 omnino
1389 2360 1632 2416 nescire.
1650 2359 1803 2416 Solet

148 2447 305 2505 enim
339 2446 402 2502 iu
435 2446 696 2519 synodis,
730 2445 779 2501 si
804 2446 947 2519 quid
974 2451 1179 2503 contra
1207 2464 1459 2503 canones
1473 2453 1665 2505 actum
1690 2453 1799 2517 est,

150 2534 477 2612 emendari.
509 2534 618 2589 Sed
654 2534 701 2590 si
734 2533 844 2590 hoc
875 2550 1046 2607 agere
1096 2535 1494 2605 tentavissem,
1529 2537 1803 2593 omnibus

151 2640 278 2695 quae
307 2622 366 2678 in
400 2622 723 2697 canonibus
755 2626 896 2679 sunt
926 2622 1150 2697 scripta
1188 2625 1494 2697 regyratis,
1541 2626 1612 2681 de
1640 2624 1802 2683 nullo

153 2700 358 2769 eorum
389 2729 495 2768 vos
524 2728 727 2768 curare
757 2712 1015 2769 viderem
1049 2712 1409 2770 omnimodo.
1440 2715 1482 2770 E
1515 2715 1732 2786 quibus
1753 2715 1803 2771 si

151 2801 241 2858 vel
262 2800 460 2873 aliqua
472 2801 782 2873 proferam,
798 2801 846 2857 si
862 2800 1150 2875 legeretur
1162 2803 1316 2874 quod
1331 2803 1600 2876 superius
1616 2804 1801 2876 tetigi,

153 2882 264 2947 hoc
295 2894 385 2946 est
414 2890 629 2963 (consil.
664 2890 783 2946 Nic.
832 2907 883 2946 c.
932 2890 1009 2958 3),
1061 2891 1538 2948 Subintroductam
1586 2892 1802 2964 habere,

154 2996 466 3053 personam,
497 2980 613 3035 nisi
650 2995 911 3048 sororem,
964 2983 1120 3039 444
1149 2985 1208 3036 et
1238 2985 1461 3049 caetera,
1514 3000 1642 3054 quae
1669 2987 1808 3038 sunt

158 3068 303 3125 inibi
338 3072 569 3136 notata;
602 3084 776 3140 quem
807 3073 1066 3125 vestrum
1091 3070 1161 3125 ab
1187 3070 1366 3142 hujus
1381 3070 1642 3144 neglecto
1668 3088 1808 3143 pra:-

158 3157 309 3230 cepti
343 3156 668 3230 potuissem
700 3157 990 3230 excipere?
1004 3158 1260 3215 Rursum
1292 3159 1338 3216 si
1371 3158 1804 3233 lectumimple-

1898 576 2059 639 isset
2089 584 2213 655 [at.,
2247 585 2452 657 esset)?
2483 585 2738 641 Rursum
2756 585 2803 639 si
2821 584 3151 641 recitaretu:
3178 576 3568 658 Prmcipimus,

1913 677 1974 728 ut
2008 673 2213 744 bigami
2241 689 2351 729 non
2384 674 2758 730 admittuntur
2785 674 2856 730 ad
2885 676 3096 731 clerum
3124 675 3336 740 (INNOC.
3370 674 3393 730 Ι
3421 690 3505 746 ep.
3538 674 3570 729 4

1914 777 1961 816 c.
1993 764 2048 830 2;
2082 761 2285 818 Gsms.
2320 762 2341 817 I
2374 779 2459 835 cp.
2492 763 2549 819 9.
2579 764 2679 819 sub
2694 763 2888 837 med.);
2919 780 3095 836 quem
3113 780 3181 820 ex
3208 761 3373 819 vobis
3388 762 3567 818 confi-

1915 850 2111 906 derem
2141 850 2405 923 legaliter
2435 852 2505 907 ad
2534 851 2924 908 sacerdotium
2956 852 3140 911 fuisse
3174 855 3514 925 provectum
3541 849 3569 907 ?

1915 937 2001 1008 Et,
2034 942 2098 993 ut
2127 940 2198 994 ad
2231 939 2480 1005 minora,
2496 940 2778 1013 vobisque
2794 940 3334 1013 pernullaveniam,
3353 939 3401 996 si
3418 939 3569 1013 lege-

1914 1032 2074 1082 retur
2085 1032 2511 1101 contemptores
2525 1046 2815 1085 canonum
2838 1030 3030 1086 acrius
3048 1030 3560 1102 arguendos(conc.

1915 1117 2129 1187 Hispal.
2164 1135 2226 1183 ιι,
2243 1134 2292 1173 c.
2324 1119 2376 1178 4)
2399 1118 3015 1191 ;deconjuratiouibus
3035 1119 3156 1191 (aL,
3180 1117 3562 1191 conspiratio-

1914 1204 2112 1279 nibus]
2154 1207 2352 1270 etiam,
2385 1210 2444 1262 et
2492 1208 3019 1280 conspiratoribus,
3070 1208 3141 1264 de
3182 1206 3455 1280 perjuris,
3490 1207 3562 1263 de

1912 1293 2180 1361 ebriosis,
2214 1299 2270 1350 et
2300 1296 2400 1367 qui
2428 1296 2487 1351 in
2522 1297 2782 1352 tabernis
2803 1297 3034 1366 bibunt,
3061 1296 3230 1369 etqui
3259 1295 3459 1353 usuris
3478 1296 3562 1352 in-

1914 1383 2194 1450 serviunt,
2224 1382 2274 1438 si
2304 1382 2568 1457 legaliter
2599 1385 2967 1457 synodarem;
3001 1401 3177 1456 quem
3197 1401 3267 1440 ex
3292 1383 3558 1447 vobisin-

1913 1471 2257 1526 demnatum
2273 1471 2695 1544 relinquerem?
2716 1473 2775 1529 Si
2790 1473 3042 1546 perjuris
3055 1472 3260 1533 saltem
3271 1472 3558 1546 poi-niten-

1912 1558 2055 1614 tiam
2083 1558 2311 1632 legibus
2341 1559 2623 1616 indictam
2656 1561 2780 1633 ipse
2802 1563 3078 1632 dicerem,
3108 1578 3284 1635 quem
3306 1563 3377 1639 de
3396 1562 3560 1639 vobis

1913 1647 2157 1704 missam
2189 1648 2480 1705 celebrare
2493 1649 2885 1722 permitterem
2898 1650 2926 1706 ?
2941 1649 3001 1705 Si
3018 1649 3381 1707 multinubos
3403 1667 3437 1706 a
3453 1648 3562 1706 cle-

1913 1736 2097 1792 ricatu
2128 1736 2489 1809 repellerem,
2525 1755 2698 1810 quem
2731 1738 2845 1794 nisi
2893 1736 3169 1812 puerulos
3215 1738 3275 1794 in
3304 1737 3564 1795 Ecclesia

1912 1824 2335 1897 relinquerem?
2359 1826 2413 1880 Si
2447 1843 2747 1882 manzeres
2780 1826 2963 1900 (1038)
3013 1827 3330 1899 abjicerem
3361 1814 3558 1900 quem,

1910 1930 1979 1969 ex
2009 1913 2230 1970 eisdem
2264 1913 2526 1986 puerulis
2549 1920 2703 1972 stare
2730 1916 2789 1972 in
2812 1915 2986 1972 choro
3014 1906 3443 1989 permitterem?
3458 1918 3563 1972 Ea:-

1909 2005 2168 2075 spectavi,
2197 2002 2410 2075 inquit,
2444 2007 2502 2059 ut
2526 2006 2732 2075 faceres
2752 2004 3050 2076 judicium,
3068 2012 3121 2061 et
3134 2021 3252 2062 ecce
3266 2006 3557 2078 iniquitas,

1910 2095 1961 2147 et
1980 2093 2280 2164 justitiam,
2305 2100 2354 2147 et
2385 2109 2502 2148 ecce
2529 2094 2735 2149 clamor
2766 2095 2914 2163 (Isai.
2946 2111 3002 2162 x,
3033 2094 3112 2156 7).
3136 2093 3279 2157 Quis
3297 2086 3561 2150 clamor?

1910 2180 2174 2236 Pessima
2205 2181 2381 2247 fama,
2417 2181 2639 2236 malum
2688 2181 3042 2255 exemplum.
3077 2180 3312 2251 Clamor,
3345 2168 3558 2254 inquit,

1912 2269 2264 2326 Sodomorum
2290 2272 2437 2326 venit
2464 2270 2534 2325 ad
2575 2287 2662 2326 me
2712 2269 2865 2343 (Gen.
2924 2287 3084 2339 xvm,
3140 2272 3251 2341 28).
3301 2262 3590 2333 Breviter~

1912 2360 2033 2431 [ms.
2060 2361 2298 2428 Frising.
2310 2359 2715 2431 ,‘.Perbreviier]
2728 2359 2991 2416 dixerim:
3008 2376 3187 2418 causa
3211 2354 3558 2432 perditionis

1910 2447 2091 2504 totius
2121 2446 2267 2504 mihi
2298 2446 2497 2521 populi
2530 2448 2855 2520 commissi,
2904 2452 3341 2505 commanentes
3372 2449 3569 2523 (1039)

1911 2535 1995 2591 illi
2030 2540 2169 2591 sunt
2200 2535 2410 2592 clerici.
2444 2537 2625 2601 Quem
2653 2537 2809 2592 enim
2839 2535 3122 2592 laicorum
3171 2538 3242 2593 de
3271 2533 3559 2593 adulterio

1913 2624 2221 2681 convenire
2252 2641 2432 2681 ausus
2465 2625 2708 2682 fuissem
2737 2626 2797 2681 in
2812 2626 3033 2699 synodo
3063 2623 3272 2695 (1040),
3299 2641 3473 2698 quem
3489 2627 3561 2683 de

1914 2715 2033 2787 perj
2044 2714 2188 2783 urio,
2205 2730 2379 2786 quem
2392 2713 2462 2769 de
2480 2714 2685 2787 quovis
2704 2713 2945 2789 flagitio,
2961 2713 3307 2779 clericorum
3318 2712 3563 2771 Erustra-
3584 2740 3589 2753 ν

1910 2805 2009 2862 tus
2033 2800 2288 2874 judicio?
2317 2801 2457 2869 Quis
2472 2801 2643 2857 -cnim
2667 2802 2765 2858 ille
2794 2805 2967 2873 esset,
3014 2802 3106 2859 cui
3139 2820 3265 2860 non.
3286 2803 3563 2861 continuo

1911 2891 2028 2959 ille,
2062 2889 2171 2947 etsi
2200 2891 2373 2947 labiis
2402 2907 2517 2946 non
2569 2892 2826 2957 auderet,
2864 2892 3052 2948 corde
3089 2891 3345 2949 diceret:
3388 2894 3587 2964 Hypo-r

1912 2982 2076 3047 erita,
2107 2980 2163 3035 id
2198 2984 2287 3035 est
2316 2979 2769 3052 pseudoclerice,
2800 2980 2939 3052 ejice
2966 2982 3221 3053 primum
3246 2981 3475 3037 trabem
3497 2981 3565 3037 de

1914 3071 2067 3128 oculo
2118 3073 2208 3125 tuo
2249 3077 2302 3125 et
2329 3076 2455 3124 tunc
2498 3069 2817 3140 prospicies,
2877 3076 2938 3125 ut
2964 3068 3160 3126 educas
3203 3071 3470 3140 festucam
3497 3068 3563 3128 de

1919 3159 2072 3216 oculo
2098 3173 2218 3213 meo
2248 3155 2455 3229 (Matth.
2484 3173 2583 3223 vn,
2618 3158 2693 3226 5).

157 3250 320 3305 retur
342 3247 494 3311 (conc
546 3246 702 3301 Neoc.
760 3262 809 3302 e.
846 3246 918 3319 1).
967 3246 1027 3302 Si
1068 3250 1190 3320 quis
1236 3250 1523 3321 presbyter
1577 3266 1805 3305 uxorem
1835 3236 1878 3302 C
1983 3249 2039 3302 6.
2072 3246 2151 3302 De
2179 3245 2398 3302 talibus
2426 3244 2607 3319 igitur
2635 3260 2770 3300 cum
2794 3242 2978 3309 (101:1)
3011 3244 3177 3301 nulla
3221 3262 3401 3318 penes
3452 3263 3558 3307 nos

156 3336 402 3413 duxerit,
433 3333 758 3407 depvnatur;
784 3336 971 3409 magis
1003 3340 1197 3393 autem
1226 3336 1361 3410 pelli
1394 3337 1565 3395 debet
1586 3339 1633 3395 si
1650 3337 1809 3393 adul-

158 3481 396 3551 ereptus
428 3480 485 3551 et
511 3476 1078 3551 reductustraditur,
1098 3478 1466 3535 fuitJuditha
1490 3479 1720 3535 Henrici
1739 3480 1808 3549 II,

160 3547 330 3605 ducis
362 3547 662 3620 Bajoarias,
696 3553 753 3605 et
784 3547 1135 3606 Marchionis
1165 3551 1401 3606 Verona:
1432 3557 1638 3607 mater.
1672 3547 1812 3607 Vide

163 3620 461 3694 Qualitatis
480 3620 848 3694 conjecturam
872 3625 987 3694 not.
1015 3623 1179 3694 71054.
1200 3621 1332 3676 Mox
1360 3623 1811 3694 conjectariscri—

162 3691 400 3768 psimus
428 3691 772 3768 auctaritate
804 3691 1027 3749 laudati
1059 3692 1295 3762 codicis,
1331 3694 1431 3749 ubi
1455 3691 1520 3749 in
1565 3693 1815 3768 vulgatis

162 3762 290 3820 erat
318 3762 709 3835 conjecturari.

235 3834 427 3908 (1034)
458 3834 607 3908 Sicut
635 3841 783 3901 ante,
816 3834 874 3890 id
908 3837 997 3891 est
1027 3838 1287 3907 tempore
1319 3834 1814 3905 Miloniscomitis,

164 3904 552 3988 de'.quo'v.ide
582 3911 730 3988 part.
755 3923 781 3988 _1
812 3908 886 3988 De
915 3904 1226 3988 contemptu
1256 3923 1528 3988 canonum
1566 3925 1729 3988 num.
1766 3913 1817 3977 1,

165 3978 266 4034 ubi
291 3977 419 4033 iam
452 3977 598 4032 inde
617 3977 689 4032 ab
716 3977 982 4048 ejusdem
1014 3977 1248 4032 comitis
1279 3983 1540 4052 tempore
1571 3984 1703 4035 ante
1726 3998 1821 4035 sc—

165 3995 426 4103 cun'c’lam
456 4065 627 4103 suam
660 4047 1061 4103 exnulsionem
1093 4048 1239 4103 nihil
1272 4049 1383 4103 sibi
1416 4068 1451 4103 a
1478 4050 1702 4103 clericis
1736 4069 1821 4103 re-

165 4047 426 4120 condam
456 4065 627 4120 suam
660 4047 1061 4120 expulsionem
1093 4048 1239 4104 nihil
1272 4049 1383 4104 sibi
1403 4047 1451 4105 'a
1478 4050 1702 4106 clericis
1736 4069 1822 4106 re-

162 4119 423 4176 bellibus
455 4118 933 4193 relictum—tradit
957 4128 1156 4193 praeter
1183 4122 1495 4177 chrismatis
1533 4123 1825 4193 confectio-

163 4138 423 4176 nemous
455 4138 722 4175 relictum
754 4138 933 4175 tradit
955 4138 1156 4246 praeter
1183 4138 1495 4177 carzsmatzs
1533 4138 1823 4193 CONIGCE‘IO-

162 4209 295 4274 nem
323 4199 378 4274 et
398 4192 747 4274 eitrismandi
773 4193 951 4273 quidti
987 4200 1036 4247 et
1034 4196 1380 4274 potestatem.
1408 4192 1569 4274 lianc
1588 4194 1823 4274 ‘formu-

167 4263 293 4331 lam
329 4260 552 4319 ibidem
584 4260 1002 4334 explicavimus
1032 4260 1090 4317 in
1140 4267 1259 4318 not.
1291 4264 1454 4330 Quod
1504 4268 1700 4319 autem
1733 4265 1829 4319 hic

168 4334 418 4395 additur
451 4350 576 4389 cum
620 4333 1130 4407 subscriptionibus,
1166 4352 1306 4407 num
1360 4335 1584 4390 indicat
1632 4335 1830 4407 aliqua

166 4407 534 4478 documenta
561 4405 842 4478 exqgr.in’
869 4405 1429 4478 consecrationibus,
1455 4405 1831 4478 ordinationi-

167 4478 309 4543 bus,
342 4475 593 4553 aliisque
605 4475 942 4553 chrismatis
961 4477 1167 4533 usibus
1184 4478 1419 4545 tradita,
1444 4477 1658 4553 quibus
1675 4478 1827 4551 epis.

168 4566 357 4605 conus
388 4546 826 4604 subscriberet?

266 4619 433 4690 1035)
462 4616 818 4692 Αάῇθοίωῃξ
856 4635 983 4675 cum
1012 4636 1081 4675 ex
1110 4636 1265 4692 saepe
1312 4618 1550 4676 laudato
1603 4622 1830 4687 codice;

170 4690 573 4773 ejusdemque
596 4690 860 4773 subsidio
892 4707 1027 4773 mox
1056 4690 1208 4747 inibi
1230 4692 1700 4764 cmendavimus,
1730 4693 1829 4748 ubi

172 4761 302 4818 erat
328 4761 494 4825 mihi,
525 4764 581 4817 et
609 4763 715 4834 [im
739 4762 838 4817 ubi
869 4768 993 4818 erat
1021 4779 1163 4817 sum.

242 4834 433 4904 (1036)
449 4833 802 4906 Beneﬁcium
829 4835 1077 4889 militare
1105 4834 1407 4906 dicebatur
1437 4835 1654 4891 fundus
1688 4852 1831 4891 usu-

172 4903 501 4978 fructnario
521 4903 656 4978 jure
679 4921 1013 4973 concessus,
1035 4922 1212 4978 quem
1232 4905 1333 4978 qui
1366 4906 1704 4978 recipiebat,
1722 4907 1832 4961 mi-

173 4976 368 5058 litare,
397 4974 942 5058 autmiliteshcum
963 4974 1303 5058 gpus-esse—t,
1337 4974 1714 5058 suppeditare
1743 4978 1839 5058 de-

174 5048 377 5105 bebat.
397 5047 712 5121 Batherius
725 5047 947 5121 aliquot
963 5047 1180 5121 fundis,
1207 5049 1305 5119 qui
1327 5047 1839 5121 episcopalisjuris

174 5123 365 5183 erant,
403 5119 459 5173 in
496 5119 844 5187 militarium
877 5119 1297 5176 beneficiorum
1352 5119 1602 5175 formam
1635 5119 1838 5176 decem

176 5189 385 5259 cathed
397 5188 533 5263 ralis
555 5190 808 5246 ecclesias
833 5189 1096 5256 clericos,
1132 5208 1279 5263 quos
1300 5190 1636 5263 alloquitur,
1660 5192 1840 5263 dona-

174 5265 359 5335 verat.
398 5261 617 5335 Exsua
644 5266 840 5335 autem
865 5261 1489 5335 paupertatuluinquit;
1514 5262 1653 5335 quia
1673 5262 1843 5335 plura

172 5328 535 5407 Veronensis
561 5328 1265 5407 episcopatusbonajam
1285 5328 1569 5390 distracta
1592 5339 1648 5390 et
1674 5328 1841 5390 occu-

177 5409 318 5477 pata
348 5404 614 5478 fuerant,
637 5409 701 5478 ut
730 5404 788 5478 in
822 5406 1120 5476 Quatitatis
1143 5406 1844 5478 conjecturaconquestus

183 5479 271 5550 est
301 5493 473 5550 num.
532 5476 618 5531 13.
667 5477 844 5532 Addit
872 5481 925 5533 et
975 5478 1073 5550 hoc
1119 5478 1325 5545 gratis;
1380 5476 1517 5550 quia
1564 5476 1848 5534 beneficia

181 5548 476 5623 ejusmodi
509 5564 935 5621 nonnunquam
958 5547 1154 5622 aliquo
1180 5547 1428 5604 munere
1459 5554 1689 5623 recepto
1711 5566 1847 5605 con-

185 5613 564 5676 dedebantur.

1916 3336 2067 3393 445
2101 3334 2339 3391 omnino
2386 3334 2464 3391 sit
2494 3334 2765 3406 quaestio;
2789 3334 2946 3391 unde
2968 3335 3226 3407 synodus
3258 3334 3351 3409 agi
3384 3334 3555 3393 debes

1917 3483 2023 3537 966
2052 3479 2339 3552 synodum
2369 3476 2595 3552 habuit,
2628 3495 2695 3552 ex
2727 3493 2843 3550 qua
2859 3476 3190 3552 Synodicam
3207 3478 3422 3552 edidit.

1990 3549 2172 3621 (1038)
2203 3549 2512 3605 Ratherius
2542 3550 2601 3603 in
2636 3549 2978 3620 Con/essiOne
3004 3566 3170 3606 num.
3203 3550 3240 3606 5
3266 3567 3334 3606 ex
3353 3550 3563 3606 Deuts-

1925 3622 2189 3680 ronomio
2221 3638 2269 3676 c.
2313 3638 2474 3689 xxm,
2503 3637 2554 3674 v.
2587 3622 2640 3693 2,,
2686 3621 2976 3686 Manzeres,
3024 3621 3237 3693 inquit,
3288 3621 3346 3677 id
3382 3629 3469 3679 est
3495 3638 3566 3678 ea:

1924 3703 2095 3752 scorto
2122 3696 2303 3761 natus,
2333 3708 2436 3747 seu
2468 3692 2753 3764 spurius.)
3087 3692 3123 3764 ς
3180 3763 3187 3764 γ
3576 3721 3582 3725 .

1999 3767 2184 3837 (1039)
2211 3761 2637 3839 ϐρνητηιιηᾳηζεες,
2672 3762 2759 3819 illi
2791 3761 3013 3839 scilicet
3054 3761 3271 3835 clerici,
3304 3765 3406 3839 qui
3453 3782 3573 3822 una

1928 3834 2060 3893 cum
2097 3834 2311 3908 populo
2343 3851 2443 3908 seu
2477 3834 2643 3908 laicis
2674 3837 2933 3908 manent.
3149 3906 3157 3908 _
3186 3907 3197 3908 ί
3258 3834 3261 3835 ⁷
3319 3834 3341 3839 “
3579 3880 3585 3887 .

1999 3905 2192 3987 (10:10)
2212 3905 2513 3987 Synodum
2545 3905 2654 3960 hoc
2683 3905 2825 3987 loco.
2853 3920 3057 3961 vocare
3107 3906 3340 3987 videtur
3386 3906 3572 3987 illam,

1931 3975 2062 4057 quae
2091 3975 2605 4057 invisitationibus
2626 3975 3002 4057 ecclesiarum
3022 3978 3362 4057 cogebatur,
3388 3978 3487 4057 ubi
3504 3980 3576 4057 de

1932 4046 2099 4107 laicis
2152 4048 2453 4119 inquisitio
2500 4048 2694 4103 ﬁebat.
2745 4046 2890 4119 Vide
2937 4052 3060 4102 not.
3096 4046 3170 4119 in
3218 4048 3387 4119 epist.
3436 4049 3473 4105 5
3502 4049 3575 4103 ad

1931 4123 2217 4179 Joannem
2234 4117 2363 4187 ΧΠ,
2397 4119 2455 4173 in
2489 4136 2605 4190 qua
2632 4117 2830 4189 synodi
2843 4133 3066 4190 nomen
3096 4117 3205 4173 hoc
3236 4117 3410 4174 sensu
3435 4119 3581 4190 acci-

1978 4194 2112 4270 itu_r.
2144 4192 2341 4270 Neque
2371 4187 2525 4270 enim
2559 4191 2631 4244 de
2663 4187 2905 4270 'syn‘odq
2943 4187 3289 4269 dioecesana,
3311 4188 3574 4270 qualem

1990 4258 2339 4320 atherius'in
2372 4260 2551 4332 hujus
2582 4258 2726 4314 anni
2745 4258 3208 4332 Quadragesima
3243 4258 3577 4332 celebravit,"

1937 4340 1993 4415 et
2022 4336 2091 4415 de
2124 4351 2240 4406 qua
2269 4328 2470 4415 agitur
2492 4347 2736 4386 numero
2762 4328 3062 4415 sequenti,‘
3082 4329 3140 4412 id
3165 4328 3442 4415 datalia
3475 4328 3576 4415 ρῳ

1937 4412 2073 4476 test,
2106 4399 2239 4460 cum
2271 4399 2335 4459 in
2360 4419 2487 4458 eam
2520 4419 2635 4476 non
2649 4399 3579 4476 convoce‘nturlaici,necdelaicis

1939 4471 2243 4550 inquisitio
2274 4476 2396 4550 fiat,
2431 4477 2497 4550 u_t
2520 4474 2577 4528 in
2601 4471 3248 4550 synodisvisitationu'm
3279 4474 3583 4550 occasione

1943 4542 2158 4606 coactis
2189 4542 2418 4602 accidit.
2454 4542 2757 4617 Inquisitio
2789 4546 2858 4600 de
2886 4542 3113 4617 clericis
3137 4544 3312 4602 ﬁebat
3339 4545 3400 4602 in
3432 4545 3583 4617 capi-

1866 4606 1909 4685 Π
1940 4620 2081 4678 tulis
2112 4606 2861 4688 visitationumidequibus
2882 4615 2939 4670 in
2955 4606 3584 4688 eademrnotationedi-A

1940 4693 2156 4759 ximus,
2190 4706 2411 4763 necnon
2445 4681 2754 4760 in'syno'do
2786 4687 3134 4756 dimccsana,
3160 4687 3222 4763 i_n
3254 4681 3431 4763 quam
3477 4686 3587 4763 soli

1941 4763 2134 4821 clerici
2167 4760 2539 4832 conveniunt,
2573 4764 2638 4815 ut
2659 4775 2902 4832 numero
2926 4760 3192 4832 sequenti
3220 4760 3459 4832 patebit.
3483 4760 3589 4816 Sos

1943 4837 2065 4891 lum
2099 4833 2158 4888 in
2187 4829 2479 4904 ejusmodi
2510 4831 2745 4904 synodis
2763 4829 3590 4904 constitutiones“quandoque

1946 4849 2065 4891 tum
2099 4852 2158 4888 1n
2187 4849 2479 4903 GJUSIDOUI
2510 4849 2745 4904 synoals
2763 4849 3209 4886 consutuuones
3239 4849 3588 4957 quanaoqtpe

1946 4908 2212 4986 feruntur
2237 4920 2339 4986 pro
2382 4902 2665 4984 laicorum
2711 4902 3016 4986 regimine,
3050 4907 3115 4957 ut
3148 4917 3219 4956 ne
3266 4906 3473 4986 “tamen
3547 4902 3588 4972 i,

1947 4978 2054 5034 etsi
2077 4972 2327 5047 alicujus
2357 4973 2622 5029 criminis
2652 4972 3008 5047 rei,iibide_m
3041 4973 3479 5047 conveniantur.

2020 5049 2201 5121 (101:1)
2228 5042 2365 5121 Haec
2397 5062 2465 5100 ex
2495 5042 2878 5121 sequentibus
2910 5044 2994 5121 sic
3033 5042 3586 5121 explicari__queunt.

1949 5113 2089 5176 Cum
2123 5113 2195 5173 de
2226 5117 2441 5173 talibus
2463 5113 2806 5187 criminibus
2819 5113 3391 5187 etcriminiosisnulla
3410 5129 3588 5187 penes

1951 5209 2059 5248 nos
2091 5191 2298 5246 debeat
2327 5186 2730 5257 essequzestio,
2764 5202 2866 5241 seu
2885 5185 3209 5257 inquisitio;
3237 5185 3397 5257 unde
3415 5185 3590 5257 Syno-

2091 5230 2187 5334 agi
2220 5230 3020 5334 deberethxemplumpor‘rlfo
3033 5230 3592 5334 subj_i'(:itex_di:13_ce-

1955 5352 2103 5391 sana
2132 5326 2381 5406 synodo,
2405 5326 2580 5406 quam
2595 5326 3007 5406 inurgsccdenti
3024 5327 3593 5406 Quadragesimaha-

1955 5406 2107 5476 buit,
2138 5398 2240 5459 ubi
2269 5404 2340 5458 de
2371 5398 2519 5476 solis
2542 5398 2786 5476 psalmis
2811 5404 2869 5476 et
2898 5398 3029 5476 aliis
3049 5398 3597 5476 ejusmddileviori-

1956 5468 2177 5535 bus'ab
2208 5491 2273 5531 eo
2306 5474 2475 5540 cujus
2506 5468 2782 5543 intererat
2819 5468 3112 5542 inquirere
3159 5472 3402 5543 quaestio
3450 5471 3605 5543 facta

1961 5549 2091 5626 fuit.
2126 5548 2211 5626 nit
2234 5546 2486 5626 amptius
2499 5542 2639 5616 quod
2668 5543 3057 5626 emendaretur
3085 5543 3329 5626 invento,
3362 5542 3605 5626 De__al_i_i.s

1962 5620 2190 5693 scilicet
2221 5613 2605 5693 gravioribus,
2625 5613 2838 5689 quibus
2852 5613 3116 5691 plerique
3127 5620 3296 5675 erant
3313 5614 3604 5693 impliciti,

253 5692 444 5776 (1037)
476 5690 972 5776 Construeznouid
1000 5689 1275 5776 agendum
1316 5692 1536 5776 annobis-
1556 5691 1623 5776 de
1648 5690 1852 5775 synodo
1962 5688 2188 5772 inquiri
2212 5686 2507 5749 uolebant.

539 5770 662 5821 acta
680 5767 704 5820 ἲ
722 5766 786 5819 In
807 5760 1270 5836 Quadra’g‘esima
1287 5760 1701 5841 scilicethujué
1713 5760 1854 5825 anni

508 5889 778 5959 Panos.
823 5888 1130 5957 CXXXVI.

3212 5887 3291 5959 19
