4052 6386
409 377 522 442 591
1331 375 1704 436 RATHERII
1747 373 1992 436 EPISC.
2039 372 2327 434 vnnou.
2374 371 2545 434 opp.
2591 373 2790 434 PARS
2834 372 2882 434 ι.
3699 353 3854 432 592'“

404 513 738 581 quaerentem
788 506 952 580 ﬁdem
983 523 1004 570 ;
1053 515 1106 568 et
1143 509 1418 580 propitius
1477 522 1568 564 ero
1630 509 1728 562 eis.
1801 505 1952 574 Quod
2003 507 2053 560 si
2080 505 2136 572 Α
2167 521 2302 560 cum
2325 520 2388 560 se
2417 505 2772 577 usurpative,
2801 520 2950 574 reor,
2985 503 3346 578 pronuntiat.
3373 487 3824 577 quicanonibus

406 599 594 666 etiam,
640 597 778 654 Vivit
827 597 1118 662 Dominus,
1167 596 1430 664 dixerint,
1482 599 1532 651 et
1582 595 1679 652 hoc
1723 595 1865 666 falso
1885 595 2049 666 jura-
2162 593 2381 648 sanctis
2430 595 2842 667 praesumptive
2901 598 3191 667 repugnat
3237 593 3404 666 (Cone
3449 593 3573 650 Nic.
3633 611 3684 650 c.
3735 593 3842 660 9);

413 685 568 745 bunt.
602 687 848 753 Domine,
881 687 1028 741 oculi
1055 687 1140 742 tui
1167 687 1469 757 respiciunt
1497 683 1698 756 ﬁdem;
1733 684 2054 755 percussisti
2159 681 2347 738 Fidem
2392 682 2547 738 450
2601 687 2818 750 autem,
2857 686 2924 738 ut
2971 687 3301 752 cantamus,
3336 683 3670 739 catholicam
3697 683 3822 738 nisi

412 777 566 832 449
611 791 698 834 eos
749 780 801 832 et
828 792 938 832 non
966 775 1256 832 doluerunt
1285 773 1468 845 (1050)
1510 791 1524 842 ;
1568 774 1834 829 attrivisti
1864 789 1969 840 eos,
2003 775 2055 827 et
2163 771 2392 842 quisque
2420 773 2714 842 integram,
2773 771 3206 843 inviolatamque
3251 773 3566 841 servaverit,
3613 772 3823 846 absque

409 873 712 922 renuerunt
742 867 987 936 accipere
1011 863 1364 936 disciplinam
1401 879 1421 925 ;
1462 862 1859 918 induraverunt
1886 862 2055 932 facies
2163 859 2326 914 dubio
2378 861 2440 914 in
2468 868 2743 917 aeternum
2773 861 2981 932 peribit
3011 861 3352 933 (Symbolum
3379 861 3437 917 S.
3469 860 3812 934 Athanasii).

411 969 540 1010 suas
569 969 740 1026 supra
776 957 1011 1024 petram,
1053 955 1104 1007 et
1133 953 1426 1008 noluerunt
1473 952 1692 1007 reverti.
1735 951 1844 1020 Ego
1873 953 2059 1005 autem
2165 947 2210 1003 Ο
2240 952 2436 1004 autem
2469 949 2756 1005 confessio
2787 949 3179 1022 (1051)ﬁrma,
3197 951 3350 1023 quod
3365 949 3822 1006 catholicusnon

419 1041 544 1097 dixi
561 1043 835 1098 :Forsitan
859 1056 1130 1112 pauperes
1155 1043 1283 1096 sunt
1312 1040 1554 1109 etstulti,
1579 1041 1892 1109 ignorantes
1912 1039 2061 1093 viam
2168 1035 2246 1092 sit
2303 1037 2400 1108 qui
2456 1036 2644 1111 legem
2677 1037 3016 1094 canonicam
3050 1039 3298 1112 respuit,
3333 1039 3604 1112 quodque
3632 1039 3823 1095 vitam

429 1131 672 1197 Domini,
699 1133 750 1187 et
768 1129 1049 1201 judicium
1071 1130 1172 1185 Dei
1194 1130 1302 1184 sui.
1336 1129 1426 1184 Ibo
1459 1129 1630 1200 igitur
1656 1128 1727 1183 ad
1750 1129 2058 1199 optimates,
2169 1127 2442 1180 aeternam
2477 1125 2938 1198 consequinemo
2955 1127 3066 1182 nisi
3086 1127 3411 1185 catholicus
3429 1129 3822 1200 possit.0uod

419 1227 473 1274 et
505 1218 698 1290 loquar
724 1220 838 1274 eis:
869 1219 978 1290 ipsi
1005 1219 1156 1274 enim
1180 1220 1544 1288 cognoverunt
1571 1219 1720 1272 viam
1739 1216 1980 1283 Domini,
2011 1218 2064 1270 et
2171 1229 2302 1268 cum
2337 1213 2419 1270 ita
2446 1215 2786 1271 innutanter
2815 1221 2990 1288 atque
3037 1217 3368 1274 certissime
3397 1220 3642 1285 constet,
3675 1217 3826 1290 quid

411 1307 690 1378 judicium
707 1308 804 1362 Dei
831 1308 959 1363 sui:
993 1313 1044 1362 et
1072 1322 1190 1362 ecce
1217 1308 1397 1375 magis
1428 1307 1488 1360 hi
1497 1306 1667 1361 simul
1681 1307 2064 1376 eonfregerunt
2172 1300 2446 1373 cogitare,
2486 1303 2628 1376 quid
2662 1321 2982 1376 possumus
3011 1307 3308 1362 aestimare
3339 1305 3527 1363 deillo
3555 1310 3678 1362 tam
3710 1323 3825 1379 pu-

412 1396 630 1467 jugum,
665 1403 934 1469 ruperunt
963 1395 1204 1451 vincula.
1238 1394 1440 1450 Idcirco
1465 1397 1733 1466 percussit
1761 1410 1847 1450 eos
1891 1394 1971 1450 leo
2000 1393 2066 1447 de
2175 1389 2326 1445 blico
2357 1391 2653 1448 eanonicze
2699 1392 2864 1466 legis,
2893 1393 2994 1466 qui
3042 1394 3194 1449 inter
3222 1411 3330 1451 nos
3358 1399 3644 1464 versatur,
3679 1411 3824 1450 con-

418 1485 577 1552 silva,
633 1487 796 1556 lupus
841 1484 910 1540 ad
953 1500 1236 1556 vesperam
1274 1487 1510 1540 vastavit
1556 1499 1643 1540 eos
1678 1485 1806 1555 (Jer.
1851 1501 1888 1551 ι,
1925 1483 2062 1551 1-6).
2173 1481 2558 1552 temptu,quo
2572 1497 2687 1536 non
2702 1481 2894 1538 solum
2925 1482 3044 1552 illa,
3078 1500 3210 1556 qua;
3241 1487 3361 1540 tam
3392 1483 3829 1540 severitersunt

493 1575 606 1630 Leo
636 1572 856 1629 scilicet
869 1575 1106 1644 rugiens
1123 1573 1433 1644 quaerendo
1448 1589 1623 1644 quem
1647 1571 1962 1640 devoret,id
1978 1575 2068 1626 est
2176 1566 2468 1639 prohibita
2501 1569 2788 1627 ministris
2799 1570 3053 1628 ecclesiae
3071 1573 3142 1628 de
3163 1571 3593 1628 cohabitatione
3614 1571 3825 1630 mulie-

423 1661 692 1718 diabolus
731 1661 778 1734 (Ι
803 1663 950 1718 Petr.
977 1679 1030 1730 v,
1065 1663 1120 1733 8)
1155 1679 1170 1729 ;
1202 1661 1378 1733 lupus
1407 1665 1464 1718 et
1492 1661 1700 1728 isdem,
1733 1661 1832 1733 qui
1865 1661 1938 1716 ob
1967 1673 2064 1716 ne-
2175 1674 2309 1717 rum
2339 1657 2397 1711 in
2431 1657 2658 1714 Nicaeno
2689 1660 2916 1715 sancita
2963 1659 3208 1717 consilio
3240 1659 3419 1724 (Cone.
3474 1661 3596 1717 Nic.
3629 1662 3770 1734 c.‘3)
3807 1679 3824 1730 ;
3853 1725 3859 1733 .

423 1750 766 1823 gligentiam
798 1750 1290 1808 mercenariorum
1307 1754 1607 1822 pastorum
1633 1748 1928 1817 vacabulo,
1950 1765 2064 1804 non
2175 1755 2234 1808 et
2258 1749 2405 1806 illud
2455 1747 2606 1820 quod
2657 1747 2794 1803 alibi
2841 1752 2962 1804 tam
2993 1753 3224 1805 austere
3265 1749 3470 1805 feritur
3513 1749 3720 1822 (1053),
3755 1754 3828 1804 ut

419 1839 555 1910 jure
580 1839 1031 1910 possidentium,
1064 1840 1167 1895 sed
1203 1838 1957 1911 illegaliterusurpantium,
1980 1854 2065 1892 ra-
2095 1837 2152 1912 n‘
2177 1857 2358 1912 supra
2387 1837 2638 1893 habetur
2661 1837 2748 1904 ;in
2766 1837 3220 1894 Neocmsariensi
3233 1853 3466 1910 quoque
3488 1853 3603 1892 non
3629 1835 3824 1893 levius

422 1927 514 2000 pit
545 1933 603 1982 et
630 1927 917 2000 dispergit
946 1944 1080 1984 oves
1111 1929 1288 2000 (Joan.
1322 1946 1380 1994 x,
1412 1929 1501 2000 12)
1531 1946 1544 1996 ;
1579 1945 1694 1984 non
1745 1927 1936 1983 solum
1969 1942 2070 1998 per
2097 1925 2144 1942 "
2175 1928 2290 1988 tale
2319 1927 2457 2000 quid
2491 1925 2824 1982 continetur
2851 1925 3133 1982 concilio:
3169 1928 3461 2000 Presbyter
3487 1927 3826 1999 siconfessus

429 2031 512 2082 se,
545 2017 643 2072 sed
677 2020 732 2072 et
753 2032 856 2088 per
875 2017 1139 2073 membra
1156 2017 1673 2088 sibicooperantia,
1693 2033 1800 2073 sua
1815 2016 2070 2072 vineam—
2175 2019 2366 2090 fuerit,
2417 2015 2558 2086 quod
2597 2018 2726 2070 ante
2749 2014 3154 2071 ordinationem
3181 2017 3459 2088 corporali
3479 2021 3699 2088 peccato
3727 2016 3827 2072 de-

429 2122 542 2177 que
564 2105 792 2162 Domini
823 2106 1074 2163 Sabaoth
1108 2123 1142 2162 a
1172 2106 1424 2178 primore
1454 2105 1763 2162 vastantia.
2181 2107 2422 2179 liquerit,
2455 2105 2635 2159 oblata
2665 2119 2771 2158 non
2803 2107 3093 2171 consecret,
3126 2119 3355 2158 manens
3383 2105 3446 2158 iu
3481 2098 3713 2174 reliquis
3739 2103 3828 2174 of-

499 2193 554 2248 9.
588 2194 656 2249 Et
685 2194 820 2262 heu,
853 2211 1031 2266 quam
1063 2213 1178 2252 non
1209 2194 1656 2252 disconveniunt
1678 2194 1910 2250 miseris
1933 2192 2074 2249 talia
2180 2195 2322 2264 ﬁciis
2344 2195 2570 2265 propter
2597 2192 2838 2248 studium
2863 2192 3065 2248 bonum
3093 2191 3235 2264 (can.
3267 2191 3345 2264 9).
3378 2193 3515 2257 Qua:
3531 2191 3740 2265 utique
3762 2191 3830 2267 in

432 2283 632 2339 nobis!
667 2283 784 2340 Nos
811 2284 966 2339 enim
995 2283 1110 2357 ipsi
1141 2301 1350 2340 sumus
1381 2281 2074 2355 aestimatione,quamvis
2183 2299 2245 2340 se
2275 2281 2572 2353 recognita
2599 2280 3012 2352 quemlibet_in
3040 2279 3464 2354 desperationis
3491 2279 3832 2355 voraginem

432 2389 548 2428 non
581 2388 662 2441 re,
689 2372 1042 2445 optimates:
1077 2373 1486 2445 nos,inquam,
1504 2389 1672 2444 quos,
1697 2371 1914 2428 relictis
1937 2388 2076 2444 pau-
2184 2374 2449 2445 poterant
2501 2385 2781 2442 mergere,
2829 2368 2943 2425 nisi
2975 2369 3184 2426 fuisset
3213 2369 3560 2442 praedictum
3592 2369 3779 2442 (1055)
3817 2385 3832 2424 :

433 2460 672 2533 paribus
701 2459 968 2534 legisque
997 2461 1094 2517 Dei
1117 2461 1352 2532 penitus
1372 2461 2077 2534 ignaris,alloquiturser-
2183 2462 2361 2518 Nescit
2411 2459 2568 2514 homo
2615 2462 2806 2514 utrum
2847 2459 2969 2516 odio
3011 2476 3084 2514 an
3127 2475 3313 2514 amore
3365 2459 3562 2531 dignus
3619 2461 3693 2514 sit
3731 2457 3830 2514 sed

436 2566 531 2605 mo
556 2549 899 2604 Dominicus
925 2567 938 2618 ;
965 2566 1070 2604 nos
1093 2548 1335 2622 legendo
1357 2549 1511 2604 viam
1523 2548 1620 2604 Dei
1639 2551 2072 2622 cognoscimus,
2100 2609 2102 2611 ,
2185 2551 2371 2608 omnia
2398 2551 2458 2604 in
2479 2550 2734 2620 futurum
2759 2551 3050 2604 servantur
3078 2549 3288 2603 incerta
3316 2546 3537 2620 (Eccles'.
3573 2563 3648 2616 Ix,
3678 2547 3704 2600 1
3721 2549 3836 2618 -2).

435 2651 615 2709 quam
638 2653 876 2709 pergere
899 2636 1412 2706 declinamus;nos
1427 2638 1719 2708 judicium
1745 2639 1841 2694 Dei
1865 2639 2076 2707 nostri,
2186 2640 2243 2695 Si
2277 2639 2433 2694 enim
2465 2637 2567 2710 qui
2595 2641 2730 2693 ante
2755 2637 3182 2692 ordinationem
3211 2635 3590 2708 corporaliter
3614 2651 3676 2692 se
3691 2652 3834 2709 pec-

432 2725 532 2780 sed
549 2725 2075 2798 nosmagiscontemnendo,jugumipsiussuave,sed
2186 2745 2348 2785 casse
2397 2728 2725 2798 conﬁtetur,
2772 2730 2895 2782 tam
2943 2729 3176 2782 austere
3208 2725 3446 2795 teritur;
3479 2725 3620 2798 quid
3655 2725 3724 2781 de
3753 2740 3824 2782 eo

431 2811 780 2882 volentibus,
813 2817 869 2868 et
898 2830 1047 2870 onus
1079 2812 1222 2882 leve,
1254 2831 1369 2870 non
1403 2815 1859 2887 dedignantibus
1887 2816 2078 2888 (1051)
2187 2817 2288 2890 qui
2319 2821 2451 2890 post
2479 2815 2904 2872 ordinationem
2936 2814 3260 2871 mcnchatus
3289 2813 3506 2870 millies
3537 2813 3832 2870 fuisseco-

439 2905 698 2957 attamen
725 2903 893 2961 ferre.
927 2903 1095 2975 quasi
1125 2903 1521 2976 confregimus
1551 2903 1694 2961 illud
1721 2924 1735 2975 ;
1777 2907 2077 2978 rupimus-
2185 2907 2488 2980 gnoscitur
2528 2905 2556 2960 ?
2585 2905 2665 2960 De
2695 2904 2912 2976 quibus
2951 2905 3136 2974 (1055)
3163 2904 3367 2976 utique
3398 2903 3660 2976 quidam,
3693 2901 3834 2959 licet

432 2989 668 3050 vincula
693 2989 840 3063 legis
871 2992 1164 3048 cononicae
1180 2991 1327 3048 nihil
1357 2993 1429 3050 de
1444 2991 1544 3048 illa
1561 2994 1836 3050 curando.
1860 2995 2076 3051 Idcirco
2185 2995 2430 3068 perrari,
2481 2994 2623 3049 dum
2675 2994 2986 3049 videantur
3032 2992 3329 3048 immunes
3365 3010 3378 3061 ;
3411 2993 3484 3048 de
3513 2990 3832 3049 levioribus

430 3079 750 3135 verendum
783 3095 854 3135 ne
885 3079 1084 3152 pejora
1097 3081 1264 3138 nobis
1283 3083 2077 3155 ccntingant,quamillis,de
2187 3085 2354 3158 quasi
2386 3089 2443 3140 et
2474 3083 2758 3140 usualiter
2785 3082 2927 3139 adeo
2955 3081 3686 3154 usurpatis,utnequejam
3717 3071 3851 3137 ira--

436 3169 656 3240 quibus
689 3168 809 3226 haec
838 3173 978 3226 tuuc
1011 3170 1454 3242 praesentialiter
1475 3171 1842 3243 dicebantur,
1875 3177 2076 3245 utpote
2143 3216 2151 3224 .
2185 3171 2904 3245 hanturinculpam,quid
2919 3170 3411 3243 dicendum,quid
3428 3170 3832 3245 cogitandum,

435 3259 536 3332 qui
563 3276 674 3314 non
691 3257 1047 3326 solumillos,
1067 3259 1854 3332 quituncloquebantur,sed
1877 3261 2073 3334 ipsum
2106 3245 2149 3312 (ἶ
2191 3265 2255 3316 ut
2285 3265 2423 3317 sunt
2451 3259 2610 3316 verbi
2659 3258 2848 3332 gratia
2877 3258 3026 3316 ista:
3059 3261 3372 3332 Fpiscopus,
3401 3259 3705 3332 presbyter.
3734 3246 3842 3315 aut

437 3348 894 3413 contemnimus,
927 3347 1024 3420 qui
1059 3365 1172 3402 non
1205 3353 1436 3404 tantum
1449 3349 2080 3424 peripsos,eorumque
2187 3350 2468 3419 diaconus,
2500 3351 2597 3421 qui
2625 3351 2686 3404 in
2712 3349 2972 3404 seditione
3000 3349 3190 3420 aliqua
3227 3365 3386 3404 arma
3413 3349 3733 3420 sumpserit,
3763 3349 3833 3403 ab

437 3428 846 3508 sequaces,sed
881 3440 937 3492 et
967 3453 1069 3508 per
1097 3436 1357 3508 seipsum
1390 3455 1546 3493 nunc
1597 3438 1766 3494 nobis
1796 3439 2074 3512 loquitur,
2187 3441 2338 3496 omni
2363 3446 2501 3494 cortu
2533 3437 2971 3494 Christianorum
2997 3437 3298 3509 deponatur
3328 3437 3507 3510 (Cone.
3546 3438 3710 3493 Tolet.
3735 3451 3834 3499 Iv;

437 3527 646 3582 Deum.
698 3524 865 3595 Pejor
893 3527 1088 3580 autem
1131 3524 1384 3580 multum
1413 3530 1502 3582 est
1529 3526 1618 3582 leo
1649 3527 1876 3583 animas
1908 3529 2076 3585 devo-
2185 3546 2309 3584 can.
2345 3526 2476 3600 115);
2507 3531 2566 3583 et
2599 3545 2612 3582 :
2649 3527 2960 3598 Episcopus,
2987 3528 3273 3598 presbyter
3300 3531 3349 3582 et
3380 3527 3661 3594 diaconus,
3693 3526 3840 3584 aleae

437 3631 596 3684 rans,
628 3629 803 3685 quam
834 3611 921 3668 leo
977 3629 1183 3684 pecora
1228 3613 1492 3683 lanians;
1528 3614 1702 3688 lupus
1731 3615 2076 3674 interimens
2185 3621 2236 3673 et
2279 3617 2536 3672 ebrietati
2581 3615 2903 3682 deserviens,
2951 3622 3049 3670 aut
3092 3615 3326 3681 desinat,
3387 3623 3485 3671 aut
3531 3614 3840 3687 deponatur

435 3701 776 3774 spiritaliter
807 3701 1277 3774 homines,quam
1305 3701 1480 3774 lupus
1509 3704 1790 3760 devorans
1812 3722 2077 3778 corpora-
2185 3707 2328 3779 (can.
2361 3707 2538 3778 Apost.
2572 3705 2682 3777 42),
2713 3707 2771 3760 et
2801 3704 2912 3758 alia
2943 3703 3280 3776 hujusmodi
3321 3703 3650 3771 innumera,
3703 3720 3833 3776 quae

433 3792 569 3848 liter
597 3809 750 3848 oves.
785 3791 1036 3846 Maxime
1061 3790 1232 3847 sihoc
1262 3791 1430 3849 nobis
1459 3793 1758 3866 contingat
1787 3795 1858 3850 ad
1882 3812 2076 3868 vespe-
2185 3813 2298 3852 non
2330 3795 2514 3852 levius
2547 3811 2723 3866 quam
2751 3792 3043 3849 cohabitio
3093 3792 3405 3848 mulierum
3439 3797 3496 3848 et
3525 3792 3831 3849 fornicatio

433 3898 580 3948 ram,
609 3881 717 3936 hoc
745 3885 852 3950 est,
887 3881 1120 3953 quando
1153 3886 1498 3952 praesentem
1531 3883 1980 3940 terminabimus
1996 3885 2076 3940 vi-
2181 3883 2269 3941 vel
2303 3882 2678 3948 adulterium,
2711 3881 3126 3938 inccstuositas
3157 3885 3376 3939 naturae
3419 3881 3532 3956 ipsi
3572 3897 3829 3956 quoque,

431 3976 574 4027 tam.
608 3969 788 4041 Cujus
847 3969 1089 4042 periculi
1135 3973 1292 4026 metu
1331 3969 1443 4026 iter
1471 3971 1788 4044 compellor
1816 3973 2072 4046 arripere
2181 3975 2443 4042 adversa,
2476 3972 2757 4028 canonica
2787 3972 3076 4027 feriuntur
3106 3971 3414 4029 machaera.

429 4060 609 4128 istud,
633 4059 883 4116 aliorum
897 4057 1830 4133 quazsiturusconsilium,quiain
1847 4078 2068 4119 menon
2192 4126 2200 4135 _
2254 4063 2342 4118 11.
2377 4061 2479 4117 His
2509 4061 2690 4135 igitur
2718 4059 2968 4132 superbe
2997 4058 3296 4132 neglectis,
3333 4059 3656 4117 catholicus
3687 4077 3832 4133 qua-

430 4149 658 4206 invenio
689 4149 898 4205 ullum.
2179 4151 2313 4206 liter
2341 4150 2476 4222 quis
2502 4149 2716 4204 nedum
2749 4146 3052 4222 appellari,
3087 4147 3294 4204 saltem
3309 4147 3498 4204 valeat
3514 4163 3637 4229 non
3659 4149 3827 4205 video

503 4240 589 4293 10.
638 4238 916 4296 Cruciant
958 4253 1052 4294 me
1101 4255 1237 4294 nam
1281 4255 1396 4294 non
1447 4253 1678 4310 parum,
1721 4240 1921 4312 fateor,
1955 4241 2071 4298 ista
2179 4239 2495 4306 aestimari;
2529 4255 2686 4308 cum,
2719 4243 2786 4294 ut
2815 4255 2996 4311 supra
3023 4237 3580 4310 protuli,inNiczeno
3602 4236 3826 4294 dictum

427 4325 952 4399 quaerentemﬁstis
965 4331 1305 4384 utrumnam
1323 4328 1676 4400 contemptis
1707 4333 1886 4385 restet
1919 4330 2069 4386 salu-
2177 4329 2406 4401 legatur
2433 4327 2679 4384 concilio
2705 4345 2717 4383 :
2748 4327 2897 4396 Quod
2923 4328 3250 4384 canonicum
3277 4331 3374 4396 est,
3424 4327 3692 4384 catholica
3727 4327 3828 4384 de-

427 4415 504 4484 tis
537 4414 669 4484 alia,
703 4416 858 4488 quod
891 4433 1080 4488 neque
1119 4417 1406 4488 suspicor,
1460 4416 1572 4472 via.
1615 4417 1673 4473 Si
1723 4417 1878 4473 enim
1911 4419 2064 4490 quod
2175 4419 2352 4490 feudit
2397 4418 2638 4472 Ecclesia
2686 4415 2890 4488 (1057).
2939 4415 3216 4481 Quamvis
3246 4415 3404 4472 enim
3433 4415 3676 4482 (dicente
3714 4416 3829 4473 Do-

425 4503 770 4560 canonicum
802 4509 892 4560 est
920 4503 1207 4560 catholica
1223 4503 1481 4560 defendit
1500 4503 1788 4570 Ecclesia;
1819 4507 2067 4563 catholi-
2177 4507 2337 4562 mino
2363 4525 2376 4564 :
2410 4508 2634 4562 Dimitte
2661 4513 2901 4562 mortuos
2929 4506 3160 4579 sepelire
3187 4512 3425 4562 mortuos
3451 4520 3575 4561 suos
3614 4504 3826 4577 (Matth.

2097 4616 2146 4682 D

494 4697 678 4778 (1050)
711 4699 884 4778 ΔΕάἱίξ
925 4696 1536 4778 z’ndoluerunt._l\1elius
1567 4700 1625 4756 in
1659 4719 1770 4758 ms.
1806 4703 2056 4778 Frising.
2173 4703 2405 4762 numeri
2430 4702 2662 4776 legitur,
2693 4705 2958 4758 canonica
2985 4705 3271 4774 feriuntur
3298 4703 3597 4760 machara.

422 4769 2032 4876 ⁰⁰Ε³ιῗὲῗῗηκῖεῗῖιῗζ¹³¹ξέῗοῗῗηῗὲξὲἓὲῗῗθίῖἶέθὲἓίξηὲημιςηηκιικί
2241 4803 2422 4876 (1054)
2449 4801 2533 4876 ita
2563 4801 2690 4856 cod-
2727 4801 2976 4876 Frisins-
3013 4803 3074 4856 In
3118 4799 3302 4876 rule.
3335 4800 3487 4876 male
3525 4816 3818 4876 emersere-

493 4837 2056 4946 19332.?tilia.dlttiftfti“.bﬁfii,ﬁtﬁﬂES...?1‘?!!2F.°P‘21‘§'
2167 4837 2308 4929 ne‘in
2339 4837 2613 4928 ιειίιειεηιιε
2852 4837 2956 4946 ρπὲ
2980 4837 3312 4945 pedicat":
3339 4871 3516 4929 habet
3539 4837 3817 4944 ρνεεέίεα-

419 4913 703 4984 nuscripti
739 4913 1129 4986 Frisingensis
1159 4913 1876 4986 lectioncm‘praatulimus.
1911 4918 2056 4974 Con-

421 4955 614 4968 ...m,“
665 4955 703 4967 υ,
739 4955 760 4968 ι
973 4955 1129 4969 suo...
1159 4955 1464 4970 .WWW...
1501 4955 1876 4972 μυυιυηιυυρ.
1911 4955 2056 4974 wu-

417 4987 580 5061 strue
609 4955 780 5040 vero:
812 4985 918 5040 Nos
931 4955 1159 5057 liegendo
1188 4955 1554 5055 cognoscinst
1583 4989 2059 5061 viam_Dei,quam

413 5051 754 5130 declinamus
787 5051 1014 5128 pergere
1040 5075 1062 5119 ,·
1091 5073 1190 5113 nos
1236 5051 1624 5114 contemnendo
1645 5051 1924 5130 judicium
1961 5063 2060 5118 Dei

410 5129 610 5195 nostri,
659 5129 750 5184 sed
811 5130 1196 5184 contemnendo
1258 5131 1432 5199 magis
1494 5145 1612 5198 nos,
1648 5129 2055 5190 contemnendo

402 5200 606 5270 jugum
635 5201 807 5270 ipsius
835 5217 1017 5270 suave,
1051 5201 1142 5256 sed
1170 5201 1490 5268 volentibus,
1525 5209 1723 5256 etenus
1754 5203 1886 5268 leve,
1912 5212 2054 5259 atta-

410 5287 536 5393 ngen
563 5287 673 5352 non
701 5271 1122 5393 dedignantibus
1145 5276 1310 5345 ferre,
1326 5273 1485 5344 quasi
1503 5274 1869 5344 confregimus
1891 5276 2052 5343 illud,

410 5357 438 5393 ϐ
491 5357 764 5393 rummus.
796 5360 825 5393 e
855 5359 902 5393 0.
1737 5385 1748 5393 .

410 5343 462 5394 et
491 5343 764 5410 rupimus,
796 5347 902 5397 etc.

2167 4951 2302 5002 tum.

2236 5033 2420 5102 (1055)
2451 5032 2735 5104 Construe
2765 5035 2822 5086 et
2851 5031 3075 5104 explica
3113 5047 3127 5086 :
3179 5031 3256 5088 De
3303 5031 3503 5102 quibus
3532 5030 3812 5104 graviori-

2165 5107 2276 5160 bus
2306 5106 2493 5176 ulique
2523 5103 2673 5176 vitiis
2702 5103 2832 5176 dum
2869 5101 3095 5176 quidam
3127 5105 3252 5176 licet
3270 5101 3494 5176 perrari
3522 5101 3818 5176 videantur

2165 5171 2434 5232 immunes
2461 5193 2480 5230 :
2529 5173 2662 5246 quid
2703 5171 3010 5246 dicendum,
3043 5174 3174 5244 quid
3201 5171 3555 5246 cogitandum
3584 5174 3651 5229 de
3679 5173 3813 5232 aliis

2164 5249 2322 5320 quasi
2351 5245 2646 5320 levioribus
2677 5250 2727 5320 et
2755 5245 2886 5320 adeo
2916 5247 3185 5302 usualiter
3211 5245 3514 5320 usurpatis,
3532 5253 3608 5320 ut
3637 5261 3816 5320 neque

2153 5317 2276 5390 jam
2324 5319 2618 5374 trahantur
2669 5318 2731 5372 in
2792 5317 3032 5389 culpam,
3088 5326 3149 5372 ut
3198 5317 3354 5372 sunt
3387 5317 3540 5374 verbi
3605 5317 3812 5388 gratia,

481 5385 1164 5487 (10,52)..)vlta‘iievissimus
1193 5413 1491 5487 Spicilcgii
1525 5385 2056 5487 editoremendsvit
2153 5385 2288 5462 ἰδία,
2321 5393 2428 5444 etc-

405 5496 510 5604 prc
529 5497 616 5563 eo,
645 5483 800 5562 quod
830 5484 1057 5540 Acherii
1091 5483 1268 5541 codeic
1301 5483 1734 5552 Laudunensis,
1765 5490 1822 5542 et
1851 5491 2054 5544 noster
2233 5487 2414 5559 (1056)
2447 5485 2575 5540 Haec
2605 5485 2897 5541 sententia
2925 5485 3076 5555 Quod
3121 5489 3450 5543 canonicum
3485 5489 3587 5553 est,
3618 5485 3814 5543 catho-

425 5551 836 5604 ‘rmsmuensis
867 5554 1085 5604 habent
1111 5559 1396 5604 concessio-
2163 5559 2268 5604 lina
2299 5557 2546 5604 (tamen
2594 5557 2854 5604 Ecclesia-
2902 5557 3078 5604 nnuln
3120 5558 3290 5604 aliter
3331 5557 3546 5604 lenitur
3587 5569 3812 5604 canone

450 5554 836 5630 rinsingcnsis
867 5554 1085 5610 habent
1111 5559 1396 5612 concessio.
1472 5628 1507 5630 Η
1631 5629 1638 5630 ί
2163 5554 2268 5613 lica
2299 5554 2546 5630 defendit
2591 5557 2854 5630 Ecclesia,
2884 5554 3078 5630 paulo
3120 5558 3290 5630 aliter
3329 5557 3812 5630 legituricanone

474 5621 666 5710 (1053)
705 5621 900 5705 Vulg.,
954 5643 1106 5710 cuin”
1138 5633 1334 5710 nostro
1383 5628 1588 5710 codice
1605 5629 1808 5710 fertur,
1848 5643 2049 5710 perpe-
2159 5621 2587 5710 nonoﬁicnno
2619 5626 2711 5710 bis
2733 5621 2969 5710 verbis:
3003 5628 3155 5698 Quod
3189 5621 3809 5710 irreprevhensibile‘est,

400 5709 549 5776 ram.
579 5697 951 5776 porreximus
980 5701 1201 5776 feritur,
1235 5699 1292 5753 id
1325 5704 1414 5755 est
1445 5697 1754 5776 plectitur,
1783 5697 2046 5776 punitur,
2159 5700 2426 5776 catholica
2457 5698 2698 5768 defendit
2727 5697 3210 5776 Eechzsiaq’quam
3242 5697 3809 5776 lectionemjptidem

395 5769 481 5826 sic
509 5769 774 5846 exigente
807 5771 1079 5826 contextu
1109 5773 1165 5826 et
1195 5785 1394 5844 sensu,
1445 5769 1606 5828 sicut
1634 5769 1695 5828 in
1722 5769 1838 5828 ﬁne
1868 5771 2048 5848 hujus
2162 5772 2592 5831 verbisauctor
2637 5771 2878 5848 protulit
2924 5769 3072 5851 part}
3105 5789 3124 5832 ι
3171 5773 3247 5835 De
3289 5769 3615 5850 Contmplti
3639 5785 3806 5834 eano-
