4052 6386
556 367 677 433 607

1478 370 1855 441 RATHERII
1900 375 2148 439 EPISC.
2186 374 2479 441 ,VERON.
2527 376 2700 449 QPP.
2743 376 2945 445 PARS
2988 375 3037 442 Ῑ.

3858 371 3980 453 608

557 507 754 567 locum
784 524 1074 582 unquam
1132 506 1446 567 meruerim
1498 508 1796 579 obtinere;
1831 513 1897 567 ut
1926 509 2283 584 deincepsA
2310 511 2447 568 dam
2480 512 2835 586 presbyteris
2876 511 3197 588 cepallanis
3220 512 3429 589 (1-107),
3474 508 3973 593 subdiacopibus,

554 598 959 657 vulmi‘saltem
987 599 1245 656 ofﬁcium
1276 598 1633 657 sublevando
1676 599 1903 671 aliquos
1947 601 2201 656 fructum

556 689 779 745 bonum
814 690 1062 745 ferentes
1084 689 1192 745 hoc
1219 693 1329 756 est,
1352 688 1615 744 Ecclesiae
1640 690 1901 745 excubiis
1927 688 2201 745 insisten-

555 782 645 834 tes
675 778 948 845 valerem,
975 780 1157 835 donec
1200 779 1325 834 dies
1356 783 1464 845 est,
1506 795 1790 845 exercere,
1821 783 1885 833 ut
1934 779 1992 833 in
2043 777 2201 832 omni

553 865 753 924 labore
782 884 983 923 eorum
1016 872 1080 923 ut
1109 867 1473 925 collaborans
1522 868 1725 939 utique
1757 873 1979 938 partem
2024 867 2199 922 habe-

556 973 681 1011 rem
706 975 719 1023 ;
752 961 808 1012 et
836 956 988 1011 sicut
1014 959 1111 1028 qui
1138 959 1331 1028 recipit
1357 957 1678 1028 prophetam
1710 958 1769 1011 in
1816 958 2037 1015 nomine
2080 972 2204 1026 pro-

550 1045 753 1117 phetae,
797 1045 1095 1101 mercedem
1141 1046 1415 1118 propheta:
1463 1048 1691 1117 accipiet
1738 1046 1962 1113 (Matth.
1997 1062 2051 1099 x.
2085 1044 2198 1113 41),

556 1132 638 1188 ita
658 1138 717 1189 et
742 1150 847 1206 ego
869 1135 1153 1205 adjuvans
1182 1135 1324 1191 istos
1356 1151 1839 1205 successoresque
1870 1132 2105 1188 illorum
2140 1133 2199 1186 in

552 1223 653 1279 Dei
683 1223 938 1292 servitio,
968 1224 1295 1279 mercedem
1330 1240 1561 1294 semper
1582 1223 1896 1294 reciperem
1930 1222 2198 1276 eamdem

553 1329 732 1385 quam
763 1313 869 1381 illi,
902 1329 1104 1368 eorum
1135 1313 1337 1383 utique
1367 1312 1534 1384 quasi
1567 1311 1839 1366 manibus
1870 1315 2000 1382 post
2038 1327 2197 1365 mor-

552 1408 671 1459 tem
692 1403 970 1469 efﬁciens,
997 1402 1151 1474 quod
1170 1402 1366 1456 vivens
1409 1400 1608 1455 infelix
1638 1400 1891 1472 propriis
1933 1398 2198 1471 neglexe-

552 1509 678 1549 ram
702 1508 891 1564 agere,
926 1495 991 1548 ut
1020 1492 1091 1546 de
1122 1489 1218 1547 illo
1250 1490 1471 1545 dictum
1503 1494 1608 1556 est,
1644 1490 1742 1561 qui
1792 1492 1930 1544 tunc
1964 1488 2197 1543 nomine

554 1580 790 1647 Saulus,
812 1585 948 1652 post
975 1580 1076 1636 Dei
1110 1595 1352 1635 munere
1399 1577 1638 1645 Paulus,
1667 1583 1806 1633 tunc
1863 1581 2197 1649 persecutor

553 1669 937 1736 credentium,
977 1671 1108 1739 post
1157 1668 1358 1722 doctor
1406 1666 1655 1722 eximius
1703 1665 1988 1738 gentium,
2039 1664 2194 1736 quod

497 1783 501 1787 ’
553 1757 818 1815 omnium
850 1757 1123 1812 manibus
1152 1756 1514 1828 Stephanum
1555 1753 1916 1826 lapidaverit,
1943 1753 2084 1825 quia
2109 1753 2191 1809 la-

551 1847 882 1921 pidantium
945 1846 1289 1903 vestimenta
1346 1845 1593 1901 servavit
1638 1846 1799 1912 (Anc.
1848 1860 2010 1899 serm.
2061 1842 2187 1911 279,
2228 1883 2273 1948 Β

552 1954 612 1993 n.
646 1936 722 2001 1).

619 2028 674 2081 2.
698 2025 1090 2081 Considerans
1134 2026 1346 2096 itaque,
1376 2023 1475 2095 qui
1519 2023 1800 2094 majorem
1847 2022 1910 2077 in
1940 2021 2196 2077 Ecclesia

549 2113 827 2179 laborem,
843 2118 901 2171 et
921 2114 1219 2169 fortiorem
1233 2112 1588 2170 sustinerent
1603 2112 1745 2167 adeo
1768 2115 2190 2183 paupertatem,

548 2207 614 2263 ut
643 2203 768 2260 sine
796 2199 1227 2260 intermissione
1253 2205 1708 2267 murmurarent,
1745 2204 1802 2255 et
1831 2200 1902 2255 ob
1934 2198 2192 2270 inepiam

508 2350 513 2357 ,
547 2293 623 2348 ad
650 2309 848 2349 sacros
877 2291 1111 2348 ordines
1137 2289 1446 2362 illegaliter
1465 2288 1641 2344 etiam
1663 2289 1934 2345 accedere
1960 2285 2195 2343 festina-

548 2385 698 2449 rent,
731 2384 796 2436 ut
824 2379 1044 2452 aliquid
1066 2397 1135 2435 ex
1160 2380 1254 2435 his
1283 2396 1417 2434 cum
1436 2377 1784 2433 detrimento
1805 2392 2037 2448 quoque
2066 2374 2192 2429 ani-

548 2486 657 2526 mze
688 2469 943 2527 maxime
974 2468 1301 2524 invenirent
1329 2466 1599 2532 subsidii,
1624 2482 1759 2521 cum
1790 2482 1895 2521 nec
1911 2470 2048 2519 mtas
2079 2463 2190 2518 uti-

550 2575 665 2630 que
696 2575 793 2616 eos
826 2556 1179 2624 admitteret,
1202 2558 1350 2613 471
1388 2572 1493 2610 nec
1532 2554 1777 2610 scientia
1817 2552 2189 2609 commenda-

550 2652 658 2714 ret,
690 2663 794 2702 nec
816 2662 1046 2705 morum
1079 2645 1339 2716 probitas
1370 2643 1726 2711 illustraret;
1753 2641 2009 2715 delegavi
2034 2659 2189 2713 qua)-

549 2735 687 2791 dam
711 2736 896 2805 (11,06)
924 2733 1259 2807 nuperrime
1288 2733 1360 2788 ab
1390 2732 1637 2806 ingratis
1665 2735 1916 2802 recepta,
1939 2732 2190 2802 quibus-

621 2860 803 2928 (1106)
835 2860 896 2916 Id
944 2858 1188 2931 explicat
1234 2861 1439 2913 auctor
1490 2857 1553 2931 in
1596 2858 1878 2931 Discordia
1925 2859 2184 2931 num.7:

553 2931 687 2988 Cum
715 2932 960 3004 quidam,
991 2928 1202 3002 inquit,
1229 2931 1455 3004 illorum
1483 2928 1850 3004 (clericorum
1874 2930 2185 3004 majorum,

550 3020 653 3060 seu
685 3000 1099 3059 canonicorum
1132 3000 1865 3071 cathedralis'ecclesiazﬂte
1904 3017 1991 3055 me
2032 3000 2189 3055 habe-

547 3079 672 3131 rent
703 3074 981 3146 beneﬁcia,
1013 3075 1401 3146 interminatus
1429 3088 1570 3139 sum,
1592 3072 1743 3146 quod
1770 3074 1820 3128 si
1842 3073 1983 3127 mihi
2009 3072 2186 3146 inter-

546 3147 805 3219 dicerent,
834 3145 975 3219 quod
1002 3144 1144 3219 mihi
1178 3142 1823 3219 competerettnimirum
1873 3142 2186 3219 sequiorem

546 3213 879 3274 reddituum
895 3217 1158 3287 ejusdem
1174 3214 1425 3271 ecclesia:
1453 3213 2188 3287 distributionem,qua3in-

548 3290 859 3346 ferioribus
889 3288 1113 3344 clericis
1155 3286 1561 3360 indigentibus
1602 3286 2059 3360 provideretur);
2092 3300 2186 3355 ego

547 3362 690 3433 quod
716 3362 836 3417 illis
865 3376 1229 3417 concesseram
1256 3358 1962 3433 tolleremullesponderunt
1985 3360 2045 3412 in
2062 3364 2186 3433 tan-

547 3427 668 3489 tum
710 3448 765 3488 se
808 3448 933 3487 non.
963 3446 1179 3495 curare,
1200 3434 1260 3484 ut
1310 3431 1361 3483 si
1403 3429 1543 3501 quod
1588 3427 1762 3484 alicui
1789 3430 2014 3501 illorum
2040 3427 2186 3501 dedi,

549 3505 849 3584 (inferrem,
879 3506 986 3584 etc.
1018 3502 1088 3556 Et
1117 3499 1648 3584 postnnonnulla‘se
1679 3517 1746 3555 ea
1774 3499 2187 3584 beneﬁciariis:

551 3570 681 3630 dem
728 3572 1041 3628 abstulisse
1088 3570 1427 3643 significans
1468 3572 1631 3626 addit
1676 3589 1839 3626 num.
1890 3574 1923 3625 8
1979 3570 2190 3639 :AQuud

549 3663 719 3702 causa
757 3643 1093 3716 protuleram
1144 3644 1603 3716 comminationis,
1628 3645 1687 3697 in
1713 3644 1958 3716 eﬂectum
1988 3646 2191 3716 vertere

546 3733 656 3773 non
682 3713 876 3773 distuli
903 3716 1151 3770 actionis.
1187 3713 1325 3769 Dein
1358 3730 1604 3785 narrans
1635 3713 1774 3785 quid
1806 3714 1876 3785 de
1900 3714 1991 3768 bis
2013 3714 2187 3785 bene-

548 3788 699 3846 ﬁciis
730 3789 801 3844 ob
832 3786 1064 3866 illorum
1107 3784 1586 3866 iugratitudinem
1637 3784 1882 3866 receptis
1921 3784 2185 3866 gesserit,

549 3877 751 3917 eorum
774 3862 993 3942 partem
1016 3855 1441 3942 periiidz'catum
1466 3873 1528 3912 se
1559 3855 2192 3942 contulisse_signiﬁcat

548 3928 998 4004 pauperioribus
1018 3928 1250 4004 clericis
1276 3928 1478 4004 eodem
1511 3944 1751 4004 prorsus
1773 3928 1975 3983 ordine
2004 3932 2060 3983 et
2082 3944 2188 3983 nu-

520 4038 523 4049 ι
549 4000 729 4069 mero,
750 4007 818 4058 ut
846 4001 940 4057 hic
969 4000 1744 4071 describuntur.Nuperrime
1758 4004 1957 4071 autem
1980 4008 2192 4071 recepta

548 4094 583 4132 a
616 4073 888 4130 Ratberio
905 4090 972 4128 ea
1004 4072 1282 4127 beneﬁcia
1309 4071 1582 4127 videntur
1610 4070 1877 4143 intelligi.
1904 4076 2033 4127 tum
2055 4070 2189 4128 cum

547 4146 844 4204 canonicis
870 4143 1301 4200 afﬁrmantibus
1323 4160 1384 4198 se
1402 4159 1515 4198 non
1542 4158 1766 4207 curare,
1785 4148 1845 4197 ut
1859 4142 1909 4198 si
1931 4160 2057 4214 qua:
2075 4143 2191 4198 illis

548 4219 785 4275 dederat
816 4217 1085 4281 auferret,
1119 4215 1283 4287 hunc
1304 4231 1505 4270 eorum
1538 4230 1847 4269 assensum
1868 4231 1970 4287 pro
1985 4231 2194 4269 renun-

546 4289 788 4346 tiatione
820 4289 1073 4358 quadam
1097 4286 1337 4358 accepit.

621 4361 803 4432 (1107)
834 4356 1145 4432 Presbyteri
1170 4356 1465 4429 capellam,
1500 4356 1601 4432 qui
1627 4356 1845 4432 scilicet
1876 4373 1992 4412 non
2028 4360 2194 4432 erant

549 4427 814 4490 canonici
847 4449 861 4487 :
894 4431 1050 4486 unde
1082 4427 1500 4501 nunc'quoque
1517 4427 1591 4483 bi
1630 4428 1691 4482 in
1721 4432 1923 4484 nostra
1951 4427 2195 4483 ecclesia

547 4505 1137 4645 caiiilgsizggﬁﬂugi
1166 4579 1431 4645 cantores,
1462 4571 1561 4643 qui
1580 4642 1589 4645 _
1608 4572 2013 4645 memorantur
2059 4572 2193 4642 post

552 4622 2196 4728 sataesataetetigigaa‘sg‘s‘asﬁaiseis;
2226 4622 2272 4687 D
2303 4622 2339 4728 ᾖ

553 4713 1086 4787 mittunturLerant
1117 4719 1341 4787 septem
1372 4714 1738 4787 subdiaconi,
1771 4713 1896 4785 qui‘
1918 4713 2187 4787 in__choro

553 4783 1104 4845 canebantfPraater
1143 4783 1512 4858 presbyteros
1569 4783 1805 4858 scilicet
1839 4783 2191 4858 capellauos,

510 4890 513 4895 ν
552 4866 670 4917 tres
698 4863 925 4915 tantum
958 4854 1188 4914 ordines
1202 4854 1467 4914 nominat
1486 4856 1658 4929 paulo
1686 4854 2197 4929 anteet—similiter

553 4932 728 4989 etiam
753 4929 924 5003 paulo
955 4932 1105 5003 post,
1128 4925 1551 5003 subdiaconus,
1586 4927 1881 5003 acolythus
1903 4932 1969 5003 _et
2009 4925 2189 5003 _ostia:

553 5005 671 5060 rios
696 5022 709 5071 ;
736 4997 979 5059 sedtum
994 5000 1404 5069 subdiaconus,
1422 5005 1555 5071 tum
1571 4997 1868 5071 acolythus
1886 4997 2198 5071 distinguit

552 5077 611 5132 in
644 5068 863 5131 classes
893 5074 1062 5138 duas,
1098 5070 1479 5144 quorumialii
1509 5070 1573 5126 de
1601 5068 1908 5144 secretario,
1926 5068 2026 5144 alii
2064 5068 2195 5144 (iam

548 5153 696 5204 tores
726 5151 1022 5203 vocantur.
1057 5139 1198 5200 Tres
1228 5141 1718 5199 subdiaconorum
1735 5142 1955 5211 species
1990 5139 2049 5193 in
2079 5140 2197 5194 Ro-

552 5235 729 5275 mana
757 5218 1014 5274 Ecclesia
1043 5215 1415 5287 distinguunt
1444 5218 1611 5268 vetus
1644 5212 1823 5287 codex
1852 5211 2007 5287 apud
2030 5211 2199 5265 Baro-

554 5290 720 5345 nium
747 5290 819 5345 ad
850 5304 1068 5343 annum
1094 5284 1433 5349 1053,num.
1456 5288 1546 5345 22,
1566 5289 1622 5338 et
1640 5284 1894 5338 Joannes
1917 5284 2198 5337 diaconus

558 5362 631 5416 De
657 5361 838 5415 eectes.
873 5362 1123 5415 Lateran.
1154 5358 1307 5429 apud
1358 5355 1786 5429 Mabillonium,
1818 5360 1938 5429 tom
1989 5354 2036 5407 II
2069 5354 2198 5407 Mu-

557 5431 641 5487 sei
688 5429 886 5512 ltalici,
914 5447 1046 5512 pag:
1077 5425 1209 5511 56?;
1255 5425 1925 5512 nimipumsub‘diaeoni
1976 5429 2199 5512 septem

556 5505 724 5558 erant
743 5495 1186 5572 regionarii,qui
1215 5498 1491 5572 epistolas
1513 5501 1570 5572 et
1587 5496 1875 5572 lectiones
1905 5495 1965 5550 in
1998 5495 2199 5550 statio-

557 5573 733 5628 nibus
765 5567 1066 5643 ca'nebant,
1101 5567 1325 5643 septem
1359 5568 1624 5643 palatini,
1658 5567 1756 5640 qui
1794 5568 1945 5622 idem
1970 5583 2200 5643 _muuus

559 5642 871 5700 obibantin
906 5637 1583 5707 Ecclesia-Lateranensi,
1603 5645 1659 5695 et
1677 5637 1909 5710 septem
1929 5637 2026 5693 alii
2060 5637 2199 5693 dicti

558 5714 749 5771 Schola
774 5716 1081 5777 cantorum,
1114 5712 1213 5782 qui
1246 5713 1564 5767 cantabant
1600 5711 2027 5775 tantummodo,
2064 5726 2197 5764 cum

562 5800 834 5848 summus
866 5784 1122 5856 pontifex
1150 5782 1497 5838 celebrabat.
1535 5783 1595 5836 In
1636 5782 1954 5838 Veronensi
2007 5786 2202 5837 autem

2310 600 2612 673 acolytbis,
2647 607 2819 674 atque
2849 602 3107 661 ostiariis
3148 607 3361 661 nostris
3409 602 3619 663 matris
3666 592 3971 670 Ecclesiae,

2310 689 2406 745 isti
2439 690 2696 761 quidem,
2719 692 2924 763 quanti
2952 708 3108 748 nunc
3140 695 3297 760 sunt,
3322 696 3455 764 post
3485 692 3633 749 istos
3650 707 3795 748 vero
3826 691 3972 747 sub-

2310 778 2655 835 diaconibus
2697 784 2919 852 septem
2968 781 3039 836 de
3070 781 3400 850 secretario,
3434 784 3662 854 septem
3706 779 3976 837 cantori—

2311 868 2421 923 bus
2435 874 2447 939 ζ
2462 870 2482 923 1
2498 870 2637 933 108),
2655 874 2875 940 septem
2898 868 3179 944 acolythis
3192 870 3262 925 de
3276 870 3610 937 secretario,
3623 874 3682 927 et
3695 869 3975 941 quinque

2309 959 2667 1023 cantoribus,
2691 962 2749 1013 et
2769 959 3029 1015 ostiariis
3053 976 3172 1027 sex,
3197 976 3534 1031 quanquam
3552 965 3611 1021 et
3630 957 3758 1019 illis
3782 959 3973 1029 (1109)

2308 1044 2575 1117 ingratis,
2609 1051 2810 1118 utpote
2848 1050 3141 1119 majorum
3188 1065 3430 1103 suorum
3477 1048 3567 1103 vel
3616 1047 3975 1104 seductione

2309 1134 2586 1206 deceptis,
2601 1134 2686 1190 vel
2700 1135 3231 1202 ministerritis,vel
3244 1137 3699 1209 conspirationis
3720 1135 3971 1192 illorum

2306 1240 2524 1279 veneno
2573 1224 2824 1289 infectis,
2857 1231 3063 1297 praeter
3109 1225 3168 1281 id
3217 1224 3373 1298 quod
3400 1243 3435 1281 a
3463 1224 3632 1281 bonis
3664 1229 3724 1281 et
3778 1224 3972 1281 Deum

2306 1311 2670 1383 timentibus,
2689 1319 2865 1385 atque
2894 1313 3178 1369 charitate
3211 1314 3567 1370 ferventibus
3598 1314 3685 1369 eis
3717 1328 3973 1373 consue-

2304 1400 2648 1457 tudinaliter
2676 1403 2936 1473 accipere
2966 1408 3054 1458 est
3075 1402 3401 1475 antiquitus
3432 1403 3827 1469 destinatum,
3862 1402 3972 1457 hoc

2305 1494 2394 1545 est
2423 1491 2624 1560 (1110),
2658 1490 2962 1547 ecclesiam
2993 1495 3207 1547 sanctae
3240 1492 3454 1560 Mariae,
3481 1509 3607 1564 qua
3630 1508 3970 1565 cognomen

2305 1578 2510 1634 sortita
2539 1585 2628 1634 est
2660 1580 3075 1652 Consotatrieis,
3102 1597 3236 1636 eum
3267 1582 3543 1637 omnibus
3567 1598 3696 1654 quae
3732 1581 3811 1637 ad
3835 1597 3968 1637 eam

2302 1666 2716 1738 pertinent,vel
2748 1668 3140 1740 pertinebunt,
3158 1668 3317 1726 salva
3345 1670 3610 1742 portione
3638 1670 3793 1727 inibi
3819 1669 3972 1726 mili-

2301 1756 2483 1811 tantis
2515 1757 2855 1829 presbyteri,
2878 1757 2959 1813 ita
2990 1762 3207 1824 tamen,
3230 1762 3296 1813 ut
3316 1758 3373 1813 in
3394 1763 3681 1831 potestate
3711 1759 3787 1814 sit
3821 1758 3963 1815 isto-

2302 1862 2456 1910 rum,
2488 1846 2537 1901 si
2569 1842 2865 1916 defecerit,
2899 1846 3149 1902 alterum
3188 1849 3343 1904 472
3393 1847 3778 1922 subrogandi,
3811 1847 3961 1903 nihil

2304 1950 2434 1990 vero
2467 1951 2535 1989 ex
2565 1934 2678 2001 his,
2703 1951 2829 2007 quae
2861 1934 3074 1992 habere
3105 1952 3239 1991 eum
3257 1936 3420 2008 juste
3446 1924 3761 2009 competit,
3797 1935 3962 1993 aufe-

2302 2023 2487 2079 rendi.
2520 2024 2578 2078 Si
2609 2040 2740 2079 vero
2772 2023 2963 2079 visum
2994 2024 3078 2081 eis
3109 2024 3303 2090 fuerit,
3322 2028 3511 2081 utaut
3539 2012 3643 2098 per
3659 2024 3819 2081 vices
3846 2024 3961 2097 ipsi

2301 2111 2587 2184 capellani
2616 2113 2903 2177 (missam)
2934 2114 3116 2187 (1111)
3149 2113 3206 2167 in
3235 2114 3365 2185 ipsa
3405 2118 3643 2170 cantent
3683 2113 3961 2181 ecclesia,

2302 2206 2403 2257 aut
2432 2201 2659 2274 aliquos
2690 2218 2756 2257 ex
2778 2219 2840 2257 se
2863 2200 3098 2275 eligant,
3116 2201 3215 2274 qui
3245 2200 3405 2257 illam
3432 2206 3794 2276 percantent;
3810 2201 3961 2257 illud

2302 2291 2454 2361 quod
2479 2290 2837 2346 consuetudo
2871 2290 2979 2345 fuit
3008 2290 3379 2363 presbyteros
3408 2278 3646 2359 habere,
3682 2289 3786 2363 qui
3835 2290 3961 2347 illic

2301 2378 2652 2446 militabant,
2687 2378 3056 2451 peculiariter
3084 2379 3185 2451 qui
3217 2383 3455 2435 cantent
3485 2378 3650 2448 inibi,
3671 2379 3956 2449 habeant;

2300 2472 2503 2522 caetera
2522 2484 2653 2523 vero
2675 2484 2809 2523 cum
2827 2468 3275 2539 subdiconibus,
3297 2467 3603 2541 acolythis,
3628 2473 3807 2541 atque
3823 2469 3957 2540 jam

2299 2556 2471 2612 dictis
2501 2556 2755 2612 ostiariis
2811 2555 3113 2628 aequaliter
3162 2557 3444 2627 dividant,
3479 2558 3667 2630 (1112)
3700 2574 3819 2613 non
3851 2576 3960 2630 per

2298 2662 2539 2718 campos
2568 2649 2761 2701 tamen
2793 2650 2849 2701 et
2874 2646 3091 2714 vineas,
3113 2646 3215 2701 sed
3250 2663 3351 2719 per
3376 2646 3602 2708 modios
3633 2652 3810 2720 atque
3827 2665 3957 2707 sex-

2294 2734 2464 2803 taria,
2496 2739 2561 2791 ut
2590 2751 2694 2791 nec
2723 2734 2857 2789 rixae
2888 2733 3053 2790 locus
3076 2735 3291 2807 aliquis
3333 2736 3523 2804 detur,
3555 2753 3744 2808 neque
3800 2737 3951 2793 invi-

2296 2859 2552 2915 Ecclesia
2578 2860 2705 2914 duae
2734 2863 2962 2914 tantum
2987 2860 3204 2915 classes
3227 2860 3722 2915 subdiaconorum
3750 2864 3949 2916 exsta-

2296 2931 2457 2997 bant,
2490 2936 2547 2986 et
2577 2948 2645 2986 ex
2680 2930 2789 2986 hoc
2827 2930 3081 2985 Ratherii
3112 2935 3269 2987 textu
3302 2937 3522 3001 septem
3556 2936 3723 2986 erant
3751 2932 3826 2987 de
3857 2949 3951 2987 se~

2296 3002 2561 3068 eretario,
2583 3002 2683 3073 qui
2705 3002 3208 3074 scilicetepiscopo
3227 3002 3546 3074 celebranti
3566 3003 3945 3071 inservirent,

2296 3079 2516 3146 septem
2547 3072 2679 3129 vero
2709 3072 2805 3128 alii
2836 3072 3256 3146 cantoresfqui
3298 3073 3356 3128 in
3407 3074 3582 3146 cboro
3641 3080 3946 3131 canerent.

2295 3144 2573 3219 Similiter
2601 3146 2775 3200 etiam
2808 3144 3055 3217 acolythi
3089 3144 3190 3200 del
3212 3145 3522 3219 secretario
3570 3150 3816 3219 septem,
3841 3146 3946 3219 qui

2297 3216 2357 3272 in
2408 3216 2588 3271 sacris
2635 3232 2870 3288 operam
2920 3216 3281 3288 praestarent,
3307 3216 3566 3288 quinque
3596 3216 3792 3273 autem
3845 3216 3949 3273 alii

2299 3292 2585 3353 cantores,
2621 3287 2718 3359 qui
2752 3287 3044 3343 canerent.

2369 3360 2549 3429 (1109)
2583 3358 2653 3413 Id
2673 3362 2762 3413 est
2781 3367 2831 3414 et
2854 3360 2989 3428 illis,
3022 3359 3093 3414 de
3117 3358 3332 3430 quibus
3363 3362 3536 3415 antea
3560 3358 3954 3430 dixitzquanti

2294 3446 2443 3486 nunc
2469 3438 2621 3485 sunt.
2653 3432 2787 3495 Quae
2817 3430 2973 3485 enim
2997 3429 3278 3486 beneﬁcia
3307 3447 3337 3484 a
3370 3430 3693 3499 majoribus
3715 3429 3951 3486 clericis

2296 3504 2531 3570 ingratis
2565 3506 2875 3573 receperat,
2904 3517 2971 3556 ea
3000 3518 3061 3556 se
3079 3500 3378 3573 delegasse
3401 3501 3581 3573 tradit
3610 3501 3840 3557 clericis
3865 3503 3954 3557 in-

2252 3615 2259 3618 -
2297 3573 2607 3645 ferioribus
2627 3572 2820 3644 quanti
2846 3588 2994 3645 nunc
3019 3581 3146 3627 sunt
3170 3590 3184 3639 ;
3218 3572 3457 3645 tametsi
3488 3572 3548 3627 hi
3572 3590 3807 3645 quoque
3830 3573 3953 3628 sint

2298 3644 2533 3715 ingrati,
2569 3643 2766 3715 utpote
2797 3643 2893 3714 qui
2929 3644 3221 3714 majorum
3262 3643 3608 3699 clericorurn
3654 3643 3740 3700 vel
3784 3646 3950 3700 sedu-

2297 3719 2474 3771 ctione
2505 3716 2728 3786 decepti.
2763 3716 2845 3786 vel
2870 3716 3038 3770 minis
3070 3716 3268 3779 territi,
3292 3717 3375 3772 vel
3400 3716 3829 3786 conspirationis
3858 3733 3952 3772 ve-

2296 3803 2435 3843 neno
2461 3785 2667 3857 infecti,
2702 3785 2973 3841 Ratherio
3022 3786 3238 3858 pariter
3289 3785 3766 3843 adversabantur.
3800 3787 3952 3843 Vide

2301 3857 2759 3914 admonitionem
2794 3873 2958 3911 num.
2991 3857 3045 3912 ϐξ
3610 3860 3613 3863 ’

2369 3930 2552 4001 (1110)
2585 3929 2750 4001 Nunc
2782 3945 3078 4001 recensere
3108 3929 3331 4001 incipit,
3367 3946 3496 4001 quae
3533 3928 3644 3984 hac
3684 3928 3952 4001 disposi-

2297 4000 2452 4057 tione
2476 4000 2732 4056 laudatis
2763 4000 2987 4056 elericis
3017 4001 3087 4054 de
3119 4000 3432 4058 suo’dedit.
3460 4001 3526 4056 Et
3553 4001 3743 4059 primo
3765 4000 3956 4056 nomi-

2301 4072 2758 4147 natecclesiam,
2786 4088 2887 4126 seu
2911 4071 3185 4147 redditus
3206 4072 3461 4147 ecclesia:
3483 4070 3781 4147 S_.Maria3_,
3812 4089 3952 4147 quae

2301 4148 2367 4226 ut
2395 4143 2853 4226 distingueret-ur
2885 4143 2955 4197 ab
2984 4141 3225 4225 aliis..S.
3259 4142 3450 4198 Mariae
3481 4141 3953 4226 virginindicaftis,

2299 4219 2356 4270 et
2386 4213 2664 4286 peculiari
2696 4215 2977 4285 cujusque
3007 4213 3243 4286 nomine
3274 4213 3649 4286 nuncupatis,
3687 4214 3955 4271 Consola-

2301 4284 2415 4342 trtii:
2444 4284 2781 4351 vocabatur,
2805 4284 2935 4340 Haec
2965 4284 3208 4340 ecclesia
3248 4284 3545 4341 modicum
3579 4286 3765 4349 distat,
3790 4303 3825 4340 a
3854 4303 3955 4341 ca-

2301 4356 2571 4413 thedrali.
2605 4360 2747 4411 Cum
2780 4356 3063 4428 quidquid
3089 4356 3298 4412 iisdem
3328 4356 3565 4421 clericis
3588 4356 3768 4423 dedit,
3789 4364 3959 4414 esset

2302 4429 2452 4502 inter
2482 4429 2633 4483 bona
2662 4427 3115 4502 episcopalijuri
3142 4445 3207 4484 ac
3231 4428 3614 4502 dispositioni
3660 4429 3956 4502 subjecta,

2301 4501 2436 4582 lisse.
2451 4497 3273 4582 quoqueeccle‘siaejusmodi
3306 4497 3429 4582 erat
3454 4517 3466 4567 ;
3492 4516 3629 4582 ‘quts
3655 4497 3861 4581 postea
3891 4501 3957 4555 in

2304 4570 2556 4645 Capituli
2594 4570 2699 4642 jus
2726 4571 3028 4645 _transivit.
3063 4571 3239 4645 Licet
3263 4576 3461 4645 autem
3492 4570 3619 4645 hinc
3645 4570 3958 4645 proprium

2347 4589 2379 4626 a
2424 4589 2556 4626 ituu
2596 4589 2699 4642 jus
2742 4589 3028 4626 tranSlVlt.
3063 4589 3214 4626 meet
3263 4589 3461 4626 autem
3493 4589 3613 4625 nam
3686 4589 3958 4643 roprium

2347 4589 2544 4699 ageret
2588 4642 3012 4714 presbyterum,
3071 4641 3174 4714 qui
3223 4641 3383 4714 inibi;
3410 4589 3799 4709 inservielbat;
3834 4658 3958 4698 non

2299 4719 2496 4772 tamen
2519 4714 2567 4783 ej
2578 4712 2648 4770 us
2661 4712 2829 4768 erant
2842 4729 3044 4769 omnes
3065 4712 3252 4784 ipsius
3269 4712 3527 4777 ecclesiae
3542 4713 3834 4781 redditus,
3851 4714 3959 4770 sed

2305 4785 2571 4867 quaedam
2629 4784 3103 4867 tantum‘p'o‘rtio
3157 4784 3269 4867 ipsi
3317 4784 3959 4867 erathssignatauquoa

2306 4854 2414 4913 liae
2435 4856 2772 4910 earumdem
2806 4854 3143 4930 reddituum
3178 4854 3670 4930 dispositionei'n
3698 4854 3957 4930 gratiam

2306 4932 2762 5053 memgrzlitobrutm
2815 4926 3157 4982 clericorum
3190 4925 3376 4982 eidem
3408 4925 3743 5000 presbyteri)
3788 4925 3961 4983 isalva

2306 5015 2433 5053 esse
2504 5015 2531 5052 c
2554 5016 2605 5051 le
2652 5015 2684 5052 τι
2716 5040 2727 5051 .

2305 5015 2433 5055 esse
2464 5002 2727 5053 debebat.

2378 5070 2558 5143 (1111)
2592 5068 3006 5143 Supplevimus
3034 5070 3283 5124 missam.
3307 5070 3378 5124 ad
3412 5086 3589 5143 quam
3637 5082 3773 5124 mox
3799 5071 3859 5117 τὸ
3891 5071 3962 5125 ii-

2308 5141 2423 5197 tum
2454 5141 2821 5195 referendum
2856 5144 2963 5194 est.

2405 5212 2559 5281 1112)
2592 5208 2715 5267 Non
2749 5209 2938 5266 solum
2967 5211 3079 5277 hic,
3105 5227 3307 5281 verum
3337 5211 3511 5267 etiam
3532 5211 3604 5281 in
3632 5211 3854 5269 Decreto
3893 5211 3961 5267 de

2306 5280 2590 5339 Abbatiota
2632 5284 2982 5350 Mogontiani
3028 5280 3194 5356 num.
3243 5283 3297 5348 2,
3330 5287 3387 5338 et
3440 5280 3588 5356 part.
3622 5300 3667 5356 ri
3703 5283 3779 5356 De
3829 5299 3959 5356 con-

2308 5359 2515 5427 temptu.
2544 5370 2814 5427 canonum
2846 5370 3007 5427 num.
3036 5354 3300 5427 4,viqn_eas
3323 5371 3357 5410 a
3386 5353 3608 5427 campis
3640 5353 3960 5427 Eutherius

2308 5423 2637 5498 distinguit.
2662 5424 2864 5496 Campi
2894 5424 3386 5498 vocari_videntur
3414 5424 3454 5479 ii
3486 5423 3629 5498 agri,
3653 5423 3712 5479 in
3732 5426 3960 5498 quibus

2309 5494 2521 5552 solum'
2538 5494 2907 5568 frumentum
2936 5494 3025 5551 vel
3060 5494 3183 5568 alia:
3216 5500 3438 5568 segetes
3469 5494 3852 5563 serebantur;
3886 5497 3969 5551 vi-

2308 5585 2428 5624 neae
2457 5583 2590 5639 vero
2617 5566 2678 5632 ii,
2704 5583 2770 5621 ex
2793 5567 3010 5639 quibus
3039 5567 3240 5622 vinum
3274 5566 3519 5623 redibat.
3545 5569 3607 5622 In
3632 5584 3807 5623 serm.
3830 5570 3869 5639 2
3889 5568 3963 5623 de

2308 5638 2680 5720 ascensione,
2713 5638 2964 5720 κιρ-ηιξ,
2997 5640 3187 5695 vineta
3211 5647 3259 5695 et
3288 5655 3505 5720 campos
3558 5639 3817 5712 scripsit.
3835 5638 3963 5694 Μο-

2310 5711 2443 5765 dius
2461 5713 2584 5783 erat
2610 5713 2730 5764 tam
2760 5708 3119 5783 liquidorum
3135 5726 3309 5783 quam
3334 5708 3632 5766 aridorum
3653 5708 3960 5783 mensura:

2312 5781 2630 5838 sextarium
2660 5780 2856 5838 autem
2889 5780 3066 5840 modii
3090 5780 3225 5856 pars
3254 5786 3379 5839 erat
3410 5800 3513 5855 pro
3541 5783 3821 5840 varietate
3868 5781 3963 5839 lo-
