4052 6432
491 381 606 444 615

1412 373 1788 439 [lA-TIIERII
1833 371 2079 438 EPISC.
2127 370 2418 439 'VERON.
2463 369 2636 435 OPP.
2685 368 2882 434 PARS
2926 367 2978 432 Ι.

3787 363 3911 428 616

481 513 781 587 loquimini
805 512 962 570 nobis
979 508 1458 584 placentia,videte
1473 509 1631 566 nobis
1648 524 1882 564 errores.
1915 508 2136 580 Auferte
2161 509 2218 576 Α
2247 507 2430 566 Nolite
2455 509 2696 580 aspicere
2745 504 2902 562 nobis
2940 517 3066 575 quae
3109 509 3254 558 recta
3294 508 3462 570 sunt;
3493 499 3818 572 loquimini,
3850 499 3911 555 id

478 620 514 660 a
543 618 630 658 me
659 603 826 669 viam,
852 599 1122 657 declinata
1167 619 1202 656 a
1244 617 1328 655 me
1381 601 1655 667 semitam,
1705 600 1870 654 cesset
1915 615 1949 651 a
1990 598 2138 665 facie
2245 600 2354 663 est,
2385 613 2496 650 non
2532 613 2660 666 qua:
2691 611 2825 648 vera
2857 592 3126 660 sunt,sed
3160 608 3290 663 quae
3319 591 3490 647 nobis
3513 591 3673 646 recta
3703 588 3912 646 videti-

475 688 664 747 nostra
720 693 943 746 sanctus
991 691 1159 746 Israel
1218 691 1346 758 (Isa.
1378 705 1510 755 xxx,
1567 687 1677 759 10).
1748 685 1932 758 (1143)
1971 685 2134 749 Quod

477 780 622 837 dum
654 795 792 836 cum
822 779 918 834 his
949 775 1328 834 contulissem
1352 775 1730 849 czeteris,quae
1753 780 1810 831 et
1839 775 1899 830 in
1929 775 2132 831 eodem

477 869 801 936 audieram,
833 865 1154 940 prophetis,
1204 864 1471 938 psalmis,
1515 863 1775 936 hymnis,
1809 867 1865 919 et
1890 861 2132 918 canticis

477 956 908 1028 spiritualibus,
934 973 1061 1027 quae
1091 971 1194 1010 vos
1219 953 1461 1025 jactatis
1493 952 1622 1008 aliis
1655 951 1833 1008 Italiae
1857 951 2131 1008 Ecclesiis

474 1045 842 1118 frequentare
877 1043 1088 1099 melius
1113 1061 1126 1098 :
1151 1058 1404 1115 cumque
1436 1057 1705 1097 sermone
1737 1040 1989 1109 Domini,
2014 1057 2129 1112 quo

473 1133 770 1207 prephetaa
813 1133 966 1188 480
1025 1149 1059 1187 a
1114 1148 1176 1188 se
1233 1147 1568 1187 consonans
1628 1128 1832 1196 misso,
1887 1128 2134 1185 auctori-

472 1223 584 1280 bus
615 1221 800 1295 (1145)
831 1221 890 1276 in
920 1219 1028 1276 hoc
1057 1221 1138 1276 ita
1181 1218 1444 1292 loquitur
1489 1218 1737 1274 vestris:
1771 1218 2013 1290 Populus
2042 1219 2130 1273 hic

472 1311 635 1367 labiis
663 1326 752 1366 me
781 1308 1050 1369 honorat;
1077 1324 1170 1363 cor
1195 1317 1378 1364 autem
1417 1308 1643 1364 illorum
1666 1307 1824 1376 longe
1844 1311 1924 1362 est
1957 1323 1991 1361 a
2019 1323 2123 1362 me.

473 1399 534 1454 ln
553 1415 759 1454 vanum
808 1414 915 1466 me,
943 1399 1148 1465 colunt,
1178 1400 1421 1453 tenentes
1445 1396 1728 1452 doctrinas
1757 1399 1810 1450 et
1850 1403 2127 1466 przecepta

470 1489 759 1545 hominum
785 1487 992 1558 (Matth.
1021 1503 1116 1554 xv,
1147 1486 1240 1557 8):
1276 1501 1413 1540 cum
1462 1483 1740 1556 Apostolo
1771 1500 2006 1556 quoque
2038 1483 2122 1538 di-

471 1580 638 1634 cente
665 1593 680 1644 ;
715 1577 832 1631 Erit
853 1579 1084 1646 tempus,
1115 1590 1241 1628 cum
1298 1589 1494 1629 sanam
1541 1572 1846 1628 doctrinam
1875 1588 1986 1627 non
2004 1589 2122 1627 sus-

473 1666 742 1729 tinebunt,
773 1663 863 1719 sed
889 1663 959 1718 ad
987 1679 1090 1718 sua
1135 1661 1406 1717 desideria
1453 1661 1846 1716 coacervabunt
1882 1661 1990 1716 sibi
2010 1677 2124 1716 ma-

470 1755 668 1825 gistros
691 1753 1003 1824 prurientes
1033 1750 1282 1816 auribus,
1329 1753 1380 1805 et
1427 1766 1459 1804 a
1507 1751 1740 1804 veritate
1782 1749 2000 1821 quidem
2029 1767 2124 1804 au-

471 1843 651 1897 ditum
691 1844 956 1909 avertent,
1008 1839 1079 1894 ad
1121 1839 1341 1911 fabulas
1399 1842 1584 1894 autem
1633 1842 2012 1894 convertentur
2056 1838 2126 1910 (Il

473 1931 690 1997 Tim.1v,
716 1931 770 1998 3)
797 1944 810 1983 :
843 1926 1185 1999 compulsus
1207 1943 1340 1982 sum
1363 1926 1754 1997 miserrimus,
1775 1926 1889 1983 heu
1920 1926 2118 1982 dolor!

471 2031 580 2074 nos
613 2015 892 2090 populum
909 2015 1224 2072 Dominum
1237 2015 1309 2070 ad
1330 2014 1694 2070 iracundiam
1710 2019 2120 2086 provocantem

470 2105 815 2178 intelligere,
877 2121 993 2159 non
1051 2103 1296 2175 ignarus
1350 2102 1717 2174 Apostolum,
1771 2107 2123 2176 Quaecunque

467 2197 672 2267 scripta
701 2197 846 2259 sunt,
879 2192 948 2248 ad
990 2197 1235 2248 nostram
1273 2191 1578 2246 doctrinam
1593 2193 1798 2264 scripta
1823 2193 1995 2264 (Rom.
2023 2211 2116 2261 xv,

465 2281 920 2356 In),veracissime
950 2285 1229 2337 testatum
1259 2281 1460 2336 fuisse.
1497 2279 1627 2336 Filii
1661 2280 1821 2336 enim
1857 2281 2119 2338 nolentes

467 2371 665 2427 audire
696 2371 885 2442 legem
913 2369 1032 2437 Dei,
1066 2369 1167 2440 qui
1223 2369 1416 2440 aptius
1468 2372 1634 2440 (pace
1689 2370 1842 2442 quod
1873 2369 2118 2426 dixerim

464 2463 674 2527 vestra)
706 2459 900 2514 valent
929 2457 1380 2530 intelligi,quam
1416 2456 1522 2527 illi,
1556 2457 1656 2530 qui
1687 2474 1820 2513 cum
1854 2459 2116 2515 canonici

467 2548 738 2604 affectent
759 2535 974 2614 vocari,
1003 2550 1060 2601 et
1113 2546 1186 2600 de
1233 2545 1386 2618 stipe
1413 2545 1711 2602 canonicis
1745 2547 1928 2618 (1145)
1959 2547 2115 2604 dele-

466 2641 604 2710 gata
650 2636 1010 2691 incessanter
1066 2638 1524 2706 conquerantur,
1561 2634 1622 2690 in
1671 2639 1899 2690 tantum
1951 2654 2113 2693 recu-

469 2730 602 2780 sant
631 2725 796 2780 481-
815 2739 944 2779 esse
973 2723 1256 2788 canonici,
1299 2727 1364 2777 ut
1389 2724 1916 2780 consuetudinibus
1953 2725 2115 2780 mali-

469 2829 719 2886 gnorum
751 2811 1120 2867 solummodo
1179 2811 1522 2878 innitentes,
1559 2812 1639 2868 nil
1673 2813 1828 2884 quod
1862 2830 2114 2870 canones

470 2901 744 2958 sanciunt
773 2899 982 2969 sancti,
1016 2901 1230 2956 nedum
1263 2898 1474 2973 legere,
1505 2901 1594 2958 vel
1627 2902 1832 2969 facere,
1865 2902 2114 2960 tolerent

467 2990 676 3048 saltem
707 2990 930 3059 audire,
960 2989 1182 3045 eisdem
1214 2989 1407 3046 verbis
1454 2988 1712 3047 dicentes
1754 2991 2108 3062 videntibus,

465 3096 669 3136 eorum
701 3079 901 3151 utique
930 3077 1256 3150 periculum
1305 3078 1640 3134 animarum
1693 3081 2106 3150 cernentibus;

461 3169 640 3226 Nolite
666 3168 870 3230 videre;
892 3173 952 3223 et
979 3167 1401 3240 aspicientibus
1425 3167 1772 3240 pravitatem
1801 3169 2064 3242 ipsorum
2092 3187 2105 3226 :

2211 3082 2604 3150 persequentur
2641 3094 2729 3134 vos
2781 3077 3005 3150 (Ibid):

2217 3167 2549 3223 rebellionis
2580 3167 2784 3240 utique
2815 3171 3016 3222 vestrae
3065 3166 3486 3239 temporaliter,
3521 3183 3592 3224 ne
3622 3167 3869 3224 damnet

2242 687 2375 752 tur;
2407 684 2584 752 nobis,
2619 699 2734 738 non
2786 682 2902 738 Deo
2945 682 3228 753 placentia
3275 679 3487 748 dicite;
3519 679 3700 736 videte
3749 679 3914 736 nobis

2241 783 2470 840 errores,
2503 773 2612 828 hoc
2642 776 2732 828 est
2781 770 2976 827 simile
3006 786 3114 826 nos
3165 769 3386 826 nostris
3434 767 3911 838 inventionibus,

2242 866 2418 934 atque
2449 865 2886 918 antecessorum
2918 863 3254 916 nostrorum
3287 857 3563 931 malignis
3591 861 3913 914 consuetu-

2240 951 2478 1006 dinibus
2508 949 2736 1022 decipi;
2769 951 2990 1020 Auferte
3043 965 3078 1002 a
3108 964 3195 1004 me
3240 949 3391 1004 viam
3437 949 3564 1019 (Isa.
3613 964 3752 1015 xxx,
3789 946 3905 1018 10),

2239 1039 2442 1112 utique
2472 1037 2766 1110 illum,qui
2801 1037 2976 1092 dicit:
3013 1037 3118 1108 Ego
3146 1053 3272 1092 sum
3295 1037 3386 1091 via
3417 1037 3464 1108 (I
3489 1038 3648 1093 Joan.
3673 1053 3794 1104 xw,
3822 1038 3902 1103 6).

2237 1128 2524 1184 Declinate
2550 1129 2803 1182 semitam
2830 1127 2958 1189 (Isa.
2991 1143 3122 1194 xxx,
3154 1127 3264 1194 11),
3299 1140 3619 1198 angustam
3674 1124 3907 1183 scilicet

2236 1221 2411 1290 atque
2432 1221 2652 1272 arctam
2675 1215 2827 1271 viam
2849 1215 3157 1271 ducentem
3172 1215 3243 1270 ad
3260 1213 3459 1270 vitam.
3486 1214 3664 1272 Cesset
3689 1231 3726 1269 α
3753 1215 3902 1287 facie

2233 1314 2419 1361 nostra
2447 1309 2671 1360 san-ctus
2701 1304 2870 1360 Israel
2900 1303 3106 1375 (Ibi..l.),
3136 1302 3193 1358 id
3227 1307 3336 1371 est,
3375 1302 3608 1359 desinat
3662 1319 3773 1360 nos
3807 1303 3901 1358 in-

2233 1393 2496 1465 quietare
2529 1392 2896 1448 sanctitatem
2930 1408 3100 1447 suam
3141 1391 3312 1447 nobis
3360 1390 3726 1463 sequendam
3761 1407 3899 1462 pro-

2234 1499 2458 1554 ponens
2491 1486 2754 1549 sanctus,
2787 1480 3071 1536 visionem
3095 1497 3239 1536 verae
3291 1496 3357 1536 ac
3405 1479 3778 1552 sempiterna;
3801 1497 3902 1552 pa.

2233 1571 2318 1626 eis
2345 1571 2778 1634 demonstrans,
2811 1574 2868 1626 et
2910 1569 3280 1638 Dominicus,
3315 1585 3496 1642 quem
3528 1568 3702 1626 nobis
3731 1567 3900 1642 inge-

2233 1658 2334 1726 ris,
2371 1676 2586 1716 sermo.

2302 1749 2356 1802 2.
2390 1745 2536 1811 Quid
2570 1764 2724 1816 vero,
2760 1747 2884 1812 lilii,
2919 1763 3095 1819 super
3137 1745 3356 1818 quibus
3406 1761 3718 1802 monemur
3739 1745 3898 1802 divi-

2231 1835 2390 1891 nitus
2421 1853 2536 1891 non
2569 1835 2772 1903 laetari,
2809 1836 2857 1890 si
2907 1834 3380 1908 multiplicamini
3422 1835 3612 1903 (Eccli.
3646 1852 3764 1903 xvr,
3793 1835 3893 1906 1);

2231 1923 2392 1994 quid,
2428 1923 2690 1996 inquam,
2727 1923 2854 1992 erit,
2891 1923 2938 1979 si
2969 1924 3167 1978 audito
3211 1922 3750 1987 misericordissimi
3785 1924 3892 1980 Dei

2231 2011 2520 2084 promisso
2581 2011 2871 2068 dicentis:
2927 2013 2988 2068 Si
3042 2013 3412 2068 revertamini
3467 2021 3521 2069 et
3569 2013 3890 2084 quiescatis,

2227 2103 2371 2157 salvi
2398 2104 2582 2157 erilis.
2608 2105 2669 2157 In
2694 2103 2916 2157 silentio
2948 2104 3002 2156 ei
3029 2103 3088 2156 in
3137 2117 3232 2173 spe
3279 2109 3383 2156 erit
3410 2101 3674 2174 fortitudo
3701 2110 3890 2158 vestra

2229 2190 2354 2262 (Isa.
2389 2207 2520 2257 xxx,
2555 2191 2642 2257 15)
2677 2207 2690 2258 ;
2725 2193 2897 2262 atque
2945 2193 3079 2262 post
3130 2206 3358 2261 pauca:
3391 2194 3676 2262 Easpectat
3701 2191 3890 2247 Domi-

2227 2296 2352 2335 nus.
2385 2287 2446 2334 ut
2488 2280 2820 2334 misereatur
2866 2280 3034 2334 vestri
3081 2278 3265 2352 (Ibid,
3297 2282 3424 2347 18);
3457 2277 3890 2350 parvipenditis

2227 2367 2393 2430 illud,
2415 2368 2678 2424 moribus
2708 2367 2930 2440 utique,
2963 2371 3021 2423 et
3045 2367 3095 2423 si
3126 2384 3241 2423 non
3271 2367 3484 2435 verbis,
3518 2367 3885 2439 responden-

2224 2461 2335 2522 tes,
2367 2459 2742 2529 Nequaquam,
2771 2455 2864 2512 scd
2893 2456 2963 2511 ad
3014 2471 3175 2528 equos
3221 2457 3496 2527 fugiemus
3550 2455 3732 2528 (Ibid,
3764 2457 3883 2528 t6),

2224 2562 2374 2618 quos
2397 2545 2596 2618 utique
2627 2549 2890 2618 potentes
2921 2544 3232 2617 quoslibet,
3252 2560 3504 2617 quorum
3534 2544 3884 2618 patrociniis

2224 2635 2317 2690 ﬁsi
2367 2635 2549 2707 (1146)
2593 2633 3050 2691 ecclesiasticam
3109 2637 3232 2690 tam
3290 2632 3693 2706 nullipenditis
3749 2634 3878 2691 dis-

2223 2723 2522 2796 ciplinam,
2553 2723 2714 2780 482
2745 2723 2826 2778 nil
2857 2724 3054 2780 obstat
3103 2721 3349 2794 intelligi
3375 2740 3388 2778 :
3423 2723 3682 2794 [subaudi
3710 2727 3768 2780 et
3799 2723 3876 2794 si]

2223 2813 2566 2868 auctoritate
2596 2829 2754 2885 papae
2787 2812 3047 2886 Gregorii
3086 2811 3264 2866 etiam
3312 2812 3384 2867 ad
3416 2811 3670 2868 litteram
3701 2812 3874 2868 vobis

2220 2901 2532 2957 Dominum
2576 2902 2926 2972 respondere
2972 2899 3300 2974 contigerit.
3356 2899 3476 2956 Ideo
3524 2901 3771 2972 [ugietis.
3809 2902 3878 2957 Et

2218 3007 2381 3062 super
2408 2991 2610 3046 veloces
2657 2989 3044 3058 ascendemus;
3085 2989 3202 3046 ideo
3249 2990 3538 3044 velociores
3583 2997 3742 3045 erunt
3774 2991 3876 3062 qui

3069 3076 3372 3132 vindicans
3431 3077 3868 3134 immanitatem

535 3310 718 3391 (1143)
738 3308 909 3391 Vulg.
945 3308 1106 3391 Quod
1132 3307 1265 3363 dum
1293 3325 1421 3363 cum
1584 3311 1953 3391 contulissem,
1985 3327 2111 3391 quae
2152 3307 2181 3310 ’“
2220 3309 2419 3391 rendis
2451 3307 3306 3391 quodammodo‘praabuissent
3339 3325 3665 3390 assensum,
3701 3309 3876 3391 dum-

463 3380 706 3446 exteris,
730 3389 782 3435 et
813 3380 874 3434 in
900 3380 1526 3451 eodem,perperam.Ut
1556 3397 1766 3436 sensus
1797 3380 2107 3447 constaret,

465 3453 1143 3524 qwzeipost‘cmteristran
1157 3451 1454 3524 stulimus.
1485 3452 1772 3508 Construe
1803 3458 2018 3524 autem,
2052 3460 2112 3510 et

463 3520 687 3595 explica
709 3520 838 3595 sic:
868 3521 1018 3595 Quod
1045 3520 1175 3595 dum
1213 3523 1560 3577 contulissem
1606 3539 1736 3579 cum
1790 3523 1876 3578 his
1903 3520 2112 3581 caeteris

458 3592 760 3667 prophetis,
767 3592 1010 3667 psalmis,
1045 3592 1290 3667 hymnis,
1303 3663 1312 3667 Α
1335 3597 1386 3648 et
1405 3595 1660 3667 “canticis
1703 3596 2107 3666 spiritualibus,

465 3663 592 3737 qua»
613 3667 665 3718 et
685 3664 758 3737 in‘
773 3663 1314 3733 eodcm(nocturnali
1335 3663 1557 3737 scilicet
1573 3663 1786 3737 olTicio)
1803 3663 2107 3724 audieram.

464 3734 593 3807 quae
617 3750 710 3807 vos
729 3734 953 3804 jactatis
978 3737 1324 3807 [req-uenture
1351 3736 1548 3807 melius
1577 3737 1706 3791 aliis
1735 3736 1988 3792 Ecclesiis
2009 3741 2113 3795 Ita-

465 3805 762 3934 .Nota
811 3805 1196 3876 frequentiam
1237 3805 1397 3860 chori
1447 3807 1505 3860 in
1558 3807 1884 3864 nocturnali
1933 3811 2110 3866 etiam

569 3893 677 3932 clo.

569 3893 677 3932 ClO.

537 3947 722 4020 (1144)
754 3948 1077 4020 Legebatur
1104 3947 1162 4002 in
1204 3946 1475 4020 vulgatis
1504 3951 1642 4003 meis
1687 3951 2016 4017 auctoribus,
2050 3955 2111 4007 in

463 4018 809 4079 hoc.SenSus
837 4018 1254 4075 correctionem
1287 4018 1924 4090 p’ostulavitﬂonstrue
1943 4040 2107 4080 vero:

461 4095 515 4146 et
541 4091 696 4159 (dum
723 4091 1094 4164 contulissem)
1125 4107 1249 4145 cum
1293 4107 1542 4164 sermone
1579 4093 1816 4157 Domini,
1852 4110 1952 4164 quo
1981 4111 2108 4150 con-

460 4162 1004 4238 sonansuprophetat
1049 4179 1083 4216 a
1132 4178 1190 4238 se
1243 4163 1428 4238 misso,
1452 4163 1541 4238 ita
1598 4165 1660 4218 in
1715 4164 1825 4238 hoc
1859 4162 2112 4238 loquitur

460 4233 772 4288 auctoribus
809 4233 1078 4304 vestris:
1147 4233 1388 4304 Populus
1445 4233 1552 4302 hic,
1612 4239 1721 4290 etc.
1789 4233 2110 4293 Auetoribus

460 4307 678 4372 vestris,
709 4303 920 4374 inquit,
949 4304 1008 4360 id
1040 4308 1129 4359 est
1161 4303 1486 4375 majoribus
1539 4314 1596 4360 et
1639 4309 2109 4365 antecessoribus

458 4377 702 4444 vestris;
738 4375 948 4430 horum
979 4375 1135 4430 enim
1167 4375 1572 4430 auctoritatem
1623 4381 1680 4432 et
1732 4381 2106 4435 consuetudi-

460 4463 593 4520 nem
625 4446 1206 4520 canoniciiRatberio
1255 4447 1644 4520 opponebant,
1692 4465 1876 4520 eaque
1923 4467 1984 4506 se
2014 4469 2106 4506 sa-

458 4517 725 4642 tisttutos
758 4519 1064 4590 putabant,
1102 4521 1166 4572 ut
1209 4517 1307 4572 veli
1335 4517 1425 4573 fex
1480 4517 1863 4590 sequentibus
1905 4522 2106 4594 palam

483 4605 534 4642 1e
568 4628 579 4640 .

483 4605 579 4642 ιθι.

534 4657 620 4736 (1
630 4656 714 4728 45)
729 4656 892 4736 ‘._Stipe
926 4659 1202 4736 canonicis
1229 4658 1472 4736 delegata
1485 4659 1748 4736 proprie
1763 4662 2070 4736 intelligun
2085 4695 2104 4706 -

458 4726 558 4783 tur
655 4726 1009 4804 catbedralis
1039 4729 1291 4784 ecclesia:
1336 4726 1628 4804 redditus;
1651 4733 1751 4804 qui
1777 4803 1780 4804 ν
1810 4726 2106 4791 canonicis

459 4803 630 4876 erant
659 4798 1113 4876 assignatiﬂum
1143 4806 1336 4876 autem
1367 4801 1616 4876 potiores
1650 4798 1915 4876 redditus
1947 4809 2104 4876 ejus-

461 4871 594 4926 dem
625 4869 881 4943 eqcclesite
909 4871 1077 4943 inter
1131 4869 1383 4943 majores
1431 4873 1692 4932 clericos.
1721 4874 1778 4930 id
1839 4881 1927 4932 est
1956 4869 2108 4934 inter

459 4941 774 4998 canonicos
803 4941 973 4996 divisi
1006 4941 1630 5010 essent,int‘erioribus
1687 4963 1822 5000 vero
1877 4948 2104 5006 clericis

459 5013 662 5069 relicta
691 5019 844 5069 esset
875 5014 1221 5069 tenuissima
1252 5015 1456 5084 portio,
1492 5017 1634 5070 adeo
1687 5023 1749 5072 ut
1782 5017 1957 5076 iidem
1987 5021 2106 5076 ino-

458 5086 554 5160 pia
583 5090 1024 5160 premerentur;
1061 5085 1280 5160 aliquid
1300 5103 1379 5160 ex
1405 5087 1749 5160 redditibus,
1776 5107 1923 5160 quos
1953 5093 2102 5148 obti-

457 5157 676 5214 nebant
727 5157 1012 5224 canonici,
1078 5157 1387 5214 Ratherius
1445 5158 1582 5214 olim
1653 5157 2100 5219 subducendum

459 5230 711 5312 c'uravit,
742 5233 823 5311 ut.
865 5229 1924 5312 inferioribus“atquiushprovideret.
1957 5235 2104 5291 Huic

404 5307 423 5326 ⁶
459 5317 630 5371 porro
657 5301 926 5356 divisioni
954 5319 1086 5357 cum
1142 5299 1382 5356 acriter_
1413 5299 1769 5358 restitissent
1799 5303 1976 5360 iidem
2008 5323 2102 5361 ca-

459 5370 672 5434 nonici,
706 5372 1016 5428 Ratherius
1065 5377 1131 5426 ut
1177 5373 1552 5428 inferioribus
1603 5373 1828 5429 clericis
1869 5375 1982 5431 alia
2010 5377 2104 5432 via

457 5441 836 5514 prospiceret,
869 5443 1111 5499 abstulit
1140 5461 1173 5498 a
1204 5445 1404 5498 decem
1465 5445 1760 5499 canonicis
1790 5461 1859 5501 ea
1883 5447 2099 5503 beneﬁ-

458 5512 702 5584 cia,quaa
725 5513 848 5584 ipse
869 5531 938 5568 ex
975 5532 1080 5570 suo
1120 5515 1341 5570 eisdem
1392 5515 1754 5582 contulerat;
1781 5534 1847 5571 ac
1879 5534 1946 5574 ex
1969 5519 2103 5574 isto-

455 5583 1032 5658 r‘um’beneﬁciorum
1077 5592 1240 5658 parte
1297 5586 1583 5658 quosdam
1639 5587 1942 5645 inferiores
1989 5589 2102 5646 ele-

457 5653 610 5712 ricos
641 5653 1218 5732 _a_leudos___<_leerevit
1267 5653 1655 5732 conludicato.
1695 5660 1869 5732 quod
1897 5667 2100 5732 antea

453 5725 868 5814 pramisimus.
897 5725 987 5788 Illi
1013 5745 1143 5789 vero
1174 5728 1283 5789 etsi
1339 5727 1414 5790 iis
1463 5725 1766 5794 beneﬂciis
1797 5729 1909 5794 sibi
1939 5733 2098 5795 aufe-

2219 3381 2392 3436 modo
2423 3380 2733 3452 episcopus
2775 3380 3106 3436 redditibus
3155 3380 3578 3453 canonicorumr
3617 3382 3874 3453 propriis

2219 3450 2674 3524 parceret;cum
2706 3456 2900 3507 tamen
2933 3459 3062 3524 post
3113 3450 3426 3508 Iudicaium
3461 3469 3524 3508 se
3567 3450 3635 3524 id
3647 3450 3874 3524 iisdem

2219 3515 2344 3578 suis
2377 3515 2702 3578 redditibus
2729 3527 2885 3578 tutos
2932 3515 3224 3590 viderunt,
3260 3523 3540 3579 beneﬁcia
3587 3515 3698 3579 sibi
3728 3523 3873 3580 olim

2218 3595 2450 3669 collata,
2483 3611 2549 3649 ac
2580 3593 2724 3669 dein
2744 3594 2940 3669 ablata
2979 3600 3258 3666 tanquam
3313 3612 3420 3650 sua
3469 3593 3868 3669 praeferentes,

2216 3667 2525 3722 Judiratum
2583 3665 3032 3720 rescindendum
3102 3665 3394 3720 curarunt
3440 3665 3739 3736 {hacque
3800 3667 3874 3726 de

2218 3754 2398 3810 causa
2426 3736 2766 3810 episeOpum
2785 3737 3256 3810 accusationibus
3275 3737 3687 3810 impetiverunt
3710 3739 3870 3810 apud

2217 3807 2589 3873 Cmsarem,et
2621 3807 2871 3881 missum
2904 3809 2977 3863 ab
3008 3825 3074 3864 eo
3105 3807 3484 3881 expetierunt,
3510 3807 3613 3881 qui
3644 3810 3715 3864 de
3745 3807 3872 3866 tota

2219 3897 2397 3952 causa
2431 3879 2833 3952 cognosceret
2865 3885 3061 3952 atque,
3083 3879 3340 3952 referret,
3371 3879 3554 3951 eoque
3603 3879 3870 3952 ipsorum

2219 3950 2524 4022 molimina
2554 3956 2981 4022 processere,ut
3009 3951 3166 4005 idem
3193 3950 3507 4007 Judicatu-m
3536 3950 3772 4006 tandem
3801 3971 3871 4009 ex

2219 4020 2454 4094 speciali
2487 4020 2852 4095 imperatoris
2883 4023 3160 4078 mandato
3192 4022 3869 4095 rescisumgfueritStips

2217 4091 2354 4165 ergo
2383 4091 2682 4165 canonicis
2713 4093 3073 4164 delegata,de
3103 4109 3215 4164 qua
3241 4093 3524 4162 canonici,
3545 4091 3869 4164 quereban-

2218 4164 2454 4237 tur,non
2488 4164 2677 4237 solum
2709 4165 3070 4237 intelligendi
3102 4169 3242 4237 sunt
3272 4165 3532 4220 redditus
3561 4165 3868 4237 cathedra-

2216 4235 2290 4292 lis
2322 4235 2446 4290 loco
2477 4235 2812 4306 accipienda
2839 4235 2922 4291 ea'
2961 4236 3259 4301 beneﬁcia,
3294 4253 3420 4307 quas
3454 4235 3767 4292 Ratherius
3792 4255 3866 4293 ex

2217 4324 2328 4380 sua
2373 4307 2781 4380 paupertatula
2825 4307 3044 4363 eisdem
3104 4312 3490 4374 concesserat,
3549 4311 3608 4364 et
3663 4312 3872 4380 postea

2174 4436 2183 4445 ,
2218 4377 2559 4434 abstulerat.

2289 4449 2472 4521 (ll-i6)
2503 4448 2796 4522 Canoniei,
2829 4452 2894 4503 ut
2921 4447 3212 4522 Batberio
3241 4448 3624 4522 iobsisterent,
3659 4453 3868 4522 poten-

2218 4519 2366 4576 tium
2401 4520 2722 4592 patrocinia
2753 4520 3131 4591 quaesierunt.
3151 4519 3293 4576 Vide
3325 4519 3862 4592 Discordz'am'num.

2135 4612 2181 4676 Β
2215 4591 2586 4676 Δ(ὶρζὶεοιιιυθ
2617 4597 2844 4676 autem:
2875 4608 3007 4676 quos
3051 4593 3241 4662 utique
3291 4591 3518 4676 (equos)
3567 4593 3870 4676 nilnobstat

2216 4665 2460 4731 intelligi
2498 4664 2762 4735 quoslibet
2801 4663 3062 4734 potentes.
3115 4679 3347 4735 quorum
3369 4663 3710 4734 patrociniis
3751 4665 3864 4735 ﬁsi,

2215 4740 2331 4789 tam
2381 4734 2770 4806 nullipenditis
2815 4735 3241 4806 ecclesiasticam
3293 4734 3678 4806 disciplinam:
3710 4734 3766 4790 et
3813 4737 3866 4792 si

2214 4805 2539 4878 auctoritate
2563 4809 2732 4878 etiam
2753 4822 2933 4878 papae?
2962 4805 3213 4874 Gregorii
3257 4805 3544 4878 contigerit
3571 4807 3870 4863 Dominum

2212 4877 2541 4948 respondere
2594 4876 2766 4932 vobis"
2790 4876 2861 4932 ad
2915 4877 3159 4948 litteram
3187 4894 3206 4932 :
3261 4877 3382 4932 Ideo
3407 4876 3418 4878 ἡ
3447 4878 3690 4948 fugietis,
3748 4883 3864 4934 etc.

2212 4947 2378 5019 Apud
2413 4947 2620 5003 Isaiam
2660 4949 2999 5003 Judteorum
3059 4947 3179 5002 bene
3235 4949 3410 5004 verba
3449 4947 3632 5004 sunt:
3659 4947 3765 5004 Sed
3795 4949 3866 5004 ad

2214 5036 2374 5091 equos
2403 5021 2698 5092 fugiemus.
2731 5019 3058 5090 Respondet
3087 5019 3388 5092 Dominus
3411 5019 3582 5092 zildeo
3608 5021 3860 5092 fugietis.

2211 5089 2551 5162 sequuntur
2578 5089 2662 5145 illi
2689 5093 2798 5163 :Et
2819 5089 2985 5162 super
3011 5091 3212 5146 veloces
3256 5089 3626 5146 ascendemus.
3661 5089 3859 5163 Repo-

2212 5163 2298 5216 nit
2323 5163 2634 5234 Dominus:
2669 5162 2790 5217 Ideo
2811 5163 3098 5218 velociores
3127 5165 3309 5230 erunt,
3341 5163 3436 5232 qui
3464 5162 3863 5234 persequentur

2211 5250 2323 5288 vos.
2356 5235 2504 5288 Mille
2533 5233 2780 5288 honiines
2827 5251 2862 5288 a
2905 5235 3050 5303 facie
3093 5235 3319 5290 terroris
3359 5233 3544 5299 unius,
3576 5243 3629 5288 et
3653 5252 3687 5290 α
3713 5236 3863 5305 facie

2212 5307 2436 5377 terroris
2470 5305 2709 5377 quinque
2735 5306 2978 5377 fugietis,
3010 5309 3120 5360 etc.
3171 5305 3317 5377 Hinc
3375 5305 3634 5377 Ratherii
3667 5311 3861 5362 textus

2212 5374 2749 5456 emendandus'seu
2780 5374 3167 5456 explicandus
3185 5376 3436 5456 videtur.
3473 5376 3671 5456 innuit
3698 5377 3858 5456 enim

2209 5445 2435 5520 clericis
2465 5445 2782 5520 rebellibus
2813 5445 2958 5501 nihil
2980 5448 3286 5520 profutura
3308 5447 3638 5520 potentium
3671 5455 3862 5520 patro-

2209 5518 2361 5601 cinia
2393 5523 2597 5600 contra
2628 5517 2956 5601 Dominum,
2981 5517 3089 5601 qui
3119 5517 3326 5601 eodem
3345 5520 3551 5601 modo,
3576 5517 3692 5601 quo
3717 5519 3859 5576 olim

2209 5589 2487 5654 Hebraeis,
2519 5591 2870 5662 respondere
2901 5589 3046 5662 ipsis
3077 5591 3306 5662 poterit,
3345 5589 3635 5653 Vindicans
3665 5593 3861 5651 imm-

2207 5663 2437 5720 nitatem
2467 5660 2779 5720 rebellionis
2807 5660 3015 5734 vestrae,
3047 5660 3158 5724 etc.
3211 5687 3220 5702 ·
