4052 6380
475 370 592 431 619

1392 358 1772 424 RATHEBII
1816 353 2061 418 EPISC.
2108 348 2397 415 VERON.
2444 349 2617 412 OPP.
2661 349 2867 411 PARS
2913 347 2962 411 Ι.

3775 344 3915 409 620

474 504 609 559 audi
637 501 839 571 sunt];
873 498 974 571 qui
1025 500 1237 571 putant
1284 496 1499 552 Judam
1545 498 1687 548 tunc
1733 490 1991 563 primum
2039 501 2134 558 pe-
2164 487 2219 555 Α
2247 484 2372 539 rius
2428 487 2535 539 est.
2569 482 2710 547 Quis
2769 498 2906 555 ergo
2956 480 3204 538 clericus
3262 480 3390 539 est?
3420 478 3685 571 Adulter
3739 480 3917 538 enim

477 592 676 661 riisse,
709 590 945 660 quando
983 588 1166 643 miser
1195 584 1505 641 Dominum
1535 579 1817 648 vendidit,
1851 594 1983 635 cum
2008 576 2134 646 jam

478 679 618 735 olim
649 694 785 733 cum
835 676 1115 749 apostolis
1171 689 1412 746 corpore
1461 669 1821 727 constitutus
1878 663 2133 739 perierit,

479 767 713 841 quando
744 765 967 822 scilicet
1003 763 1253 821 avaritiae
1297 760 1623 817 inebriatus
1652 772 1896 823 veneno,
1929 752 2136 810 tandiu

477 873 597 912 non
626 855 850 912 destitit
878 854 1107 910 lucrum
1153 852 1339 918 sitire,
1363 851 1547 905 donec
1593 844 1924 903 miserrimo
1950 842 2023 897 ad
2055 841 2137 896 la-

481 961 701 1017 queum
719 944 1082 1015 contingeret
1096 939 1417 1013 pervenire.
1442 930 2136 1006 Diebus,inquiunt,istis,

484 1050 603 1089 non
628 1049 735 1104 per
754 1033 952 1087 omnia
972 1029 1211 1095 falsum,
1227 1028 1331 1083 sed
1353 1025 1888 1095 ostensione,quam
1915 1021 2141 1076 actione

484 1122 681 1195 potius
711 1137 931 1176 verum.
961 1119 1282 1174 Monstrato
1314 1116 1530 1188 quippe
1552 1112 1692 1185 quid
1721 1112 1799 1166 sit
1826 1107 2137 1174 discordia,

484 1226 787 1281 nunquam
817 1208 972 1263 inter
997 1223 1090 1261 me
1112 1212 1163 1261 et
1187 1205 1321 1261 illos
1342 1204 1687 1275 probabitur
1707 1200 1888 1255 fuisse
1910 1212 2143 1253 concor-

484 1299 602 1367 dia,
626 1298 903 1370 prodente
927 1295 1251 1368 przesertim
1271 1293 1382 1348 hoc
1407 1291 1866 1360 traditione,qua
1886 1303 1978 1341 me
2007 1284 2143 1339 hinc

477 1389 601 1459 jam
626 1386 810 1458 (4454)
829 1383 1199 1457 pepulerunt,
1219 1380 1466 1437 trifaria.
1486 1379 1704 1434 Eadem
1726 1391 1980 1446 namque
1998 1371 2143 1428 velle

487 1482 665 1548 atque
686 1474 841 1529 nolle
857 1473 1139 1544 (1155),ea
1158 1472 1395 1526 demum
1423 1467 1682 1523 amicitia
1703 1465 1951 1535 si,juxta
1974 1461 2142 1516 illum

487 1566 588 1637 qui
607 1564 715 1618 hoc
738 1562 1015 1635 primitus
1037 1559 1203 1625 dixit,
1218 1563 1307 1632 est
1327 1558 1523 1622 ﬁrma;
1548 1554 1636 1610 vel
1663 1553 1735 1621 si,
1750 1554 1919 1624 juxta
1938 1550 2140 1616 alium,

486 1644 764 1708 humanae
795 1647 1065 1704 amicitiae
1097 1663 1266 1719 pares
1298 1644 1527 1700 animos
1556 1643 1709 1698 486
1737 1648 1793 1696 et
1823 1656 1940 1694 non
1971 1637 2144 1692 dissi-

488 1741 660 1799 miles
692 1741 969 1810 expetunt
999 1736 1141 1791 adeo
1166 1734 1515 1802 voluntates,
1540 1735 1606 1786 ut
1634 1745 1936 1802 nunquam
1969 1726 2148 1781 diver-

491 1822 638 1885 sitas
655 1819 885 1882 merum
900 1825 971 1881 ad
992 1824 1223 1879 ﬁrmam
1241 1822 1428 1895 possit
1444 1818 1740 1892 pervenire
1753 1815 2144 1881 concordiam;

492 1933 797 1989 nunquam
826 1914 913 1969 vel
946 1914 1101 1986 apud
1153 1929 1247 1967 me
1274 1910 1363 1966 vel
1396 1910 1549 1981 apud
1583 1908 1715 1963 illos
1766 1905 2145 1961 stabilitatem

494 2005 751 2062 amicitia
781 2019 1013 2075 semper
1041 2000 1335 2057 contraria
1360 1998 1602 2070 cupiens
1633 1995 1916 2060 obtinere,
1945 1998 2010 2048 ut
2028 2009 2144 2047 non

490 2093 673 2150 valuit
698 2096 917 2159 nostra,
946 2091 1027 2146 ita
1056 2104 1289 2161 quoque
1316 2085 1609 2158 nequibit;
1636 2100 1771 2140 cum
1803 2082 1888 2138 illi
1916 2097 2148 2152 semper

491 2180 976 2240 consuetudinem
1009 2190 1465 2242 antecessorum,
1495 2172 1870 2247 pontiﬁcibus
1900 2171 2026 2227 suis
2057 2171 2146 2224 in-

491 2275 788 2332 cessanter
805 2267 1137 2334 rebellium,
1158 2264 1377 2322 sanctis
1399 2268 1456 2320 et
1480 2281 1514 2318 a
1534 2264 1649 2318 Deo
1672 2261 1919 2317 decretis
1941 2262 2148 2331 praetu-

491 2358 668 2414 lerint
686 2342 1053 2422 ‘ca'nonibus;
1089 2369 1194 2425 ego
1226 2355 1460 2409 sanctos
1488 2354 1546 2406 et
1569 2367 1603 2404 a
1626 2349 1741 2404 Deo
1774 2348 2037 2404 decretos
2059 2363 2149 2400 ca-

491 2464 674 2504 nones
705 2464 738 2502 a
777 2444 1009 2500 diabolo
1064 2441 1315 2498 inventis
1374 2438 1765 2512 praeferendos
1822 2434 2148 2508 putaverim

491 2516 725 2592 usibus;
745 2514 1075 2591 Prohibitas
1097 2530 1255 2585 enim
1277 2528 1337 2583 in
1364 2528 1595 2584 Nicazna
1623 2526 1844 2598 synodo
1875 2523 2150 2579 mulieres

492 2630 613 2680 tam
647 2618 1230 2682 consuctudinaliter,
1250 2622 1488 2688 tamque
1521 2613 1749 2686 publice
1772 2613 2004 2677 habere,
2027 2617 2147 2668 tam

497 2711 849 2786 parvipensa
862 2707 964 2762 Dei
990 2710 1046 2761 et
1064 2705 1373 2761 hominum
1404 2702 1747 2773 reverentia,
1772 2703 1897 2774 ipso
1920 2718 2152 2774 quoque

497 2802 709 2856 timore
740 2797 1017 2871 gehennae
1065 2794 1124 2849 in
1171 2798 1399 2849 tantum
1451 2790 1803 2864 posthabito,
1837 2795 1901 2846 ut
1947 2794 2153 2862 putent

499 2890 643 2945 adeo
672 2886 798 2943 ﬁeri
831 2903 945 2941 non
997 2885 1168 2939 modo
1201 2882 1395 2947 licere,
1420 2881 1517 2937 sed
1563 2881 1738 2937 etiam
1769 2883 2052 2951 oportere,
2088 2884 2154 2935 ut

500 2962 671 3035 nemo
704 2976 813 3031 hoc
844 2975 1028 3029 facere
1050 2972 1334 3041 devitans,
1351 2971 1617 3025 videatur
1644 2969 1729 3025 eis
1749 2969 2003 3041 pessimo
2028 2968 2148 3036 illo,

500 3066 654 3140 quod
686 3063 1000 3138 Apostolus
1031 3062 1090 3117 in
1120 3058 1381 3134 Epistola
1419 3059 1490 3115 ad
1536 3059 1828 3114 Romanos
1867 3061 2154 3113 memorat

500 3157 672 3227 (Rom.
706 3172 744 3223 ι,
776 3155 889 3221 27),
924 3150 1139 3207 scelere
1188 3166 1359 3223 posse
1390 3165 1603 3217 carere,
1628 3165 1745 3203 non
1787 3146 1894 3202 tibi
1926 3146 2154 3202 videtur

2243 572 2489 629 clericus
2521 571 2681 627 nullo
2722 573 2914 640 modo,
2947 571 3046 628 ille
3074 571 3222 628 alter
3254 570 3434 645 (4458)
3465 570 3652 628 multo
3699 571 3919 628 minus

2243 665 2352 718 est.
2386 661 2447 717 Si
2477 660 2635 716 enim
2679 660 2928 716 clericus
2976 660 3105 716 ideo
3152 660 3578 732 dicitur,'quod
3626 660 3698 715 de
3745 664 3918 716 sorte

2246 751 2323 807 sit
2355 750 2619 818 Domini;
2653 750 2809 821 quod
2863 766 3004 824 rogo
3055 750 3415 805 consortium
3447 749 3663 821 aliquis
3711 754 3920 822 potest

2245 840 2461 895 habere
2492 855 2626 894 cum
2656 839 2925 905 Domino,
2948 837 3008 893 in
3034 838 3363 911 unoquovis
3391 838 3641 894 istorum
3673 854 3916 911 perma-

2247 944 2395 983 nens
2441 926 2697 998 ﬂagitio?
2730 927 2825 981 Va:
2859 927 3101 999 insuper
3144 926 3615 983 Christianorum
3660 941 3917 999 genera-

2247 1016 2417 1081 litati,
2452 1015 2502 1072 si
2542 1018 2712 1087 juxta
2740 1014 3190 1072 azstimationem
3221 1016 3471 1072 istorum
3504 1031 3676 1071 nemo
3720 1015 3918 1087 possit

2250 1106 2402 1160 inter
2429 1121 2528 1159 eos
2578 1104 2850 1167 inveniri,
2874 1105 2974 1177 qui
3002 1121 3118 1160 non
3150 1106 3227 1161 sit
3281 1109 3383 1159 aut
3438 1104 3743 1177 hypocrita
3772 1120 3918 1160 cum

2250 1193 2579 1258 Pharisaais,
2597 1199 2697 1247 aut
2718 1193 3073 1249 Publicanus
3098 1211 3233 1249 cum
3256 1193 3524 1249 ethnicis.
3549 1192 3920 1249 Publicanus

2250 1283 2406 1337 enim
2436 1286 2545 1347 est,
2563 1281 2663 1354 qui
2686 1281 2914 1337 adulter
2941 1282 3175 1353 publice
3204 1286 3321 1349 est;
3346 1281 3647 1354 hypocrita
3669 1285 3781 1348 est,
3804 1280 3921 1354 qui

2251 1371 2363 1425 sub
2394 1369 2567 1442 pallio
2598 1369 2899 1443 religionis
2918 1369 3474 1443 irreligiosissimus,
3498 1370 3609 1425 sub
3639 1369 3920 1443 clamyde

2252 1458 2538 1514 castitatis
2567 1459 2848 1525 incestus,
2874 1460 2983 1514 sub
3016 1462 3297 1531 prsetextu
3322 1459 3572 1530 justitim
3601 1457 3920 1530 iniquissi-

2254 1564 2387 1603 mus
2418 1551 2525 1603 est.
2563 1548 2696 1603 Ideo
2726 1564 2860 1603 vero
2890 1546 3246 1620 superlativo
3277 1550 3481 1603 contra
3522 1546 3702 1603 istum
3748 1563 3922 1603 com-

2254 1636 2575 1708 parationis
2621 1635 2863 1691 invehor
2892 1637 3103 1709 gradu,
3136 1636 3275 1708 quia
3322 1653 3438 1691 non
3487 1635 3669 1692 semel
3719 1635 3923 1692 recolo

2254 1723 2468 1779 lectum
2504 1739 2518 1777 :
2552 1723 2908 1780 Simulatores
2946 1729 2998 1780 et
3044 1725 3237 1780 callidi
3278 1733 3573 1797 provocant
3619 1725 3769 1780 iram
3820 1726 3928 1781 Dei

2255 1813 2398 1884 (Job.
2421 1830 2614 1883 xxxvr,
2639 1814 2747 1884 13).
2773 1814 2890 1868 Hoc
2922 1814 3002 1868 ita
3029 1831 3093 1870 se
3122 1814 3373 1870 habente
3417 1810 3553 1870 cum
3583 1813 3927 1886 hypocrisis

2252 1906 2310 1956 et
2339 1901 2751 1956 incestuositas
2781 1900 2952 1975 longe
2983 1903 3317 1975 praecellant
3337 1901 3462 1958 alia
3480 1902 3541 1957 in
3563 1902 3786 1959 scelere
3812 1902 3927 1958 cri-

2256 1991 2435 2057 mina,
2460 2007 2527 2045 eo
2557 1994 2763 2046 caetera
2789 1995 2928 2046 sunt
2957 1992 3241 2063 graviora,
3268 2008 3382 2063 quo
3414 1991 3605 2064 magis
3634 1991 3921 2064 publica:

2254 2077 2356 2134 illa
2383 2078 2541 2134 enim
2585 2078 2741 2135 solos
2771 2079 3131 2136 interﬁciunt
3172 2085 3527 2153 operatores,
3549 2080 3664 2136 ista
3692 2083 3752 2136 et
3777 2097 3923 2153 ope-

2256 2171 2478 2223 ratores
2531 2174 2760 2239 necant,
2807 2173 2865 2224 et
2911 2168 3444 2225 consideratoribus
3503 2172 3732 2225 nocent.
3768 2169 3928 2236 Quia

2257 2255 2412 2312 enim
2443 2273 2557 2311 non
2591 2257 2806 2313 habent
2839 2256 3078 2313 latentia
3098 2262 3335 2331 peccata
3358 2258 3673 2330 judicium,
3698 2258 3770 2314 de
3795 2274 3926 2313 ma-

2258 2344 2486 2400 nifestis
2516 2345 2677 2417 loqui
2727 2346 3003 2403 omnibus
3035 2347 3391 2415 conceditur,
3427 2347 3499 2402 de
3548 2346 3923 2404 absconditis

2259 2432 2425 2489 nulli.
2451 2433 2511 2489 Si
2542 2434 2719 2504 enim,
2741 2440 2807 2490 ut
2828 2435 2955 2507 jam
2993 2436 3326 2509 contingere
3367 2436 3576 2508 potuit,
3610 2436 3744 2509 quis
3778 2454 3922 2494 cum

2258 2523 2478 2594 pecude
2508 2522 2767 2594 quolibet
2790 2524 2846 2578 in
2870 2523 3105 2597 angulo,
3130 2524 3252 2583 solo
3275 2525 3390 2581 Deo
3412 2529 3576 2581 coeat
3605 2531 3919 2593 cernente;

2260 2612 2319 2665 tu
2352 2627 2454 2683 per
2482 2612 2875 2683 suspicionem
2905 2616 3136 2668 tantum
3166 2612 3301 2669 inde
3332 2630 3468 2669 eum
3496 2614 3822 2687 vituperas,
3857 2618 3924 2670 ut

2259 2699 2447 2755 facere
2477 2703 2708 2772 poteras
2759 2701 2962 2773 utique
3006 2702 3055 2757 si
3103 2702 3388 2774 vidisses;
3422 2703 3565 2775 quid
3615 2703 3764 2776 agis,
3801 2704 3923 2760 nisi

2262 2789 2417 2861 quod
2449 2788 2631 2845 solius
2662 2789 2764 2845 Dei
2794 2795 2906 2855 est,
2939 2790 3043 2847 tibi
3078 2792 3371 2864 usurpas?
3397 2793 3538 2859 Quis
3568 2797 3769 2848 autem
3802 2811 3923 2850 non

2258 2878 2412 2934 valet
2440 2880 2510 2934 de
2540 2878 2735 2950 aliquo
2768 2881 2922 2951 quod
2954 2879 3104 2935 volet
3133 2882 3501 2953 conﬁngere?
3529 2882 3598 2936 Et
3625 2882 3699 2937 ob
3732 2899 3923 2954 quam

2259 2984 2328 3023 ex
2356 2984 2417 3022 se
2449 2966 2593 3023 alios
2617 2973 2862 3024 conatur
2891 2968 3106 3035 metiri,
3134 2969 3234 3041 qui
3255 2986 3371 3025 non
3404 2974 3570 3042 putat
3599 2970 3745 3027 alios
3778 2970 3928 3028 alte-

2261 3056 2384 3111 rius
2409 3056 2565 3111 modi
2590 3073 2763 3129 posse
2786 3056 3050 3125 existere,
3077 3057 3191 3113 nisi
3223 3058 3393 3130 cujus
3413 3062 3502 3115 est
3526 3058 3669 3132 ipse,
3695 3060 3924 3117 rustico

2260 3144 2359 3201 illo
2392 3162 2505 3200 non
2535 3146 2585 3201 ei
2618 3146 3088 3202 disconveniente
3119 3146 3398 3203 nimirum
3444 3148 3746 3221 proverbio
3775 3165 3789 3206 :
3815 3151 3927 3220 Qui

500 3218 801 3302 diabolum
847 3218 1301 3304 invenisse‘fEt,
1335 3256 1368 3293 ο
1418 3241 1623 3294 sancta
1665 3241 1725 3292 et
1772 3235 2154 3291 immaculata
2183 3218 2226 3285 C
2260 3236 2371 3307 fuit
2401 3236 2462 3290 in
2479 3236 2666 3306 furno,
2695 3251 2852 3307 pares
2879 3251 3007 3291 suos
3037 3236 3182 3291 inibi
3209 3238 3449 3307 quaerit!

494 3333 787 3406 virginum
838 3329 1147 3403 pudicitia,
1179 3329 1365 3399 (1156)
1397 3342 1575 3399 quam
1624 3330 1683 3381 et
1723 3329 1788 3381 tu
1836 3342 2151 3397 nusquam,

496 3423 546 3479 si
578 3423 687 3477 hoc
739 3436 942 3475 verum
985 3422 1095 3486 est,
1129 3416 1255 3472 sine
1285 3415 1529 3471 infamia
1561 3414 1663 3469 es?
1694 3414 1879 3477 Quam
1929 3414 2156 3486 perdita

498 3513 939 3567 tonsuratorum
988 3504 1339 3561 universitas
1368 3508 1511 3575 tota,
1545 3503 1595 3559 si
1637 3520 1807 3558 nemo
1839 3502 1897 3557 in
1925 3502 2009 3557 eis
2054 3502 2154 3574 qui

494 3616 613 3655 non
646 3602 749 3654 aut
796 3596 942 3651 487
984 3593 1231 3659 adulter,
1265 3597 1366 3647 aut
1417 3592 1495 3647 sit
1542 3590 1917 3663 arsenoquita
1947 3591 2149 3663 (1157).

490 3686 736 3744 Adulter
765 3684 922 3741 enim
972 3682 1142 3738 nobis
1182 3686 1291 3749 est,
1328 3681 1424 3753 qui
1480 3684 1681 3737 contra
1727 3696 1978 3735 canones
2009 3696 2151 3735 uxo-

490 3881 639 3921 nens
657 3880 712 3918 n.
735 3864 786 3932 4,
800 3879 830 3917 e
850 3877 961 3916 ms.
979 3858 1333 3932 Frisingensi
1351 3856 1596 3932 transcri
1605 3856 1984 3932 p_tur_n_accepi
1994 3873 2148 3932 mus.

489 3928 783 3993 Directum
816 3932 923 3988 fuit
951 3932 1024 3987 ad
1052 3928 1428 3986 Ambrosium
1456 3928 1685 3985 Ottonis
1720 3929 1742 3983 Ι
1773 3928 2147 4001 imperatoris

489 4005 925 4074 cancellarium,
950 4002 1031 4058 uti
1080 4003 1457 4058 ostendemus
1502 4004 1621 4074 not.
1659 4001 1817 4055 1182.
1850 4000 2144 4074 scriptum

486 4085 747 4150 tempore
777 4071 1243 4146 Quadragesimm
1276 4071 1655 4150 probant_illa
1694 4088 1751 4126 n.
1782 4075 1864 4150 7_:
1896 4073 2002 4127 Per
2027 4088 2145 4150 om-

485 4168 581 4206 nes
606 4142 737 4205 sane
779 4142 1071 4213 sermones,
1105 4162 1235 4219 quos
1276 4142 1478 4219 populo
1530 4142 1642 4199 ista
1664 4142 2146 4219 quadragesima

487 4168 581 4206 nos
606 4166 737 4205 sane
779 4164 1071 4213 sermones,
1105 4162 1235 4219 quos
1278 4162 1478 4270 pravum
1530 4162 1642 4199 131a
1691 4162 2145 4215 quauragesxma

487 4222 617 4287 feci,
650 4224 756 4276 etc.
783 4219 923 4274 Cum
959 4235 1088 4273 vero
1127 4232 1289 4271 num.
1364 4260 1377 4286 ,
1410 4215 1764 4287 Augustalem
1808 4216 2145 4287 voluntatem

489 4295 559 4349 de
606 4286 1026 4347 mulierositate
1074 4288 1424 4343 dimittenda
1453 4286 1511 4341 in
1548 4286 1870 4341 Ravennati
1924 4286 2145 4358 synodo

488 4365 776 4420 celebrata
801 4378 1000 4416 mense
1025 4359 1206 4431 Aprili
1237 4358 1376 4415 anni
1404 4360 1511 4413 967
1541 4358 1897 4431 declaratam
1931 4374 2147 4431 memo-

444 4434 449 4440 ’
486 4441 594 4503 ret,
650 4438 715 4489 ut
764 4433 976 4488 ibidem
1024 4429 1405 4503 probabimus
1436 4433 1572 4503 not.
1611 4429 1779 4498 1169;
1812 4434 1880 4503 e_t_
1914 4446 2077 4503 num.
2112 4430 2147 4503 8_

485 4499 843 4562 mentionem
892 4499 1065 4559 faciat
1110 4502 1351 4558 Jzulicati
1382 4501 1522 4556 editi
1579 4508 1781 4556 mense
1834 4499 2147 4556 Novembri

486 4577 621 4633 anni
664 4577 969 4647 ejusdem;
1022 4572 1215 4645 palam
1262 4574 1326 4627 ﬁt
1378 4572 1489 4627 hoc
1538 4571 1888 4643 opusculum
1945 4587 2143 4627 exara-

482 4654 611 4703 tum
656 4646 837 4701 fuisse
886 4646 941 4699 in
986 4644 1445 4709 Quadragesima
1497 4641 1634 4697 anni
1680 4642 1806 4709 968,
1837 4659 1972 4698 cum
2022 4642 2143 4697 haec

485 4661 611 4703 tum
656 4661 837 4701 illlSSB
886 4663 941 4699 in
986 4661 1445 4717 uuaorageSIma
1497 4661 1634 4697 anni
1680 4661 1806 4709 vos,
1837 4661 1972 4698 cum
2022 4661 2141 4697 nazc

485 4719 564 4775 sit
604 4716 1081 4787 Quadragesima
1118 4719 1249 4787 post
1297 4715 1693 4787 Ravennatem
1743 4715 2052 4787 synodum,
2082 4716 2141 4787 et

480 4794 616 4863 post
659 4783 971 4845 Judiccitum
1001 4783 1209 4858 prima,
1244 4786 1614 4858 episcopatus
1653 4783 1847 4841 autem
1877 4783 2135 4841 Ratherii

480 4861 711 4918 ultima.

546 4932 732 5003 (1154)
754 4928 1035 5003 Achcrius
1056 4945 1221 5000 quam
1242 4928 1371 4983 hinc
1390 4929 1513 5003 ja_m
1554 4926 1923 4983 Novissimus
1952 4926 2132 4998 Spici—

475 5001 612 5077 legii
643 5005 829 5060 editor
858 5001 973 5077 etsi
997 5005 1218 5077 textum
1252 5001 1563 5055 emendare
1594 5016 1709 5077 non
1749 5016 1951 5077 ausus,
1979 5003 2132 5077 recte

474 5070 670 5133 tamen
711 5074 932 5131 notavit
961 5072 1293 5146 legendum,
1321 5089 1432 5146 qua
1481 5071 1746 5146 me__h_inc
1782 5072 1935 5146 jam;
1967 5074 2023 5125 et
2054 5070 2134 5146 ita

473 5150 711 5217 quidem
731 5141 1087 5204 correximus
1112 5141 1455 5199 auctoritate
1479 5142 1695 5198 codicis
1722 5141 2128 5217 Frisingcnsis.

474 5212 769 5289 Trifariam
821 5223 1016 5273 autem
1050 5216 1419 5289 tradiéionem,
1463 5232 1570 5289 seu
1610 5212 2008 5284 expulsionem
2059 5229 2127 5268 ex

472 5285 807 5360 episcopatu
826 5288 1143 5345 Veronensi
1166 5288 1306 5342 dum
1324 5290 1533 5360 auctor
1557 5285 1666 5339 hoc
1689 5288 1950 5360 tempore
1976 5301 2132 5360 com-

473 5357 879 5441 putem—prima
920 5364 1020 5441 est
1048 5360 1110 5414 ill
1131 5380 1151 5416 ι
1180 5361 1289 5441 sub
1322 5359 1564 5430 Hugonc
1595 5372 1749 5441 rege,
1782 5357 1966 5411 altera
2012 5357 2123 5412 sub

471 5427 761 5495 Lothario,
798 5448 898 5502 per
928 5431 1199 5486 Milonem
1231 5427 1557 5485 invasdrem
1590 5427 1784 5502 tertia.

539 5501 722 5574 (1155)
756 5498 1033 5556 construe
1066 5519 1077 5556 :
1107 5503 1346 5574 Namque
1374 5502 1427 5555 si
1449 5516 1547 5574 _ea_
1580 5498 1799 5574 demum
1848 5500 2120 5574 amicitia,

2331 3328 2386 3381 2.
2420 3324 2489 3378 Et
2544 3322 2659 3379 ista
2714 3323 2951 3396 quidem
3005 3325 3202 3381 omnia
3258 3325 3445 3382 facere
3473 3326 3561 3382 vel
3617 3325 3780 3399 loqui
3815 3346 3925 3403 per

2263 3428 2436 3467 usum
2461 3415 2663 3468 centra
2687 3416 2952 3484 pastores
2979 3411 3257 3470 rebellare
3287 3431 3390 3486 per
3417 3432 3592 3471 usum
3625 3417 3783 3488 quod
3820 3434 3922 3491 ge-

2263 3499 2537 3557 neraliter
2565 3501 2841 3559 omnibus
2888 3505 2978 3557 est
3008 3500 3236 3559 clericis
3266 3501 3620 3575 delegatum,
3643 3505 3726 3560 ita
3772 3505 3925 3563 ina:-

2263 3589 2514 3662 qualiter
2529 3594 2585 3645 et
2605 3607 2707 3663 per
2723 3590 3090 3646 massaritias
3105 3591 3288 3660 (1159)
3301 3592 3650 3660 dividerc,ut
3670 3594 3921 3665 quidam

2260 3679 2496 3734 illorum
2528 3678 2665 3734 inde
2697 3680 2839 3734 ﬁant
2889 3695 2957 3735 ex
3004 3680 3395 3753 pauperrimis
3443 3680 3919 3754 locupletissimi,

2258 3857 2573 3933 dissimiles,
2596 3865 2657 3912 ut
2675 3856 2965 3913 diversitas
2977 3873 3197 3933 [norum
3224 3876 3507 3931 nunquam
3528 3863 3703 3931 possit
3730 3878 3922 3933 perve-

2257 3929 2383 4004 nire
2414 3927 2484 3982 ad
2508 3928 2729 4004 ﬁrmam
2758 3929 3137 4004 concordiam;
3184 3927 3473 4002 nunquam
3501 3927 3583 3987 vel
3629 3927 3779 4004 αι)ιὶιί
3807 3951 3915 4001 me,

2257 4001 2341 4074 vel
2372 4000 2517 4071 apud
2550 4000 2673 4055 illos
2703 4002 2948 4074 amicitia
2990 4010 3175 4057 nostra
3201 4000 3413 4074 semper
3443 4000 3676 4074 cupiens
3691 4000 3914 4062 contra?

2257 4072 2380 4146 τοίαν
2402 4079 2464 4125 ut
2488 4087 2598 4127 non
2630 4072 2821 4146 valuit,
2854 4074 2931 4127 ita
2962 4089 3171 4145 quoque
3196 4072 3446 4146 neqitibit
3475 4072 3719 4132 obtinere
3745 4078 3913 4133 stabi-

2259 4143 2498 4203 litatem;
2528 4158 2651 4197 cum
2681 4144 2791 4211 illi,
2826 4148 2935 4199 etc.

2330 4214 2512 4287 (1156)
2543 4213 2739 4287 _Vu]g.,
2772 4232 2937 4287 quam
2981 4224 3039 4271 tu
3068 4232 3358 4287 nusquam,
3390 4218 3441 4272 si
3469 4218 3565 4273 hoc
3591 4234 3785 4274 verum
3812 4223 3908 4285 est,

2256 4284 2403 4366 αριέᾴ
2426 4284 2817 4366 perditos—vero
2851 4289 2990 4366 sine
3023 4284 3364 4366 infantia‘es,
3391 4288 3593 4366 Melior
3620 4295 3713 4345 est
3740 4284 3910 4347 lectio

2255 4356 2473 4433 codicis
2510 4356 3428 4433 FrisingensissExplica:Quam
3459 4361 3540 4429 (id
3589 4366 3681 4417 est
3729 4378 3909 4433 quan-

2252 4428 2403 4509 tum)
2427 4436 2478 4509 et
2506 4431 2566 4483 tu
2595 4428 2866 4500 nasi/unm
2893 4431 3015 4509 sine
3036 4428 3282 4509 'infaynid
3300 4448 3375 4502 es,
3397 4428 3571 4509 sihoc
3596 4441 3672 4509 est
3694 4428 3905 4509 minim,

2254 4498 2303 4574 si
2339 4498 2619 4555 nimirum
2649 4498 2851 4556 verum
2883 4505 2990 4574 est,
3023 4498 3468 4574 neminem,'qui
3499 4503 3774 4560 mulieres
3805 4498 3904 4561 de?

2252 4569 2411 4652 vitet,
2445 4587 2640 4627 carere
2669 4588 2840 4644 posse
2885 4572 3130 4629 crimine
3160 4569 3439 4646 pessimo,
3471 4575 3530 4630 id
3579 4579 3671 4631 est
3717 4577 3904 4632 Sodo-

2254 4641 2475 4697 mitico.

2321 4714 2502 4787 (1,157)
2522 4714 2891 4787 Arse‘noquita
2920 4731 2950 4770 e
2981 4714 3177 4771 Graeco
3210 4720 3298 4772 est
3339 4715 3737 4773 masculorum
3768 4734 3906 4773 con-

2249 4784 2497 4840 cubitor.
2522 4785 2652 4840 Mox
2682 4784 2785 4858 pro
2816 4786 2970 4842 nobis
2997 4795 3075 4843 est
3098 4788 3502 4861 apographum
3535 4789 3909 4862 Frisingense

2245 4854 2423 4910 habet
2452 4858 2632 4912 omnis
2662 4862 2761 4912 est.

2289 4872 2423 4910 8.0613
2452 4872 2632 4912 omms
2662 4872 2761 4914 εει.

2278 4927 2501 5052 lérli1c51189)
2532 4928 2700 4998 Alter,
2734 4928 2791 4984 id
2833 4933 2922 4986 est
2966 4929 3345 5003 arsenoquita
3375 4931 3559 4988 multo
3590 4930 3788 4988 minus
3818 4936 3909 4989 est

2245 5015 2514 5142 ωῗῖιιέἒῗ)
2540 5072 2865 5152 Massqritia
2922 5089 2954 5126 a
2996 5089 3208 5153 .masnsa
3238 5079 3625 5153 nuncupata,
3674 5074 3905 5146 aliquot

2245 5156 2586 5212 camporum
2633 5145 2908 5197 unionem
2960 5145 3280 5214 signiﬁcat;
3329 5162 3396 5201 ac
3447 5145 3752 5219 propterea
3777 5145 3904 5217 iper

2241 5214 2589 5289 massaritias
2618 5213 2871 5289 dividere
2910 5214 3062 5289 idem
3087 5219 3176 5270 est
3196 5233 3261 5289 ac
3285 5216 3540 5289 dividere
3556 5234 3655 5289 per
3684 5234 3902 5289 campos

2238 5287 2288 5371 et
2319 5286 2537 5371 vineas;
2560 5286 2716 5371 quod
2748 5285 3397 5371 inaqualit‘atemnfacile
3427 5285 3771 5371 inducebat;
3802 5285 3904 5371 po-

2236 5356 2519 5431 tentiores
2546 5356 2707 5431 enim
2732 5356 2931 5427 plures
2961 5362 3063 5431 aut
3097 5357 3364 5431 meliores
3385 5376 3623 5431 campos
3649 5360 3762 5415 sibi
3785 5356 3904 5415 vin-

2238 5426 2536 5501 dicabant.
2560 5426 2749 5501 Hanc’
2770 5431 2965 5482 autem
3001 5428 3460 5501 inaequalitatem
3493 5426 3806 5487 Ratherius
3837 5437 3903 5488 ut

2236 5498 2308 5553 de
2344 5497 2535 5574 medio
2567 5498 2814 5568 tolleret,
2846 5516 2958 5574 non
2986 5516 3090 5574 per
3112 5497 3329 5574 campos
3359 5506 3411 5558 et
3438 5504 3647 5570 vineas,
3672 5503 3774 5559 sed
3802 5520 3902 5574 per

457 5568 625 5645 jzwbta
656 5568 834 5645 illam,
869 5574 966 5645 qni
1002 5574 1099 5627 hoc
1142 5568 1399 5642 prir'nitus
1427 5571 1589 5645 dirit,
1636 5571 1801 5645 ﬁrma
1850 5574 1949 5637 est,
1986 5570 2124 5645 velte
2232 5568 2441 5645 modios
2470 5574 2856 5645 et_mens_nras
2903 5568 3378 5645 distributionem
3426 5568 3764 5630 reddituum
3802 5568 3900 5629 Ta-

465 5641 625 5717 atque
651 5644 795 5717 nolle
825 5641 1046 5705 eodem;
1076 5641 1255 5717 vel,_si
1273 5645 1439 5715 juxta
1464 5642 1662 5707 alium,
1685 5642 1941 5717 humanae
1971 5641 2121 5696 ami-

2234 5639 2505 5698 ciendam
2536 5640 2595 5698 in
2625 5641 2874 5701 Judicato
2929 5642 3255 5705 constituit.
3287 5644 3431 5705 Vide
3475 5645 3559 5706 ibi
3605 5650 3725 5705 not.
3761 5646 3898 5707 1163

463 5712 605 5814 citis
633 5715 763 5779 adeo
807 5718 1065 5791 expetam
1093 5712 1303 5776 animos
1342 5729 1504 5792 pares
1548 5717 1601 5775 et
1645 5714 1955 5775 voluntates
2007 5727 2121 5773 non
2230 5714 2290 5773 et
2321 5712 2489 5774 4468.
