4052 6384
185 400 309 464 621

1688 415 2125 490 DlSCORDIA.

3494 442 3611 511 622

196 554 455 626 quidam
486 556 873 625 mediocriter,
902 559 1141 635 quidam
1173 581 1320 637 pene
1350 566 1495 623 nihil
1525 585 1594 624 ex
1622 587 1687 627 οο
1710 572 1851 628 θεοί.
1877 560 1934 626 Α
1963 561 2124 618 davit
2152 562 2410 636 digneris
2435 564 2645 623 saltem
2677 570 2900 641 audire,
2921 572 3021 630 sed
3033 574 3278 637 Judaico
3308 581 3425 639 ritu
3451 598 3615 640 man-

179 642 363 719 piant
393 646 661 716 omnino,
681 664 785 720 per
808 665 982 706 usum
1003 654 1060 706 et
1094 655 1578 713 consuetudinem
1594 658 1849 734 illorum,

190 748 351 804 quos
387 734 625 806 jamdiu
683 736 904 794 detinet
959 739 1325 811 barathrum;
1360 744 1434 800 ad
1485 750 1851 818 postremum

180 821 396 877 omnia
419 824 556 895 jura
585 828 707 880 tam
738 825 938 883 divina
966 844 1143 899 quam
1174 830 1444 888 humana
1485 836 1850 907 praevaricari

178 925 291 981 per
324 927 524 981 usum,
588 930 705 969 non
763 914 868 970 tibi
899 933 934 971 a
963 916 1193 974 diabolo
1224 920 1452 977 videtur
1508 922 1850 982 inventum?

177 998 353 1062 Quod
381 1016 519 1056 vero
547 1001 833 1074 scriptum
855 1003 1146 1062 invenitur
1174 1008 1233 1062 in
1264 1007 1390 1083 lege
1411 1012 1615 1085 Moysi,
1638 1018 1694 1070 et
1719 1032 1850 1087 pro-

177 1086 382 1159 phetis
413 1092 471 1144 et
500 1089 776 1162 psalmis;
810 1093 965 1164 quod
1007 1094 1068 1149 in
1123 1095 1453 1170 Evangelio,
1499 1086 1758 1172 Actibus,
1791 1107 1849 1159 ct

176 1175 708 1247 praedicationibus
738 1181 1158 1253 apostolorum,
1191 1185 1580 1244 decretalibus
1609 1191 1848 1262 pontifi-

178 1281 345 1335 cum,
381 1270 441 1322 et
469 1267 992 1326 constitutionibus
1032 1289 1348 1343 canonum,
1400 1294 1513 1332 non
1547 1296 1781 1335 rursum
1812 1298 1847 1337 a

177 1353 304 1409 Deo
335 1354 447 1411 tibi
478 1355 671 1412 elucet
692 1357 1075 1430 inspiratum?
1097 1361 1253 1417 Nihil
1276 1381 1406 1421 vero
1428 1365 1490 1421 in
1511 1365 1662 1439 istis,
1686 1372 1842 1441 quod

181 1459 397 1498 eorum
432 1445 562 1515 jam
611 1446 928 1504 nominatis
976 1455 1257 1521 congruat
1294 1458 1839 1530 consuetudinibus,

178 1532 330 1588 dum
365 1549 627 1606 nequeas
657 1534 936 1607 invenire;
961 1554 1076 1609 qua
1092 1556 1189 1596 eos
1212 1541 1447 1611 judicas
1480 1544 1666 1602 vivere
1686 1547 1842 1620 lege?

178 1621 348 1678 Inter
378 1622 788 1695 prohibentem
818 1624 1002 1698 igitur
1026 1628 1183 1696 talia,
1216 1635 1291 1698 et,
1317 1631 1365 1687 si
1389 1633 1698 1704 prohibere
1720 1654 1838 1692 non

177 1712 384 1779 audet,
417 1711 627 1768 saltem
661 1714 1181 1785 reprehendentem
1214 1720 1368 1776 488
1399 1738 1463 1777 ac
1503 1723 1834 1796 vituperan-

177 1804 417 1869 tem,’et
448 1800 726 1858 iacientes
758 1802 922 1871 talia,
958 1822 1084 1877 quae
1116 1813 1307 1879 potest
1335 1827 1463 1867 esse
1504 1814 1833 1884 concordia,

1961 649 2096 705 data
2126 650 2227 706 Dei
2256 652 2606 727 relinquere,
2639 656 2948 717 hominum
2978 665 3320 726 traditiones
3343 672 3400 725 et
3432 688 3608 729 usum

1960 741 2082 827 tam
2116 740 2482 799 obstinanter
2539 749 2773 815 tenere;
2808 753 2873 805 ut
2927 752 2999 807 de
3054 756 3111 809 te
3140 757 3327 827 possit
3381 759 3607 818 dictum

1959 825 2196 892 haberi;
2225 831 2513 888 Peccatum
2559 835 2715 893 Iuda:
2733 840 2997 910 scriptum
3024 846 3102 897 est
3140 825 3214 900 “in
3262 863 3444 916 ungue
3470 850 3605 906 ada-

1956 919 2205 973 mantino
2236 920 2365 992 (Jer.
2396 939 2532 991 xvn,
2564 925 2649 994 1);
2702 925 3039 987 obliviScine
3088 949 3182 989 me
3228 936 3442 993 suades
3488 955 3604 994 un-

1958 1022 2135 1076 quam
2167 1007 2392 1065 dictum
2424 1011 2692 1070 audisse:
2732 1015 2791 1071 Si
2819 1033 2929 1073 non
2957 1024 3379 1080 annuntiaveris
3414 1028 3602 1099 iniquo

1956 1095 2305 1167 iniquitatem
2333 1115 2511 1170 suam,
2542 1105 2868 1175 sanguinem
2882 1108 2998 1180 ejus
3017 1109 3082 1165 de
3108 1127 3281 1168 manu
3309 1117 3403 1169 tua
3418 1095 3599 1188 req-ui-

1953 1198 2075 1238 ram
2108 1185 2323 1257 (Ezech.
2358 1205 2444 1260 ιιι,
2479 1190 2588 1262 18);
2613 1195 2669 1247 et
2703 1210 2716 1249 :
2754 1195 2854 1260 Vae,
2888 1198 2985 1269 qui
3011 1197 3195 1255 dicitis
3227 1201 3427 1257 bonum
3472 1185 3599 1260 ma-

1953 1273 2088 1338 lum,
2148 1279 2201 1330 ct
2256 1278 2468 1358 malum
2513 1280 2716 1336 honuni
2771 1284 2897 1345 (Isa.
2955 1303 3009 1353 ν,
3041 1289 3171 1358 20);
3230 1293 3315 1346 et:
3375 1294 3599 1350 Dimitte

1951 1365 2191 1416 mortuos
2220 1350 2451 1435 sepelire
2480 1371 2716 1423 mortuos
2744 1386 2866 1426 suos
2925 1372 3095 1445 (litati.
3142 1393 3261 1444 vm,
3316 1378 3442 1452 22);
3498 1384 3593 1438 et:

1950 1450 2123 1521 Impia
2172 1452 2325 1509 489
2370 1456 2582 1525 praebes
2620 1459 2920 1530 auxilium,
2971 1466 3025 1518 et
3052 1456 3156 1532 liis,
3217 1468 3312 1538 qui
3363 1450 3597 1526 oderunt

1949 1543 2145 1608 Deum,
2179 1544 2425 1598 amicitia
2436 1544 2692 1615 jungeris
2722 1550 2794 1618 (II
2819 1550 2949 1606 Par.
2993 1568 3113 1622 xm,
3142 1554 3233 1626 2);
3258 1559 3316 1611 et
3363 1557 3595 1615 inﬁnita

1949 1627 2082 1684 inde
2101 1629 2309 1686 divina:
2324 1633 2799 1692 comminationis
2812 1638 3096 1696 tonitrua?
3109 1642 3244 1715 Legi
3257 1643 3315 1699 in
3334 1647 3591 1717 quodam

1944 1716 2099 1773 beati
2131 1718 2472 1777 Columbani
2502 1723 2671 1792 libro,
2705 1725 2861 1782 idem
2892 1727 3150 1785 officium
3172 1716 3385 1790 habere
3404 1734 3463 1790 in
3486 1737 3591 1792 Ec-

1944 1804 2120 1863 clesia
2150 1810 2533 1878 sacerdotem,
2559 1814 2710 1885 quod
2725 1815 3060 1886 possidetin
3083 1835 3322 1894 corpore
3333 1822 3593 1882 hominis

174 1888 511 1961 praesertim
543 1906 677 1945 cum
708 1893 991 1949 Dominus
1023 1896 1134 1951 sub
1184 1898 1570 1970 appellatione
1628 1902 1830 1974 gladii,
1861 1929 1909 1994 B
1943 1897 2410 1994 SlcntuChtlSMui
2443 1900 2666 1994 scilicet
2694 1908 2999 1994 acceptum
3020 1888 3349 1982 excoquens
3369 1912 3589 1987 cibum,

178 1977 373 2051 ipsam
408 1983 473 2034 ut
503 1980 759 2036 mitteret
779 1981 1006 2039 venisse
1023 2000 1087 2039 se
1098 1990 1321 2043 asserat
1341 1988 1832 2048 discordiam?Ait

179 2067 363 2137 enim,
399 2072 605 2124 notum
633 2074 739 2138 est,
774 2075 1042 2143 apertum
1073 2079 1180 2142 est,
1216 2076 1326 2132 ait:
1359 2078 1535 2135 Nolite
1562 2080 1831 2137 arbitrari

174 2157 313 2227 quia
338 2158 582 2214 venerim
610 2160 831 2215 mittere
852 2176 1044 2231 pacem
1073 2164 1129 2218 in
1165 2166 1390 2235 terram;
1422 2183 1533 2224 non
1582 2171 1709 2225 veni
1728 2187 1831 2242 pa-

174 2261 294 2301 cem
322 2248 557 2313 mittere,
588 2247 681 2304 sed
708 2248 977 2318 gladium.
1018 2253 1151 2309 Veni
1167 2256 1317 2310 enim
1347 2272 1605 2328 separare
1651 2259 1828 2315 homi-

142 2386 149 2391 ,
174 2351 306 2390 nem
335 2335 595 2392 adversus
616 2345 832 2409 patrem
855 2356 1038 2409 suum,
1054 2346 1104 2398 et
1124 2343 1301 2411 ﬁliam
1331 2345 1828 2406 adversusmatrem

173 2441 360 2495 suam,
391 2429 443 2480 et
498 2442 708 2482 nurum
759 2427 1018 2486 adversus
1067 2447 1283 2488 socrum
1332 2451 1489 2491 suam
1529 2437 1736 2508 (Matth.
1767 2455 1824 2507 x,

172 2516 264 2581 3b,
298 2515 428 2585 35):
462 2519 519 2571 et
550 2516 703 2588 quod
726 2517 852 2588 jam
867 2519 1831 2592 perprophetamdixerat:Im'mici

176 2603 421 2661 hominis
467 2602 752 2661 domestici
814 2608 934 2680 ejus
962 2610 1141 2677 (lliich.
1173 2628 1229 2678 v,
1260 2611 1339 2683 6).
1400 2614 1585 2679 Quare
1632 2619 1828 2672 autem

172 2691 400 2748 inimici
424 2692 682 2751 hominis
697 2695 826 2766 ejus
840 2695 960 2753 sint
984 2697 1235 2755 maxime
1255 2700 1675 2770 domestici,cst
1686 2704 1828 2762 ratis

170 2781 432 2850 evidens,
467 2782 606 2854 quia
622 2782 892 2840 videlicet
922 2802 1056 2841 cum
1069 2788 1308 2859 quidam
1323 2791 1459 2845 unis
1480 2791 1830 2849 claudantur

171 2871 518 2943 parietibus.
550 2866 862 2928 contrariis
893 2878 949 2930 et
975 2893 1008 2931 a
1036 2892 1098 2931 se
1129 2876 1374 2934 diversis
1398 2885 1537 2935 sunt
1563 2881 1827 2938 moribus

171 2959 369 3016 evenit
398 2976 549 3034 smpe
579 2964 646 3016 ut
672 2962 921 3018 maritus
953 2964 1207 3035 sobrius,
1255 2983 1397 3023 uxor
1446 2968 1522 3024 sit
1563 2970 1822 3041 ebriosa;

169 3047 271 3106 ille
300 3053 668 3119 mansuetus,
684 3050 786 3108 illa
807 3050 1111 3122 iracunda;
1129 3055 1227 3111 sed
1244 3055 1353 3112 iste
1366 3056 1467 3113 Dei
1481 3057 1710 3126 timore,
1726 3058 1827 3115 illa

166 3139 409 3210 propria
428 3137 745 3210 voluntate;
781 3140 890 3197 iste
916 3141 1031 3197 Deo
1062 3142 1408 3215 inspirante,
1440 3144 1541 3201 illa
1591 3146 1823 3203 diabolo

166 3227 511 3300 instigante.
545 3230 679 3294 Quae
709 3244 845 3300 ergo
898 3229 1051 3286 inter
1098 3231 1244 3288 tales
1301 3235 1630 3302 concordia,
1693 3253 1820 3307 qua:

1939 1984 2235 2041 ministrat
2265 2001 2399 2042 eum
2431 1989 2706 2047 omnibus
2736 1993 3040 2064 membris,
3074 2013 3328 2069 quorum
3370 1984 3589 2059 unum;

1937 2074 2209 2146 quodque
2240 2075 2321 2131 ita
2354 2076 2412 2131 in
2445 2095 2613 2134 suam
2647 2082 2929 2138 convertit
2974 2083 3142 2141 illum
3197 2093 3488 2159 naturam,
3523 2095 3589 2149 ut

1938 2163 2089 2235 qnod
2121 2164 2277 2219 susci
2284 2164 2368 2236 pit
2375 2166 2546 2236 jecur
2560 2167 2664 2223 ﬁat
2679 2171 2942 2242 sanguis,
2959 2175 3114 2245 quod
3127 2177 3379 2249 suscipit
3392 2178 3465 2234 fel
3482 2181 3586 2237 ﬁat

1936 2251 2093 2321 bilis,
2118 2253 2275 2324 quod
2309 2253 2681 2311 descenditin
2695 2257 3002 2330 pulmones
3020 2262 3234 2320 efﬁciat
3243 2264 3583 2340 phlegmata

1937 2342 2054 2397 Hoc
2083 2340 2263 2414 igitur
2277 2341 2541 2416 exemplo
2570 2344 2781 2402 siforte
2793 2348 3110 2423 contingat,
3126 2354 3191 2409 ut
3221 2353 3579 2426 quibusdam

1937 2428 2311 2488 audientibus
2338 2432 2526 2503 prosit
2553 2434 2625 2489 ad
2668 2434 2848 2491 vitam
2879 2439 3033 2510 quod
3081 2440 3294 2498 alicubi
3346 2443 3575 2517 loquor,

1936 2518 2204 2592 pluribus
2233 2520 2477 2576 suscitet
2496 2520 2881 2596 iracundiam,
2907 2531 2971 2582 ut
2998 2529 3158 2585 verbi
3178 2533 3366 2603 gratia
3385 2550 3580 2592 sense-

1936 2612 2025 2663 rat
2054 2607 2151 2663 ille
2183 2608 2283 2680 qui
2314 2607 2485 2665 dixit:
2520 2610 2669 2666 Sicut
2695 2616 2905 2669 acetum
2937 2617 2997 2670 in
3024 2619 3192 2688 nitro,
3222 2621 3302 2677 sic
3332 2624 3427 2694 qui
3448 2640 3580 2680 can-

1937 2700 2015 2752 tat
2042 2698 2293 2752 carmina
2321 2698 2472 2754 cordi
2510 2701 2747 2771 pessimo
2797 2701 2978 2775 (Prov.
3022 2724 3158 2777 xxv,
3193 2710 3323 2783 20):
3366 2711 3581 2770 debue-

1936 2789 2098 2841 ratne
2112 2786 2589 2859 propterillorum
2604 2789 2976 2850 formidinem
2989 2795 3198 2852 saltem
3211 2815 3366 2856 unus
3377 2817 3580 2859 eorum

1935 2873 2173 2947 negligi,
2221 2875 2315 2931 cui
2374 2878 2528 2948 quod
2588 2878 2804 2935 dicitur
2861 2882 2932 2938 ad
2986 2883 3239 2943 salutem
3304 2890 3584 2961 proﬁcere

1933 2963 2160 3035 posset?
2190 2965 2260 3019 Et
2290 2964 2390 3019 ubi
2422 2969 2576 3021 esset
2605 2968 2760 3038 quod
2777 2968 3035 3027 Ezechiel
3054 2973 3345 3033 aDomino
3363 2977 3585 3036 dicitur

1932 3049 2041 3106 ita:
2078 3052 2187 3108 Fili
2215 3052 2471 3121 hominis,
2502 3055 2667 3111 verba
2697 3057 2930 3114 illorum
2956 3076 3027 3116 ne
3057 3063 3272 3134 timeas,
3305 3069 3359 3122 et
3400 3069 3583 3126 vultus

1931 3141 2158 3195 illorum
2194 3157 2264 3196 ne
2311 3142 2593 3214 formidcs,
2653 3147 2786 3215 quia
2841 3146 3031 3205 domus
3077 3166 3409 3225 exasperans
3458 3162 3583 3213 est?

1932 3230 2143 3302 (Enech.
2195 3247 2257 3296 Π,
2312 3230 2392 3292 6.)
2425 3231 2532 3287 Ubi
2595 3233 2885 3292 dicentis:
2945 3238 3051 3306 Qui
3076 3256 3166 3296 me
3218 3243 3497 3301 erubuerit
3523 3250 3577 3303 et

168 3296 464 3389 pax,'quzn
497 3333 627 3372 esse
657 3296 847 3390 potest
876 3318 1152 3388 amicitia,
1170 3319 1528 3378 nolenteisto
1552 3324 1706 3395 quod
1719 3325 1818 3379 de-
1851 3296 1893 3364 Ο
1925 3335 2071 3374 meos
2098 3335 2390 3386 sermones,
2421 3325 2474 3376 et
2501 3323 2646 3377 hunc
2672 3325 2847 3380 Filius
2878 3326 3116 3384 hominis
3142 3332 3420 3391 erubescet
3445 3352 3574 3395 cum

169 3404 391 3461 siderat
418 3404 549 3475 illa;
583 3420 716 3462 cum
740 3407 811 3463 ab
825 3406 952 3480 ipso
974 3413 1088 3465 Deo
1114 3409 1820 3485 hujusmodiprocesserit

171 3493 334 3549 rixa?
364 3495 494 3566 Ipse
513 3494 671 3551 enim
704 3497 1216 3554 mansuetudinem
1249 3501 1541 3573 praecepit,
1585 3502 1816 3558 iracun-

169 3583 326 3638 diam
358 3582 677 3655 prohibuit,
710 3584 974 3657 nullique
1004 3585 1166 3642 alteri
1201 3588 1383 3660 (1160)
1414 3605 1723 3645 assensum
1755 3591 1816 3648 in

166 3671 386 3726 malum
402 3672 677 3744 praabere,
697 3690 800 3746 per
815 3674 1157 3746 Apostolum
1185 3675 1267 3731 ita
1287 3676 1571 3733 dicentem
1587 3695 1818 3735 conces-

167 3759 274 3828 sit;
307 3762 429 3817 Non
461 3761 632 3818 solum
652 3778 747 3834 qui
775 3764 1011 3834 faciunt,
1043 3764 1135 3821 sed
1154 3767 1321 3821 etiam
1349 3769 1447 3838 qui
1474 3768 1820 3825 consentiunt

159 3849 514 3921 facimtibus,
546 3849 704 3921 digni
730 3859 859 3907 sunt
885 3856 1059 3909 morte
1083 3853 1256 3924 (Rom.
1290 3871 1328 3920 ι,
1361 3856 1472 3926 32).

232 3938 286 3992 3.
318 3938 398 3994 Te
426 3954 562 4010 ergo
591 3944 794 3995 contra
822 3939 1008 4012 legem
1041 3941 1143 3996 Dei
1174 3943 1441 4011 faciente,
1474 3960 1579 4017 ego
1604 3944 1708 4016 qui
1739 3947 1810 4002 ad

160 4030 215 4081 te
247 4026 656 4099 corrigendum
689 4045 722 4083 a
766 4030 876 4084 Deo
904 4046 1036 4085 sum
1085 4030 1412 4101 institutus,
1475 4050 1587 4089 non
1630 4034 1809 4091 debeo

161 4114 369 4171 saltem
394 4115 636 4174 latrare?
658 4117 738 4174 Te
770 4118 1255 4176 consuetudinem
1275 4119 1533 4177 illorum.
1558 4138 1705 4195 quos
1727 4124 1811 4180 in-

159 4205 361 4260 fernus
391 4205 517 4261 sine
546 4206 725 4263 dubio
754 4207 993 4274 detinet,
1014 4209 1519 4278 statutisillorum,
1552 4213 1805 4283 quicum

164 4295 275 4350 Deo
304 4294 362 4348 in
387 4294 547 4350 caelis
561 4296 909 4366 consistunt,
926 4298 1287 4370 praeferente,
1301 4315 1406 4373 ego
1425 4317 1614 4373 neque
1625 4319 1804 4359 ausus

162 4382 271 4438 sim
298 4381 507 4439 saltem
534 4382 746 4441 mutire
766 4384 796 4439 ?
824 4385 972 4449 Quid
1003 4402 1138 4459 ergo
1192 4387 1423 4456 faciam,
1481 4389 1622 4445 dum
1668 4407 1801 4447 cum

162 4471 517 4543 quibusdam
539 4471 770 4529 miseris
796 4473 1253 4548 mihitequoque
1266 4476 1800 4551 diceturprazsente:

159 4559 277 4616 Non
302 4560 597 4618 ascenditis
617 4578 688 4618 ex
725 4562 966 4632 adverso,
1015 4580 1191 4636 neque
1218 4569 1544 4639 opposuistis
1577 4585 1803 4625 murum

1925 3412 2136 3464 venerit
2166 3411 2225 3464 in
2252 3411 2431 3481 gloria
2460 3428 2582 3480 sua,
2615 3416 2666 3469 et
2691 3414 2881 3471 Patris
2907 3424 2960 3473 et
2987 3422 3304 3478 sanctorum
3346 3426 3569 3498 angelo-

1926 3501 2087 3552 rum?
2111 3497 2261 3569 (Luc.
2294 3516 2372 3567 Ix,
2403 3499 2521 3572 26.)

1995 3587 2048 3641 4.
2082 3588 2243 3653 Quod
2275 3588 2324 3643 si
2357 3588 2501 3644 mihi
2532 3606 2793 3662 oppones
2823 3597 3165 3655 scandalum
3183 3601 3449 3659 Ecclesiae
3472 3604 3572 3661 de-

1925 3675 2058 3732 bere
2085 3675 2272 3745 vitari,
2303 3694 2417 3732 non
2441 3681 2793 3738 contradico.
2827 3683 3066 3758 Oppono
3095 3689 3204 3745 tibi
3233 3693 3430 3749 tamen
3452 3694 3568 3752 duo

1922 3764 2215 3838 Evangelii
2246 3764 2390 3835 loca,
2424 3785 2610 3824 unum
2643 3770 2885 3841 scilicet,
2919 3776 3019 3832 ubi
3059 3777 3343 3838 Dominus
3398 3783 3566 3841 Petro

1922 3853 2139 3910 dixisse
2159 3856 2434 3912 refertur:
2469 3856 2677 3929 Simon,
2726 3878 2875 3933 reges
2923 3868 3090 3924 terrae
3113 3885 3148 3922 a
3176 3870 3372 3940 quibus
3421 3875 3565 3930 acci-

1914 3946 2082 4014 piunt
2108 3945 2418 4000 tributum?
2445 3948 2516 4001 ab
2547 3949 2767 4021 alienis,
2801 3968 2874 4006 an
2903 3969 2939 4007 a
2977 3956 3113 4025 ﬁliis
3131 3956 3158 4011 '?
3187 3956 3291 4014 Illo
3323 3976 3565 4032 respon-

1864 4110 1871 4115 ⁵
1920 4033 2110 4103 dente,
2144 4036 2212 4089 ab
2243 4036 2484 4089 alienis:
2517 4038 2656 4108 Ergo
2686 4038 2848 4093 liberi
2875 4050 3022 4113 sunt,
3055 4043 3154 4113 ait,
3186 4046 3325 4116 ﬁlii;
3373 4048 3468 4103 sed
3494 4066 3565 4107 ne

1914 4123 2056 4194 forte
2084 4122 2520 4180 scandalizemus
2549 4141 2655 4195 eos,
2688 4126 2823 4182 vade
2850 4128 2921 4184 ad
2955 4146 3126 4199 mare,
3160 4136 3212 4188 et
3255 4136 3410 4191 mittc
3459 4137 3560 4194 ha-

1914 4228 2088 4278 mum,
2120 4220 2173 4268 et
2197 4228 2321 4268 eum
2342 4216 2553 4283 piscem
2580 4216 2678 4284 qui
2699 4217 2916 4286 primus
2960 4220 3285 4292 ascenderit,
3327 4224 3474 4295 tolle,
3505 4231 3560 4283 et

1912 4308 2098 4373 aperto
2129 4316 2221 4356 ore
2242 4302 2397 4357 illius
2427 4303 2672 4359 invenies
2698 4308 2956 4362 staterem
2980 4324 2992 4376 ;
3020 4308 3185 4364 illum
3220 4327 3440 4368 sumens
3483 4315 3557 4372 da

1911 4392 1988 4447 eis
2012 4406 2114 4462 pro
2143 4406 2229 4445 me
2256 4394 2309 4445 et
2339 4393 2408 4445 te.
2440 4390 2656 4461 Alium,
2690 4393 2792 4449 ubi
2823 4394 3050 4453 dicente
3071 4398 3275 4456 eodem
3295 4417 3430 4458 cum
3452 4420 3555 4461 cae-

1910 4478 2050 4536 teris
2086 4479 2250 4536 Petro
2284 4479 2356 4535 ad
2386 4481 2544 4537 490
2577 4482 2918 4541 Dominum:
2949 4488 3069 4544 Scis
3099 4490 3231 4561 quia
3273 4491 3556 4552 Pharisaei

1907 4569 2093 4625 audito
2123 4570 2284 4625 verba
2313 4569 2682 4626 scandalizati
2708 4572 2873 4628 sunt?
2916 4574 3123 4646 (Matth.
3172 4595 3262 4647 xv,
3291 4580 3386 4654 12)
3436 4599 3554 4639 non

154 4665 256 4721 pro
284 4649 441 4706 domo
466 4650 656 4719 Israel,
689 4659 751 4706 ut
777 4654 1000 4708 staretis
1024 4670 1086 4709 in
1108 4655 1303 4726 praelia
1334 4656 1394 4709 in
1434 4656 1522 4712 die
1560 4658 1802 4722 Domini;
1830 4669 1878 4734 D
1911 4659 2235 4714 curandum
2265 4658 2337 4713 de
2367 4657 2705 4731 hujusmodi
2724 4667 3061 4722 monstrans
3078 4649 3376 4740 seandalo,
3387 4671 3552 4729 dixit:

160 4741 211 4793 et
234 4739 463 4810 probavi
495 4747 546 4794 te
574 4738 644 4795 ad
659 4756 833 4812 aquas
850 4740 1335 4800 Contradictionis?
1354 4743 1566 4818 (Ezech.
1589 4747 1802 4819 xm,5.)

157 4826 442 4884 Poleritne
472 4827 617 4884 mihi
637 4829 896 4886 amicitia
910 4831 1143 4888 tuaillic
1162 4831 1383 4905 aliquid
1398 4836 1735 4908 prodesse,q
1746 4835 1803 4892 ui

159 4934 310 4974 nunc
338 4920 534 4973 tecum
566 4917 940 4976 mihisuades
955 4937 1158 4993 pacem
1184 4920 1419 4993 habere,
1433 4928 1501 4981 ut
1518 4942 1651 4981 cum
1670 4925 1801 4982 aliis

158 5004 377 5063 valeam
406 5006 630 5063 dicere:
661 5009 984 5081 Pepigimus
1011 5010 1185 5081 faedus
1213 5028 1338 5067 cum
1376 5018 1568 5080 morte,
1599 5019 1649 5072 et
1677 5031 1803 5071 eum

160 5096 377 5166 inferno
404 5097 634 5167 fecimus
659 5105 886 5170 pactum
917 5098 1044 5171 (Isa.
1077 5116 1273 5169 xxvnI,
1309 5101 1431 5173 15):
1466 5120 1600 5159 cum
1633 5105 1804 5177 juxta

163 5183 319 5241 illius
350 5184 608 5242 doctoris
623 5186 982 5243 sanctissimi
1004 5188 1248 5259 dictum,
1266 5191 1454 5247 tutius
1471 5191 1546 5247 sit
1577 5191 1802 5250 homini

158 5272 492 5330 inimicitias
518 5274 733 5332 diaboli
759 5277 1068 5346 meruisse,
1091 5294 1268 5350 quam
1283 5296 1509 5352 pacem;
1535 5298 1666 5337 cum
1685 5300 1801 5340 non

160 5362 385 5419 desinat
413 5380 519 5436 per
546 5368 603 5420 te
628 5364 1166 5438 iniquitasjustitia:
1195 5385 1540 5442 repugnare,
1573 5372 1802 5430 caecitas

157 5450 294 5522 luci,
325 5454 700 5511 mendacium
721 5455 953 5512 veritati
969 5456 1270 5514 resistere?
1284 5460 1363 5515 Te
1394 5465 1592 5518 contra
1609 5462 1802 5518 Domi-

158 5558 297 5599 num
326 5542 413 5599 ita
443 5543 587 5601 dum
608 5543 839 5602 videam
856 5544 1158 5616 rebellare,
1179 5551 1245 5603 ut
1255 5565 1328 5605 ne
1341 5551 1495 5622 quod
1512 5550 1619 5608 tibi
1642 5569 1802 5609 man-

1911 4748 2083 4804 Sinite
2112 4747 2238 4803 illos
2270 4747 2452 4819 (Ibid,
2478 4750 2587 4820 14),
2622 4750 2874 4808 subaudi
2901 4755 3303 4814 scandalizari.
3322 4760 3507 4826 Quare
3526 4760 3556 4817 ?

1911 4836 2231 4910 Subjungit
2259 4852 2522 4908 causam,
2555 4842 2615 4895 et
2644 4839 2754 4898 ait:
2790 4840 2931 4897 ϐιησί
2946 4853 3076 4901 sunt
3102 4850 3154 4903 et
3183 4847 3341 4905 duces
3389 4867 3554 4908 cxco-

1910 4943 2056 4983 rum.
2090 4926 2270 4982 Circus
2298 4935 2487 4982 autem
2513 4929 2567 4984 si
2587 4945 2726 4986 cwco
2751 4930 3008 4989 ducatum
3028 4937 3272 5008 praestet,
3303 4940 3461 4995 ambo
3490 4941 3554 4996 in

1907 5018 2120 5087 foveam
2147 5015 2341 5071 cadent
2370 5016 2577 5086 (Ibid).
2610 5019 2787 5084 Quasi
2818 5020 3021 5095 utique
3049 5022 3553 5091 dixisset:Quiaet

1909 5105 2022 5178 ipsi
2050 5105 2185 5161 caeci
2214 5109 2373 5175 sunt,
2406 5112 2464 5162 et
2492 5105 2620 5163 aliis
2651 5110 2816 5166 caecis
2847 5110 2907 5166 in
2936 5112 3281 5184 perditionis
3324 5115 3552 5176 foveam

1910 5194 2152 5250 cadendi
2183 5199 2462 5267 praestant
2491 5195 2769 5253 ducatum
2800 5214 2915 5254 non
2947 5203 3273 5259 curandum
3319 5204 3391 5261 de
3420 5204 3551 5263 illo-

1910 5299 2041 5338 rum
2072 5281 2369 5339 scandalo.
2403 5283 2611 5339 Melius
2640 5288 2730 5340 est
2756 5286 3097 5359 enimjuxta
3126 5292 3464 5363 quemdam,
3483 5299 3553 5352 ut

1910 5371 2255 5429 scandalum
2277 5373 2518 5440 oriatur,
2567 5389 2742 5445 quam
2792 5375 3005 5432 veritas
3052 5377 3419 5454 relinquatur
3464 5384 3549 5449 (S.

1910 5462 2089 5519 Gaza.
2122 5461 2271 5519 hom.
2311 5464 2346 5517 6
2375 5463 2431 5519 in
2454 5462 2649 5519 Ezech.
2681 5462 2721 5518 l.
2755 5464 2817 5529 ι).
2849 5464 2996 5530 Quia
3036 5466 3269 5527 etiamsi
3316 5478 3556 5546 propter

1907 5551 2041 5610 illos
2068 5550 2327 5610 veritatis
2359 5551 2725 5626 relinquatur
2762 5555 3029 5626 assertio,
3080 5575 3199 5617 non
3248 5566 3558 5637 propterea

225 5720 411 5807 (1160)
439 5720 637 5805 Vulg.,
666 5724 819 5787 nulli
846 5725 1029 5801 alteri,
1053 5729 1111 5788 et
1139 5742 1275 5789 mox
1306 5729 1384 5790 ita
1411 5728 1644 5793 docendo
1672 5747 1777 5811 pro
1806 5733 1886 5797 ita
1914 5731 2182 5797 dicentem
2231 5732 2648 5813 Apographum
2668 5733 3040 5823 Frisingense
3060 5739 3451 5818 praetulimus.
