4052 6382
450 362 567 430 631
598 397 607 405 -

1373 357 1747 421 RATHERII
1786 356 2039 423 EPI‘SC.
2087 356 2375 420 VERON.
2426 360 2601 422 OPP‘.
2645 362 2850 424 PARS
2893 360 2942 424 Ῑ.

3746 353 3907 418 632⁸

452 492 1442 567 Martianocaterisquehujusmodi
1466 492 1995 565 trahitis,quorum
2011 496 2106 548 me
2133 492 2190 561 Α
2219 491 2467 566 aliquas,
2500 493 2861 565 istovrelicto,
2894 492 2999 568 qui
3028 490 3681 551 commissusxmee-est:
3701 487 3871 559 ﬁdei,

454 592 620 647 tanto
640 588 761 643 fore
778 585 938 641 haud
960 584 1214 640 difﬁteor
1235 599 1506 638 securum
1533 586 1711 653 atque
1730 580 2101 653 incupidum,

457 678 675 750 quanto
704 673 764 731 in
813 690 908 730 me
938 672 1083 729 illud
1114 672 1316 728 cadere
1360 687 1560 725 vereor
1614 686 1784 741 posse
1837 668 2106 725 nonnihil

456 764 736 837 elogium,
771 762 928 835 quod
938 762 1065 834 jam
1096 760 1237 816 olim
1270 760 1342 816 de
1364 758 1720 831 quibusdam
1746 776 1759 827 ;
1782 774 1992 830 semper
2019 758 2108 813 di-

455 857 655 927 centes,
684 861 736 909 et
765 867 1010 925 unquam
1037 850 1107 905 ad
1132 850 1497 920 cognitionem
1541 849 1790 904 veritatis
1834 849 2107 905 venientes

458 943 535 1017 (II
562 945 694 999 Tim.
728 959 811 1009 ιιι,
839 940 918 1012 7),
949 942 1038 995 est
1065 936 1460 1004 voracissima,
1486 940 1553 993 ut
1583 940 1639 992 et
1659 937 1731 993 de
1749 936 1915 993 vobis
1931 935 2106 1003 valet,

456 1031 750 1106 prolatum
776 1046 803 1085 ε’
841 1032 1021 1097 tanta,
1084 1027 1351 1100 inquam,
1401 1043 1496 1082 me
1529 1025 1709 1082 afﬁcit
1754 1026 1875 1081 haec
1905 1025 2108 1081 eadem

458 1120 848 1193 ineptissime,
878 1117 997 1173 imo
1028 1114 1297 1189 pernulla
1319 1114 1726 1188 philocompiaa
1760 1114 1912 1171 500
1932 1113 2109 1170 urbe...

458 1208 612 1275 nitas
639 1210 863 1280 vestrm,
914 1204 1214 1278 angustia,
1246 1208 1306 1260 et
1352 1204 1493 1260 dum
1525 1203 1935 1274 colloquimur,
1969 1218 2105 1275 gra-

456 1296 795 1359 vatissimus
821 1313 834 1366 ;
867 1296 1011 1351 dum
1042 1292 1328 1367 apiculos,
1355 1292 1446 1348 vel
1476 1291 1914 1365 ineptiunculas
1937 1307 2110 1364 quas-

459 1387 596 1445 dam
626 1384 762 1459 plus
793 1383 952 1440 aloes
973 1398 1152 1455 quam
1176 1381 1390 1449 mellis,
1414 1379 1550 1453 plus
1571 1380 1774 1437 veneni
1795 1378 2110 1436 certissimi

460 1491 639 1549 quam
670 1472 948 1532 salutaris
980 1471 1228 1529 antidoti
1258 1473 1558 1543 gestantes
1588 1468 1734 1525 mihi
1763 1467 2001 1524 mittitis
2019 1469 2112 1531 (ut-

460 1565 664 1636 utique
690 1563 864 1619 modo
895 1575 1256 1634 pernequam
1282 1558 1593 1627 famulum,
1626 1574 1700 1613 ne
1718 1557 1881 1614 vobis
1910 1556 2111 1630 loque-

380 1640 392 1649 ’
461 1656 623 1710 retur
653 1650 885 1718 saltem,
909 1649 1126 1707 nedum
1148 1647 1385 1719 aliquod
1409 1646 1727 1719 javaminis
1749 1663 1785 1702 a
1808 1646 1974 1702 vobis
1998 1646 2112 1702 exi-

464 1743 646 1814 geret,
696 1742 960 1811 optarem
1019 1735 1399 1809 prohibitum)
1448 1735 1935 1792 confectissimus.
1968 1736 2110 1792 adeo

463 1830 699 1896 reddar,
732 1844 865 1884 cum
894 1825 1087 1883 Psalte
1130 1824 1233 1881 illo
1261 1828 1326 1881 ut
1351 1824 1531 1881 libeat
1569 1825 1653 1880 uti
1682 1825 1753 1881 de
1783 1823 2006 1893 multis,
2040 1825 2112 1881 de

463 1917 628 1979 vobis
659 1915 974 1991 specialius
1005 1930 1239 1988 quoque
1267 1912 1570 1970 vociferari
1601 1912 1909 1970 notissimo
1935 1914 2112 1979 :‘Nar-

459 2011 724 2067 iuverunt
748 2005 892 2065 mihi
919 2005 1102 2077 iniqui
1127 2005 1515 2076 fabulationes,
1547 2002 1640 2060 sed
1668 2019 1781 2059 non
1815 2011 1878 2058 ut
1906 2004 1998 2060 lea:
2017 2007 2114 2059 tua

457 2098 693 2160 Domine.
716 2096 884 2166 (Psal.
912 2110 1107 2163 cxvm,
1138 2095 1251 2163 85).
1307 2092 1525 2148 Verum
1567 2110 1602 2150 a
1650 2092 1818 2149 vobis
1849 2091 2117 2164 compul—i

459 2204 584 2257 sus,
611 2200 879 2259 cum'pro
908 2183 1192 2258 temporis
1227 2183 1304 2251 [id
1331 2190 1411 2239 est
1439 2181 1738 2254 paschatis
1759 2183 1887 2254 jam
1915 2181 2114 2237 immi-

457 2275 675 2348 nentis]
707 2274 1091 2348 congruentia
1117 2271 1394 2347 gestirem
1440 2288 1600 2327 nunc
1628 2270 1841 2327 saltem
1869 2270 2115 2327 existere

456 2365 719 2434 feriatus,
745 2362 998 2437 [subaudi
1017 2362 1221 2434 debeo]
1242 2359 1835 2434 quantulumcunque
1847 2359 2114 2433 apologa-

455 2454 641 2510 ticum
671 2452 963 2509 dictitare.

528 2545 587 2599 2.
631 2540 776 2599 Cum
805 2538 1269 2621 gloriosissimus
1300 2536 1434 2593 hinc
1473 2535 1689 2593 abiisse
1727 2536 2115 2609 disposuisset

459 2641 759 2712 Augustus
788 2637 942 2709 (Otto
971 2637 1039 2708 Ι),
1071 2634 1318 2692 credidit
1348 2633 1484 2690 ﬁdei
1531 2649 1674 2690 mere
1705 2633 1989 2706 quiddam
2020 2652 2112 2691 ar-

463 2727 647 2803 genti,
670 2734 906 2798 'exquo
954 2724 1134 2797 (1193)
1182 2723 1459 2796 perﬁcere
1498 2723 1769 2780 deberem
1808 2723 2113 2780 basilicam

466 2815 656 2874 sancti
674 2814 944 2881 Zenonis,
965 2812 1299 2886 peculiaris,
1334 2816 1400 2869 ut
1428 2812 1630 2882 scitur,
1654 2813 1839 2868 nostri
1858 2813 2115 2886 patroni,

470 2904 617 2979 ΜΠ
650 2908 966 2978 postquam
983 2901 1204 2959 scilicet
1224 2901 1441 2969 omnia,
1464 2902 1535 2958 de
1561 2902 1777 2975 quibus
1794 2901 2116 2960 habueram

464 2994 728 3051 victitare
757 2992 853 3057 (ne
899 2991 1041 3048 dum
1088 2990 1494 3064 superfuisset,
1528 2991 1702 3059 unde,
1737 2994 1803 3047 ut
1830 2992 2113 3062 suadetis,

467 3114 720 3189 positam
751 3133 825 3172 ex
842 3114 1120 3189 Qregorio
1137 3115 1461 3189 Turonensi
1484 3115 1964 3189 aliisqueimediae
1986 3120 2118 3189 aeta-

465 3186 544 3260 tis
589 3186 1283 3260 scriptoribus'inotarunt
1326 3186 1434 3243 viri
1465 3186 1698 3260 eruditi.
1735 3188 1886 3260 Lege
1914 3188 2112 3260 Fabri-

466 3256 645 3330 cium,
678 3256 953 3315 Biblioth.
982 3259 1105 3330 Lat.
1137 3258 1238 3314 lib.
1272 3275 1356 3326 m,
1390 3275 1439 3313 c.
1466 3261 1552 3314 15.
1574 3258 1704 3314 Haec
1736 3256 1927 3330 prima
1944 3259 2111 3316 valde

466 3328 710 3402 prolixa,
741 3334 799 3386 et
827 3331 898 3402 ob
947 3329 1338 3402 prolixitatem
1368 3334 1544 3401 atque
1580 3328 1869 3402 syntaxim
1900 3332 2109 3402 perob-

465 3400 641 3456 scura
669 3400 1030 3473 periodus‘ut
1045 3400 1428 3473 intelligatur,
1447 3400 1651 3473 paucis
1673 3402 1801 3472 ejus
1822 3400 2111 3459 sententia

467 3471 844 3543 proponenda
874 3475 983 3529 est.
1014 3471 1373 3543 Cavillatoris
1405 3471 1859 3543 colloquia’cum
1892 3472 2112 3530 Ruthe-

462 3541 730 3615 rio,_quze
750 3543 1010 3615 ineptam
1036 3541 1427 3615 urbanitatem
1458 3541 1859 3615 praeferebant,
1890 3548 1947 3599 et
1965 3544 2109 3600 scri-

466 3612 808 3687 ptiunculze
832 3612 904 3669 ad
945 3613 1286 3687 Ratherium
1326 3612 1576 3687 directae,
1607 3632 1734 3686 quae
1760 3614 1886 3671 aloe
1916 3616 2112 3687 potius

467 3684 645 3757 {quam
676 3684 848 3757 melle
868 3688 1034 3757 erant
1055 3685 1292 3753 refertas,
1326 3685 1407 3741 ita
1425 3685 1608 3741 istum
1624 3684 2027 3754 confecerant,
2047 3691 2113 3745 ut

466 3754 580 3840 ipsi
613 3755 1159 3840 cavillatoriIaptane
1183 3772 1355 3840 posse
1385 3757 1695 3840 crediderit
1723 3756 2108 3840 illapavidis:

467 3831 848 3899 Narravierunt
874 3828 1017 3884 mihi
1047 3829 1228 3898 iniqui
1251 3828 1638 3899 fabulationes,
1687 3833 1795 3883 etc.
1830 3828 2113 3887 Construe

469 3913 618 3970 vers
645 3898 766 3954 sic:
812 3899 915 3954 Illa
961 3902 1117 3954 tanta
1146 3898 1324 3970 vestra
1360 3900 1664 3967 urbanitas,
1698 3916 1861 3970 quam
1893 3900 2114 3957 trahitis

473 3968 538 4045 de
564 3968 833 4045 Martiano
862 3973 916 4026 et
959 3972 1171 4027 caeteris
1216 3968 1803 4045 hujusmodi,quorum
1831 3972 1976 4028 haud
2002 3973 2112 4045 dif-

470 4039 627 4111 ﬁteor
651 4058 739 4115 me
765 4044 883 4115 fore
912 4045 1062 4115 tanta
1082 4039 1332 4101 securum
1351 4051 1510 4115 atque
1540 4039 1879 4115 incapidum,
1912 4039 2114 4114 quanto

468 4127 659 4185 vereor
697 4113 839 4169 illud
885 4114 1120 4185 elogium
1154 4130 1311 4185 posse
1352 4113 1611 4170 nonnihil
1657 4113 1849 4170 cadere
1894 4113 1954 4170 in
2004 4131 2113 4183 me,

472 4183 612 4254 quod
630 4184 754 4257 jam
782 4185 917 4257 olim
930 4183 1278 4242 voracissima
1284 4187 1561 4256 prolatum
1576 4189 1655 4240 est
1683 4186 1749 4241 de
1768 4186 2111 4257 quibusdam,

468 4258 533 4309 ut
558 4259 628 4310 et-
653 4256 801 4312 valet
950 4257 1115 4338 vobis.
1130 4259 1422 4338 proferris
1453 4258 1694 4329 Semper
1722 4256 2019 4338 dieentes,_
2054 4262 2113 4313 et

468 4341 794 4411 numquam
821 4328 893 4383 ad
918 4328 1177 4411 veritatis
1209 4328 1609 4411 cognitionem
1632 4328 1931 4411 venientes
1956 4346 1970 4398 ;
1999 4330 2116 4411 haec

467 4397 672 4471 eadem,
746 4400 993 4471 inquam,
1058 4403 1244 4471 tanta,
1272 4397 1647 4471 ineptissime,
1701 4401 1813 4471 imo
1854 4402 2115 4471 pernulla

463 4468 752 4544 urbanitas
789 4468 1168 4544 philocompiw
1210 4469 1313 4544 (id_
1343 4468 1432 4544 est
1476 4468 1639 4525 vanae
1675 4468 1893 4544 gloriae)
1941 4473 2115 4543 afﬁcit

463 4554 580 4622 me,
603 4544 667 4595 ut
711 4541 1066 4625 dum”(ego)
1092 4541 1817 4625 gravatissimusnangustia
1873 4541 1953 4625 (et
1976 4541 1981 4543 ’
2003 4541 2106 4625 vos

464 4608 737 4686 invicem)
796 4606 1177 4686 colloquimur,
1222 4612 1354 4686 dum
1394 4606 1805 4686 mittitis'mihi
1844 4606 2111 4686 apiculos,
2146 4606 2196 4674 D

464 4696 568 4758 seu
599 4681 1360 4758 scripta,vel:ineptiunculas
1391 4683 1659 4758 quasdam,
1680 4681 1950 4753 gestantes
1989 4681 2116 4758 plus

464 4752 612 4828 aloes
642 4768 808 4828 quam
834 4752 1056 4828 mellis,
1062 4755 1191 4825 plus
1222 4752 1413 4828 veneni
1452 4752 1741 4811 certissimi
1768 4772 1932 4828 quam
1960 4752 2111 4813 salu—

465 4823 602 4899 turis
631 4823 887 4899 _antidoti
924 4829 1006 4893 (ut
1050 4823 1238 4899 utique
1286 4826 1441 4882 modo
1488 4836 1734 4898 optarem
1770 4823 2113 4899 prohibitum

461 4894 741 4971 [amulum
758 4912 1117 4971 pemequam,
1143 4894 1231 4971 ‘ne
1256 4898 1449 4971 saltem
1477 4894 1789 4971 loqueretur
1820 4901 1984 4970 vobis,
2014 4917 2109 4956 ne-

460 4965 594 5042 dum
618 4965 862 5042 exigeret
890 4965 1108 5025 avobis
1130 4969 1352 5042 aliquod
1384 4965 1714 5040 jura-minis)
1744 4971 1940 5027 redear
1970 4965 2109 5029 adeo

460 5040 936 5122 conﬁctiss-imush
961 5044 1023 5096 ut
1067 5040 1235 5122 libeat
1284 5057 1414 5122 cum
1452 5042 1636 5122 Bsalte
1680 5042 1778 5098 illo
1822 5046 2108 5122 notissimo

457 5112 753 5182 vociferari
778 5114 864 5168 uti
892 5112 964 5169 de
1008 5114 1218 5183 multis,
1268 5113 1560 5184 specialius
1588 5129 1797 5185 quoque
1825 5115 1889 5171 de
1917 5116 2065 5172 vobis
2085 5133 2104 5171 .-

459 5180 833 5240 Narraverunt
869 5184 1030 5241 mihi.
1080 5189 1189 5241 etc.
1219 5186 1480 5240 Famulus
1524 5200 1876 5241 vemeauam.
1929 5204 2103 5241 auem

461 5201 833 5240 uarraverunt
869 5201 1030 5255 muti,
1080 5201 1189 5241 etc.
1219 5201 1480 5240 [famulus
1518 5201 1876 5310 fremequam,
1929 5204 2103 5259 quem

461 5256 701 5330 optaret
716 5255 1098 5330 prohibitum,
1133 5272 1359 5330 necum
1392 5256 2105 5330 cavilatoribusrloquere-

458 5324 1173 5403 tpr,.nedi_1‘mexigeretab
1191 5327 1336 5400 ipsis
1357 5326 1661 5403 auxilium,
1685 5324 2001 5398 nescimus,
2027 5348 2100 5386 an

456 5395 690 5482 siAtLipse
722 5395 1292 5482 Esther—iushquip'pe
1324 5397 1424 5482 qui
1449 5414 1517 5479 se
1542 5398 1606 5482 in
1626 5415 1715 5466 ea,
1737 5416 1853 5471 qua
1881 5395 2102 5472 preme-

455 5461 633 5545 batur
659 5467 949 5545 angustia,
982 5461 1289 5545 colloquiis
1320 5461 1385 5545 et
1397 5469 1642 5545 scriptis
1662 5461 1861 5545 eorum
1882 5461 2098 5545 grava-

2214 599 2410 655 opere,
2434 600 2667 656 possem
2688 584 3088 658 eleemosynas
3111 582 3319 655 facere)
3338 582 3469 654 ejus
3484 579 3876 653 obligurierat

2214 689 2331 728 non
2362 673 2490 730 dico
2512 673 2791 746 potentia,
2815 691 2963 746 nego
2991 672 3285 740 violentia,
3316 673 3419 729 sed
3441 674 3597 729 certe
3616 686 3877 743 prasen-p

2213 762 2317 818 tia.
2351 763 2439 830 Et,
2458 779 2491 818 o
2505 779 2683 835 quam
2697 778 2834 818 vera
2851 762 3071 819 Aurelii
3090 761 3191 817 illa
3215 760 3683 833 sententia(Aue.
3702 775 3874 816 sw-m.

2213 851 2305 919 46,
2336 868 2395 905 n.
2427 850 2525 906 271
2551 868 2670 923 qua
2696 852 2853 906 fatur
2879 850 3208 906 temerariis
3242 849 3486 923 judiciis
3526 849 3650 905 fore
3671 849 3901 905 omnia-

2215 939 2407 1013 plena.
2435 939 2581 995 Cum
2602 941 2760 995 enim
2791 944 3034 997 sanctus
3062 943 3121 996 et
3149 956 3266 996 non
3298 939 3500 1012 dispar
3530 936 3619 994 illi
3644 940 3876 994 asserat

2217 1029 2529 1101 Gregorius
2559 1029 2752 1101 (Morel
2770 1031 2832 1084 in
2859 1030 2975 1098 Job,
3004 1029 3045 1085 l.
3076 1045 3252 1100 xxxv,
3285 1045 3335 1085 c.
3367 1028 3482 1100 10),
3523 1028 3680 1100 quod
3713 1044 3875 1083 nun-

2217 1134 2395 1190 quam
2424 1122 2667 1191 propten
2688 1118 3083 1175 obedientiam
3134 1117 3360 1174 malum
3388 1116 3466 1172 sit
3507 1116 3873 1186 faciendum,-

2216 1207 2643 1279 nonnunquam
2662 1224 2795 1263 vero
2812 1207 3030 1263 bonum
3053 1205 3593 1275 intermittendum;
3615 1206 3751 1278 quis
3773 1221 3873 1261 va-

2216 1295 2335 1354 leat
2355 1298 2606 1365 credere,
2642 1301 2708 1352 ut
2736 1297 2987 1370 pecunia
3015 1297 3087 1352 ab
3115 1294 3216 1353 illo
3247 1294 3487 1367 credita,
3518 1294 3905 1351 enicat-tam-

2217 1387 2713 1457 sanctejuratum,
2739 1384 2852 1442 alio
2873 1384 3143 1442 debuerit
3160 1383 3430 1458 expendi,
3453 1400 3634 1456 quam
3654 1400 3877 1456 prace-

2216 1474 2376 1547 pisse
2405 1474 2626 1547 placuit
2668 1473 2798 1530 illi?
2833 1473 3220 1547 Pauperibus,
3266 1471 3464 1546 inquit
3495 1472 3774 1539 fuscator,
3807 1476 3877 1528 ut

2218 1561 2317 1619 ille
2347 1563 2643 1635 quondam
2672 1562 2885 1635 Ggristi
2915 1562 3145 1619 censuit
3172 1560 3435 1633 proditor
3464 1561 3673 1630 (Matth
3717 1576 3876 1627 xm,

2216 1652 2295 1724 9).
2331 1652 2443 1708 Sed
2488 1651 2697 1708 vellem
2736 1652 2907 1721 scire,
2958 1649 3060 1706 ubi
3107 1665 3246 1705 nam
3295 1648 3380 1704 illi
3410 1648 3535 1706 sint
3563 1664 3877 1722 pauperes.

2215 1740 2364 1796 Nam
2414 1740 2601 1810 (1194)
2632 1756 2812 1796 censu
2862 1739 3122 1797 itatenus
3163 1753 3472 1810 pauperes,
3526 1740 3593 1793 ut
3621 1740 3745 1809 'pro
3789 1737 3878 1794 eis

2218 1829 2527 1886 restructio
2550 1826 3186 1886 deberetecclesiarum
3216 1827 3417 1896 (etiam
3449 1825 3496 1882 si
3526 1841 3596 1881 ex
3624 1841 3791 1893 meo,
3811 1828 3893 1882 ut

2220 1919 2519 1987 debuerat,
2544 1918 2726 1986 ﬁeret)
2757 1932 3078 1982 remanere,
3112 1914 3329 1983 nullos,
3369 1914 3591 1987 gratias
3618 1914 3759 1981 Deo,
3780 1914 3881 1970 hic

2220 2024 2350 2066 esse
2380 2007 2694 2080 comperio,
2726 2005 2840 2063 nisi
2873 2003 3166 2080 (mirabile
3194 2003 3376 2072 dictu,
3409 2002 3879 2076 incredibileque

2221 2097 2447 2169 auditu)
2477 2112 2591 2165 me,
2621 2100 2682 2152 et
2708 2094 3051 2168 quossalere,
3071 2096 3141 2149 ut
3166 2092 3876 2150 domesticosdebueram

2220 2185 2367 2258 ipse.
2400 2185 2525 2242 Sed
2542 2187 2704 2258 puto,
2735 2184 2893 2256 quod
2924 2183 3089 2257 apud
3108 2198 3217 2239 vos
3244 2198 3361 2239 non
3391 2179 3627 2237 alantur
3649 2181 3877 2239 nisiut:

2221 2275 2495 2348 episcopo
2525 2288 2833 2346 pauperes.
2868 2273 2976 2330 Sed
3007 2272 3135 2329 hoc
3158 2271 3294 2328 istic
3322 2285 3562 2327 necesse
3586 2286 3712 2327 non
3747 2287 3883 2328 esse

2221 2362 2766 2419 clamatliberalitas
2780 2360 2988 2432 (1195),
3004 2360 3107 2434 qui
3122 2359 3305 2416 istam
3318 2358 3875 2432 incoluntpatriam,

2221 2453 2509 2519 omnium,
2541 2468 2613 2508 ne
2641 2451 2824 2525 eligas
2841 2451 2938 2507 cui
2960 2448 3318 2518 miserearis,
3338 2453 3694 2522 praeceptum
3713 2466 3888 2508 com-.

2221 2542 2478 2598 muniter
2520 2541 2975 2609 observantium,
3029 2543 3087 2595 et
3130 2553 3320 2612 usque
3369 2538 3444 2597 ad
3486 2537 3790 2611 crapulam
3822 2542 3883 2596 et

2220 2631 2561 2689 ebrietatem
2592 2630 2670 2702 [id
2696 2634 2777 2686 est
2795 2633 3101 2703 pauperes]
3134 2644 3237 2685 eos
3265 2630 3468 2685 contra
3496 2626 3595 2683 Dei
3623 2622 3879 2700 compel-

2217 2720 2467 2777 lentium
2499 2723 2633 2776 ante
2652 2718 2856 2775 horam
2881 2734 3114 2791 quoque
3136 2719 3680 2793 praeceptum,.cum
3707 2717 3882 2774 debeo

2220 2812 2351 2866 rent
2381 2812 2440 2865 et
2482 2807 2595 2882 ipsi
2643 2806 2903 2864 solemne
2948 2806 3262 2873 custodire,
3298 2808 3365 2861 ut
3414 2805 3606 2862 ceteri
3651 2805 3878 2875 ﬁdeles,

2214 2898 2535 2971 jejunium.
3290 2896 3297 2901 ’

2291 2988 2347 3043 3.
2378 2990 2422 3044 Ο
2450 3003 2583 3044 vero
2604 2985 2832 3043 utinam
2852 2985 2953 3058 qui
2978 3002 3094 3043 non
3112 2982 3393 3058 amplius,
3424 2982 3634 3041 saltem
3663 2986 3885 3058 utego,

2223 3112 2283 3170 S.
2314 3112 2559 3170 Zenonis
2587 3111 2851 3183 basilica,
2901 3111 3071 3183 cujus
3121 3109 3359 3183 quidem
3395 3108 3882 3183 turris_construi

2224 3185 2394 3257 ezepit
2416 3188 2648 3257 tantum
2680 3180 3187 3257 saecplqse‘quepii
3208 3198 3361 3257 anno
3394 3180 3721 3257 1045.0um
3743 3197 3882 3239 vero

2141 3234 2191 3307 Ε
2223 3234 2376 3336 ῇρῐὲι·
2417 3255 2717 3336 ecclesias.
2747 3255 2819 3328 ab
2868 3234 3162 3336 Hungaris
3211 3253 3479 3336 incensas
3530 3268 3595 3308 ac
3650 3252 3881 3336 illme

2220 3327 2383 3383 illam
2414 3328 2472 3383 S.
2506 3324 2776 3399 Zenonis,
2804 3323 3042 3399 'quzeiﬁ
3074 3324 3357 3399 suburbio
3387 3324 3502 3380 sita
3544 3328 3692 3391 erat,
3726 3323 3878 3383 Pan-

2218 3400 2415 3454 vinius
2445 3398 2658 3453 referat
2686 3395 2843 3453 libro
2868 3397 3071 3469 quinto
3109 3395 3543 3467 Antiquitatum
3572 3398 3874 3469 Veronen-

2219 3470 2375 3527 sium
2406 3486 2455 3525 c.
2486 3470 2594 3538 25;
2646 3466 2912 3524 dubitare
2962 3468 3117 3534 licet,
3164 3466 3328 3538 num.
3361 3482 3465 3538 pro
3488 3466 3753 3538 perﬁcere
3783 3467 3872 3524 le-

2220 3542 2479 3615 gendum
2510 3537 2588 3596 sit
2615 3542 2851 3613 reﬁcere.
2905 3540 3212 3615 Enimvero
3244 3537 3432 3595 solam
3463 3537 3884 3615 restructionem

2220 3609 2576 3670 ccclesiarum
2606 3609 2741 3683 post
2768 3610 3054 3683 nonnulla
3085 3613 3544 3677 commemorat;
3576 3612 3633 3683 et
3660 3609 3890 3677 clarius

2223 3701 2387 3741 num.
2415 3685 2471 3753 3,
2494 3679 2636 3738 dum
2660 3681 3139 3740 aoavillatoribus
3163 3695 3450 3753 pauperes
3475 3679 3889 3753 preelatos.tra-.

2222 3756 2309 3812 dit
2335 3756 2650 3812 necessitati
2677 3754 2988 3810 restruendi
3018 3752 3332 3820 basilicam,
3365 3753 3424 3808 S.
3454 3752 3703 3809 Zenonis
3729 3754 3887 3817 basi.-

2220 3827 2396 3883 licam
2416 3825 2827 3898 restruendam
2847 3825 3137 3898 designat,
3155 3824 3217 3879 in
3240 3825 3411 3898 cujus
3433 3823 3889 3898 restructionem

2222 3902 2475 3971 pecunia
2507 3897 2580 3952 ab
2612 3897 2963 3968 imperatore
2983 3895 3241 3961 'collata,
3273 3895 3334 3951 in
3368 3911 3654 4021 pauperes
3683 3896 3885 4021 potius

2223 3968 2575 4021 conferenda
2602 3985 2638 4021 a
2668 3967 3013 4021 memoratis
3045 3965 3362 4021 cavillatori
3409 3982 3479 4021 us
3512 3966 3683 4021 crede
3727 3972 3884 4021 atur.

2223 3965 2575 4026 conferenda
2602 3985 2638 4024 a
2668 3965 3013 4025 memoratis
3045 3965 3884 4027 cavillatoribus'credebatur.

2224 4042 2355 4123 Mox
2383 4044 2656 4123 construe
2690 4040 2773 4123 sic
2796 4058 2827 4123 :_
2838 4043 3129 4123 postquam
3155 4039 3360 4123 scilicet
3388 4037 3886 4123 ejusjimperato-

2224 4113 2329 4185 ris)
2353 4128 2465 4185 non
2489 4112 2612 4185 dico
2643 4109 2910 4185 potentia,
2965 4109 3099 4181 nego
3130 4111 3422 4185 piolentia,
3443 4109 3535 4185 sed
3563 4109 3702 4167 certe
3727 4126 3881 4185 prie:

2222 4179 2400 4240 sentia
2420 4179 2725 4254 (nimirum
2748 4183 2820 4238 ob
2842 4179 3110 4255 ingentes
3130 4179 3548 4255 hospitalitatis
3570 4179 3875 4255 sumptus)

2224 4256 2580 4326 abligurierat
2610 4256 2817 4322 omnia,
2840 4253 3128 4325 de_quibus
3147 4253 3447 4309 habueram
3479 4253 3751 4326 victitare,
3779 4253 3874 4310 ne-

2223 4324 2353 4382 dum
2396 4327 2781 4398 super/uisset,
2822 4324 2967 4382 unde
3005 4340 3224 4398 possem
3260 4327 3441 4397 facere
3481 4324 3700 4398 aliquas
3730 4326 3873 4381 elec-

2221 4396 2495 4470 mosynas,
2542 4396 2604 4453 ut
2627 4396 2909 4470 suadetis,
2920 4396 3128 4470 relicto
3157 4396 3267 4470 ista
3286 4410 3467 4467 opere,
3502 4397 3600 4470 qui
3617 4398 3875 4470 commisi-

2221 4486 2310 4525 sns
2340 4465 2417 4524 est
2442 4483 2582 4525 mea?
2603 4468 2750 4539 ﬁdei.
2782 4467 2937 4523 Nihil
2968 4467 3029 4523 in
3059 4470 3220 4539 textu
3250 4465 3719 4539 inimutavimus,
3754 4466 3873 4524 nisi

2227 4542 2382 4612 quod
2417 4537 2764 4612 scripsimus
2795 4540 3029 4610 aliquas,
3057 4539 3159 4594 ubi
3189 4537 3491 4612 legebatur
3518 4554 3673 4612 quas.

2298 4612 2480 4685 (1194)
2530 4609 2850 4667 Construe:
2885 4609 3046 4668 ’Nam
3090 4609 3357 4682 comperio
3406 4609 3494 4685 hic
3522 4609 3703 4685 nullos
3734 4609 3875 4682 (Deo

2224 4683 2468 4754 gratias)
2490 4699 2600 4739 esse
2629 4685 2866 4738 itatenus
2880 4697 3146 4754 pauperes
3164 4696 3347 4748 censu,
3369 4683 3430 4754 ut
3441 4695 3541 4751 pro
3565 4683 3653 4754 eis
3668 4685 3876 4754 restru-

2222 4751 2331 4812 ctio
2389 4751 2744 4810 ecclesiarum
2805 4751 3019 4810 deberet
3064 4768 3349 4826 remanere
3397 4752 3523 4826 (seu
3574 4751 3874 4826 relinqui).

2219 4828 2441 4883 etiamsi
2468 4828 2623 4897 ﬁeret
2649 4841 2718 4880 ex
2744 4841 2882 4893 meo,
2936 4832 2998 4880 ut
3043 4824 3344 4889 debuerat;
3384 4824 3875 4897 nullos,_inquam,

2220 4900 2310 4980 hic
2328 4914 2441 4955 esse
2463 4894 2730 4980 pauperes
2746 4898 2868 4978 nisi
2893 4912 3002 4979 me,
3052 4900 3229 4980 e’tueos
3246 4910 3399 4980 quos,
3440 4894 3878 4980 ipse-:debuegjay-n

2218 4972 2381 5097 αἰεᾶᾳι
2423 4966 2485 5024 ut
2530 4966 2841 5025 domesticos
2860 4985 2879 5024 :
2921 4966 3177 5026 mirabile
3226 4966 3396 5036 dictu,
3447 4969 3501 5023 et
3549 4967 3877 5025 incredibile

2222 5059 2300 5097 au
2341 5059 2439 5097 iu.

2222 5043 2439 5098 auditu.

2289 5114 2473 5186 (1195)
2505 5112 2826 5186 Construe:
2874 5112 3077 5167 clamat
3123 5112 3428 5170 liberalitas
3470 5112 3742 5180 omnium,
3776 5112 3875 5186 qui

2215 5186 2462 5259 incolunt
2486 5186 2729 5259 patriam
2756 5185 2944 5253 istam,
2978 5186 3257 5259 omnium,
3276 5186 3527 5259 inquam,
3559 5185 3871 5259 communi-

2215 5260 2297 5311 ter
2353 5254 2757 5329 observantium
2791 5262 3132 5329 praeceptum
3161 5273 3180 5310 :
3211 5256 3293 5312 Ne
3344 5254 3553 5329 erigas,
3571 5254 3665 5311 cui
3695 5254 3872 5311 mise-

2212 5328 2378 5397 reris,
2398 5333 2451 5384 et
2465 5328 2906 5400 compelle-mium
2922 5342 3010 5381 eos
3027 5327 3358 5400 (pauperes)
3382 5327 3458 5384 an
3462 5331 3517 5383 te
3534 5328 3727 5383 horam
3744 5342 3872 5398 quo—

2210 5415 2313 5471 que
2340 5417 2404 5456 us
2442 5417 2509 5455 ue
2561 5398 2632 5455 ad
2678 5399 2966 5469 crapulam
3010 5401 3065 5453 et
3098 5398 3412 5457 ebrietatem
3452 5405 3642 5454 contra
3664 5412 3869 5468 praece-

2210 5472 2362 5526 vlum
2406 5416 2545 5526 (sei:
2594 5487 2719 5526 cum
2760 5476 2810 5525 et
2856 5469 2965 5526 ipsi
3011 5469 3265 5526 deberent
3300 5470 3572 5526 custodire
3620 5468 3869 5525 solemne

2202 5468 2362 5542 plum
2414 5468 2545 5527 Dei:
2594 5487 2719 5527 cum
2760 5468 2810 5525 et
2856 5469 2965 5542 ipsi
3011 5469 3265 5542 deberent
3300 5470 3572 5528 custodire
3620 5468 3870 5542 solemne

452 5535 1335 5623 tum,non'levatumqueritur:
1361 5540 1481 5623 _Nec
1499 5535 1725 5623 moveat
1746 5535 2095 5623 adjetitivum
2196 5535 2475 5623 jejunium
2498 5535 3322 5623 (idmestquadragesima-le),
3356 5550 3416 5623 ut
3462 5540 3869 5623 cateriﬁdeles

444 5620 820 5694 pernequam:
850 5626 912 5694 se
955 5612 1111 5668 enim
1159 5612 1476 5668 identidem
1503 5612 1678 5669 veluti
1709 5612 2094 5672 scel’eratissi-
2199 5612 2539 5694 custodiunt:
2586 5612 2858 5694 Tria-hic,
2889 5612 3179 5694 notanda:
3214 5615 3257 5669 Ι.
3284 5612 3543 5694 solemne
3585 5613 3872 5694 jejunium

455 5691 618 5731 mum
650 5678 922 5736 traducit.

524 5747 713 5822 (1193)
736 5748 859 5809 (Hoc
889 5752 1112 5812 scilicet
1131 5758 1390 5828 tempore
1412 5754 1671 5811 nondum
1695 5757 1947 5830 perfecta
1970 5763 2094 5818 erat

2202 5691 2368 5743 vocat
2389 5682 3059 5758 quadragesimale,__quo
3073 5684 3181 5743 hoc
3203 5684 3554 5758 opusculum
3577 5682 3870 5758 scriptum

2204 5753 2583 5832 probavimus
2601 5753 3288 5832 ιῖοῐ.1191.ΙΙῖρειιιρθιιόε
3302 5756 3482 5815 etiam
3499 5758 3565 5813 ut
3584 5757 3642 5813 et
3661 5753 3867 5814 ﬁdeles
