4052 6390
506 398 625 462 643

1454 394 1827 460 RATHERII
1869 394 2111 461 EPISC.
2157 392 2448 463 VERON.
2493 397 2665 461 OPP.
2710 393 2910 459 PARS
2953 396 3002 457 Ι.

3796 389 3936 452 644

509 533 703 609 quieto
725 532 859 606 jure
890 529 1050 605 ipsas
1078 527 2151 602 valeantpossidere,quantulumcun-
2180 532 2237 600 Α
2269 535 2368 587 aut
2400 531 2543 587 forte
2576 531 2753 593 etiam
2776 546 2957 598 arma,
2990 528 3208 611 dentur
3229 525 3313 583 eis
3345 524 3447 599 qui
3490 539 3727 581 mecum
3771 529 3929 581 tunc

508 640 621 696 que
650 619 873 678 scilicet
893 624 957 675 ut
975 619 1204 677 valeant
1227 618 1535 687 consolari,
1558 635 1706 692 quos
1720 619 2152 694 aliquantulum

505 708 834 768 constiterit
861 709 932 765 de
962 709 1269 765 absentatu
1300 725 1429 764 meo
1466 708 1708 765 tristari.

572 800 627 855 2.
659 804 725 855 In
756 798 963 873 primis
991 798 1140 865 volo,
1163 802 1228 853 ut
1256 797 1306 853 si
1338 795 1565 870 aliquid
1598 796 1815 870 injuste
1837 803 2026 866 teneo,
2059 798 2154 855 cui

506 888 804 963 competit,
819 887 1160 944 restituatur
1187 886 1446 942 omnino.
1465 876 1903 960 Indequidﬁuid
1932 888 1991 944 in
2018 906 2157 961 sup-

504 976 779 1052 pellectili
810 994 939 1033 mea
959 974 1280 1033 domestica
1301 974 1613 1044 invenitur,
1636 976 1973 1033 domesticis
2005 977 2153 1033 divi-

504 1069 698 1136 datur,
723 1066 832 1123 hoc
862 1070 970 1134 est,
997 1064 1247 1134 clericis,
1272 1064 1375 1138 qui
1392 1064 1534 1120 mihi
1563 1065 1919 1135 deserviunt,
1944 1069 2001 1121 et
2032 1067 2155 1138 qui-

502 1156 779 1219 busdam,
812 1155 925 1209 nisi
951 1153 1262 1223 defuerint,
1294 1152 1549 1220 laiculis,
1581 1152 1871 1209 mansalia
1905 1152 2151 1222 scilicet,

506 1243 847 1311 scamnalia,
878 1241 1258 1311 lectisternia,
1290 1242 1597 1298 curtinulaa
1639 1243 1816 1305 (1226)
1845 1243 1894 1299 si
1938 1244 2155 1299 fuerint

506 1334 737 1407 aliqua,
763 1337 971 1398 vestes,
996 1330 1084 1388 vel
1111 1334 1319 1388 caetera
1351 1330 1714 1402 hujusmodi.
1740 1330 1967 1387 Denarii
1998 1347 2151 1399 vero,

508 1423 557 1479 si
588 1423 734 1479 mihi
768 1422 984 1479 iuerint
1012 1420 1217 1493 aliqui,
1242 1421 1323 1476 ita
1352 1417 1480 1476 volo
1512 1420 1655 1475 fiant
1702 1420 1892 1475 divisi.
1926 1420 2071 1489 Una,
2105 1419 2155 1475 si

505 1512 701 1579 fuerit,
723 1512 875 1568 libra
903 1511 1073 1567 detur
1102 1509 1471 1566 curatoribus
1502 1507 1725 1566 funeris
1757 1509 1871 1565 mei
1904 1526 1917 1564 :
1951 1508 2153 1576 altera,

506 1602 619 1659 nisi
633 1600 903 1669 defuerit,
921 1599 1148 1655 clericis
1165 1598 1471 1655 ecclesiam
1493 1597 2154 1670 pbssidentibussanctaa

508 1690 703 1747 Maria:
720 1686 1152 1754 Cousolatricis,
1165 1704 1301 1743 cum
1316 1686 1539 1742 caeteris
1567 1685 1627 1741 in
1654 1687 1855 1741 eodem
1886 1686 2155 1743 Judicato

510 1778 663 1835 512
694 1776 1025 1849 descriptis.
1057 1775 1352 1848 Quidquid
1398 1774 1705 1847 supererit,
1741 1775 1861 1830 sive
1897 1774 1973 1831 sit
2002 1773 2154 1829 mul-

507 1873 657 1957 tum,
681 1866 837 1939 quod
855 1882 971 1957 non
994 1865 1184 1957 credo,
1204 1865 1326 1957 sive
1346 1863 1425 1957 sit
1443 1880 1660 1957 parum
1692 1867 1791 1957 aut
1812 1867 1964 1957 certe
1985 1862 2153 1957 nihil,
2186 1892 2234 1957 Β

509 1956 661 2031 quod
697 1972 814 2013 non
844 1954 1130 2022 discredo,
1165 1954 1376 2010 habeat
1407 1953 1695 2010 Martinus
1725 1951 1908 2015 (1227)
1940 1952 2156 2009 loculo-

509 2063 642 2101 rum
674 2061 831 2102 nunc
860 2047 1118 2100 servator
1133 2058 1419 2111 meorum,
1437 2046 1538 2098 aut
1559 2042 1681 2113 qui,
1702 2042 1938 2114 quando
1959 2042 2151 2111 obibo,

507 2140 649 2191 tunc
665 2134 821 2190 idem
847 2132 1119 2188 habuerit
1140 2129 1556 2187 ministerium.
1574 2129 1681 2195 Qui
1713 2146 1845 2186 vero
1866 2130 1919 2187 ei
1941 2129 2156 2203 quidli-

504 2222 605 2280 bet
625 2222 761 2279 inde
771 2219 1098 2290 abstulerit,
1116 2219 1191 2276 sit
1213 2218 1296 2274 illi
1321 2217 1636 2276 anathema
1653 2221 1710 2273 et
1726 2218 1990 2275 confusio
2005 2236 2158 2275 sem-

507 2312 754 2385 piterna.
787 2311 922 2377 Quaa
952 2311 1025 2366 ad
1069 2309 1287 2366 victum
1336 2306 1633 2381 pertinent
1680 2324 1836 2375 vero,
1870 2306 2153 2375 ccclesiis,

506 2399 735 2470 vellem,
783 2416 932 2473 quas
976 2402 1269 2455 restruere
1334 2413 1463 2453 sero
1521 2396 1728 2467 (1228),
1777 2395 1924 2468 proh
1958 2395 2151 2453 dolor!

509 2489 797 2561 inchoavi,
829 2487 1299 2544 concederentur.
1341 2483 1647 2541 Retribuat
1676 2500 1809 2539 vero
1840 2485 1993 2540 Deus
2024 2484 2155 2539 uni-

509 2577 743 2651 cuique,
775 2580 950 2649 prout
977 2574 1245 2648 gesserit,
1279 2573 1436 2629 inde.
1469 2572 1689 2630 Caballi
1738 2576 2036 2638 caeterum,
2065 2573 2155 2630 vel

512 2666 630 2723 alia
658 2665 708 2722 si
739 2664 885 2721 mihi
909 2663 1126 2720 fuerint
1162 2663 1234 2719 ad
1263 2662 1373 2718 iter
1420 2662 1781 2735 carpendum
1827 2662 2156 2733 juvamina,

585 2781 767 2853 (1226)
789 2778 1105 2853 σανιίηυιέξ
1120 2776 1512 2853 diminitivum
1543 2777 1701 2853 vocis
1730 2780 1986 2853 curtinze,
2011 2778 2156 2853 alias

510 2848 761 2976 cortinfae,
796 2867 924 2975 qtuaa
954 2849 1109 2922 apud
1144 2848 1320 2903 medii
1350 2848 1452 2904 aevi
1481 2849 1794 2921 scriptores
1825 2851 1948 2905 vela
1993 2852 2156 2905 aulea

513 2940 664 2976 slum
694 2938 820 2976 iean
856 2962 868 2975 .

513 2923 868 2979 siznifieant.

568 2940 1073 3131 8(igl2l';§ull‘itostrum
1107 2990 1511 3063 apographum
1540 2992 1751 3047 Maran.

582 3066 743 3131 (1228
795 3063 943 3131 Sero,
977 3062 1035 3117 id
1066 3068 1153 3118 est
1183 3066 1315 3131 post
1340 3061 1573 3117 tertiam
1616 3063 1751 3118 resti

607 3061 764 3131 1228)
795 3063 943 3131 Sero,
977 3062 1035 3117 id
1066 3061 1159 3118 est
1183 3066 1315 3133 post
1330 3061 1573 3117 tertiam
1616 3063 2042 3118 restitutionem
2092 3063 2152 3119 in

510 3133 706 3195 sedem
737 3135 1303 3201 Veronensem,cum
1318 3149 1379 3189 se
1397 3134 1468 3189 de
1497 3133 1758 3190 ecclesiis
1788 3134 2155 3190 restrucndis

490 3207 825 3275 ,‘sollicitum
880 3204 1163 3278 exhibuit.
1223 3203 1367 3260 Vide
1427 3204 1721 3274 Qualitatis
1784 3207 2156 3278 conjecturam

513 3282 764 3357 numug.
797 3280 857 3357 et
884 3277 1305 3357 Applogeticum.

604 3351 764 3430 1229)
794 3346 1205 3430 §upplevimus
1233 3363 1341 3402 non
1372 3363 1443 3430 ex
1469 3346 1675 3430 eodem
1706 3347 2061 3430 apo'grapho.

606 3422 765 3486 t250)
797 3417 898 3475 Ita
922 3417 1081 3490 idem
1135 3417 1557 3489 apographum.
1590 3417 1759 3489 Apud
1802 3417 1908 3473 Pe:
1928 3417 1944 3420 “
1968 3420 2157 3490 quisve

505 3494 804 3560 contingat,
855 3489 1155 3561 mendose.
1206 3490 1532 3560 Repentinus
1561 3504 1935 3561 casus,quem
1978 3489 2153 3544 time-

506 3564 625 3628 bat,
662 3578 819 3632 mors
839 3566 929 3616 est
950 3580 969 3627 ;
993 3560 1264 3632 elongatio
1280 3563 1488 3632 autem
1512 3560 1998 3632 promissa,quam
2030 3577 2157 3631 spe-

508 3631 817 3697 rabat,’illa
845 3634 956 3696 est,
987 3647 1166 3702 quam
1196 3630 1417 3702 indicat
1463 3630 1525 3684 in
1573 3630 1748 3702 epist.
1775 3630 1853 3686 13⁷
1887 3631 1960 3702 ad
2005 3630 2155 3687 Ade-

506 3705 725 3781 laidem
740 3699 1188 3781 imperatricern
1211 3718 1224 3764 ;
1262 3722 1301 3781 ει⁸
1320 3699 1593 3781 Elongari
1614 3699 1812 3781 potius
1827 3701 2159 3781 salubriter

507 3782 565 3830 et
592 3770 857 3830 habitare
877 3773 935 3827 iu
967 3770 1303 3826 monasterii
1328 3771 1441 3826 mei
1469 3770 1737 3827 desidero
1760 3771 2095 3828 solitudine.
2125 3795 2154 3824 ι)

507 3846 613 3902 Hic
643 3846 841 3916 itaque
872 3842 1294 3916 paragraphus,
1322 3841 1424 3916 qui
1455 3843 1514 3897 in
1545 3842 1671 3914 ipso
1698 3842 1894 3916 codice
1934 3844 2158 3916 aliquot

507 3913 795 3995 linearum
826 3913 1219 3995 spatio'vacup
1242 3913 1690 3995 interjectppost
1712 3913 2155 3995 Testamentum

506 3987 840 4059 subjicitur,
858 3984 1100 4059 additus
1118 4002 1153 4040 a
1174 3984 1448 4040 Ratherio
1470 3984 1716 4059 videtur,
1745 4002 1878 4059 enm
1901 3986 2155 4059 abeundi

506 4056 888 4187 praiceptum,
909 4058 1064 4130 quod
1087 4062 1353 4129 expetere
1374 4060 1644 4129 cmperat,
1663 4056 1773 4129 ipsi
1794 4058 2155 4130 promissum

537 4150 594 4187 ui
630 4173 643 4187 .

537 4150 643 4187 υιι.

2264 620 2547 694 temporis
2575 619 2982 687 consistentes,
3017 615 3412 673 necessarium
3442 614 3761 671 habuerint
3784 631 3932 671 sese

2262 709 2401 767 alibi
2426 709 2761 777 transferre,
2797 708 2866 764 de
2896 706 3089 780 patria
3117 713 3172 762 et
3200 703 3545 778 cognatione
3571 704 3764 760 measi
3788 704 3925 759 fue-

2263 799 2382 854 rint
2403 797 2674 854 maxime.
2692 797 2821 853 Hazc
2841 799 2899 852 et
2921 795 3015 853 his
3043 792 3391 851 cohaerentia
3412 809 3548 849 cum
3578 809 3694 849 non
3725 790 3925 865 (1229)

2262 903 2488 961 magna
2518 885 2900 960 pretiositatis
2932 885 3051 940 sint
3080 886 3233 940 certe
3266 883 3483 950 futura,
3518 882 3924 939 contradicto-

2264 977 2429 1033 ribus
2471 975 2741 1031 invadere
2779 972 3210 1046 Omnipotentis
3267 971 3574 1044 prohibeat
3626 986 3726 1028 eos
3773 987 3923 1027 con-

2261 1069 2457 1121 terens
2486 1064 2688 1137 utique
2718 1063 2955 1120 dextera
2983 1066 3042 1118 et
3072 1065 3413 1119 sanctorum
3458 1059 3723 1116 omnium
3776 1076 3926 1117 ana-

2262 1154 2482 1209 thema.
2508 1154 2709 1208 Amen.

2332 1244 2385 1297 3.
2411 1243 2479 1298 Et
2500 1242 2618 1297 h:ec
2649 1241 2887 1314 quidem
2918 1238 3206 1313 repentini
3238 1256 3409 1295 casus
3431 1242 3687 1312 aguntur
3708 1255 3926 1312 suspe-

2264 1336 2375 1400 cto,
2410 1332 2509 1404 qui
2542 1332 2662 1388 sive
2695 1332 2899 1399 (1230),
2931 1329 3251 1403 contingat,
3283 1328 3403 1384 sive
3433 1327 3725 1401 elongatio
3773 1344 3924 1401 pro-

2264 1421 2450 1477 missa
2462 1422 2655 1488 detur,
2669 1423 2733 1475 ut
2746 1422 3045 1492 speratur;
3072 1418 3420 1474 commendo
3438 1421 3638 1474 vestrae
3652 1417 3918 1485 tuitioni,

2266 1510 2419 1567 513
2442 1509 2978 1582 paterexcelsc(123
3018 1508 3057 1581 ),
3081 1507 3405 1579 descriptos
3434 1523 3638 1563 omnes
3675 1505 3735 1562 in
3768 1522 3921 1562 mea:

2263 1599 2659 1655 concessionis
2676 1599 2923 1664 decreto,
2947 1613 3014 1652 eo
3036 1596 3256 1652 scilicet
3289 1600 3506 1663 tenore,
3532 1599 3597 1651 ut
3638 1612 3771 1650 cum
3816 1610 3922 1650 ve-

2264 1688 2403 1744 stris
2434 1687 2714 1743 fratribus
2746 1686 2924 1759 (1232)
2958 1702 3057 1741 eos
3090 1689 3293 1740 contra
3322 1700 3526 1741 omnes
3554 1688 3778 1740 vestros
3810 1684 3922 1740 de-

2265 1775 2516 1833 fendatis
2548 1775 2804 1847 rogando
2838 1776 3065 1842 fratres,
3094 1777 3297 1829 contra
3326 1776 3563 1829 caeteros
3592 1788 3745 1842 vero,
3778 1771 3921 1845 qui—

2267 1866 2377 1921 bus
2403 1864 2668 1938 poteritis
2697 1863 2948 1931 viribus;
2973 1861 3261 1935 praecipue
3282 1879 3415 1918 vero
3431 1860 3716 1929 libellum,
3732 1877 3923 1933 quem

2265 1955 2394 2023 feci,
2424 1952 2713 2010 clericulis
2734 1951 2967 2009 duobus
2980 1951 3232 2008 Martino
3244 1955 3301 2007 et
3323 1951 3704 2024 Gisemperto,
3722 1949 3782 2006 id
3801 1954 3922 2018 est,

2263 2042 2515 2099 casalem
2569 2046 2615 2110 1,
2649 2042 2805 2113 quod
2854 2041 3155 2113 (1233).....
3198 2039 3567 2096 nominatum
3613 2056 3715 2113 per
3759 2038 3925 2095 duos

2263 2148 2420 2187 nunc
2478 2129 2751 2186 incolitur
2816 2130 2969 2186 viros
3024 2129 3309 2185 Albonem
3370 2129 3522 2185 514
3582 2128 3918 2201 (1234)......

2265 2237 2440 2294 quem
2472 2219 2711 2291 quidem
2756 2218 2895 2291 quia
2940 2217 3220 2274 diaconus
3269 2217 3505 2273 nomine
3557 2216 3921 2273 Benedictus

2265 2306 2664 2365 fraudulenter
2692 2307 3064 2379 acquisierat,
3087 2307 3159 2363 ab
3191 2322 3256 2362 eo
3289 2306 3560 2363 auferens
3590 2304 3720 2362 istis
3768 2323 3921 2362 con-

2265 2397 2435 2464 cessi,
2466 2414 2535 2453 ea
2555 2413 2709 2466 vero,
2743 2395 2881 2468 quia
2932 2412 3049 2451 non
3107 2394 3300 2468 potuit
3348 2393 3531 2465 aliter,
3568 2394 3813 2462 ratione,
3849 2398 3925 2450 ut

2262 2488 2446 2543 donec
2476 2485 2658 2541 forem
2689 2487 3260 2558 superstes,mecum
3292 2482 3391 2539 illo
3415 2482 3924 2555 frucrentur,post

2263 2591 2396 2631 vero
2410 2591 2607 2631 meum
2620 2574 3031 2631 discessum29
3052 2589 3340 2629 annorum
3372 2571 3681 2628 curriculo.
3708 2575 3772 2627 ut
3803 2589 3924 2628 ca:-

2262 2662 2403 2719 teris
2436 2662 2616 2719 moris
2646 2666 2734 2719 est
2754 2662 2956 2735 (1235),
2986 2661 3373 2735 possiderent.

2336 2778 2519 2849 (1231)
2550 2779 2730 2849 Patris
2760 2778 2961 2833 excelsi
2989 2776 3245 2837 nomine.
3267 2778 3437 2848 cujus
3480 2776 3686 2849 fratres
3719 2781 3925 2849 Avocat

2261 2847 2629 2920 Veroneuscs
2655 2848 2915 2916 clericos,
2940 2847 3353 2920 successorem
3372 2864 3547 2920 suum
3579 2847 3923 2920 signiﬁcare

2263 2921 2513 2986 videtur,
2532 2919 2622 2976 cui
2645 2920 2795 2975 hanc
2812 2935 2982 2974 suam
3006 2918 3272 2974 ultimam
3302 2918 3678 2990 voluntatem,
3695 2923 3922 2990 etprae-

2264 2992 2432 3063 cipue
2462 3009 2579 3047 suae
2609 2993 2967 3047 concessionis
2996 2990 3290 3056 decretum,
3325 2991 3382 3045 id
3431 2995 3522 3046 est
3563 2989 3920 3057 Judicatum,

2263 3064 2656 3118 commendat.

2333 3136 2520 3202 (1232)
2576 3134 2681 3189 Pez
2736 3132 3180 3205 vestratibusLet
3218 3136 3439 3205 postea
3495 3135 3752 3205 vestrates
3807 3150 3923 3205 pro

2264 3206 2485 3277 fratres.
2517 3204 2851 3277 Apographi
2882 3204 3066 3277 nostri
3097 3202 3406 3277 lectionem
3448 3202 3839 3277 praetulimusl

2338 3277 2524 3347 (1233)
2558 3274 2686 3331 Haec
2719 3274 2929 3331 lacuna
2956 3274 3014 3330 in
3046 3274 3243 3331 codice
3269 3276 3395 3347 ipso
3448 3274 3648 3331 relicta
3697 3274 3922 3347 casalis

2263 3346 2566 3419 prOprium
2594 3365 2834 3420 nomen,
2867 3347 3022 3419 quod
3053 3346 3429 3403 amanuensis
3460 3364 3575 3402 nou
3610 3347 3802 3420 potuit
3830 3346 3921 3403 le-

2264 3418 2417 3492 gere,
2451 3418 2806 3492 continebat.

2350 3491 2505 3562 1234)
2532 3490 2642 3562 Hic
2674 3506 2907 3562 quopue
2932 3489 3098 3545 deest
3118 3505 3330 3545 nomen
3353 3488 3914 3559 alteriuseduobus,

2264 3560 2363 3632 qui
2395 3560 2645 3617 casalem
2675 3560 3026 3616 incolebant.

2334 3634 2514 3703 (1255)
2548 3633 2678 3688 Haec
2709 3632 2991 3686 nimirum
3038 3629 3460 3687 libellariorum
3499 3636 3914 3689 contractuum

2265 3704 2411 3758 ratio
2440 3708 2583 3771 erat,
2617 3708 2683 3758 ut
2711 3720 2896 3758 annos
2926 3719 3131 3758 novem
3161 3707 3219 3775 et
3246 3702 3451 3775 viginti
3511 3720 3625 3758 non
3670 3705 3917 3775 excede-

2266 3774 2518 3848 rent,_ad
2553 3775 3047 3848 praescriptionem
3098 3773 3346 3848 triginta
3395 3791 3684 3848 annorum
3722 3774 3917 3848 impe-

2265 3845 2566 3919 dienda‘m.‘
2578 3846 2764 3919 Hujus
2793 3845 3126 3900 contractus
3139 3845 3425 3919 vetustius
3448 3863 3607 3919 papae
3624 3845 3867 3919 Houerii
3893 3851 3917 3902 Ι

2265 3917 2598 3989 exemplum
2629 3916 2765 3972 anni
2788 3919 2895 3971 625
2932 3933 3000 3972 ex
3032 3933 3141 3971 ms.
3176 3916 3465 3972 Vaticano
3498 3916 3805 3989 edidimus
3854 3918 3919 3974 in

2264 3988 2512 4042 tractatu
2552 3990 2625 4043 De
2651 3990 2896 4060 antiquis
2919 3988 3322 4043 collectionibus
3351 3996 3402 4043 et
3425 3988 3799 4044 collectoribus
3826 4006 3919 4044 ca-

2263 4064 2749 4132 nonumpart.m,
2775 4075 2901 4132 cap.
2940 4061 3024 4128 14,
3055 4075 3189 4132 pag.
3223 4061 3347 4126 306,
3372 4064 3513 4115 tom.
3538 4061 3615 4115 ΙΙΙ
3638 4060 3919 4117 editionis

2266 4130 2598 4186 novissimae
2633 4131 2692 4186 S.
2727 4130 2955 4186 Leonis.

507 4224 3926 4260 Μ

1658 4323 2753 4428 RATEERII

1770 4495 2123 4558 EPISCOPI
2166 4497 2658 4561 VERONENSIS

830 4647 1739 4829 OPERUM
1872 4647 2426 4809 PARS
2554 4646 3589 4810 SECUNDA

1994 4859 2421 4875 ὴ

1822 4932 2615 5031 EPISTOLZE.

2002 5093 2401 5110 ἣ

899 5165 1047 5224 521
1084 5161 1435 5219 EPISTOLA
1474 5161 1722 5219 PRIMA.

1004 5272 1080 5311 AD
1120 5269 1412 5310 PATBICUM
1452 5252 1633 5324 (4236)

830 5349 912 5401 De
940 5359 1164 5416 corpore
1191 5346 1243 5398 et
1266 5342 1537 5413 sanguine
1573 5341 1811 5397 Domini.

580 5434 826 5505 PAfrIuco
858 5434 1213 5501 RATHERIUS,
1247 5430 1460 5486 misero
1488 5428 1881 5486 miserrimus.

582 5557 763 5632 (1236)
794 5558 932 5632 Hgio
961 5555 1221 5632 epistola
1250 5553 1569 5632 separatim
1599 5555 1681 5632 ab_
1701 5554 1947 5632 ecberio
2005 5559 2162 5616 edita

512 5626 601 5689 est
630 5645 661 5703 e
682 5626 1106 5703 _mis.__L9biepsi
1134 5631 1297 5703 tome
1318 5626 1529 5703 Xll._ln
1553 5626 1873 5703 novissima
1888 5644 2021 5686 vero
2041 5632 2162 5703 Spi-

516 5773 527 5787 .
580 5701 764 5787 (1237)
792 5698 1028 5772 Vulgati
1082 5698 1308 5754 addunt
1362 5696 1543 5771 siglas
1605 5700 1659 5757 V.
1691 5698 1747 5754 S.
1780 5715 1929 5772 quas
1981 5696 2123 5759 cod‘e

511 5775 768 5947 ιϐιδ)
782 5841 945 5904 Sicut
957 5838 1184 5903 Ordines
1194 5842 1514 5902 veneantur
1530 5838 1733 5917 libelli,
1747 5841 1842 5906 cui
1857 5800 2150 5930 cujusque

2179 5180 2228 5245 D

2332 5170 2515 5242 (1237)
2545 5168 2919 5242 Interrogasti
2955 5169 3274 5240 quemdam
3309 5186 3516 5243 nuper,
3541 5169 3781 5242 quando
3811 5166 3923 5224 sci-

2268 5260 2404 5315 licet
2432 5258 2717 5315 Dominus
2749 5262 2945 5313 noster
2971 5257 3272 5315 Conradus
3303 5258 3536 5315 ordines
3555 5258 3739 5327 ([238)
3766 5272 3925 5313 exer-

2268 5349 2387 5404 cuit
2403 5346 2825 5403 ecclesiasticos
2851 5345 3002 5403 522
3033 5345 3158 5403 loco
3191 5347 3290 5420 qui
3324 5347 3541 5403 dicitur
3581 5347 3777 5402 Horna
3804 5362 3818 5415 ;
3852 5348 3917 5401 tu

2270 5442 2403 5511 apte
2437 5436 2523 5511 [f.,
2548 5434 2790 5508 aperte],
2814 5434 2915 5491 sed
2968 5451 3129 5492 more
3154 5436 3216 5508 [fi
3244 5436 3572 5492 subauditur
3628 5434 3776 5506 tuo],
3808 5432 3918 5491 hoc

2269 5560 2461 5633 cilegii
2493 5557 2798 5616 Acheriani
2828 5559 3082 5616 editione
3114 5577 3231 5616 una
3271 5577 3407 5616 cum
3466 5559 3597 5616 aliis
3655 5557 3915 5640 Ratherii

2390 5632 2409 5633 ί
3633 5648 3667 5687 o
3713 5632 3911 5687 oribus

2268 5702 2670 5777 ecclesiasticis
2703 5701 3019 5777 fu‘nctionis
3049 5702 3229 5777 ritum
3256 5703 3647 5777 ordinemque
3660 5648 3920 5777 grmscri-

2267 5776 2449 5851 bunt;
2480 5775 2564 5837 ita
2589 5773 2918 5842 functiones
2965 5773 3389 5857 ecclesiasticae,
3421 5773 3562 5858 quas
3578 5774 3651 5839 ad
3661 5773 3916 5913 ’θοιιὲἓέ-
