4052 6404
426 354 576 431 ’663
1364 355 1740 421 RATHERII
1782 354 2028 420 EPISG.
2072 353 2364 421 manu.
2413 355 2588 418 OPP.
2634 351 2835 416 PARS
2877 349 2957 416 Ῑῐ.
3740 342 3899 412 “661

395 486 406 511 ’
454 492 763 569 litudinem
788 491 1132 553 monasterii
1162 495 1438 564 petere,ct
1471 492 1545 546 ibi
1566 495 1894 562 exSpectare
1915 492 2099 547 Deum
2131 498 2178 560 Α
2212 507 2371 549 more
2405 489 2576 564 ignis,
2611 488 2709 560 qui
2741 488 3004 545 modicas
3049 481 3397 543 delambens
3448 480 3675 557 paleas,
3723 484 3895 541 dum

462 583 562 659 qui
592 582 814 639 salvum
846 599 940 638 me
962 583 1171 637 faceret
1202 600 1233 636 a
1264 581 1750 652 pusillanimitate
1782 579 2028 652 spiritus
2060 582 2116 635 et
2224 593 2327 651 per
2356 576 2645 633 incuriam
2678 593 2791 632 non
2822 572 3531 649 exstinguitur,comburit
3557 588 3711 645 saepe
3739 569 3897 628 civi-

464 674 812 743 tempestate
841 671 1316 743 persequentium
1369 672 1545 741 (Psat.
1597 686 1705 733 LIV,
1747 670 1824 735 9),
1879 686 2113 725 causas-
2224 670 2373 723 tates
2404 666 2717 731 maximus)
2742 684 2755 721 :
2780 681 3108 738 prazcavens
3139 662 3356 731 etiam;
3391 679 3462 718 ne
3505 662 3678 734 juxta
3715 660 3899 718 illius

467 777 581 832 que
611 758 973 832 expulsionis
999 776 1139 816 mea
1167 777 1199 814 a
1244 759 1589 830 memetipso
1631 758 1962 829 pmnitendo
2005 757 2119 812 exi-
2225 756 2284 810 in
2332 754 2722 811 decretalibus
2780 754 3029 821 dictum,
3083 752 3184 825 qui
3244 751 3365 808 ait:
3398 752 3751 824 Manifestum
3806 753 3903 807 est

467 865 619 922 gere,
645 865 854 921 meque
882 849 1099 920 ipse,ut
1144 865 1259 903 non
1303 847 1620 919 judicarer,
1647 846 1932 917 judicare,
1961 846 2116 918 quod
2225 845 2469 915 conﬁteri
2524 845 2687 898 illum
2742 843 2808 899 de
2864 844 3116 913 crimiue,
3174 843 3274 914 qui
3326 842 3585 897 canonice
3635 843 3896 907 vocatus,

470 936 886 1005 statuissetis,a
914 938 1029 993 Deo
1052 937 1345 992 decretum
1366 936 1599 990 credere
1625 953 1636 990 :
1658 952 1934 991 summus
1961 935 2119 991 enim
2219 934 2496 1007 judicium
2524 933 2853 1003 subterfugit
2883 950 2894 987 :
2921 932 3175 988 mstimer
3205 948 3322 986 non
3343 934 3581 986 vocatus
3613 929 3895 1002 quidem,

469 1026 728 1097 pontifex
757 1043 792 1081 a
820 1025 1052 1081 nemine
1094 1025 1265 1081 debet
1306 1024 1672 1096 reprehendi,
1707 1028 1764 1079 et
1811 1040 1910 1080 cor
1963 1023 2121 1096 regis
2230 1023 2330 1078 scd
2385 1025 2754 1094 provocatus,
2797 1020 3090 1093 judicium
3141 1036 3235 1075 me
3292 1018 3437 1075 velle
3483 1018 3899 1075 delitescendo

469 1112 531 1169 in
565 1131 740 1170 manu
799 1114 900 1170 Dei
959 1114 1140 1185 (onv.
1191 1131 1309 1179 xxx,
1356 1113 1424 1183 1).
1471 1115 1603 1179 Quae
1633 1113 1748 1168 duo
1806 1118 2124 1185 utrumque
2231 1112 2520 1183 eti'ugere;
2551 1111 2622 1166 ad
2651 1111 2827 1182 pedes
2850 1108 3209 1182 apostolatus
3231 1109 3522 1165 vestrime
3551 1111 3898 1180 prosterno,

472 1203 1025 1269 commonefaciunt,
1075 1204 1267 1273 credo,
1318 1202 1483 1257 illum
1507 1202 1585 1274 [id
1624 1210 1703 1258 est
1728 1202 2115 1275 pontiﬁcem],
2228 1204 2289 1256 et
2319 1199 2451 1273 quis
2499 1216 2529 1255 e
2560 1199 2730 1254 nobis
2761 1199 3015 1266 duobus,
3067 1215 3201 1254 cum
3257 1215 3378 1254 una
3422 1196 3675 1254 ecclesia
3710 1197 3902 1253 sedes

473 1308 546 1363 ne
594 1290 1073 1362 reprehendenda
1120 1294 1280 1363 agat;
1314 1290 1491 1345 istum
1528 1290 1607 1361 [id
1642 1298 1720 1344 est
1771 1290 2013 1361 regem],
2050 1305 2121 1344 ne
2233 1290 2380 1345 duos
2402 1305 2518 1342 non
2549 1287 2819 1344 admittat
2866 1289 3155 1356 sedentes,
3190 1286 3502 1360 episcopus
3550 1286 3646 1353 sit,
3675 1286 3902 1341 audire

475 1396 575 1453 cor
604 1396 780 1435 suum
811 1397 845 1435 a
874 1396 1049 1435 manu
1085 1379 1206 1446 Dei,
1266 1379 1324 1434 id
1378 1383 1486 1447 est,
1520 1396 1554 1434 a
1599 1377 1994 1451 gubernaculo
2048 1376 2121 1449 (si
2230 1378 2424 1451 cupio.
2477 1377 2537 1435 Si
2580 1394 2706 1450 ego,
2756 1376 3109 1433 Veronensis
3158 1393 3295 1450 ergo
3329 1376 3418 1432 :si
3460 1376 3581 1443 ille,
3623 1374 3902 1448 repulsio

474 1486 574 1531 rex
590 1470 727 1540 jure
756 1467 924 1525 malit
951 1485 1097 1535 esse,
1145 1485 1321 1539 quam
1372 1468 1584 1536 vocari)
1634 1468 1694 1522 in
1740 1466 2120 1539 disponendis

475 1558 639 1633 regni
672 1557 1020 1614 necessariis
1050 1557 1293 1611 auferat.
1324 1557 1594 1612 Vestram
1644 1556 1815 1611 credo
1864 1555 2119 1628 paterni-

475 1650 657 1702 tatem
691 1661 881 1717 neque
908 1644 1182 1711 voluisse,
1235 1661 1421 1717 neque
1468 1661 1673 1700 ausam
1714 1643 1894 1699 fuisse
1925 1648 2128 1699 contra

476 1733 666 1806 legem
699 1733 1039 1789 canonicam
1071 1732 1244 1789 alicui
1297 1732 1580 1805 quidlibet
1625 1732 1834 1805 agendi
1877 1734 2015 1788 dare
2054 1732 2123 1787 1i-

2234 1485 2365 1523 mca
2408 1483 2524 1522 non
2573 1466 2785 1522 furtiva
2831 1483 2963 1522 osse
3003 1467 3192 1534 debet,
3240 1466 3342 1522 sed
3392 1465 3644 1539 publica,
3688 1482 3767 1521 ne
3812 1464 3903 1520 ob

2233 1555 2447 1613 falsum
2481 1555 2783 1611 contrariae
2816 1554 3170 1627 suspicionis
3198 1571 3514 1622 rumorem,
3549 1557 3755 1610 contra
3784 1570 3905 1610 vos

2233 1646 2415 1716 (13l6)
2465 1644 2678 1700 clamet
2720 1643 2972 1700 ecclesiae
3022 1647 3197 1714 terra,
3244 1647 3303 1699 et
3332 1642 3482 1701 sulci
3530 1644 3717 1716 (juxta
3750 1643 3908 1700 Gre-

2233 1733 2487 1806 gorium)
2519 1734 2647 1805 ejus
2680 1750 2813 1789 cum
2846 1749 2932 1788 ea.
2966 1732 3158 1799 Adimi
3192 1749 3425 1804 quoque
3467 1733 3739 1806 episcopo
3771 1732 3908 1805 epi-

482 1820 929 1880 eentiamzillum
950 1839 1066 1877 non
1090 1821 1203 1877 alia
1220 1822 1560 1879 necessitate
1583 1839 1828 1895 regnum
1842 1821 2124 1878 ambiisse
2155 1861 2204 1935 Β
2233 1826 2560 1896 scopatum,
2595 1826 2910 1893 antequam
2961 1838 3151 1877 causa;
3201 1822 3329 1893 ejus
3359 1821 3550 1877 exitus
3586 1826 3904 1895 appareat,

488 1911 744 1935 IL_‘I:_--_.
784 1911 888 1935 _:-:
939 1914 999 1935 -.ι
1035 1910 1340 1935 Δε..ι,.-ι--....
1386 1928 1486 1935 ..-κ
1517 1909 1857 1935 ....-1ιε..-,ι..
1893 1910 2092 1935 ε..ι.-,.ιε
2240 1915 2432 1935 --.ι-η...
2470 1910 2569 1935 “Il:
2608 1910 2933 1935 (NL—2-1.2-..-
2985 1910 3161 1935 -.ηιμ-ε
3196 1911 3321 1935 in-..
3372 1911 3558 1935 ..---ει.
3623 1928 3649 1935 -
3696 1915 3901 1935 ---μιν--

483 1911 891 1978 Italicum,nisi
939 1914 1003 1965 ut
1032 1910 1346 1967 distortum
1384 1928 1487 1982 per
1517 1909 1864 1965 multimoda
1893 1910 2124 1981 injusti-

482 2000 722 2069 tiarum,
756 1998 1096 2069 hujusmodi
1137 1998 1360 2055 scilicet
1405 2002 1462 2054 et
1486 1998 1733 2055 aliarum
1774 1999 2129 2055 irrectitudi-

484 2106 628 2146 num
654 2088 979 2155 volumina,
1010 2088 1083 2144 ad
1142 2087 1552 2144 rectitudinem
1601 2088 1943 2144 Christianae
1983 2087 2130 2161 legis

482 2181 767 2252 potestate
799 2176 1090 2250 imperiali
1122 2180 1351 2249 cogeret
1381 2194 1626 2249 regnum
1661 2178 1863 2250 (1313).

553 2267 607 2329 9.
644 2271 1014 2325 Decreveram
1058 2265 1258 2338 igitur,
1292 2270 1359 2321 ut
1401 2267 1590 2322 dicere
1638 2267 1805 2338 coepi,
1840 2270 2131 2323 monaste-

482 2357 639 2415 rium
668 2356 752 2412 ita
788 2355 1091 2428 expeditus
1139 2358 1376 2427 petere;
1407 2356 1505 2410 sed
1555 2372 1789 2410 rursum
1845 2355 2130 2427 cogitans,

483 2445 545 2502 in
577 2444 734 2517 quali
764 2443 965 2499 ordine
996 2441 1116 2497 illic
1147 2459 1377 2515 quoque
1412 2443 1681 2499 deberem
1700 2444 2133 2516 vesse,episcopi

487 2533 730 2601 scilicet,
764 2550 837 2589 an
870 2532 1213 2604 presbyteri,
1250 2548 1322 2586 an
1357 2531 1615 2599 alterius,
1651 2549 1723 2587 an
1773 2532 1993 2588 nullius
2041 2549 2131 2588 or-

487 2623 645 2679 dinis
667 2622 987 2693 (dicturum
1037 2624 1126 2676 est
1165 2620 1322 2676 enim
1371 2620 1611 2676 forsitan
1662 2620 1877 2693 aliquis
1907 2638 2130 2691 eorum,

489 2711 593 2783 qui
623 2710 735 2767 sibi
787 2713 1126 2782 arrogantes
1174 2708 1363 2765 solent
1401 2709 1461 2764 in
1514 2711 1710 2779 corde,
1752 2709 1911 2766 velut
1957 2711 2132 2767 etiam

472 2800 585 2863 ,bic
613 2798 984 2872 publicanus,
1012 2797 1220 2862 dicere,
1255 2798 1393 2869 quia
1431 2814 1536 2854 nec
1583 2815 1717 2854 cum
1750 2799 1919 2855 bonis
1952 2801 2135 2872 (1314)

488 2887 654 2954 laicis
683 2887 743 2943 in
774 2886 1030 2943 ecclesia
1061 2886 1296 2958 publica
1341 2887 1741 2944 admittendus
1771 2906 1902 2943 sum
1935 2889 2135 2945 statio‘

489 2994 563 3034 ne
597 2995 610 3033 :
644 2992 675 3033 e
705 2976 930 3033 diverso
963 2975 1207 3031 forsitan
1239 2975 1409 3042 alius,
1442 2980 1603 3033 tanto
1634 2977 1885 3049 dignior,
1919 2978 2134 3051 inquit,

488 3070 707 3140 quanto
739 3063 967 3138 ﬂagello
1000 3064 1270 3135 attritior)
1307 3081 1319 3119 :
1346 3065 1639 3122 ﬂuctuans
1670 3065 1822 3122 inter
1850 3066 1972 3123 haec
2011 3068 2134 3123 ani-

486 3144 641 3225 mus,
691 3153 785 3210 cui
834 3152 1028 3226 potius
1076 3169 1385 3210 assensum
1416 3154 1692 3226 praebeat,
1726 3154 1974 3226 ignorat.
2023 3156 2134 3212 Ve-

2240 1915 2438 1967 utrum
2470 1910 2574 1966 ulli
2608 1910 2938 1967 Christiano
2985 1910 3164 1966 videri
3187 1911 3323 1982 jure
3372 1911 3580 1984 possit,
3621 1928 3655 1968 a
3696 1915 3911 1969 vestra

2240 2000 2589 2073 paternitate
2641 1999 2770 2056 volo
2802 2000 3062 2068 discere;
3098 2017 3234 2056 nam
3293 2000 3474 2057 miser
3509 2016 3613 2073 ego
3669 2004 3725 2056 et
3774 2000 3911 2056 im-

2241 2089 2634 2162 peritissimus
2665 2089 2853 2144 multa
2903 2089 3016 2146 mei
3067 2106 3246 2145 causa
3292 2089 3635 2162 perquirens
3664 2093 3721 2146 et
3753 2090 3910 2147 rele—

2242 2194 2406 2252 gens,
2440 2194 2737 2250 nusquam
2767 2177 2876 2235 hoc
2908 2177 3068 2250 potui
3099 2177 3548 2244 invenire.Quod
3570 2179 3619 2235 si
3636 2178 3774 2235 talis
3804 2183 3909 2236 est

2243 2266 2435 2340 culpa,
2463 2266 2902 2323 convenientius
2931 2266 3179 2336 videtur,
3213 2271 3279 2323 ut
3323 2267 3676 2341 degradatus
3722 2268 3906 2342 prius

2242 2360 2436 2412 careat
2477 2355 2688 2425 ofﬁcio,
2740 2360 2873 2428 post
2919 2355 3231 2429 episcopio,
3283 2372 3357 2412 ne
3403 2374 3518 2413 non
3559 2359 3742 2430 juste,
3789 2352 3906 2415 s'ed

2242 2444 2479 2500 inimice
2507 2444 2774 2500 videatur
2798 2448 3015 2499 actum.

2316 2535 2401 2588 10.
2427 2534 2507 2589 Ne
2537 2533 2720 2606 igitur
2749 2532 3101 2590 criminosus
3147 2533 3346 2591 videar
3391 2535 3757 2603 criminatus,
3791 2541 3908 2594 aut

2245 2623 2420 2695 fugax
2476 2626 2842 2695 provocatus,
2902 2623 3257 2679 audientiam
3307 2640 3469 2698 rogo,
3529 2625 3903 2685 audientiam

2246 2711 2461 2784 ﬂagito,
2491 2711 2938 2783 invasoremque
2977 2711 3231 2769 ecclesiae
3279 2730 3420 2770 mem
3473 2730 3608 2770 eum
3637 2714 3766 2788 ipso
3800 2734 3906 2789 pa-

2244 2804 2469 2857 storum
2500 2800 2764 2856 omnium
2802 2804 3033 2872 pastore
3076 2801 3374 2858 audaciter
3403 2802 3589 2858 furem
3628 2804 3905 2863 vocitans

2245 2894 2302 2946 et
2355 2888 2642 2945 latronem
2698 2890 2877 2951 (Joan.
2908 2907 2966 2955 x,
3000 2892 3074 2962 1),
3133 2891 3273 2963 quia
3330 2891 3568 2947 aliunde
3608 2895 3903 2964 ascendit,

2245 2995 2363 3034 non
2424 2995 2526 3049 per
2582 2977 2798 3035 ostium
2856 2978 3139 3049 introivit,
3197 2980 3432 3052 (etenim
3489 2980 3717 3038 vivente
3770 2984 3903 3041 viro

2246 3067 2465 3123 nubere
2495 3067 2661 3123 alteri
2696 3067 2873 3138 [1317]
2900 3085 3018 3123 non
3042 3068 3361 3125 dimittitur
3382 3069 3595 3126 mulier
3616 3069 3905 3145 legitime)

2248 3155 2398 3214 545
2430 3172 2627 3212 coram
2658 3155 2987 3228 apostolatu
3037 3160 3241 3214 vestrae
3290 3158 3447 3214 sedis
3478 3159 3550 3215 ad
3599 3164 3903 3219 certamen

487 3244 796 3322 ridicoque.
814 3245 965 3315 post,
1008 3245 1065 3299 ct
1106 3241 1215 3299 hoc
1258 3242 1552 3314 insperato
1605 3243 1759 3300 544
1812 3244 2138 3317 percipiens
2168 3232 2212 3300 C
2249 3245 2598 3301 canonicum
2630 3262 2897 3317 provoco,
2951 3262 3018 3301 eo
3056 3245 3254 3312 etiam,
3287 3246 3337 3302 si
3385 3251 3586 3304 vestras
3632 3249 3907 3305 domina-

488 3331 851 3402 relatu,mihi
882 3332 952 3387 ab
993 3330 1223 3387 aemulis
1249 3332 1515 3403 quaedam
1546 3332 1741 3402 objici,
1769 3350 1871 3404 pro
1919 3334 2135 3405 quibus

488 3438 611 3477 non
634 3420 710 3488 vi,
744 3420 845 3476 sed
870 3421 1024 3491 jure,
1082 3418 1406 3475 ministerio
1456 3420 1799 3476 sacerdotali
1848 3437 1942 3478 me
1984 3438 2139 3480 asse-

492 3513 625 3565 rant
663 3507 877 3582 privari
913 3525 927 3575 ;
958 3524 1185 3574 verens,
1234 3523 1306 3564 ne
1353 3507 1475 3563 haec
1520 3509 1634 3565 mei
1682 3509 1867 3566 cessio
1915 3510 2002 3566 vel
2041 3528 2139 3585 pa-

490 3597 716 3664 tientia,
748 3596 999 3666 alicujus
1021 3595 1284 3662 alterius,
1316 3597 1618 3669 przesentis
1667 3597 1888 3655 scilicet
1926 3604 2027 3657 aut
2047 3602 2138 3656 fu-

495 3685 742 3752 turi,ﬁat
759 3682 1044 3758 depositio
1067 3702 1100 3738 a
1122 3684 1405 3757 dignitate
1428 3685 1967 3759 propria(proclivis
1979 3691 2136 3747 enim

487 3791 723 3847 semper
753 3778 842 3829 est
897 3768 956 3828 in
1013 3772 1301 3828 deteriora
1339 3774 1551 3829 veteris
1600 3776 1734 3829 Adae
1779 3777 2131 3849 posteritas;

490 3862 772 3937 nulloque
795 3861 1075 3918 existente
1098 3860 1197 3933 qui
1220 3865 1475 3935 opponat
1496 3879 1558 3919 se
1579 3879 1815 3919 murum
1840 3883 1942 3937 pro
1963 3867 2135 3924 domo

496 3951 694 4022 Israel,
728 3955 893 4009 stans
925 3951 983 4006 in
1030 3948 1296 4023 praelium
1360 3950 1420 4005 in
1481 3951 1578 4007 Die
1635 3952 1866 4008 Domini
1924 3957 2133 4025 [Ezram

491 4061 613 4112 X111,
645 4042 1086 4112 5);verendum
1144 4045 1234 4097 est
1281 4041 1460 4112 [1315]
1520 4058 1590 4096 ne
1638 4058 1877 4113 serpens
1936 4061 2039 4117 per
2068 4045 2137 4101 li-

488 4132 741 4190 centiam
772 4129 987 4186 vulnus
1035 4130 1096 4185 in
1157 4129 1419 4185 futurum
1474 4128 1658 4186 multo
1703 4131 1805 4186 fiat
1857 4132 2136 4204 deterius,

560 4275 743 4348 (1313)
774 4273 918 4348 Vide
949 4290 1021 4348 ne
1052 4288 1120 4328 ex
1148 4289 1283 4348 voce
1315 4274 1594 4348 imperiali
1625 4272 1941 4343 existimes,
1976 4275 2136 4331 Otto-

489 4343 623 4418 nem
654 4344 697 4413 Ι,
726 4343 960 4418 quando
991 4343 1403 4418 baechscripta
1434 4345 1696 4418 fuerunt,
1738 4362 1840 4418 seu
1902 4350 2136 4418 quando

488 4417 716 4475 Italiam
743 4414 1097 4483 ingressus,
1131 4414 1370 4487 Veronae
1401 4414 1739 4487 episcopum
1771 4414 1993 4472 invenit
2039 4420 2139 4475 Mi-

490 4488 703 4556 lonem,
728 4489 856 4559 jam
899 4487 972 4542 ad
1032 4486 1344 4559 imperium
1396 4487 1575 4559 fuisse
1602 4486 1985 4559 assumptum
2023 4508 2035 4557 ;
2072 4509 2137 4547 ac

531 4556 915 4615 roinde'banc
945 4556 1273 4628 epistulam,
1326 4557 1514 4611 serius
1562 4557 1747 4614 multo
1796 4556 1971 4628 quam
2014 4556 2134 4617 ere-

531 4577 732 4615 romae
765 4577 915 4614 [18.Πο
945 4577 1273 4628 θριειοιωη,
1326 4577 1514 4611 SCI‘IUS
1563 4577 1747 4614 ωυιω

488 4577 706 4696 Simus,
737 4632 1032 4699 exaratam
1057 4628 1257 4683 luisse.
1286 4628 1601 4699 Nunquam
1634 4630 1788 4684 enim

488 4700 599 4759 hac
629 4700 687 4771 in
716 4697 962 4771 epistola
988 4698 1255 4771 Ottonem
1281 4697 1824 4771 imperatorem,aut
1850 4706 2130 4761 Caesarem

488 4769 773 4842 nominat,
808 4769 958 4842 utin
1011 4769 1145 4842 aliis
1184 4769 1457 4840 operibus
1506 4775 1639 4842 post
1689 4772 1898 4828 initum
1946 4776 2018 4830 ab
2068 4794 2133 4833 eo

486 4841 812 4914 imperium
831 4840 1063 4912 scriptis
1094 4845 1427 4914 constanter
1458 4840 1793 4899 nominasse
1815 4844 2132 4914 deprehen-

485 4911 682 4986 ditur;
716 4911 818 4986 sed
847 4911 1066 4986 regem,
1092 4914 1319 4986 tantum
1367 4913 1426 4966 in
1480 4914 1684 4986 eadem
1715 4911 1985 4986 appellat.
2014 4920 2128 4974 Ad-

476 4985 757 5061 jectivum
788 4983 1069 5061 imperiali
1099 4983 1215 5061 regi
1244 4984 1419 5039 etiam
1452 4983 1768 5061 convenire
1780 4983 1950 5061 posse
1973 4997 2129 5061 patet

479 5054 550 5131 ex
580 5056 679 5113 lib.
733 5073 797 5112 III
855 5054 1311 5131 Prgeloquiorum
1370 5072 1533 5131 num.
1593 5057 1688 5131 22,
1748 5054 1846 5113 ubi
1901 5054 2123 5131 auctor,

479 5129 613 5186 licet
642 5144 838 5201 regem
876 5125 1326 5201 r’alloqueretur,
1369 5126 1508 5181 dum
1569 5127 1769 5201 nullus
1820 5134 1942 5184 tum
2004 5125 2130 5190 erat

479 5197 811 5273 imperat-or.
845 5200 950 5255 Aut
1000 5197 1109 5273 tui,
1168 5197 1399 5273 inquit,
1436 5200 1742 5273 imperiali}
1799 5209 1928 5257 sunt
1954 5204 2124 5273 juris.

480 5269 651 5328 Recte
684 5276 875 5327 autem
901 5269 1137 5342 scripsit
1167 5269 1478 5325 Ratberius
1508 5270 1670 5323 illum
1701 5269 1967 5327 Ottoneni
2016 5292 2126 5331 non

479 5343 595 5414 alia
626 5346 942 5414 necessitate
993 5341 1247 5414 regnum_
1280 5341 1534 5414 ambiisse
1580 5342 1853 5414 Italicum
1884 5345 2123 5414 (quibus

479 5412 672 5485 verbis
724 5429 856 5467 eum
902 5429 1097 5484 regem
1148 5411 1344 5479 Italize,
1392 5413 1533 5466 dum
1579 5411 1699 5485 haec
1745 5411 1999 5485 scripsit,
2032 5417 2122 5473 in-

482 5483 658 5549 dicat)
686 5485 800 5537 nisi
850 5492 909 5537 ut
973 5483 1278 5539 distortum.
1327 5526 1340 5539 .
1386 5523 1401 5538 .
1446 5525 1458 5536 .
1505 5524 1516 5537 .
1565 5523 1576 5535 .
1611 5483 1680 5538 ad
1743 5483 2124 5546 rectitudinem

482 5554 813 5627 Christiana:
843 5555 976 5627 legis
1008 5563 1263 5627 potestate
1299 5555 1586 5624 imperiali
1613 5564 1819 5624 cogeret
1849 5573 2077 5627 regnum
2099 5582 2120 5627 ,-

477 5624 616 5696 quia
646 5640 890 5699 regnum
925 5624 1097 5699 Italiae
1123 5626 1255 5679 Otto
1300 5629 1648 5699 consecutus
1681 5629 1769 5699 est
1795 5624 1958 5699 anno
1991 5624 2116 5699 9'51,

476 5693 791 5769 antequam
824 5693 969 5749 illud
1004 5694 1349 5766 Berengario
1391 5697 1561 5751 certis
1592 5697 2027 5758 conditionibus
2060 5693 2118 5760 in

1874 4606 2133 4689 atberids
2166 4606 2212 4672 D

2244 3334 2390 3389 tioni
2424 3333 2632 3405 placet,
2654 3339 2876 3400 tenore,
2910 3338 2976 3389 ut
3025 3335 3145 3390 sive
3199 3352 3302 3408 pro
3351 3352 3464 3405 me,
3499 3337 3619 3393 sive
3658 3355 3762 3410 pro
3795 3338 3901 3398 illo

2244 3421 2336 3478 lex
2364 3422 2681 3478 obtinuerit
2706 3421 3091 3496 episcopium,
3125 3423 3219 3479 cui
3274 3425 3438 3482 vobis
3466 3424 3656 3483 visum
3694 3426 3900 3498 fuerit,

2244 3511 2519 3568 tribuatis
2575 3515 2805 3568 tantum
2867 3511 2926 3567 in
2989 3512 3234 3569 Domino
3268 3530 3553 3586 :praeesse
3593 3517 3751 3575 enim
3801 3519 3903 3577 ul-

2246 3600 2426 3657 terius
2457 3618 2572 3657 non
2604 3599 2974 3673 concupisco,
3004 3601 3054 3656 si
3088 3602 3385 3673 prodesse,
3417 3607 3482 3660 ut
3522 3609 3711 3673 antea,
3747 3607 3901 3664 nulli

2246 3690 2407 3747 valeo
2417 3733 2428 3743 .

2318 3779 2405 3834 11.
2439 3778 2755 3835 Oll'enderit
2811 3795 2972 3846 sane,
3032 3781 3230 3849 timeo,
3290 3785 3495 3838 vestra:
3525 3785 3902 3856 paternitatis

2248 3868 2710 3925 sincerissimum
2735 3869 3001 3924 auditum
3008 3869 3205 3942 ,paulo
3219 3888 3397 3943 quam
3413 3872 3608 3928 decuit
3621 3876 3897 3945 severior,

2246 3961 2302 4013 et
2334 3956 2502 4029 quasi
2549 3956 2831 4012 invectiva
2881 3957 2941 4013 in
2983 3959 3346 4015 adversarios
3376 3961 3559 4017 oratio
3587 3980 3600 4031 ;
3633 3964 3733 4019 sed
3766 3971 3898 4036 peto

2244 4046 2474 4102 veniam
2524 4045 2646 4101 dari
2694 4046 3093 4103 afﬂictissima:
3141 4048 3634 4121 pusillanimitati.
3670 4053 3814 4109 Nam
3849 4054 3897 4111 si

2246 4134 2653 4207 compatientis
2672 4138 2728 4190 et
2753 4152 2867 4191 non
2890 4136 3263 4210 dedignantis
3276 4154 3413 4211 erga
3429 4156 3620 4197 meam
3645 4144 3894 4199 utamini

2248 4278 2501 4334 comitiis
2532 4278 2888 4351 Augustanis
2908 4279 3147 4351 cederet
3174 4297 3327 4336 anno
3358 4282 3465 4338 952
3489 4300 3502 4351 ;
3530 4285 3686 4340 unde
3714 4285 3895 4342 docu-

2249 4354 2446 4428 menta
2477 4349 2705 4428 exstant
2722 4349 2871 4428 anni
2897 4349 2995 4428 951
3032 4355 3088 4406 et
3134 4350 3391 4428 ineuntis
3419 4349 3545 4428 9572,
3578 4355 3637 4410 in
3678 4357 3892 4428 quibus

2248 4421 2512 4507 ejusdem
2545 4419 2769 4507 Oltto‘nis
2785 4420 2944 4507 regis
2968 4438 3158 4507 annus
3186 4423 3243 4478 in
3268 4423 3431 4507 Italia
3449 4419 3678 4507 primus
3692 4419 3889 4501 signa-

2247 4491 2361 4547 tur.
2394 4492 2539 4548 Vide
2585 4491 2819 4546 Collect.
2864 4491 3179 4563 idiplomat.
3203 4491 3468 4551 canonici
3501 4498 3572 4553 de
3602 4491 3891 4563 Dion§siis

2246 4563 2902 4693 pggégiggtetgfg,
2918 4565 3414 4693 §i~csltgp1§7tprium
3443 4568 3647 4625 Annali
3674 4563 3893 4629 d’ﬂalia

2714 4678 2727 4693 ι
2880 4676 2891 4688 ο
2963 4660 2978 4690 Ι
3255 4680 3266 4692 ι

2351 4653 2569 4692 annum
2598 4653 2727 4702 um,
2758 4653 2891 4702 pag.
2918 4653 3028 4693 .540
3055 4653 3113 4693 et
3143 4653 3266 4693 3H.

2314 4684 2316 4690 ,
2351 4652 2569 4692 annum
2598 4650 2727 4702 uel,
2748 4650 2891 4760 pag.
2918 4650 3028 4716 quo
3055 4650 3113 4693 et
3143 4650 3266 4693 317.

2314 4707 2504 4789 (1.314)
2530 4706 2723 4789 Apud"
2797 4722 2839 4788 c_
2872 4722 3060 4789 crium
3110 4710 3208 4779 qui
3247 4726 3347 4789 nee
3391 4727 3517 4789 cum
3562 4713 3735 4789 bonis.
3777 4714 3887 4770 No-

2242 4775 2522 4855 vissimus
2551 4775 3083 4855 S‘picilegiLcditor
3111 4775 3439 4855 emendavit
3466 4784 3607 4855 quod
3646 4801 3743 4840 nec
3769 4803 3893 4842 cum

2241 4847 2791 4929 ponis._Przetulimus
2819 4847 3767 4929 ghapeauvilliileetionem,quam
3791 4858 3891 4914 Lo-

2239 4921 2462 4978 biensis
2488 4920 2669 4975 codex
2700 4919 2952 4975 exhibet;

2312 4993 2494 5063 (l3l5)
2526 4991 2876 5063 Addidimus
2905 5000 2986 5048 est
3012 5008 3082 5049 ex
3111 5010 3222 5049 ms.
3249 4995 3538 5053 Lobiensi.

2312 5062 2493 5135 (1316)
2521 5062 2669 5118 Editi
2711 5071 2899 5135 contra
2956 5080 3073 5120 nos.
3132 5065 3503 5125 Correximus
3557 5087 3625 5126 ex
3671 5072 3881 5129 eodem

2238 5134 2453 5215 codice,
2489 5139 2546 5190 et
2576 5135 2711 5215 jure
2763 5134 3038 5215 quidem;
3072 5135 3523 5215 indicatenim,
3575 5158 3745 5215 suam
3793 5160 3878 5199 re-

2236 5207 2562 5281 pulsionem
2613 5207 2684 5261 ab
2716 5207 3074 5281 episcopatu,
3108 5214 3171 5263 ut
3192 5209 3363 5281 juxta
3402 5207 3576 5281 esset,
3609 5214 3880 5272 debuisse

2234 5277 2363 5351 esse
2396 5277 2710 5351 publicam,
2754 5293 2856 5351 seu
2904 5277 3136 5350 publico
3179 5277 3402 5351 judicio
3452 5277 3873 5343 constitutam:

2233 5347 3051 5428 alias‘lﬂcclesiareclamayet,
3086 5351 3135 5407 si
3180 5347 3439 5428 pontifex
3485 5355 3874 5428 repulsionem

2233 5419 2649 5501 sinelegitimo
2672 5418 2897 5501 judicio
2943 5421 3154 5501 factam
3180 5418 3257 5481 bb
3309 5418 3575 5484 rumores
3622 5428 3873 5501 privatos

2232 5497 2287 5548 et
2310 5492 2486 5548 falsos
2518 5507 2634 5545 non
2663 5492 3015 5561 reprobaret.

2302 5564 2480 5641 (l3l7)
2512 5562 2695 5641 Voces
2744 5564 2949 5641 nubere
2992 5567 3346 5641 attari,_quze
3378 5571 3531 5641 apud
3565 5570 3872 5627 Acherium

2228 5635 2487 5701 deerant,
2518 5632 2921 5705 supplevimus
2951 5651 3020 5691 ex
3052 5654 3160 5692 ms.
3201 5632 3488 5697 Lobiensi.
3526 5644 3643 5699 Non
3688 5643 3869 5700 dimit-

2228 5708 2365 5763 titur
2396 5706 2679 5778 scriptum
2705 5709 2793 5761 est
2822 5723 2924 5779 pro
2954 5724 3065 5765 non
3089 5712 3454 5782 permittitur.
