4052 6386
526 409 641 469 687

990 536 1142 593 509
1180 533 1525 591 EPISTULA
1562 532 1707 589 XIV.

529 642 794 683 evsmcu
831 623 1019 699 (1423)
1059 638 1385 679 mommsrs
1424 636 1676 676 EPISCOPI
1713 636 1785 675 AD
1834 633 2171 675 BATHERIUM

951 706 1331 750 VERONENSEM
1382 708 1714 747 EPISCOPUM.

601 802 849 858 Domino
880 805 938 857 et
964 800 1115 877 patri
1141 804 1229 855 ter
1256 800 1424 856 beato
1446 796 1684 873 praesuli
1708 797 2013 860 RATHERIO,
2048 808 2175 865 spe-

534 895 700 947 ctatze
730 889 1021 964 opinionis
1050 888 1190 956 viro,
1224 902 1437 961 magno
1460 886 1646 959 (1424)
1678 890 1734 941 et
1762 881 2175 958 probatissimo

532 982 882 1055 Evsnacuis,
898 994 1200 1035 servorum
1229 975 1447 1034 Christi
1480 990 1865 1042 servus,suus
1896 971 2177 1044 indignus

533 1069 670 1125 licet
700 1067 885 1123 vocari
918 1066 1098 1139 ﬁlius,
1113 1064 1397 1139 quidquid
1434 1065 1493 1118 in
1508 1063 1734 1118 Christo
1763 1062 1904 1118 Jesu
1927 1059 2175 1117 felicius.

615 1155 1045 1228 LHyperbaton
1067 1170 1200 1210 cum
1218 1151 1568 1229 ambagibus
1590 1151 1716 1207 suis
1737 1149 2034 1214 omittens,
2056 1163 2178 1202 rem

536 1242 747 1313 ipsam,
782 1244 1003 1313 quanta
1032 1257 1172 1296 mea:
1200 1255 1334 1311 pars
1363 1241 1555 1317 vestra
1585 1237 1662 1292 sit
1690 1236 1918 1302 animae,
1952 1234 2109 1290 nudo
2127 1235 2183 1288 et

540 1334 738 1403 aperto
761 1345 1031 1385 sermone
1062 1345 1154 1384 me
1176 1329 1346 1399 jnvat
1374 1325 1725 1391 describere,
1754 1323 2101 1380 scholastice
2131 1321 2182 1378 si

539 1437 653 1475 non
679 1417 861 1486 valeo,
883 1419 1113 1475 utinam
1138 1416 1225 1472 vel
1250 1416 1485 1481 rustice,
1511 1430 1626 1470 non
1650 1415 1780 1469 ficte
1803 1418 2018 1480 tamen,
2048 1410 2186 1484 quia

541 1526 689 1581 pura
720 1507 887 1563 traho
913 1523 1067 1574 voce,
1101 1505 1257 1577 quod
1288 1503 1451 1568 latet,
1483 1518 1698 1558 arcana
1723 1518 1837 1556 non
1870 1497 2184 1557 enarrabili

540 1598 725 1662 ﬁbra;
759 1598 1045 1667 quantum
1077 1610 1175 1649 vos
1208 1593 1446 1648 sinuoso
1477 1589 1535 1645 in
1570 1594 1818 1663 pectore,
1843 1588 1961 1654 ﬁxi,
1986 1591 2185 1642 notare

543 1684 746 1757 gestio.
783 1682 931 1737 lllud
961 1682 1253 1737 comicum
1286 1680 1470 1735 nostis
1501 1678 1752 1751 (TERENT
1777 1718 1799 1746 ,
1828 1677 1994 1733 Andr.
2026 1694 2065 1738 ι,
2087 1675 2143 1747 2)
2170 1692 2183 1729 :

512 1774 721 1841 _Davus
746 1787 893 1838 cum,
928 1785 1034 1825 non
1074 1769 1330 1840 OEdipus,
1361 1771 1427 1822 ut
1478 1767 1685 1822 fucatis
1739 1764 1930 1822 verbis
1989 1762 2187 1819 fallam

512 1848 848 1931 ,audientes
882 1876 895 1914 :
931 1859 1029 1915 sed
1061 1858 1181 1914 hanc
1213 1858 1514 1913 hactenus.

613 1952 667 2003 2.
701 1947 915 2002 Audita
934 1964 1065 2002 vero
1094 1951 1151 2001 et
1178 1946 1457 2001 attentius
1487 1945 1758 2016 percepta
1787 1941 2077 2016 legatione
2098 1957 2183 1996 ve-

545 2042 668 2095 stra
698 2035 938 2104 mellita,
973 2036 1233 2091 nondum
1289 2034 1413 2089 viso
1470 2032 1559 2089 vel
1609 2035 1861 2103 accepto,
1892 2030 2045 2101 quod
2090 2027 2186 2100 pio

543 2142 740 2182 amore
766 2123 1034 2193 misistis,
1071 2122 1356 2191 balsamo,
1377 2121 1585 2177 litteris
1615 2120 1823 2176 vestris
1855 2118 2047 2175 adhuc
2070 2134 2188 2175 non

543 2212 729 2282 lectis,
752 2213 936 2285 (1425)
952 2230 1063 2268 non
1085 2210 1398 2269 minimum
1418 2226 1553 2283 ergo
1577 2225 1689 2275 me,
1726 2224 1901 2281 quem
1925 2205 2185 2283 cognovi,

543 2306 664 2358 tam
697 2301 893 2372 magni
925 2305 981 2358 et
1011 2298 1321 2356 clarissimi
1352 2297 1459 2354 viri
1483 2298 1725 2352 affectus
1775 2296 1998 2368 integer
2044 2293 2189 2353 mihi

512 2448 515 2453 ,
546 2388 774 2446 tantillo
787 2387 1175 2445 accumulavit
1187 2385 1690 2460 gaudium;liquor
1701 2383 2191 2458 pretiosus,cujus

514 2546 521 2551 .
546 2480 662 2535 fere
676 2494 834 2534 eram
867 2478 1056 2549 inops,
1076 2475 1304 2531 vultum
1328 2491 1442 2529 non
1468 2473 1835 2529 mediocriter
1849 2470 2192 2528 exhilaravit

549 2565 968 2624 datus.Audito
991 2564 1225 2620 tandem
1252 2563 1506 2635 epitheto
1527 2578 1642 2617 non
1667 2578 1793 2617 meo
1813 2560 2034 2616 nomini
2058 2577 2194 2617 con-

550 2672 718 2727 gruo,
751 2654 908 2724 quod
937 2657 1129 2709 vestra
1160 2652 1413 2707 cbaritas
1445 2650 1590 2706 mihi
1622 2649 1801 2706 nulla‘
1831 2650 2199 2707 commenda-

552 2744 711 2797 tione
742 2746 977 2797 actuum
1011 2757 1275 2796 meorum
1306 2740 1599 2812 apposuit,
1635 2739 1789 2794 ultra
1818 2755 1993 2810 quam
2039 2738 2195 2795 credi

526 2822 746 2906 .potest
769 2832 952 2898 (M26)
975 2828 1237 2885 animum
1270 2827 1598 2884 laetiﬁeavit.
1626 2828 1765 2884 Inde
1794 2828 2011 2885 centies
2035 2828 2198 2883 ﬂexis

555 2918 804 2993 genibus
825 2935 1030 2973 versus
1050 2917 1361 2984 Veronam,
1384 2921 1575 2973 vestra
1605 2918 1774 2992 quasi
1806 2916 2073 2973 lambens
2104 2932 2199 2972 ve-

562 3005 756 3080 stigia,
794 3007 883 3063 57
896 3008 946 3064 0
978 3005 1192 3062 millies
1240 3006 1397 3062 mille
1442 3006 1606 3062 vobis
1658 3006 1908 3078 rependo
1957 3005 2197 3077 gratias.

560 3099 742 3170 Cujus
773 3112 906 3153 vero
937 3096 1189 3164 virtutis,
1221 3096 1268 3151 si
1300 3096 1455 3167 quod
1487 3096 1544 3151 in
1578 3112 1672 3152 me
1710 3094 2065 3173 apparuerit,
2098 3093 2201 3166 qui

558 3186 721 3242 nulla
733 3185 972 3242 omnino
984 3184 1674 3257 praeluceo,simulacrum
1691 3200 1984 3256 nusquam
1997 3187 2202 3238 etnun-

1151 402 1525 465 RATHERII
1569 400 1812 463 EPISC.
1858 396 2146 460 VERON.
2192 394 2366 457 OPP.
2418 393 2611 457 PARS
2653 395 2730 457 II.
2765 429 2842 439 -—
2870 391 3299 457 EPISTOLIE.

3810 384 3932 455 688

2198 526 2255 593 Α
2284 525 2396 583 bus
2428 531 2706 609 repetere,
2719 530 2777 582 et
2802 525 2854 583 si
2875 542 3046 583 mane
3076 522 3316 593 non,vel
3340 526 3483 597 post
3503 519 3763 605 prandia
3779 520 3935 579 inter

2250 614 2623 684 bibendum,
2646 615 2938 688 quomodo
2960 630 3054 669 me
3076 612 3323 681 fovistis;
3338 616 3403 669 ut
3429 610 3933 685 commanducan-

2282 703 2423 759 dum
2465 700 2685 771 cibum,
2717 703 2871 759 sieut
2900 702 3159 760 nutrices
3186 701 3514 761 infantibus
3541 698 3935 766 edentulis,in

2284 807 2348 847 os
2371 807 2569 848 meum
2600 791 2930 862 trajecistis.
2950 791 3097 857 Quid
3131 795 3285 858 ante,
3318 791 3461 864 quid
3488 794 3624 863 post
3653 793 3935 862 protento

2286 880 2563 936 beneﬁcio
2577 896 3031 936 commemorem
3043 879 3071 934 ?
3084 880 3263 937 Redis
3280 897 3413 935 sum
3434 883 3493 936 et
3510 878 3776 952 ignarus.
3791 877 3936 945 Quis

2287 969 2442 1025 enim
2463 973 2552 1025 est
2573 967 2737 1025 vobis
2754 972 2854 1024 aut
2875 968 3184 1041 sapientia.
3205 973 3309 1025 aut
3334 968 3642 1041 probitate,
3658 972 3765 1023 aut
3783 964 3938 1040 opti-

2258 1104 2261 1109 ,
2289 1074 2520 1113 marum
2533 1059 2748 1114 artium
2765 1057 2984 1123 studio,
2999 1057 3462 1126 autinnocentia,
3482 1061 3584 1115 aut
3602 1053 3728 1113 ulla
3742 1054 3938 1113 laudis

2289 1160 2499 1217 genere
2520 1146 2927 1218 praestantior?
2946 1145 3347 1203 Tullianavox
3370 1149 3559 1213 sonat,
3581 1146 3763 1213 (1427)
3795 1143 3942 1203 tuba

2290 1234 2667 1291 Cieeroniana
2689 1235 3046 1305 intonatmro
3064 1236 3252 1309 Marc.)
3275 1253 3289 1291 :
3312 1232 3535 1291 nullius
3562 1238 3801 1291 tantum
3829 1231 3940 1288 ilu-

2292 1340 2427 1379 men
2458 1328 2549 1380 est
2579 1323 2998 1397 ingenii,nulla
3012 1322 3444 1395 dicendi,nulla
3467 1322 3947 1381 scribenditauta

2289 1412 2400 1481 vis,
2434 1417 2597 1468 tanta
2627 1413 2811 1485 copia,
2844 1431 2972 1484 qua:
3004 1430 3119 1470 non
3142 1414 3334 1469 dicam
3362 1428 3662 1481 exornare,
3676 1411 3782 1471 sed
3806 1415 3949 1467 tua-

2264 1518 2427 1565 _rum
2456 1501 2740 1557 virtutum
2798 1500 3003 1557 laudes
3034 1501 3220 1575 possit
3248 1517 3540 1559 enarrare.
3572 1499 3868 1557 Patientia
3892 1498 3949 1556 si

2296 1593 2653 1646 memoratur
2682 1589 2754 1660 (si
2786 1588 2874 1645 fas
2905 1594 2994 1646 est
3022 1590 3215 1646 dicere
3268 1590 3383 1646 fide
3439 1588 3617 1656 salva,
3650 1604 3726 1645 ne
3757 1588 3950 1645 Deum

2297 1678 2609 1750 offendam)
2638 1681 2701 1733 tu
2728 1694 2790 1734 es
2822 1677 2968 1752 ipsa.
3003 1678 3127 1735 Non
3152 1678 3464 1751 (Pensm.
3497 1678 3552 1746 5,
3579 1694 3632 1735 v.
3663 1678 3786 1742 112)
3815 1675 3958 1735 sali-

2296 1783 2429 1821 vam
2460 1765 2648 1839 glutto
2667 1765 2944 1823 sorbuisti
2968 1766 3397 1839 mercurialem,
3413 1766 3593 1839 inque
3612 1765 3738 1823 luto
3763 1765 3954 1823 ﬁxum

2216 1894 2265 1959 Β
2299 1854 2544 1928 potuisti
2575 1855 2985 1910 transcendere
3020 1872 3355 1912 nummum.
3383 1854 3676 1930 Satyricos
3706 1854 3956 1911 omitta-

2296 1960 2453 2008 mus,
2480 1944 2553 1998 ad
2585 1943 2882 2016 simplices
2913 1945 3221 2000 redeamus
3252 1948 3307 2002 et
3336 1948 3589 2001 sanctos.
3611 1942 3740 2001 Non
3772 1943 3957 1999 modo

2298 2048 2413 2087 non
2448 2031 2712 2107 rapuisti,
2740 2032 2841 2087 sed
2873 2049 2976 2088 nec
3007 2033 3245 2105 quidem
3275 2033 3570 2106 appetiisti
3601 2026 3959 2100 alieuajlar-

2296 2121 2453 2193 gitus
2484 2136 2546 2175 es
2576 2120 2831 2193 prepria,
2859 2120 3108 2177 aliorum
3167 2121 3484 2179 condoleus
3521 2121 3805 2190 miseriis,
3834 2137 3957 2180 non

2270 2272 2275 2275 7
2298 2208 2674 2265 felicitatibus
2698 2209 2964 2266 invidens
2982 2208 3208 2278 alienis,
3228 2210 3504 2267 omnibus
3523 2208 3725 2266 omnia
3736 2210 3960 2277 factus,

2304 2302 2371 2353 ut
2425 2313 2630 2353 omnes
2663 2297 3036 2356 lucrifaceres
3068 2303 3116 2368 (I
3143 2302 3378 2369 Cor..1x,
3408 2298 3518 2372 22).
3551 2298 3761 2355 Nativa
3788 2299 3962 2355 vobis

2301 2385 2547 2458 supplex
2575 2386 2764 2441 tendit
2795 2405 3006 2443 manus
3041 2388 3251 2461 patria,
3269 2392 3328 2443 et
3348 2392 3414 2444 ut
3442 2387 3696 2449 redeatis
3723 2387 3962 2449 invitat.

2272 2538 2275 2541 _
2302 2474 2517 2531 Omnes
2536 2479 2823 2548 quotquot
2834 2479 2973 2532 sunt
2993 2477 3301 2550 utriusque
3313 2476 3536 2533 ordinis
3548 2476 3841 2534 clericalis
3853 2495 3963 2535 seu

2305 2561 2576 2619 militaris
2622 2563 2833 2636 (1428),
2879 2569 3095 2627 mente.
3145 2565 3467 2637 voluntate,
3500 2565 3716 2635 studio,
3762 2572 3960 2640 gestu,

2305 2668 2461 2719 voce,
2504 2654 2568 2706 ut
2592 2651 2857 2717 veniatis,
2890 2652 3166 2721 clamant,
3193 2671 3298 2710 vos
3344 2654 3538 2711 videre
3594 2655 3961 2713 desiderant.

2304 2739 2459 2795 Servi
2469 2739 2546 2795 tio
2570 2740 2734 2796 vobis
2754 2740 3146 2813 impendendo
3170 2758 3276 2798 nec
3295 2758 3609 2800 numerum
3633 2760 3967 2817 nequema-

2308 2830 2448 2885 dum
2468 2829 2825 2904 praeﬁgimus
2845 2829 3053 2887 ullum.
3078 2831 3287 2888 Omnia
3302 2836 3503 2888 nostra
3519 2833 3766 2893 eruntin
3782 2851 3965 2891 manu

2307 2922 2517 2985 vestra,
2550 2919 2875 2974 secundum
2933 2920 3085 2991 quod
3138 2920 3335 2978 animo
3366 2926 3556 2978 vestro
3586 2922 3898 2992 insederit,
3931 2941 3967 2980 ο

2309 3005 2516 3063 dilecte
2534 3006 2791 3063 Ratheri.
2811 3008 3032 3064 Cuncta
3057 3010 3382 3081 praevidete,
3398 3010 3716 3083 disponite,
3738 3013 3969 3071 consti-

2306 3095 2473 3161 tuite,
2506 3100 2563 3151 et
2595 3101 2657 3151 ut
2688 3095 2941 3163 libuerit,
2976 3096 3036 3152 in
3079 3099 3355 3155 omnibus
3384 3100 3556 3172 agite.
3587 3096 3707 3171 Sub
3764 3107 3968 3160 vestro

2313 3183 2517 3257 pollice
2550 3185 2715 3240 docto
2746 3190 2802 3240 et
2834 3187 3053 3242 artiﬁce
3111 3205 3355 3243 manum
3405 3188 3603 3249 ferula;
3649 3207 3769 3247 non
3830 3208 3971 3251 eru-

561 3275 826 3347 quam,si
860 3274 1254 3346 experimento
1279 3273 1499 3329 discere
1520 3272 1678 3328 cordi
1711 3276 1817 3342 est,
1847 3288 1878 3327 a
1908 3270 2069 3326 vobis
2102 3271 2203 3326 ab-
2228 3258 2276 3328 C
2313 3273 2549 3328 bescam
2602 3273 2947 3329 subducere.
2982 3274 3099 3330 Nos
3154 3275 3361 3341 valete,
3420 3293 3522 3333 vos
3580 3277 3868 3350 plaudite,
3913 3285 3974 3337 et

554 3364 663 3419 erit
691 3363 1048 3434 elongatum.
1081 3361 1395 3417 Pristinam
1427 3379 1579 3434 saepe
1611 3360 1768 3417 soleo
1822 3364 1954 3417 ante
2003 3359 2199 3417 oculos

552 3451 923 3507 dulcedinem
956 3450 1379 3523 ponere,idque
1400 3451 1619 3506 crebris
1641 3450 1890 3506 libenter
1919 3449 2202 3505 sermoni-

628 3611 811 3681 (1423)
845 3613 1149 3665 Evracrum
1178 3615 1346 3665 vocat
1364 3610 1681 3666 Fulcuinus
1704 3610 1761 3664 in
1792 3610 1987 3665 Gestis
2020 3610 2199 3666 abba-

553 3688 681 3738 tum
706 3681 1077 3752 Lobiensium
1102 3698 1227 3752 cap.
1250 3682 1320 3735 27
1341 3685 1397 3737 et
1416 3684 1504 3736 28.
1529 3682 1839 3736 Anselmus
1857 3683 2196 3749 canonicos,

526 3754 708 3834 apud
736 3751 1230 3834 Chapeauvillium
1246 3757 1395 3807 'tom.
1422 3753 1558 3834 Lude
1579 3752 2198 3834 G‘e‘stisoepiscophorum

552 3822 1288 3906 Tungrensium-Eraclz'am
1303 3822 1578 3906 appellat.
1603 3826 1675 3878 At
1689 3822 2195 3906 inﬁij‘sdemiGestis

552 3893 910 3951 auetioribus
950 3899 1005 3950 et
1026 3893 1519 3966 emendatioribus
1553 3896 1705 3966 apud
1741 3893 1848 3949 PP.
1872 3895 2127 3951 Martene
2143 3899 2199 3951 et

520 3966 786 4021 ‘Durand
807 3971 948 4023 tom.
977 3967 1050 4021 1V
1079 3965 1310 4022 Collect.
1342 3965 1894 4038 veter.scriptorum
1927 3983 2058 4038 pag.
2091 3968 2198 4021 860
2270 3978 2277 3983 ‘

546 4038 838 4110 Eueraclus
866 4038 1222 4095 nominatur.
1241 4038 1345 4110 Hic
1363 4037 1773 4110 Leodicensem
1796 4037 2195 4110 episcopatum

548 4109 680 4164 iniit
709 4126 860 4165 anno
882 4111 1006 4181 959,
1040 4116 1096 4165 et
1125 4128 1154 4165 e
1184 4108 1330 4181 vivis
1361 4108 1608 4165 excessit
1637 4124 1788 4181 anno
1808 4110 1941 4181 97!.
1968 4108 2195 4181 Scripta

516 4194 521 4197 '
548 4186 744 4235 autem
776 4181 886 4253 fuit
917 4180 1037 4235 haec
1065 4180 1330 4253 epistola,
1365 4182 1506 4253 dum
1548 4180 2194 4253 Ratherius‘Veronen-

516 4264 672 4325 ‘sem
704 4250 1117 4325 episcopatum
1134 4252 1303 4325 tertio
1336 4252 1623 4325 obtinens,
1659 4268 1810 4325 anno
1858 4250 1964 4307 968
2008 4252 2195 4325 multa

543 4322 781 4396 Veronie
796 4322 1107 4396 perpessus
1126 4322 1283 4396 abire
1301 4324 1709 4396 meditabatur.
1726 4322 2192 4396 Chapeauvillius

546 4394 961 4468 tomolaudato
984 4410 1126 4468 pag.
1151 4394 1396 4468 I90Anot.
1423 4398 1476 4461 2,
1504 4394 1694 4468 ipsam
1742 4394 2048 4468 epistolam
2080 4395 2192 4451 im-

545 4466 759 4540 pressit
787 4483 817 4522 e
848 4483 957 4540 ms.
986 4464 1367 4538 Labiensi,ex
1392 4483 1506 4540 quo
1527 4464 1643 4524 'nos
1665 4464 2194 4525 accuratiusexem-

545 4535 711 4613 plum
737 4537 1089 4613 accepimus.

2308 3362 2499 3433 gratia
2527 3361 2755 3418 Domini
2788 3363 2973 3419 nostri
3004 3378 3105 3421 vos
3135 3364 3206 3421 ab
3240 3365 3480 3422 incursu
3510 3366 3663 3424 malo
3720 3372 3974 3429 tueatur

2311 3450 2601 3506 continue.

2382 3611 2564 3692 (3421i)
2594 3611 3269 3692 ApudCbapeauvilium
3303 3615 3465 3671 deest
3494 3632 3711 3689 magno,
3744 3621 3806 3674 et
3825 3624 3971 3692 post

2309 3682 2632 3751 ambagibus
2645 3682 3026 3739 desideratur
3053 3688 3189 3742 suis.

2380 3754 2563 3833 ([1125)
2593 3754 2877 3833 Construc
2908 3772 2921 3811 :
2958 3758 3170 3827 Integer
3192 3758 3416 3833 affectus
3436 3761 3547 3815 viri
3592 3768 3710 3816 tam
3764 3766 3971 3833 magni

2306 3833 2365 3908 et.
2383 3825 2684 3881 clarissimi
2698 3842 2843 3908 ,σῆρα
2872 3844 2976 3893 me,
2994 3825 3153 3908 qaem
3180 3825 3422 3908 cognovi,
3437 3833 3811 3890 accumulavit
3824 3825 3968 3908 gau-

2306 3895 2460 3951 dium
2487 3913 2597 3952 non
2625 3895 2921 3953 minimum
2943 3895 3085 3955 mihi
3114 3895 3352 3957 tantillo.

2378 3968 2560 4031 (1426)
2583 3968 3052 4041 Chapeauvillius
3077 3972 3430 4044 potuif.Dein
3461 3973 3679 4031 omittit
3716 3984 3767 4033 et
3795 3990 3963 4033 nun—

2305 4056 2556 4192 (£711,227)
2578 4110 2765 4192 Voces
2795 4113 2919 4192 laba
2948 4114 3309 4192 Ciceroniana
3350 4118 3584 4187 intonat,
3614 4135 3742 4192 quae
3788 4122 3959 4192 apud

2302 4180 2801 4263 Chapeauvillium
2834 4185 3065 4256 desunt,
3099 4203 3167 4243 ex
3199 4193 3400 4244 nostro
3422 4180 3757 4263 apographo
3790 4180 3957 4249 inse-

2591 4324 2731 4401 0_rdo
2766 4328 3053 4401 militaris,
3087 4345 3189 4401 seu
3241 4330 3515 4401 militum,
3548 4332 3606 4388 id
3652 4335 3746 4388 est
3781 4334 3959 4390 nobi-

2491 4396 2699 4453 Confer
2729 4401 2846 4454 not.
2874 4394 3064 4468 144,in
3089 4400 3305 4473 librum
3322 4394 3560 4460 tertium
3603 4403 3963 4478 Prailoquio-
