4052 6384
148 393 283 463 ear
1651 382 2098 469 semesae.
3456 398 3579 467 eae

155 533 371 592 mutuo
401 528 513 590 sibi
545 530 945 608 suffragantur
972 529 1055 590 ita
1095 528 1400 604 solamine,
1428 534 1494 590 ut
1515 530 1813 606 jejunium
1842 526 1901 600 Α
1929 516 2277 590 multimoda
2305 535 2601 608 genera,et
2628 530 2723 592 his
2753 531 2972 593 similia
2996 519 3346 596 meditantes
3359 552 3576 612 quam-

156 618 551 697 eleemosynaa
582 627 640 680 et
669 623 853 680 oratio
881 642 894 692 ;
928 622 1328 697 eleemosynas
1358 623 1541 679 oratio
1573 624 1630 680 et
1657 624 1819 695 jeju-
1925 620 2198 696 plurima,
2231 640 2421 696 neque
2440 623 2569 692 Dei,
2602 641 2778 697 quem
2809 642 3014 701 rogare
3057 626 3352 707 videntur,
3386 644 3576 702 neque

161 711 373 782 nium;
401 711 725 769 orationem
749 712 1126 785 eleemosyna:
1140 716 1196 769 et
1216 711 1508 785 jejunium
1527 712 1820 786 perferant
1927 710 2087 767 illius
2112 712 2215 780 rei,
2248 729 2353 785 pro
2384 729 2500 786 qua
2531 717 2759 787 rogant,
2783 713 2905 771 ullo
2936 717 3109 772 modo
3141 717 3526 775 recordentur
3559 735 3573 776 :

158 801 237 861 ad
271 805 781 858 remuneratorem
814 801 1176 871 facientium,
1210 802 1260 858 si
1289 806 1485 858 tamen
1519 801 1823 858 sinceriter

156 894 548 965 peraguntur,
584 891 803 964 absque
832 891 1013 948 dubio
1042 890 1228 947 Deum
1255 909 1268 960 ;
1301 890 1411 946 hoc
1446 908 1580 947 vero
1612 891 1724 947 nisi
1757 908 1820 947 se

158 980 413 1037 invicem
446 981 723 1053 adjuvent
748 980 1110 1037 incessanter
1129 981 1621 1053 suﬂ‘ragio,unum
1635 981 1819 1053 quod-

160 1069 311 1126 libet
340 1085 546 1127 eorum
578 1070 808 1126 duobus
838 1070 970 1127 aliis
1000 1070 1698 1143 destitutum,placare,ut
1725 1086 1818 1126 ve-

161 1159 512 1227 remur,tria
541 1160 738 1215 omnia
767 1158 1161 1232 requirentem
1185 1160 1417 1231 justum
1449 1160 1688 1215 omnino
1705 1175 1819 1215 non

160 1248 365 1305 valent
385 1248 745 1321 judicem,ac
768 1247 1031 1322 perfectae
1053 1248 1332 1305 bonitatis
1347 1247 1820 1306 amantissimum

163 1335 384 1394 Deum.
1704 1326 1709 1330 ’

240 1425 329 1479 12.
363 1424 510 1481 Cum
540 1440 676 1481 vero
707 1425 789 1481 ita
817 1424 914 1492 sit,
948 1427 1013 1480 ut
1059 1427 1117 1480 et
1162 1425 1233 1481 de
1275 1423 1657 1495 orationibus,
1691 1442 1820 1498 quae

164 1515 444 1569 nostrum
476 1516 711 1569 movent
730 1512 1017 1582 animum,
1051 1512 1294 1569 minime
1323 1512 1823 1583 sileamus;nohis-

166 1614 303 1658 eum
338 1601 769 1679 reprehendere
793 1619 909 1658 non
945 1618 1245 1658 cessamus
1292 1602 1512 1675 pariter
1562 1604 1819 1673 eosdem,

166 1689 390 1764 quibus
416 1687 673 1748 Jacobus
702 1692 783 1747 ait
808 1684 1144 1764 apostolus:
1169 1690 1380 1761 Petitis,
1413 1699 1465 1748 et
1489 1708 1600 1748 non
1620 1694 1821 1765 accipi-

170 1783 263 1847 tis,
292 1796 357 1837 eo
385 1779 528 1853 quod
574 1778 721 1837 male
757 1783 959 1853 petatis
990 1780 1133 1853 (Jac.
1165 1796 1243 1851 1v,
1279 1785 1349 1853 3).
1387 1776 1537 1837 Male
1568 1797 1822 1853 namque

1930 800 2091 872 quid,
2124 817 2343 873 quaeso,
2375 803 2635 876 rogant?
2669 818 2845 878 quem
2888 805 3144 878 rogant?
3175 823 3278 880 pro
3318 822 3435 880 quo
3482 824 3576 864 ro.

1928 889 2118 962 gant?

1999 978 2088 1035 44.
2120 978 2336 1035 Verum
2369 980 2506 1052 quia
2538 981 2872 1038 daemonum
2921 976 3030 1039 hoc
3078 984 3275 1056 agitur
3319 974 3573 1057 insidiis,

1928 1065 2314 1124 invidentium
2350 1069 2551 1142 utique
2580 1071 2864 1142 profectui
2894 1073 3331 1143 orationis,cum
3350 1078 3407 1132 et
3426 1090 3576 1133 curm

1930 1155 2259 1224 saeculares,
2281 1158 2339 1213 et
2370 1174 2495 1231 quae
2526 1158 2740 1231 saepius
2768 1161 3056 1227 videmus,
3078 1154 3398 1237 loquimur,
3419 1164 3580 1221 audi-

1929 1260 2086 1314 mus,
2122 1246 2194 1302 ad
2224 1246 2333 1303 hoc
2366 1244 2616 1304 nimium
2647 1248 2974 1321 impediant
3000 1251 3352 1322 faciendum;
3371 1257 3580 1327 praeter

1930 1332 2047 1417 alia
2077 1334 2262 1407 (1450)
2292 1334 2650 1395 (faciendum
2682 1339 2796 1402 est)
2826 1338 2995 1395 nobis
3012 1341 3166 1413 quod
3197 1357 3383 1417 caecus
3403 1341 3500 1399 ille
3517 1343 3577 1400 in

1928 1412 2242 1497 Evangelio
2273 1422 2488 1501 legitur
2515 1424 2760 1483 fecisse:
2795 1442 2971 1499 quem
3001 1412 3137 1485 cum
3166 1414 3578 1503 praetereuntes

1929 1511 2299 1585 increparent
2327 1516 2394 1569 ut
2422 1515 2659 1583 taceret,
2691 1516 2861 1572 multo
2891 1518 3062 1589 magis
3117 1518 3434 1577 clamabat:
3465 1522 3585 1578 Fili

1932 1602 2056 1668 Dei,
2109 1602 2373 1659 miserere
2422 1604 2533 1659 mei
2563 1602 2749 1676 (Marc.
2794 1621 2854 1673 x,
3021 1604 3098 1663 Os
3145 1614 3285 1664 sane
3313 1612 3581 1666 nostrum

1930 1689 2256 1760 (verissime
2266 1691 2627 1748 veracissimi
2648 1692 2707 1748 in
2730 1692 2841 1749 hoc
2861 1697 3101 1750 utamur
3121 1698 3409 1769 sermone)
3421 1700 3584 1754 tento

1931 1777 2130 1835 minus
2160 1778 2469 1835 exauditur
2498 1781 2557 1836 in
2589 1784 3016 1855 prece,quan‘to
3031 1783 3219 1857 magis
3239 1784 3586 1857 inquinatur

167 1869 337 1964 petit,
372 1867 479 1964 qui
507 1885 625 1926 non
673 1868 818 1942 petit
865 1868 1021 1941 quod
1070 1867 1359 1925 Dominus
1409 1869 1689 1943 praecipit,
1719 1870 1819 1926 sed
1854 1897 1904 1964 Β
1932 1864 2090 1939 turpi
2122 1866 2430 1964 lpeutione.

172 1956 330 2032 quod
361 1956 557 2031 potius
609 1957 925 2015 interdicit.
961 1957 1063 2014 Ille
1110 1974 1365 2031 namque
1411 1959 1745 2015 desiderare
1773 1963 1831 2017 et

171 2050 371 2121 petere
400 2062 508 2103 nos
527 2047 701 2120 jubet
732 2046 1010 2112 caelestia,
1039 2062 1145 2103 nos
1177 2052 1378 2104 contra
1406 2050 1463 2103 et
1496 2047 1648 2105 580
1677 2048 1828 2105 desi-

174 2135 456 2192 deramus
483 2141 541 2192 et
572 2139 851 2209 optamus
883 2139 1144 2205 terrena;
1174 2135 1271 2191 ille
1300 2153 1465 2192 orare
1494 2153 1598 2209 pro
1636 2153 1827 2209 perse-

174 2223 495 2298 quentibus
526 2226 583 2281 et
606 2222 1129 2291 calumniantibus,
1160 2242 1266 2281 nos
1311 2242 1342 2281 e
1370 2225 1598 2283 diverso
1629 2232 1833 2283 contra

174 2317 596 2387 persequentes
613 2316 669 2369 et
680 2312 1110 2369 calumniantes
1127 2314 1509 2371 exsecrabiles
1528 2312 1832 2377 fundimus

174 2419 401 2477 preces.
437 2402 617 2468 Quale
647 2407 844 2459 autem
876 2407 965 2460 est
994 2403 1160 2468 illud,
1196 2404 1351 2476 quod
1382 2402 1623 2477 quidam
1647 2405 1832 2461 nocti-

174 2493 290 2549 bus
322 2492 670 2565 psalmodiis
700 2498 756 2549 et
787 2493 1154 2549 orationibus
1182 2492 1422 2562 instant,
1459 2492 1667 2549 diebus
1698 2509 1833 2550 vero

177 2579 668 2650 detractionibus,
718 2578 1120 2654 praviloquiis,
1168 2580 1442 2637 otiositati
1494 2586 1551 2638 et
1597 2580 1832 2638 desidiae

178 2674 416 2737 vacant,
449 2686 585 2726 cum
626 2686 740 2726 nox
784 2666 982 2742 potius
1025 2670 1228 2742 quieti,
1261 2668 1385 2726 dies
1435 2668 1513 2726 sit
1560 2687 1837 2727 concessa

185 2758 415 2828 labori;
448 2760 626 2832 quod,
660 2776 879 2827 remur,
913 2758 1131 2833 optime
1162 2764 1401 2815 noverat
1430 2758 1654 2833 ille,qui
1684 2762 1838 2833 post-

185 2864 367 2920 quam
400 2846 641 2903 dixerat:
675 2846 849 2903 Media
876 2850 1030 2903 nocte
1059 2848 1347 2919 surgebam
1376 2848 1446 2903 ad
1475 2848 1838 2918 conﬁtendum

185 2938 294 2993 tibi
321 2935 499 3008 (Psal.
532 2952 722 3003 cxvm,
752 2934 879 3004 62);
913 2940 969 2992 et
1000 2951 1014 2991 :
1048 2938 1111 2992 In
1137 2938 1429 2992 matutinis
1449 2934 1750 2993 meditabor
1778 2939 1840 2991 in

189 3033 240 3083 te
264 3018 437 3099 (Psat.
470 3039 628 3093 Lxm,
654 3024 745 3098 7);
781 3022 930 3081 duas
959 3022 1226 3081 videlicet
1254 3028 1485 3081 tantum
1519 3025 1674 3082 nocti
1707 3042 1840 3082 con-

191 3120 433 3171 secrans
460 3114 658 3184 horas,
688 3116 904 3186 septies,
939 3112 1041 3182 ait,
1070 3116 1132 3170 in
1179 3111 1268 3170 die
1316 3111 1534 3170 laudem
1575 3112 1698 3170 dian’
1743 3114 1842 3171 tibi

192 3205 367 3272 (Psat.
400 3219 591 3273 cxvm,
625 3202 771 3275 164).
803 3204 920 3259 Nos
948 3216 1104 3272 vero,
1134 3203 1363 3271 fratres,
1391 3202 1676 3277 quidquid
1710 3219 1838 3276 per-

2012 1957 2098 2011 15.
2130 1956 2214 2012 De
2243 1957 2606 2037 orationibus
2637 1957 2834 2032 itaque
2860 1956 3139 2033 quoniam
3171 1963 3411 2035 quidem
3442 1963 3585 2021 satis

1938 2054 2043 2116 pro
2078 2047 2336 2118 tempore
2368 2045 2643 2114 diximus,
2689 2048 2760 2103 ad
2810 2038 3209 2127 eleemosynas
3254 2053 3584 2111 veniamus.

1940 2133 2322 2215 Eleemosyna
2353 2151 2487 2190 cum
2511 2152 2551 2215 ar
2575 2135 3335 2198 m‘isericordiavocabulum
3357 2141 3587 2198 trahere

1938 2214 2205 2278 videatur
2235 2216 2436 2296 (1451),
2471 2223 2635 2279 nulla
2655 2227 3070 2298 congruentius
3101 2228 3495 2303 principatum
3525 2231 3587 2286 in
3617 2294 3632 2305 ,

1941 2310 2164 2381 ordine,
2191 2315 2256 2367 ut
2285 2311 2454 2368 nobis
2484 2312 2729 2381 videtur,
2767 2312 2955 2388 potest
2986 2316 3220 2385 habere,
3253 2318 3584 2390 quam‘illa,

1941 2400 2015 2455 de
2046 2417 2164 2472 qua
2195 2398 2440 2473 Sapiens
2471 2398 2749 2459 admonet
2777 2402 2860 2459 ita
2893 2418 2906 2458 :
2938 2404 3067 2473 Fili,
3098 2394 3358 2464 miserere
3384 2409 3593 2467 eum

1943 2495 2056 2546 tua?
2082 2482 2301 2561 placens
2322 2491 2426 2545 Deo
2450 2492 2643 2557 (ticali.
2680 2508 2810 2562 xxx,
2842 2488 2972 2565 24):
3017 2498 3084 2549 ut
3123 2494 3393 2552 videlicet
3437 2496 3585 2553 587

1941 2574 2087 2633 illud
2119 2570 2851 2652 nobismetipsiSprimitus
2865 2574 3595 2658 misericordiaeimpenda-v

1944 2683 2099 2735 mus,
2134 2670 2199 2722 ut
2229 2682 2356 2739 quae
2391 2669 2501 2723 Deo
2531 2667 2957 2743 plaeent,agere
2987 2675 3356 2744 satagamu‘s:
3380 2676 3437 2729 et
3457 2674 3597 2747 quia

1944 2755 2278 2829 proximum
2311 2756 2463 2812 sicut
2487 2748 2877 2831 nosmetipsos
2889 2760 3131 2833 diligere
3134 2762 3598 2834 jubemur,c'um-

1946 2844 2081 2900 dem
2113 2848 2269 2900 recto
2299 2836 2563 2915 consilio,
2599 2847 2699 2902 ubi
2750 2850 3125 2906 commodum
3154 2848 3349 2907 visum
3399 2849 3594 2921 fuerit,

1948 2932 2068 2989 sive
2101 2926 2419 3005 arguendo,
2438 2930 2556 2990 sive
2587 2936 3103 3003 obsecrando,sive
3134 2939 3510 3012 increpando,
3534 2940 3595 2996 in

1945 3019 2102 3077 viam
2132 3021 2366 3105 Domini
2394 3022 2724 3105 dirigamus
2750 3038 2764 3091 ;
2798 3026 3056 3098 corporis
3085 3028 3137 3082 si
3168 3027 3390 3101 indiget
3406 3044 3599 3085 neces-

1948 3109 2142 3179 Sariis,
2172 3102 2247 3165 de
2281 3102 2467 3182 justis
2515 3111 2816 3169 laboribus
2866 3104 3085 3169 uestris
3134 3112 3220 3169 illi
3270 3117 3597 3172 secundum

1950 3199 2105 3272 quod
2137 3189 2455 3272 possumus
2482 3200 3171 3273 praebeamusaScriptum
3203 3202 3419 3276 quippe
3442 3207 3599 3260 tene.

191 3254 391 3366 Bel-sia
404 3254 647 3365 “gazas;
666 3254 936 3348 esses
964 3254 1267 3362 ‘gsJ-‘tsg;
1285 3254 1839 3364 agiteagite}.
1869 3254 1915 3335 ϐ
1951 3254 2087 3344 illa;
2119 3254 2274 3357 {Qui
2300 3289 2454 3361 0mm
2480 3254 3597 3365 essent;iussiiussi,

192 3380 498 3454 apostolici
535 3379 698 3436 illius
749 3397 865 3437 non
912 3379 1328 3437 immemores:
1361 3381 1487 3437 Sive
1529 3380 1838 3453 vigilemus,

189 3473 303 3528 sive
328 3472 689 3527 dormiamus.
723 3471 891 3526 simul
919 3485 1043 3525 cum
1071 3468 1281 3525 Christo
1310 3470 1557 3526 vivamus
1587 3468 1632 3542 (Ι
1662 3468 1837 3525 Thess.

190 3578 244 3629 ν,
277 3560 390 3633 10),
419 3560 478 3615 in
514 3557 786 3615 noctibus
815 3554 1163 3614 extollamus
1187 3557 1495 3625 manus,id
1526 3562 1633 3627 est,
1669 3576 1843 3631 opera

192 3653 413 3716 nostra,
448 3648 506 3704 ln
548 3652 773 3715 sancta,
806 3653 863 3703 et
909 3644 1325 3703 benedicamus
1382 3646 1624 3702 Domino
1667 3649 1839 3716 (Psal.

192 3755 426 3807 cxxxm,
457 3736 513 3809 2)
549 3755 561 3792 :
597 3741 729 3809 post
758 3737 1016 3809 quietem
1044 3752 1178 3792 vero
1218 3739 1549 3806 surgentes,
1580 3740 1646 3791 ut
1671 3736 1844 3807 juxta

193 3824 468 3883 eumdem
494 3823 859 3898 Apostolum,
893 3828 951 3879 et
972 3824 1100 3895 jam
1132 3820 1370 3880 silentes
1395 3820 1522 3879 sine
1551 3823 1845 3880 intermis-

193 3915 357 3973 sione
386 3931 497 3971 nos
538 3922 703 3970 orare
751 3912 963 3970 debere
1008 3913 1339 3976 credamus,
1388 3910 1550 3969 illius
1598 3912 1842 3970 dicentis

193 3998 552 4062 omnimodis
581 4003 954 4059 recordemur
985 4020 999 4059 :
1031 4004 1141 4072 Qut
1166 4002 1360 4057 avertit
1379 4016 1573 4057 aurem
1598 4018 1755 4058 suam
1774 4016 1845 4060 ne

192 4092 387 4151 audiat
432 4094 622 4166 legem,
680 4094 856 4149 oratio
911 4092 1028 4165 ejus
1092 4092 1199 4146 erit
1253 4089 1604 4146 exsecrabilis
1659 4091 1840 4164 (Prov.

192 4200 390 4252 xxvm,
439 4182 521 4252 9).
576 4183 649 4238 At
690 4183 892 4237 contra
951 4179 1071 4236 veri
1122 4179 1456 4236 adoratores
1516 4178 1845 4237 adorabunt

191 4271 422 4328 Patrem
452 4270 513 4326 in
546 4269 755 4344 spiritu
781 4271 838 4326 et
865 4266 1129 4339 veritate,
1163 4266 1470 4325 Dominica
1498 4267 1670 4325 nobis
1699 4267 1842 4325 dici-

190 4364 286 4417 tur
311 4377 452 4417 voce
481 4359 659 4431 (Joan.
694 4377 772 4427 1v,
798 4350 913 4431 23).
948 4356 1220 4414 Petamus
1252 4373 1486 4431 quoque
1517 4374 1552 4413 a
1580 4357 1695 4414 Deo
1726 4374 1842 4414 non

193 4450 347 4523 quod
379 4465 490 4505 nos
521 4443 789 4522 prohibet
812 4446 1151 4520 cupere,sed
1172 4447 1329 4519 quod
1362 4444 1844 4518 imperatdeside-

191 4555 339 4607 rare,
373 4543 441 4594 ut
466 4535 638 4595 nobis
668 4537 1019 4609 respondere
1049 4535 1323 4609 dignetur
1353 4534 1510 4608 quod
1545 4533 1842 4591 Salomoni

1947 3378 2030 3433 sic
2055 3385 2135 3433 est
2163 3378 2323 3449 quasi
2365 3379 2463 3451 qui
2486 3366 2732 3434 victimat
2773 3380 2953 3450 filium
2986 3380 3048 3436 in
3094 3389 3381 3453 conspectu
3429 3382 3605 3454 patris

1949 3467 2042 3522 sui
2067 3458 2253 3539 (Eccli.
2284 3456 2476 3533 axxtv,
2504 3458 2619 3537 24).
2653 3460 2771 3522 Hoc
2801 3476 2935 3523 vero
2975 3456 3274 3537 facientes,
3307 3464 3470 3527 illius
3499 3470 3605 3528 Do—

1951 3552 2098 3610 mini
2130 3556 2503 3611 recordemur
2536 3572 2548 3610 :
2583 3551 2719 3611 Cum
2750 3557 2889 3628 facis
2912 3557 3211 3629 prandium
3243 3566 3340 3615 aut
3368 3575 3599 3627 cenam,

1949 3645 2067 3700 noti
2095 3654 2287 3700 vocare
2310 3638 2522 3713 divites,
2555 3645 2689 3717 quia
2727 3645 2929 3703 habent
2974 3648 3277 3705 retribuere
3318 3649 3462 3712 tibi;
3511 3649 3604 3705 sed

1950 3750 2082 3790 voca
2124 3741 2409 3806 pauperes,
2434 3722 2505 3791 'et
2559 3735 2891 3792 retribuetur
2928 3736 3034 3792 tibi
3081 3738 3143 3792 in
3209 3740 3604 3795 resurrectione

1936 3826 2229 3896 justorum
2259 3825 2411 3896 (Luc.
2437 3840 2551 3891 XIV,
2574 3814 2785 3896 12-14).
2820 3825 3095 3891 Quamvis
3126 3842 3303 3883 nemo
3348 3827 3410 3883 in
3441 3843 3510 3884 ea
3540 3845 3603 3885 re

1954 3908 2298 3981 sitdives,in
2330 3927 2450 3984 qua
2481 3912 2687 3969 solatio
2719 3914 2965 3987 indiget;
2979 3930 3045 3970 ae
3074 3931 3180 3987 per
3209 3914 3488 3988 hocquod
3518 3915 3605 3972 illi

1952 3996 2258 4075 largimur,
2275 4017 2389 4057 non
2421 4000 2609 4073 diviti,
2627 4002 2729 4057 sed
2760 4003 3117 4059 conferimus
3147 4002 3456 4075 indigenti,
3479 4008 3606 4059 tau.

1951 4092 2078 4145 tum
2106 4106 2209 4162 pro
2240 4088 2341 4145 Dei
2367 4088 2769 4161 reverentia,et
2798 4104 2901 4162 pro
2929 4090 3146 4147 Christi
3176 4090 3287 4146 hoc
3317 4091 3603 4149 faciamus

1953 4186 2171 4249 amore,
2215 4176 2374 4234 illius
2422 4178 2625 4250 utique
2675 4177 2835 4234 ducti
2885 4177 3232 4236 auctoritate
3278 4179 3599 4252 praecepti:

1955 4267 2084 4335 Quae
2110 4260 2280 4322 vultis
2308 4275 2368 4322 ut
2401 4267 2606 4323 ’aciant
2631 4268 2781 4323 vobis
2805 4269 3069 4336 homines,
3095 4272 3148 4325 et
3175 4284 3266 4325 vos
3292 4270 3457 4342 facile
3486 4269 3603 4326 illis

1949 4355 2211 4411 similiter
2234 4355 2442 4423 (Matth.
2475 4370 2575 4423 vn,
2610 4355 2718 4427 12).
2750 4356 2912 4422 Quod
2944 4355 3101 4412 enim
3151 4352 3222 4413 de
3265 4372 3604 4415 mammona

1952 4443 2281 4517 iniquitatis
2311 4443 2532 4500 amicos
2563 4445 2733 4500 nobis
2765 4445 2949 4501 facere
2979 4446 3297 4502 suudemur
3327 4447 3601 4519 (Luc.xx1,

1950 4533 2027 4607 9),
2060 4549 2176 4590 non
2209 4537 2515 4606 propterea
2545 4533 2779 4601 dicitur,
2811 4538 2877 4590 ut
2908 4534 3009 4590 uni
3059 4534 3398 4593 auferamus
3446 4536 3602 4610 quod

192 4627 543 4701 sapientiam
597 4623 918 4701 postulanti
969 4623 1273 4697 respondit
1319 4624 1417 4689 (ΙΙΙ
1452 4625 1581 4693 Reg.
1614 4640 1696 4692 ιιι,
1729 4622 1841 4696 41).
1874 4634 1923 4704 D
1954 4622 2119 4680 alteri
2149 4622 2502 4691 tribuamus,
2537 4623 3607 4697 cumjuxtaAugustinum,meliussit

192 4717 296 4775 Cui
318 4716 608 4773 nimirum
640 4712 941 4789 responsio
972 4712 1118 4770 illud
1148 4711 1524 4786 Evangelium
1555 4711 1840 4783 concinit:

194 4807 436 4876 Quaerite
460 4807 711 4879 primum
738 4818 967 4876 regnum
996 4803 1098 4859 Dei
1127 4809 1182 4859 et
1199 4802 1483 4875 justitiam
1512 4800 1848 4873 ejus,eth.zc

192 4896 400 4962 omnia,
431 4892 490 4950 id
516 4896 613 4950 est
660 4891 886 4966 corpori
929 4890 1278 4960 necessaria,
1313 4887 1646 4962 adficientur
1693 4890 1846 4946 vobis

192 4986 341 5057 (Luc.
377 4999 476 5053 xu,
512 4980 622 5055 3i).

228 5052 243 5065 ⁸
262 5074 349 5130 13.
370 5052 589 5138 Quales
609 5073 829 5139 autem,
847 5086 1025 5143 quam
1056 5065 1415 5126 exaudibiles
1444 5064 1683 5123 illorum
1707 5071 1846 5124 sunt

194 5172 416 5235 preces,
444 5160 549 5234 qui
582 5165 842 5233 tempore
872 5158 1173 5225 orationis,
1197 5161 1264 5213 ut
1290 5157 1372 5212 ita
1400 5155 1685 5225 dicamus,
1716 5173 1845 5212 om-

195 5251 291 5307 nia
315 5252 716 5325 peragrantes,
750 5248 973 5305 furtum
1004 5247 1181 5304 etiam
1209 5245 1573 5319 plerumque,
1607 5244 1844 5302 latroci-

198 5341 310 5410 nia,
378 5337 718 5407 homicidia,
784 5336 1091 5407 adulteria,
1147 5334 1600 5392 fornicationum
1666 5335 1844 5392 etiam

256 5508 453 5581 (H50)
490 5507 678 5564 Voces
733 5508 904 5581 uncis
960 5506 1223 5581 inclusa,
1274 5520 1400 5579 quae
1438 5502 1667 5581 deerat,
1721 5505 1845 5581 exi—

197 5576 365 5653 gente
397 5576 669 5653 contextu
712 5579 1134 5653 supplevimus,
1168 5583 1252 5653 ut
1281 5576 1642 5649 supplendas
1692 5580 1845 5633 recte

200 5649 423 5709 monuit
451 5649 809 5708 novissimus
830 5649 1137 5723 'Spicilegii
1164 5649 1369 5723 editor.

265 5723 451 5795 (1451)
484 5723 677 5798 Vulg.,
711 5740 747 5780 a
774 5718 1020 5780 miseria.
1053 5718 1136 5779 Ex
1173 5720 1603 5796 signiﬁcatione
1650 5718 1846 5779 Graece

1954 4710 2102 4768 nulli
2133 4706 2290 4778 dare,
2324 4726 2502 4782 quam
2534 4710 2707 4767 alicui
2738 4711 2976 4781 tollere;
3011 4714 3114 4769 sed
3148 4713 3601 4784 utnoverimus,

1952 4800 2092 4874 quia
2120 4799 2332 4856 divitiae
2362 4814 2498 4855 cum
2530 4800 2689 4856 Omni
2722 4802 2844 4857 sint
2865 4786 3077 4859 saeculo
3101 4803 3493 4860 communiter
3507 4803 3605 4859 da-

1950 4894 2084 4961 tae,a
2113 4888 2274 4945 nullo
2303 4888 2646 4963 congregari
2677 4889 2805 4946 sine
2832 4889 3089 4948 avaritiae
3107 4892 3261 4949 malo
3278 4890 3603 4949 valentullo

1953 4979 2147 5035 modo.
2175 4978 2381 5035 Omnis
2410 4977 2693 5044 enim,-ait
2721 4978 3132 5052 Hieronymus,
3152 4980 3335 5047 dives,
3359 4984 3461 5035 aut
3491 4979 3599 5034 iui‘

1952 5080 2126 5140 quus,
2160 5070 2264 5123 aut
2293 5066 2482 5139 iniqui
2511 5071 2602 5123 est
2623 5068 2826 5125 haeres.
2844 5068 2915 5125 Et
2942 5068 3083 5141 quia
3113 5066 3432 5124 Psalmistze
3453 5067 3603 5122 dici-

1948 5161 2049 5214 tur
2074 5172 2212 5213 voce
2243 5172 2257 5213 :
2293 5158 2491 5212 Beatus
2520 5158 2616 5228 qui
2644 5158 2911 5228 intelligit
2928 5172 3091 5228 super
3119 5171 3350 5226 egenum
3373 5158 3425 5212 et
3459 5171 3602 5228 pau-

1950 5263 2136 5321 perem
2161 5246 2334 5317 (Psal.
2386 5262 2478 5311 XL,
2508 5247 2604 5319 2);
2654 5245 2864 5301 demus
2915 5261 3153 5318 operam
3194 5248 3264 5301 ut
3294 5244 3420 5319 'qui
3468 5243 3602 5320 plus

1950 5335 2194 5410 indiget,
2218 5333 2355 5408 plus
2376 5334 2580 5406 utique
2610 5333 2891 5407 accipiat;
2922 5334 3028 5407 qui
3078 5334 3299 5405 minus,
3332 5333 3604 5393 similiter

1950 5506 2110 5564 vocis
2141 5505 2452 5589 ιλιημρσύγῃ
2480 5504 3351 5590 misericordiaemendavimus.
3370 5502 3455 5563 lta
3468 5510 3607 5590 past

1950 5594 2141 5654 pauca
2186 5577 2542 5654 novissimus
2581 5574 2905 5654 _Spicilegi_i_
2933 5578 3121 5635 editor
3162 5582 3317 5654 recte
3369 5574 3605 5654 scripsit

1951 5646 2347 5780 inﬂeris-ordia?
2376 5646 2776 5725 impendamus,
2806 5646 2909 5706 ubi
2947 5655 3071 5707 erat
3113 5650 3360 5709 miseriae
3389 5646 3601 5734 impen-

1995 5739 2171 5780 emus.
