  <div class='ocr_page' id='page_1' title='image "/cluster/home/n/w/nwhite01/storage/ocr_20150623/136/umn.31951002477429o/365.png"; bbox 0 0 4052 6398; ppageno 0'>
   <div class='ocr_carea' id='block_1_1' title="bbox 456 354 582 422">
    <p class='ocr_par' dir='ltr' id='par_1_1' title="bbox 456 354 582 422">
     <span class='ocr_line' id='line_1_1' title="bbox 456 354 582 422; baseline -0.016 0"><span class='ocrx_word' id='word_1_1' title='bbox 456 354 582 422; x_wconf 80' lang='lat'>699</span> 
     </span>
    </p>
   </div>
   <div class='ocr_carea' id='block_1_2' title="bbox 1353 351 2972 447">
    <p class='ocr_par' dir='ltr' id='par_1_2' title="bbox 1353 351 2972 447">
     <span class='ocr_line' id='line_1_2' title="bbox 1353 351 2972 447; baseline 0.01 -33"><span class='ocrx_word' id='word_1_2' title='bbox 1353 351 1726 416; x_wconf 74' lang='lat' dir='ltr'>RATHERII</span> <span class='ocrx_word' id='word_1_3' title='bbox 1770 353 2015 447; x_wconf 65' lang='lat' dir='ltr'>EPISQ.</span> <span class='ocrx_word' id='word_1_4' title='bbox 2062 356 2352 423; x_wconf 78' lang='lat' dir='ltr'>VERON.</span> <span class='ocrx_word' id='word_1_5' title='bbox 2398 360 2575 425; x_wconf 91' lang='lat' dir='ltr'><strong>OPP.</strong></span> <span class='ocrx_word' id='word_1_6' title='bbox 2620 363 2822 428; x_wconf 82' lang='lat' dir='ltr'>PARS</span> <span class='ocrx_word' id='word_1_7' title='bbox 2865 365 2972 430; x_wconf 88' lang='lat' dir='ltr'>IlI.</span> 
     </span>
    </p>
   </div>
   <div class='ocr_carea' id='block_1_3' title="bbox 3749 370 3896 437">
    <p class='ocr_par' dir='ltr' id='par_1_3' title="bbox 3749 370 3896 437">
     <span class='ocr_line' id='line_1_3' title="bbox 3749 370 3896 437; baseline 0.034 -5"><span class='ocrx_word' id='word_1_8' title='bbox 3749 370 3896 437; x_wconf 86' lang='lat'>700-</span> 
     </span>
    </p>
   </div>
   <div class='ocr_carea' id='block_1_4' title="bbox 461 490 3875 579">
    <p class='ocr_par' dir='ltr' id='par_1_4' title="bbox 461 490 3875 579">
     <span class='ocr_line' id='line_1_4' title="bbox 461 490 3875 579; baseline -0 -18"><span class='ocrx_word' id='word_1_9' title='bbox 461 503 682 561; x_wconf 89' lang='lat' dir='ltr'>minus.</span> <span class='ocrx_word' id='word_1_10' title='bbox 713 501 783 560; x_wconf 87' lang='lat' dir='ltr'>Et</span> <span class='ocrx_word' id='word_1_11' title='bbox 811 499 950 575; x_wconf 83' lang='lat' dir='ltr'>quia</span> <span class='ocrx_word' id='word_1_12' title='bbox 973 499 1085 559; x_wconf 85' lang='lat' dir='ltr'>hoc</span> <span class='ocrx_word' id='word_1_13' title='bbox 1122 516 1377 575; x_wconf 83' lang='lat' dir='ltr'>quoque</span> <span class='ocrx_word' id='word_1_14' title='bbox 1399 498 1569 558; x_wconf 88' lang='lat' dir='ltr'>nobis</span> <span class='ocrx_word' id='word_1_15' title='bbox 1617 498 1970 575; x_wconf 77' lang='lat' dir='ltr'>praecipitur,</span> <span class='ocrx_word' id='word_1_16' title='bbox 2002 500 2106 557; x_wconf 89' lang='lat' dir='ltr'>tri-</span> <span class='ocrx_word' id='word_1_17' title='bbox 2136 490 2194 559; x_wconf 73' lang='grc' dir='ltr'><strong>Α</strong></span> <span class='ocrx_word' id='word_1_18' title='bbox 2215 494 2435 568; x_wconf 75' lang='lat' dir='ltr'>prodest</span> <span class='ocrx_word' id='word_1_19' title='bbox 2463 497 2511 570; x_wconf 89' lang='grc' dir='ltr'>(Ι</span> <span class='ocrx_word' id='word_1_20' title='bbox 2533 497 2652 555; x_wconf 85' lang='lat' dir='ltr'>Cor.</span> <span class='ocrx_word' id='word_1_21' title='bbox 2684 515 2808 568; x_wconf 85' lang='lat' dir='ltr'>xm,</span> <span class='ocrx_word' id='word_1_22' title='bbox 2843 502 2918 570; x_wconf 85' lang='lat'>3).</span> <span class='ocrx_word' id='word_1_23' title='bbox 2953 500 3024 560; x_wconf 92' lang='lat' dir='ltr'>Ut</span> <span class='ocrx_word' id='word_1_24' title='bbox 3065 499 3330 574; x_wconf 81' lang='lat' dir='ltr'>ejusdem</span> <span class='ocrx_word' id='word_1_25' title='bbox 3381 498 3686 563; x_wconf 85' lang='lat' dir='ltr'>charitatis</span> <span class='ocrx_word' id='word_1_26' title='bbox 3728 506 3875 579; x_wconf 82' lang='lat' dir='ltr'>jura</span> 
     </span>
    </p>
   </div>
   <div class='ocr_carea' id='block_1_5' title="bbox 459 590 2103 665">
    <p class='ocr_par' dir='ltr' id='par_1_5' title="bbox 459 590 2103 665">
     <span class='ocr_line' id='line_1_5' title="bbox 459 590 2103 665; baseline -0.001 -14"><span class='ocrx_word' id='word_1_27' title='bbox 459 594 713 651; x_wconf 90' lang='lat' dir='ltr'>buamus</span> <span class='ocrx_word' id='word_1_28' title='bbox 745 592 940 665; x_wconf 80' lang='lat' dir='ltr'>potius</span> <span class='ocrx_word' id='word_1_29' title='bbox 971 592 1124 649; x_wconf 91' lang='lat' dir='ltr'>bono</span> <span class='ocrx_word' id='word_1_30' title='bbox 1156 608 1332 664; x_wconf 88' lang='lat' dir='ltr'>quam</span> <span class='ocrx_word' id='word_1_31' title='bbox 1363 590 1538 659; x_wconf 90' lang='lat' dir='ltr'>malo,</span> <span class='ocrx_word' id='word_1_32' title='bbox 1572 590 1623 648; x_wconf 89' lang='lat' dir='ltr'>si</span> <span class='ocrx_word' id='word_1_33' title='bbox 1652 595 1845 648; x_wconf 89' lang='lat' dir='ltr'>tamen</span> <span class='ocrx_word' id='word_1_34' title='bbox 1878 609 1978 648; x_wconf 91' lang='lat' dir='ltr'>eos</span> <span class='ocrx_word' id='word_1_35' title='bbox 2007 609 2103 649; x_wconf 87' lang='lat' dir='ltr'>va-</span> 
     </span>
    </p>
   </div>
   <div class='ocr_carea' id='block_1_6' title="bbox 459 681 2101 753">
    <p class='ocr_par' dir='ltr' id='par_1_6' title="bbox 459 681 2101 753">
     <span class='ocr_line' id='line_1_6' title="bbox 459 681 2101 753; baseline -0.001 -14"><span class='ocrx_word' id='word_1_36' title='bbox 459 681 652 739; x_wconf 90' lang='lat' dir='ltr'>lemus</span> <span class='ocrx_word' id='word_1_37' title='bbox 694 681 1064 749; x_wconf 84' lang='lat' dir='ltr'>discernere;</span> <span class='ocrx_word' id='word_1_38' title='bbox 1109 681 1159 737; x_wconf 77' lang='lat' dir='ltr'>&#39;si</span> <span class='ocrx_word' id='word_1_39' title='bbox 1208 697 1344 745; x_wconf 90' lang='lat' dir='ltr'>non,</span> <span class='ocrx_word' id='word_1_40' title='bbox 1398 697 1717 753; x_wconf 84' lang='lat' dir='ltr'>sequamur</span> <span class='ocrx_word' id='word_1_41' title='bbox 1764 681 2053 736; x_wconf 85' lang='lat' dir='ltr'>dicentem</span> <span class='ocrx_word' id='word_1_42' title='bbox 2089 699 2101 737; x_wconf 90' lang='lat'>:</span> 
     </span>
    </p>
   </div>
   <div class='ocr_carea' id='block_1_7' title="bbox 456 770 2102 844">
    <p class='ocr_par' dir='ltr' id='par_1_7' title="bbox 456 770 2102 844">
     <span class='ocr_line' id='line_1_7' title="bbox 456 770 2102 844; baseline -0.002 -15"><span class='ocrx_word' id='word_1_43' title='bbox 456 773 532 829; x_wconf 87' lang='lat' dir='ltr'>Ne</span> <span class='ocrx_word' id='word_1_44' title='bbox 560 772 735 844; x_wconf 87' lang='lat' dir='ltr'>eligas</span> <span class='ocrx_word' id='word_1_45' title='bbox 763 773 855 827; x_wconf 91' lang='lat' dir='ltr'>cui</span> <span class='ocrx_word' id='word_1_46' title='bbox 882 772 1212 828; x_wconf 80' lang='lat' dir='ltr'>miserearis.</span> <span class='ocrx_word' id='word_1_47' title='bbox 1246 770 1565 826; x_wconf 89' lang='lat' dir='ltr'>Caveamus</span> <span class='ocrx_word' id='word_1_48' title='bbox 1597 770 1793 838; x_wconf 85' lang='lat' dir='ltr'>etiam,</span> <span class='ocrx_word' id='word_1_49' title='bbox 1827 787 1899 826; x_wconf 93' lang='lat' dir='ltr'>ne</span> <span class='ocrx_word' id='word_1_50' title='bbox 1927 788 2102 841; x_wconf 87' lang='lat' dir='ltr'>quem</span> 
     </span>
    </p>
   </div>
   <div class='ocr_carea' id='block_1_8' title="bbox 457 858 2106 933">
    <p class='ocr_par' dir='ltr' id='par_1_8' title="bbox 457 858 2106 933">
     <span class='ocr_line' id='line_1_8' title="bbox 457 858 2106 933; baseline -0.001 -17"><span class='ocrx_word' id='word_1_51' title='bbox 457 876 870 933; x_wconf 78' lang='lat' dir='ltr'>exasperemus</span> <span class='ocrx_word' id='word_1_52' title='bbox 901 859 1293 929; x_wconf 74' lang='lat' dir='ltr'>importunius</span> <span class='ocrx_word' id='word_1_53' title='bbox 1322 858 1457 914; x_wconf 91' lang='lat' dir='ltr'>licet</span> <span class='ocrx_word' id='word_1_54' title='bbox 1482 863 1784 932; x_wconf 82' lang='lat' dir='ltr'>rogantem</span> <span class='ocrx_word' id='word_1_55' title='bbox 1815 878 1828 915; x_wconf 89' lang='lat'><strong>:</strong></span> <span class='ocrx_word' id='word_1_56' title='bbox 1863 860 2106 916; x_wconf 79' lang='lat' dir='ltr'>Hilarem</span> 
     </span>
    </p>
   </div>
   <div class='ocr_carea' id='block_1_9' title="bbox 457 948 2099 1021">
    <p class='ocr_par' dir='ltr' id='par_1_9' title="bbox 457 948 2099 1021">
     <span class='ocr_line' id='line_1_9' title="bbox 457 948 2099 1021; baseline -0.001 -15"><span class='ocrx_word' id='word_1_57' title='bbox 457 951 607 1006; x_wconf 89' lang='lat' dir='ltr'>enim</span> <span class='ocrx_word' id='word_1_58' title='bbox 652 950 894 1007; x_wconf 76' lang='lat' dir='ltr'>datorem</span> <span class='ocrx_word' id='word_1_59' title='bbox 940 948 1123 1019; x_wconf 77' lang='lat' dir='ltr'>diligit</span> <span class='ocrx_word' id='word_1_60' title='bbox 1166 950 1305 1004; x_wconf 85' lang='lat' dir='ltr'>Deus</span> <span class='ocrx_word' id='word_1_61' title='bbox 1351 949 1425 1015; x_wconf 89' lang='grc' dir='ltr'>(ΙΙ</span> <span class='ocrx_word' id='word_1_62' title='bbox 1453 948 1572 1003; x_wconf 88' lang='lat' dir='ltr'>Cor.</span> <span class='ocrx_word' id='word_1_63' title='bbox 1606 966 1683 1014; x_wconf 84' lang='lat' dir='ltr'>1x,</span> <span class='ocrx_word' id='word_1_64' title='bbox 1714 948 1792 1015; x_wconf 89' lang='grc'>7).</span> <span class='ocrx_word' id='word_1_65' title='bbox 1826 949 1895 1004; x_wconf 89' lang='lat' dir='ltr'>Et</span> <span class='ocrx_word' id='word_1_66' title='bbox 1943 949 2099 1021; x_wconf 84' lang='lat' dir='ltr'>quia,</span> 
     </span>
    </p>
   </div>
   <div class='ocr_carea' id='block_1_10' title="bbox 456 1035 2104 1107">
    <p class='ocr_par' dir='ltr' id='par_1_10' title="bbox 456 1035 2104 1107">
     <span class='ocr_line' id='line_1_10' title="bbox 456 1035 2104 1107; baseline -0.001 -13"><span class='ocrx_word' id='word_1_67' title='bbox 456 1038 685 1106; x_wconf 89' lang='lat' dir='ltr'>beatus,</span> <span class='ocrx_word' id='word_1_68' title='bbox 719 1042 784 1093; x_wconf 92' lang='lat' dir='ltr'>ut</span> <span class='ocrx_word' id='word_1_69' title='bbox 811 1039 892 1093; x_wconf 86' lang='lat' dir='ltr'>ait</span> <span class='ocrx_word' id='word_1_70' title='bbox 917 1036 1285 1102; x_wconf 84' lang='lat' dir='ltr'>Ambrosius,</span> <span class='ocrx_word' id='word_1_71' title='bbox 1317 1037 1604 1092; x_wconf 91' lang='lat' dir='ltr'>bonorum</span> <span class='ocrx_word' id='word_1_72' title='bbox 1645 1035 1921 1092; x_wconf 86' lang='lat' dir='ltr'>exhibitio</span> <span class='ocrx_word' id='word_1_73' title='bbox 1952 1053 2104 1107; x_wconf 67' lang='lat' dir='ltr'>saepe</span> 
     </span>
    </p>
   </div>
   <div class='ocr_carea' id='block_1_11' title="bbox 455 1124 2101 1199">
    <p class='ocr_par' dir='ltr' id='par_1_11' title="bbox 455 1124 2101 1199">
     <span class='ocr_line' id='line_1_11' title="bbox 455 1124 2101 1199; baseline -0.003 -16"><span class='ocrx_word' id='word_1_74' title='bbox 455 1143 559 1199; x_wconf 89' lang='lat' dir='ltr'>per</span> <span class='ocrx_word' id='word_1_75' title='bbox 589 1143 813 1183; x_wconf 89' lang='lat' dir='ltr'>moram</span> <span class='ocrx_word' id='word_1_76' title='bbox 840 1126 1129 1182; x_wconf 81' lang='lat' dir='ltr'>contraxit</span> <span class='ocrx_word' id='word_1_77' title='bbox 1158 1126 1461 1191; x_wconf 80' lang='lat' dir='ltr'>otfensam,</span> <span class='ocrx_word' id='word_1_78' title='bbox 1486 1125 1848 1196; x_wconf 64' lang='lat' dir='ltr'>praebeamus</span> <span class='ocrx_word' id='word_1_79' title='bbox 1869 1124 2101 1180; x_wconf 85' lang='lat' dir='ltr'>solliciti</span> 
     </span>
    </p>
   </div>
   <div class='ocr_carea' id='block_1_12' title="bbox 454 1214 2099 1272">
    <p class='ocr_par' dir='ltr' id='par_1_12' title="bbox 454 1214 2099 1272">
     <span class='ocr_line' id='line_1_12' title="bbox 454 1214 2099 1272; baseline -0.002 0"><span class='ocrx_word' id='word_1_80' title='bbox 454 1219 649 1272; x_wconf 87' lang='lat' dir='ltr'>autem</span> <span class='ocrx_word' id='word_1_81' title='bbox 681 1215 894 1272; x_wconf 89' lang='lat' dir='ltr'>dicenti</span> <span class='ocrx_word' id='word_1_82' title='bbox 926 1233 938 1271; x_wconf 89' lang='lat'>:</span> <span class='ocrx_word' id='word_1_83' title='bbox 971 1218 1052 1271; x_wconf 87' lang='lat' dir='ltr'>Ne</span> <span class='ocrx_word' id='word_1_84' title='bbox 1075 1215 1221 1270; x_wconf 85' lang='lat' dir='ltr'>dicas</span> <span class='ocrx_word' id='word_1_85' title='bbox 1249 1216 1424 1270; x_wconf 89' lang='lat' dir='ltr'>amico</span> <span class='ocrx_word' id='word_1_86' title='bbox 1453 1218 1544 1270; x_wconf 89' lang='lat' dir='ltr'>tuo</span> <span class='ocrx_word' id='word_1_87' title='bbox 1574 1232 1593 1268; x_wconf 89' lang='lat'><em>:</em></span> <span class='ocrx_word' id='word_1_88' title='bbox 1625 1214 1762 1270; x_wconf 85' lang='lat' dir='ltr'>Vade</span> <span class='ocrx_word' id='word_1_89' title='bbox 1813 1222 1864 1269; x_wconf 90' lang='lat' dir='ltr'>et</span> <span class='ocrx_word' id='word_1_90' title='bbox 1914 1231 2099 1270; x_wconf 90' lang='lat' dir='ltr'>rever-</span> 
     </span>
    </p>
   </div>
   <div class='ocr_carea' id='block_1_13' title="bbox 456 1304 2096 1375">
    <p class='ocr_par' dir='ltr' id='par_1_13' title="bbox 456 1304 2096 1375">
     <span class='ocr_line' id='line_1_13' title="bbox 456 1304 2096 1375; baseline -0.002 -13"><span class='ocrx_word' id='word_1_91' title='bbox 456 1313 588 1373; x_wconf 84' lang='lat' dir='ltr'>tere,</span> <span class='ocrx_word' id='word_1_92' title='bbox 617 1310 672 1361; x_wconf 90' lang='lat' dir='ltr'>et</span> <span class='ocrx_word' id='word_1_93' title='bbox 698 1322 820 1361; x_wconf 89' lang='lat' dir='ltr'>cras</span> <span class='ocrx_word' id='word_1_94' title='bbox 839 1305 977 1361; x_wconf 87' lang='lat' dir='ltr'>dabo</span> <span class='ocrx_word' id='word_1_95' title='bbox 1007 1305 1130 1370; x_wconf 88' lang='lat' dir='ltr'>tibi,</span> <span class='ocrx_word' id='word_1_96' title='bbox 1156 1321 1281 1361; x_wconf 87' lang='lat' dir='ltr'>cum</span> <span class='ocrx_word' id='word_1_97' title='bbox 1308 1306 1498 1360; x_wconf 79' lang='lat' dir='ltr'>statim</span> <span class='ocrx_word' id='word_1_98' title='bbox 1542 1305 1712 1375; x_wconf 85' lang='lat' dir='ltr'>possis</span> <span class='ocrx_word' id='word_1_99' title='bbox 1759 1304 1891 1359; x_wconf 89' lang='lat' dir='ltr'>dare</span> <span class='ocrx_word' id='word_1_100' title='bbox 1915 1306 2096 1371; x_wconf 84' lang='lat' dir='ltr'>(Prov.</span> 
     </span>
    </p>
   </div>
   <div class='ocr_carea' id='block_1_14' title="bbox 453 1393 2102 1465">
    <p class='ocr_par' dir='ltr' id='par_1_14' title="bbox 453 1393 2102 1465">
     <span class='ocr_line' id='line_1_14' title="bbox 453 1393 2102 1465; baseline -0.002 -15"><span class='ocrx_word' id='word_1_101' title='bbox 453 1412 537 1462; x_wconf 81' lang='grc' dir='ltr'>ιιι,</span> <span class='ocrx_word' id='word_1_102' title='bbox 569 1395 681 1465; x_wconf 90' lang='lat'>28).</span> <span class='ocrx_word' id='word_1_103' title='bbox 717 1395 782 1450; x_wconf 90' lang='lat' dir='ltr'>In</span> <span class='ocrx_word' id='word_1_104' title='bbox 826 1394 921 1450; x_wconf 90' lang='lat' dir='ltr'>his</span> <span class='ocrx_word' id='word_1_105' title='bbox 970 1410 1103 1449; x_wconf 90' lang='lat' dir='ltr'>vero</span> <span class='ocrx_word' id='word_1_106' title='bbox 1134 1393 1410 1449; x_wconf 89' lang='lat' dir='ltr'>omnibus</span> <span class='ocrx_word' id='word_1_107' title='bbox 1455 1393 1565 1448; x_wconf 90' lang='lat' dir='ltr'>hoc</span> <span class='ocrx_word' id='word_1_108' title='bbox 1612 1393 2005 1454; x_wconf 83' lang='lat' dir='ltr'>attendamus,</span> <span class='ocrx_word' id='word_1_109' title='bbox 2037 1397 2102 1447; x_wconf 91' lang='lat' dir='ltr'>ut</span> 
     </span>
    </p>
   </div>
   <div class='ocr_carea' id='block_1_15' title="bbox 452 1481 2100 1557">
    <p class='ocr_par' dir='ltr' id='par_1_15' title="bbox 452 1481 2100 1557">
     <span class='ocr_line' id='line_1_15' title="bbox 452 1481 2100 1557; baseline -0.002 -17"><span class='ocrx_word' id='word_1_110' title='bbox 452 1501 570 1540; x_wconf 91' lang='lat' dir='ltr'>non</span> <span class='ocrx_word' id='word_1_111' title='bbox 602 1501 706 1557; x_wconf 90' lang='lat' dir='ltr'>pro</span> <span class='ocrx_word' id='word_1_112' title='bbox 738 1483 900 1540; x_wconf 88' lang='lat' dir='ltr'>inani</span> <span class='ocrx_word' id='word_1_113' title='bbox 931 1482 1137 1555; x_wconf 83' lang='lat' dir='ltr'>gloria,</span> <span class='ocrx_word' id='word_1_114' title='bbox 1173 1483 1273 1538; x_wconf 87' lang='lat' dir='ltr'>sed</span> <span class='ocrx_word' id='word_1_115' title='bbox 1301 1499 1404 1555; x_wconf 93' lang='lat' dir='ltr'>pro</span> <span class='ocrx_word' id='word_1_116' title='bbox 1434 1482 1533 1537; x_wconf 90' lang='lat' dir='ltr'>Dei</span> <span class='ocrx_word' id='word_1_117' title='bbox 1560 1481 1848 1553; x_wconf 84' lang='lat' dir='ltr'>jussione,</span> <span class='ocrx_word' id='word_1_118' title='bbox 1868 1485 2100 1537; x_wconf 84' lang='lat' dir='ltr'>etcom-</span> 
     </span>
    </p>
   </div>
   <div class='ocr_carea' id='block_1_16' title="bbox 453 1570 2096 1642">
    <p class='ocr_par' dir='ltr' id='par_1_16' title="bbox 453 1570 2096 1642">
     <span class='ocr_line' id='line_1_16' title="bbox 453 1570 2096 1642; baseline -0.002 -13"><span class='ocrx_word' id='word_1_119' title='bbox 453 1572 653 1630; x_wconf 89' lang='lat' dir='ltr'>munis</span> <span class='ocrx_word' id='word_1_120' title='bbox 686 1577 906 1628; x_wconf 83' lang='lat' dir='ltr'>naturae</span> <span class='ocrx_word' id='word_1_121' title='bbox 928 1570 1804 1642; x_wconf 87' lang='lat' dir='ltr'>consideratione,bonumquod</span> <span class='ocrx_word' id='word_1_122' title='bbox 1827 1570 2096 1640; x_wconf 82' lang='lat' dir='ltr'>facimus,</span> 
     </span>
    </p>
   </div>
   <div class='ocr_carea' id='block_1_17' title="bbox 452 1660 2100 1734">
    <p class='ocr_par' dir='ltr' id='par_1_17' title="bbox 452 1660 2100 1734">
     <span class='ocr_line' id='line_1_17' title="bbox 452 1660 2100 1734; baseline -0.002 -16"><span class='ocrx_word' id='word_1_123' title='bbox 452 1678 624 1734; x_wconf 82' lang='lat' dir='ltr'>agere</span> <span class='ocrx_word' id='word_1_124' title='bbox 654 1663 1019 1726; x_wconf 90' lang='lat' dir='ltr'>studeamus,</span> <span class='ocrx_word' id='word_1_125' title='bbox 1058 1660 1300 1717; x_wconf 91' lang='lat' dir='ltr'>Domino</span> <span class='ocrx_word' id='word_1_126' title='bbox 1349 1660 1430 1715; x_wconf 90' lang='lat' dir='ltr'>ita</span> <span class='ocrx_word' id='word_1_127' title='bbox 1464 1660 1715 1730; x_wconf 89' lang='lat' dir='ltr'>jubente</span> <span class='ocrx_word' id='word_1_128' title='bbox 1747 1677 1760 1715; x_wconf 91' lang='lat'>:</span> <span class='ocrx_word' id='word_1_129' title='bbox 1797 1661 1861 1715; x_wconf 90' lang='lat' dir='ltr'>Te</span> <span class='ocrx_word' id='word_1_130' title='bbox 1911 1669 2100 1715; x_wconf 75' lang='lat' dir='ltr'>autem</span> 
     </span>
    </p>
   </div>
   <div class='ocr_carea' id='block_1_18' title="bbox 449 1749 2099 1822">
    <p class='ocr_par' dir='ltr' id='par_1_18' title="bbox 449 1749 2099 1822">
     <span class='ocr_line' id='line_1_18' title="bbox 449 1749 2099 1822; baseline -0.002 -15"><span class='ocrx_word' id='word_1_131' title='bbox 449 1751 687 1822; x_wconf 80' lang='lat' dir='ltr'>faciente</span> <span class='ocrx_word' id='word_1_132' title='bbox 714 1751 1133 1820; x_wconf 70' lang='lat' dir='ltr'>elemosynam,</span> <span class='ocrx_word' id='word_1_133' title='bbox 1150 1751 1360 1805; x_wconf 86' lang='lat' dir='ltr'>nesciat</span> <span class='ocrx_word' id='word_1_134' title='bbox 1384 1750 1611 1805; x_wconf 84' lang='lat' dir='ltr'>sinistra</span> <span class='ocrx_word' id='word_1_135' title='bbox 1641 1752 1733 1804; x_wconf 88' lang='lat' dir='ltr'>tua</span> <span class='ocrx_word' id='word_1_136' title='bbox 1763 1749 1904 1820; x_wconf 85' lang='lat' dir='ltr'>quod</span> <span class='ocrx_word' id='word_1_137' title='bbox 1932 1751 2099 1818; x_wconf 84' lang='lat' dir='ltr'>faciet</span> 
     </span>
    </p>
   </div>
   <div class='ocr_carea' id='block_1_19' title="bbox 2215 589 3870 663">
    <p class='ocr_par' dir='ltr' id='par_1_19' title="bbox 2215 589 3870 663">
     <span class='ocr_line' id='line_1_19' title="bbox 2215 589 3870 663; baseline 0.006 -21"><span class='ocrx_word' id='word_1_138' title='bbox 2215 603 2444 644; x_wconf 88' lang='lat' dir='ltr'>servare</span> <span class='ocrx_word' id='word_1_139' title='bbox 2474 605 2761 660; x_wconf 89' lang='lat' dir='ltr'>queamus</span> <span class='ocrx_word' id='word_1_140' title='bbox 2790 589 2989 659; x_wconf 64' lang='lat' dir='ltr'>illaesa,</span> <span class='ocrx_word' id='word_1_141' title='bbox 3022 591 3388 663; x_wconf 80' lang='lat' dir='ltr'>praebeamus</span> <span class='ocrx_word' id='word_1_142' title='bbox 3418 593 3612 650; x_wconf 91' lang='lat' dir='ltr'>cordis</span> <span class='ocrx_word' id='word_1_143' title='bbox 3660 612 3870 652; x_wconf 90' lang='lat' dir='ltr'>aurem</span> 
     </span>
    </p>
   </div>
   <div class='ocr_carea' id='block_1_20' title="bbox 2214 677 3870 751">
    <p class='ocr_par' dir='ltr' id='par_1_20' title="bbox 2214 677 3870 751">
     <span class='ocr_line' id='line_1_20' title="bbox 2214 677 3870 751; baseline 0.007 -20"><span class='ocrx_word' id='word_1_144' title='bbox 2214 677 2427 733; x_wconf 83' lang='lat' dir='ltr'>dicenti</span> <span class='ocrx_word' id='word_1_145' title='bbox 2461 696 2474 734; x_wconf 89' lang='lat'>:</span> <span class='ocrx_word' id='word_1_146' title='bbox 2508 679 2569 734; x_wconf 92' lang='lat' dir='ltr'>Si</span> <span class='ocrx_word' id='word_1_147' title='bbox 2595 679 2754 751; x_wconf 66' lang='lat' dir='ltr'>oﬂ‘ers</span> <span class='ocrx_word' id='word_1_148' title='bbox 2774 696 2974 736; x_wconf 89' lang='lat' dir='ltr'>munus</span> <span class='ocrx_word' id='word_1_149' title='bbox 3004 688 3162 737; x_wconf 89' lang='lat' dir='ltr'>tuum</span> <span class='ocrx_word' id='word_1_150' title='bbox 3184 682 3258 738; x_wconf 86' lang='lat' dir='ltr'>ad</span> <span class='ocrx_word' id='word_1_151' title='bbox 3284 683 3477 751; x_wconf 89' lang='lat' dir='ltr'>altare,</span> <span class='ocrx_word' id='word_1_152' title='bbox 3495 688 3548 739; x_wconf 90' lang='lat' dir='ltr'>et</span> <span class='ocrx_word' id='word_1_153' title='bbox 3577 685 3659 740; x_wconf 88' lang='lat' dir='ltr'>ibi</span> <span class='ocrx_word' id='word_1_154' title='bbox 3684 701 3870 742; x_wconf 86' lang='lat' dir='ltr'>recor-</span> 
     </span>
    </p>
   </div>
   <div class='ocr_carea' id='block_1_21' title="bbox 2213 766 3873 843">
    <p class='ocr_par' dir='ltr' id='par_1_21' title="bbox 2213 766 3873 843">
     <span class='ocr_line' id='line_1_21' title="bbox 2213 766 3873 843; baseline 0.004 -20"><span class='ocrx_word' id='word_1_155' title='bbox 2213 766 2373 823; x_wconf 86' lang='lat' dir='ltr'>datus</span> <span class='ocrx_word' id='word_1_156' title='bbox 2400 769 2574 838; x_wconf 84' lang='lat' dir='ltr'>fueris</span> <span class='ocrx_word' id='word_1_157' title='bbox 2593 770 2727 839; x_wconf 82' lang='lat' dir='ltr'>quia</span> <span class='ocrx_word' id='word_1_158' title='bbox 2752 771 2928 840; x_wconf 78' lang='lat' dir='ltr'>frater</span> <span class='ocrx_word' id='word_1_159' title='bbox 2955 777 3083 825; x_wconf 89' lang='lat' dir='ltr'>tuus</span> <span class='ocrx_word' id='word_1_160' title='bbox 3128 770 3291 826; x_wconf 88' lang='lat' dir='ltr'>habet</span> <span class='ocrx_word' id='word_1_161' title='bbox 3318 771 3535 843; x_wconf 87' lang='lat' dir='ltr'>aliquid</span> <span class='ocrx_word' id='word_1_162' title='bbox 3575 773 3873 830; x_wconf 87' lang='lat' dir='ltr'>adversum</span> 
     </span>
    </p>
   </div>
   <div class='ocr_carea' id='block_1_22' title="bbox 2212 857 3869 935">
    <p class='ocr_par' dir='ltr' id='par_1_22' title="bbox 2212 857 3869 935">
     <span class='ocr_line' id='line_1_22' title="bbox 2212 857 3869 935; baseline 0.006 -25"><span class='ocrx_word' id='word_1_163' title='bbox 2212 863 2261 911; x_wconf 91' lang='lat' dir='ltr'>te</span> <span class='ocrx_word' id='word_1_164' title='bbox 2280 873 2300 917; x_wconf 87' lang='grc'>,·</span> <span class='ocrx_word' id='word_1_165' title='bbox 2333 857 2583 928; x_wconf 86' lang='lat' dir='ltr'>relinque</span> <span class='ocrx_word' id='word_1_166' title='bbox 2611 858 2690 912; x_wconf 90' lang='lat' dir='ltr'>ibi</span> <span class='ocrx_word' id='word_1_167' title='bbox 2716 874 2917 913; x_wconf 86' lang='lat' dir='ltr'>munus</span> <span class='ocrx_word' id='word_1_168' title='bbox 2946 866 3104 914; x_wconf 90' lang='lat' dir='ltr'>tuum</span> <span class='ocrx_word' id='word_1_169' title='bbox 3118 863 3249 914; x_wconf 88' lang='lat' dir='ltr'>ante</span> <span class='ocrx_word' id='word_1_170' title='bbox 3270 861 3525 926; x_wconf 87' lang='lat' dir='ltr'>altare,et</span> <span class='ocrx_word' id='word_1_171' title='bbox 3552 862 3689 918; x_wconf 89' lang='lat' dir='ltr'>vade</span> <span class='ocrx_word' id='word_1_172' title='bbox 3703 865 3869 935; x_wconf 85' lang='lat' dir='ltr'>prius</span> 
     </span>
    </p>
   </div>
   <div class='ocr_carea' id='block_1_23' title="bbox 2211 946 3872 1022">
    <p class='ocr_par' dir='ltr' id='par_1_23' title="bbox 2211 946 3872 1022">
     <span class='ocr_line' id='line_1_23' title="bbox 2211 946 3872 1022; baseline 0.005 -23"><span class='ocrx_word' id='word_1_173' title='bbox 2211 946 2560 1001; x_wconf 84' lang='lat' dir='ltr'>reconciliari</span> <span class='ocrx_word' id='word_1_174' title='bbox 2580 948 2749 1017; x_wconf 85' lang='lat' dir='ltr'>fratri</span> <span class='ocrx_word' id='word_1_175' title='bbox 2776 955 2905 1009; x_wconf 82' lang='lat' dir='ltr'>tuo;</span> <span class='ocrx_word' id='word_1_176' title='bbox 2935 951 2989 1003; x_wconf 86' lang='lat' dir='ltr'>et</span> <span class='ocrx_word' id='word_1_177' title='bbox 3013 955 3140 1003; x_wconf 84' lang='lat' dir='ltr'>tunc</span> <span class='ocrx_word' id='word_1_178' title='bbox 3166 950 3388 1005; x_wconf 86' lang='lat' dir='ltr'>veniens</span> <span class='ocrx_word' id='word_1_179' title='bbox 3428 951 3619 1022; x_wconf 84' lang='lat' dir='ltr'>offeres</span> <span class='ocrx_word' id='word_1_180' title='bbox 3662 969 3872 1008; x_wconf 88' lang='lat' dir='ltr'>munus</span> 
     </span>
    </p>
   </div>
   <div class='ocr_carea' id='block_1_24' title="bbox 2212 1035 3870 1110">
    <p class='ocr_par' dir='ltr' id='par_1_24' title="bbox 2212 1035 3870 1110">
     <span class='ocr_line' id='line_1_24' title="bbox 2212 1035 3870 1110; baseline 0.005 -21"><span class='ocrx_word' id='word_1_181' title='bbox 2212 1038 2365 1089; x_wconf 86' lang='lat' dir='ltr'>tuum</span> <span class='ocrx_word' id='word_1_182' title='bbox 2394 1035 2599 1106; x_wconf 84' lang='lat' dir='ltr'>(Matth.</span> <span class='ocrx_word' id='word_1_183' title='bbox 2630 1052 2685 1100; x_wconf 90' lang='lat' dir='ltr'>v,</span> <span class='ocrx_word' id='word_1_184' title='bbox 2729 1038 2942 1104; x_wconf 64' lang='lat'>23-21;).</span> <span class='ocrx_word' id='word_1_185' title='bbox 2976 1037 3138 1100; x_wconf 88' lang='lat' dir='ltr'>Quod</span> <span class='ocrx_word' id='word_1_186' title='bbox 3190 1037 3240 1092; x_wconf 89' lang='lat' dir='ltr'>si</span> <span class='ocrx_word' id='word_1_187' title='bbox 3286 1036 3402 1104; x_wconf 92' lang='lat' dir='ltr'>ille,</span> <span class='ocrx_word' id='word_1_188' title='bbox 3454 1038 3555 1110; x_wconf 91' lang='lat' dir='ltr'>qui</span> <span class='ocrx_word' id='word_1_189' title='bbox 3600 1038 3870 1098; x_wconf 66' lang='lat' dir='ltr'>laedendo</span> 
     </span>
    </p>
   </div>
   <div class='ocr_carea' id='block_1_25' title="bbox 2210 1123 3870 1197">
    <p class='ocr_par' dir='ltr' id='par_1_25' title="bbox 2210 1123 3870 1197">
     <span class='ocr_line' id='line_1_25' title="bbox 2210 1123 3870 1197; baseline 0.004 -18"><span class='ocrx_word' id='word_1_190' title='bbox 2210 1124 2471 1189; x_wconf 88' lang='lat' dir='ltr'>fralrem,</span> <span class='ocrx_word' id='word_1_191' title='bbox 2522 1123 2583 1178; x_wconf 91' lang='lat' dir='ltr'>in</span> <span class='ocrx_word' id='word_1_192' title='bbox 2646 1123 2842 1197; x_wconf 88' lang='lat' dir='ltr'>aliquo</span> <span class='ocrx_word' id='word_1_193' title='bbox 2894 1126 3262 1182; x_wconf 83' lang='lat' dir='ltr'>contristavit</span> <span class='ocrx_word' id='word_1_194' title='bbox 3328 1127 3622 1197; x_wconf 91' lang='lat' dir='ltr'>eumdem,</span> <span class='ocrx_word' id='word_1_195' title='bbox 3675 1131 3870 1186; x_wconf 82' lang='lat' dir='ltr'>suasit</span> 
     </span>
    </p>
   </div>
   <div class='ocr_carea' id='block_1_26' title="bbox 2210 1211 3867 1289">
    <p class='ocr_par' dir='ltr' id='par_1_26' title="bbox 2210 1211 3867 1289">
     <span class='ocr_line' id='line_1_26' title="bbox 2210 1211 3867 1289; baseline 0.005 -23"><span class='ocrx_word' id='word_1_196' title='bbox 2210 1211 2393 1283; x_wconf 83' lang='grc'>(1453)</span> <span class='ocrx_word' id='word_1_197' title='bbox 2425 1228 2595 1285; x_wconf 82' lang='lat' dir='ltr'>agere</span> <span class='ocrx_word' id='word_1_198' title='bbox 2625 1230 2741 1268; x_wconf 91' lang='lat' dir='ltr'>non</span> <span class='ocrx_word' id='word_1_199' title='bbox 2776 1214 3129 1285; x_wconf 85' lang='lat' dir='ltr'>dedignatus</span> <span class='ocrx_word' id='word_1_200' title='bbox 3150 1214 3380 1270; x_wconf 87' lang='lat' dir='ltr'>Domini</span> <span class='ocrx_word' id='word_1_201' title='bbox 3401 1215 3528 1283; x_wconf 89' lang='lat' dir='ltr'>;illc</span> <span class='ocrx_word' id='word_1_202' title='bbox 3560 1217 3660 1289; x_wconf 90' lang='lat' dir='ltr'>qui</span> <span class='ocrx_word' id='word_1_203' title='bbox 3681 1217 3867 1275; x_wconf 59' lang='lat' dir='ltr'>laesus</span> 
     </span>
    </p>
   </div>
   <div class='ocr_carea' id='block_1_27' title="bbox 2210 1301 3870 1379">
    <p class='ocr_par' dir='ltr' id='par_1_27' title="bbox 2210 1301 3870 1379">
     <span class='ocr_line' id='line_1_27' title="bbox 2210 1301 3870 1379; baseline 0.005 -24"><span class='ocrx_word' id='word_1_204' title='bbox 2210 1301 2488 1357; x_wconf 88' lang='lat' dir='ltr'>adversus</span> <span class='ocrx_word' id='word_1_205' title='bbox 2518 1302 2755 1357; x_wconf 82' lang='lat' dir='ltr'>fratrem</span> <span class='ocrx_word' id='word_1_206' title='bbox 2788 1302 3007 1374; x_wconf 90' lang='lat' dir='ltr'>aliquid</span> <span class='ocrx_word' id='word_1_207' title='bbox 3042 1302 3238 1371; x_wconf 82' lang='lat' dir='ltr'>habet,</span> <span class='ocrx_word' id='word_1_208' title='bbox 3270 1303 3466 1360; x_wconf 87' lang='lat' dir='ltr'>taliter</span> <span class='ocrx_word' id='word_1_209' title='bbox 3517 1322 3580 1362; x_wconf 90' lang='lat' dir='ltr'>se</span> <span class='ocrx_word' id='word_1_210' title='bbox 3626 1323 3870 1379; x_wconf 90' lang='lat' dir='ltr'>quoque</span> 
     </span>
    </p>
   </div>
   <div class='ocr_carea' id='block_1_28' title="bbox 2210 1390 3871 1466">
    <p class='ocr_par' dir='ltr' id='par_1_28' title="bbox 2210 1390 3871 1466">
     <span class='ocr_line' id='line_1_28' title="bbox 2210 1390 3871 1466; baseline 0.005 -22"><span class='ocrx_word' id='word_1_211' title='bbox 2210 1390 2468 1445; x_wconf 89' lang='lat' dir='ltr'>monenti</span> <span class='ocrx_word' id='word_1_212' title='bbox 2501 1390 2740 1446; x_wconf 87' lang='lat' dir='ltr'>surdam</span> <span class='ocrx_word' id='word_1_213' title='bbox 2774 1392 2990 1447; x_wconf 89' lang='lat' dir='ltr'>mentis</span> <span class='ocrx_word' id='word_1_214' title='bbox 3020 1409 3134 1447; x_wconf 93' lang='lat' dir='ltr'>non</span> <span class='ocrx_word' id='word_1_215' title='bbox 3169 1393 3423 1466; x_wconf 67' lang='lat' dir='ltr'>praebeat</span> <span class='ocrx_word' id='word_1_216' title='bbox 3452 1411 3689 1451; x_wconf 86' lang='lat' dir='ltr'>aurem:</span> <span class='ocrx_word' id='word_1_217' title='bbox 3726 1395 3871 1451; x_wconf 82' lang='lat' dir='ltr'>Cum</span> 
     </span>
    </p>
   </div>
   <div class='ocr_carea' id='block_1_29' title="bbox 2206 1479 3869 1552">
    <p class='ocr_par' dir='ltr' id='par_1_29' title="bbox 2206 1479 3869 1552">
     <span class='ocr_line' id='line_1_29' title="bbox 2206 1479 3869 1552; baseline 0.006 -20"><span class='ocrx_word' id='word_1_218' title='bbox 2206 1480 2362 1534; x_wconf 81' lang='lat' dir='ltr'>statis</span> <span class='ocrx_word' id='word_1_219' title='bbox 2392 1479 2461 1534; x_wconf 88' lang='lat' dir='ltr'>ad</span> <span class='ocrx_word' id='word_1_220' title='bbox 2489 1479 2759 1535; x_wconf 86' lang='lat' dir='ltr'>orandum</span> <span class='ocrx_word' id='word_1_221' title='bbox 2786 1479 3046 1536; x_wconf 87' lang='lat' dir='ltr'>dimittite</span> <span class='ocrx_word' id='word_1_222' title='bbox 3072 1482 3123 1535; x_wconf 89' lang='lat' dir='ltr'>si</span> <span class='ocrx_word' id='word_1_223' title='bbox 3159 1481 3295 1552; x_wconf 90' lang='lat' dir='ltr'>quid</span> <span class='ocrx_word' id='word_1_224' title='bbox 3343 1481 3552 1539; x_wconf 83' lang='lat' dir='ltr'>habetis</span> <span class='ocrx_word' id='word_1_225' title='bbox 3601 1484 3869 1542; x_wconf 78' lang='lat' dir='ltr'>adversus</span> 
     </span>
    </p>
   </div>
   <div class='ocr_carea' id='block_1_30' title="bbox 2209 1568 3869 1639">
    <p class='ocr_par' dir='ltr' id='par_1_30' title="bbox 2209 1568 3869 1639">
     <span class='ocr_line' id='line_1_30' title="bbox 2209 1568 3869 1639; baseline 0.006 -18"><span class='ocrx_word' id='word_1_226' title='bbox 2209 1568 2468 1639; x_wconf 84' lang='lat' dir='ltr'>aliquem,</span> <span class='ocrx_word' id='word_1_227' title='bbox 2502 1572 2563 1623; x_wconf 87' lang='lat' dir='ltr'>ut</span> <span class='ocrx_word' id='word_1_228' title='bbox 2601 1577 2656 1624; x_wconf 89' lang='lat' dir='ltr'>et</span> <span class='ocrx_word' id='word_1_229' title='bbox 2699 1571 2863 1625; x_wconf 87' lang='lat' dir='ltr'>Pater</span> <span class='ocrx_word' id='word_1_230' title='bbox 2908 1577 3084 1625; x_wconf 87' lang='lat' dir='ltr'>vester</span> <span class='ocrx_word' id='word_1_231' title='bbox 3128 1571 3362 1627; x_wconf 68' lang='lat' dir='ltr'>caelestis</span> <span class='ocrx_word' id='word_1_232' title='bbox 3409 1572 3653 1629; x_wconf 85' lang='lat' dir='ltr'>dimittat</span> <span class='ocrx_word' id='word_1_233' title='bbox 3707 1575 3869 1630; x_wconf 86' lang='lat' dir='ltr'>vobis</span> 
     </span>
    </p>
   </div>
   <div class='ocr_carea' id='block_1_31' title="bbox 2200 1658 3870 1736">
    <p class='ocr_par' dir='ltr' id='par_1_31' title="bbox 2200 1658 3870 1736">
     <span class='ocr_line' id='line_1_31' title="bbox 2200 1658 3870 1736; baseline 0.006 -25"><span class='ocrx_word' id='word_1_234' title='bbox 2200 1660 2424 1728; x_wconf 83' lang='lat' dir='ltr'>peccata</span> <span class='ocrx_word' id='word_1_235' title='bbox 2453 1665 2646 1713; x_wconf 89' lang='lat' dir='ltr'>vestra.</span> <span class='ocrx_word' id='word_1_236' title='bbox 2680 1658 2830 1726; x_wconf 82' lang='lat' dir='ltr'>Quod</span> <span class='ocrx_word' id='word_1_237' title='bbox 2856 1660 2910 1713; x_wconf 91' lang='lat' dir='ltr'>si</span> <span class='ocrx_word' id='word_1_238' title='bbox 2937 1674 3025 1714; x_wconf 90' lang='lat' dir='ltr'>vos</span> <span class='ocrx_word' id='word_1_239' title='bbox 3072 1675 3182 1715; x_wconf 87' lang='lat' dir='ltr'>non</span> <span class='ocrx_word' id='word_1_240' title='bbox 3215 1660 3560 1729; x_wconf 89' lang='lat' dir='ltr'>dimiseritis,</span> <span class='ocrx_word' id='word_1_241' title='bbox 3606 1678 3705 1718; x_wconf 87' lang='lat' dir='ltr'>nec</span> <span class='ocrx_word' id='word_1_242' title='bbox 3745 1665 3870 1736; x_wconf 85' lang='lat' dir='ltr'>ipse</span> 
     </span>
    </p>
   </div>
   <div class='ocr_carea' id='block_1_32' title="bbox 2205 1745 3639 1823">
    <p class='ocr_par' dir='ltr' id='par_1_32' title="bbox 2205 1745 3639 1823">
     <span class='ocr_line' id='line_1_32' title="bbox 2205 1745 3639 1823; baseline 0.005 -23"><span class='ocrx_word' id='word_1_243' title='bbox 2205 1745 2440 1801; x_wconf 86' lang='lat' dir='ltr'>dimittet</span> <span class='ocrx_word' id='word_1_244' title='bbox 2467 1745 2615 1803; x_wconf 85' lang='lat' dir='ltr'>vobis</span> <span class='ocrx_word' id='word_1_245' title='bbox 2638 1750 2863 1819; x_wconf 85' lang='lat' dir='ltr'>peccata</span> <span class='ocrx_word' id='word_1_246' title='bbox 2895 1755 3071 1803; x_wconf 89' lang='lat' dir='ltr'>vestra</span> <span class='ocrx_word' id='word_1_247' title='bbox 3101 1747 3288 1820; x_wconf 85' lang='lat' dir='ltr'>(Marc.</span> <span class='ocrx_word' id='word_1_248' title='bbox 3319 1767 3398 1818; x_wconf 85' lang='lat' dir='ltr'>x1,</span> <span class='ocrx_word' id='word_1_249' title='bbox 3431 1750 3639 1823; x_wconf 78' lang='lat'>25-26).</span> 
     </span>
    </p>
   </div>
   <div class='ocr_carea' id='block_1_33' title="bbox 449 1836 3866 1928">
    <p class='ocr_par' dir='ltr' id='par_1_33' title="bbox 449 1836 3866 1928">
     <span class='ocr_line' id='line_1_33' title="bbox 449 1836 3866 1928; baseline 0.001 -33"><span class='ocrx_word' id='word_1_250' title='bbox 449 1839 676 1896; x_wconf 77' lang='lat' dir='ltr'>dextera</span> <span class='ocrx_word' id='word_1_251' title='bbox 701 1844 797 1896; x_wconf 87' lang='lat' dir='ltr'>tua</span> <span class='ocrx_word' id='word_1_252' title='bbox 826 1839 1032 1912; x_wconf 82' lang='lat' dir='ltr'>(Matth.</span> <span class='ocrx_word' id='word_1_253' title='bbox 1065 1856 1143 1905; x_wconf 83' lang='lat' dir='ltr'>v1,</span> <span class='ocrx_word' id='word_1_254' title='bbox 1174 1839 1251 1909; x_wconf 92' lang='lat'>3).</span> <span class='ocrx_word' id='word_1_255' title='bbox 1285 1840 1630 1910; x_wconf 88' lang='lat' dir='ltr'>Quanquam</span> <span class='ocrx_word' id='word_1_256' title='bbox 1682 1840 1739 1894; x_wconf 87' lang='lat' dir='ltr'>et</span> <span class='ocrx_word' id='word_1_257' title='bbox 1783 1837 1892 1894; x_wconf 92' lang='lat' dir='ltr'>hoc</span> <span class='ocrx_word' id='word_1_258' title='bbox 1941 1838 2095 1894; x_wconf 87' lang='lat' dir='ltr'>dicto</span> <span class='ocrx_word' id='word_1_259' title='bbox 2127 1864 2174 1928; x_wconf 79' lang='grc' dir='ltr'>Β</span> <span class='ocrx_word' id='word_1_260' title='bbox 2278 1836 2365 1889; x_wconf 92' lang='grc'>17.</span> <span class='ocrx_word' id='word_1_261' title='bbox 2401 1836 2549 1892; x_wconf 89' lang='lat' dir='ltr'>Sunt</span> <span class='ocrx_word' id='word_1_262' title='bbox 2577 1852 2713 1928; x_wconf 76' lang='lat' dir='ltr'>vero</span> <span class='ocrx_word' id='word_1_263' title='bbox 2740 1840 2943 1891; x_wconf 89' lang='lat' dir='ltr'>contra</span> <span class='ocrx_word' id='word_1_264' title='bbox 2972 1838 3528 1928; x_wconf 76' lang='lat' dir='ltr'>nostriconsimilis,</span> <span class='ocrx_word' id='word_1_265' title='bbox 3562 1841 3631 1896; x_wconf 91' lang='lat' dir='ltr'>ad</span> <span class='ocrx_word' id='word_1_266' title='bbox 3656 1840 3866 1897; x_wconf 87' lang='lat' dir='ltr'>dimit-</span> 
     </span>
    </p>
   </div>
   <div class='ocr_carea' id='block_1_34' title="bbox 450 1926 2094 2002">
    <p class='ocr_par' dir='ltr' id='par_1_34' title="bbox 450 1926 2094 2002">
     <span class='ocr_line' id='line_1_34' title="bbox 450 1926 2094 2002; baseline -0.001 -19"><span class='ocrx_word' id='word_1_267' title='bbox 450 1927 690 2002; x_wconf 64' lang='lat' dir='ltr'>pracipi</span> <span class='ocrx_word' id='word_1_268' title='bbox 719 1928 907 2001; x_wconf 86' lang='lat' dir='ltr'>possit</span> <span class='ocrx_word' id='word_1_269' title='bbox 932 1928 1136 1993; x_wconf 89' lang='lat' dir='ltr'>videri,</span> <span class='ocrx_word' id='word_1_270' title='bbox 1168 1931 1235 1983; x_wconf 94' lang='lat' dir='ltr'>ut</span> <span class='ocrx_word' id='word_1_271' title='bbox 1263 1927 1321 1983; x_wconf 91' lang='lat' dir='ltr'>in</span> <span class='ocrx_word' id='word_1_272' title='bbox 1354 1932 1554 1985; x_wconf 88' lang='lat' dir='ltr'>nostra</span> <span class='ocrx_word' id='word_1_273' title='bbox 1600 1927 1966 2000; x_wconf 84' lang='lat' dir='ltr'>eleemosyna</span> <span class='ocrx_word' id='word_1_274' title='bbox 2014 1926 2094 1982; x_wconf 88' lang='lat' dir='ltr'>nil</span> 
     </span>
    </p>
   </div>
   <div class='ocr_carea' id='block_1_35' title="bbox 450 2016 2095 2090">
    <p class='ocr_par' dir='ltr' id='par_1_35' title="bbox 450 2016 2095 2090">
     <span class='ocr_line' id='line_1_35' title="bbox 450 2016 2095 2090; baseline -0.001 -17"><span class='ocrx_word' id='word_1_275' title='bbox 450 2018 638 2090; x_wconf 87' lang='lat' dir='ltr'>possit</span> <span class='ocrx_word' id='word_1_276' title='bbox 676 2018 947 2084; x_wconf 82' lang='lat' dir='ltr'>inveniri,</span> <span class='ocrx_word' id='word_1_277' title='bbox 971 2018 1126 2089; x_wconf 89' lang='lat' dir='ltr'>quod</span> <span class='ocrx_word' id='word_1_278' title='bbox 1166 2018 1237 2073; x_wconf 89' lang='lat' dir='ltr'>de</span> <span class='ocrx_word' id='word_1_279' title='bbox 1286 2016 1525 2073; x_wconf 88' lang='lat' dir='ltr'>sinistro</span> <span class='ocrx_word' id='word_1_280' title='bbox 1550 2033 1743 2089; x_wconf 85' lang='lat' dir='ltr'>opere,</span> <span class='ocrx_word' id='word_1_281' title='bbox 1775 2017 1831 2073; x_wconf 90' lang='lat' dir='ltr'>id</span> <span class='ocrx_word' id='word_1_282' title='bbox 1883 2021 1990 2082; x_wconf 89' lang='lat' dir='ltr'>est,</span> <span class='ocrx_word' id='word_1_283' title='bbox 2023 2017 2095 2072; x_wconf 89' lang='lat' dir='ltr'>de</span> 
     </span>
    </p>
   </div>
   <div class='ocr_carea' id='block_1_36' title="bbox 447 2105 2095 2179">
    <p class='ocr_par' dir='ltr' id='par_1_36' title="bbox 447 2105 2095 2179">
     <span class='ocr_line' id='line_1_36' title="bbox 447 2105 2095 2179; baseline 0 -18"><span class='ocrx_word' id='word_1_284' title='bbox 447 2105 669 2178; x_wconf 86' lang='lat' dir='ltr'>injuste</span> <span class='ocrx_word' id='word_1_285' title='bbox 699 2107 777 2163; x_wconf 88' lang='lat' dir='ltr'>sit</span> <span class='ocrx_word' id='word_1_286' title='bbox 805 2107 1160 2179; x_wconf 89' lang='lat' dir='ltr'>acquisitum</span> <span class='ocrx_word' id='word_1_287' title='bbox 1181 2106 1379 2162; x_wconf 90' lang='lat' dir='ltr'>labore</span> <span class='ocrx_word' id='word_1_288' title='bbox 1412 2123 1425 2162; x_wconf 92' lang='lat'><strong>:</strong></span> <span class='ocrx_word' id='word_1_289' title='bbox 1458 2106 1728 2178; x_wconf 87' lang='lat' dir='ltr'>sequitur</span> <span class='ocrx_word' id='word_1_290' title='bbox 1754 2106 1799 2171; x_wconf 78' lang='lat' dir='ltr'>(l</span> <span class='ocrx_word' id='word_1_291' title='bbox 1812 2107 1938 2177; x_wconf 91' lang='lat'>352)</span> <span class='ocrx_word' id='word_1_292' title='bbox 1968 2123 2095 2161; x_wconf 88' lang='lat' dir='ltr'>ma-</span> 
     </span>
    </p>
   </div>
   <div class='ocr_carea' id='block_1_37' title="bbox 446 2195 2091 2269">
    <p class='ocr_par' dir='ltr' id='par_1_37' title="bbox 446 2195 2091 2269">
     <span class='ocr_line' id='line_1_37' title="bbox 446 2195 2091 2269; baseline -0.001 -17"><span class='ocrx_word' id='word_1_293' title='bbox 446 2196 539 2269; x_wconf 75' lang='lat' dir='ltr'>gis</span> <span class='ocrx_word' id='word_1_294' title='bbox 569 2196 1016 2253; x_wconf 86' lang='lat' dir='ltr'>ostentationem</span> <span class='ocrx_word' id='word_1_295' title='bbox 1060 2195 1270 2251; x_wconf 87' lang='lat' dir='ltr'>innuat</span> <span class='ocrx_word' id='word_1_296' title='bbox 1307 2195 1416 2252; x_wconf 92' lang='lat' dir='ltr'>hoc</span> <span class='ocrx_word' id='word_1_297' title='bbox 1446 2196 1600 2251; x_wconf 89' lang='lat' dir='ltr'>dicto</span> <span class='ocrx_word' id='word_1_298' title='bbox 1648 2197 1858 2251; x_wconf 86' lang='lat' dir='ltr'>notari.</span> <span class='ocrx_word' id='word_1_299' title='bbox 1893 2199 1955 2253; x_wconf 89' lang='lat' dir='ltr'>Ut</span> <span class='ocrx_word' id='word_1_300' title='bbox 1999 2197 2091 2262; x_wconf 88' lang='lat' dir='ltr'>sit,</span> 
     </span>
    </p>
   </div>
   <div class='ocr_carea' id='block_1_38' title="bbox 447 2284 2096 2357">
    <p class='ocr_par' dir='ltr' id='par_1_38' title="bbox 447 2284 2096 2357">
     <span class='ocr_line' id='line_1_38' title="bbox 447 2284 2096 2357; baseline 0 -17"><span class='ocrx_word' id='word_1_301' title='bbox 447 2284 742 2357; x_wconf 91' lang='lat' dir='ltr'>inquiens,</span> <span class='ocrx_word' id='word_1_302' title='bbox 789 2286 1130 2357; x_wconf 88' lang='lat' dir='ltr'>eleemosyna</span> <span class='ocrx_word' id='word_1_303' title='bbox 1178 2293 1273 2341; x_wconf 86' lang='lat' dir='ltr'>tua</span> <span class='ocrx_word' id='word_1_304' title='bbox 1322 2287 1384 2340; x_wconf 89' lang='lat' dir='ltr'>in</span> <span class='ocrx_word' id='word_1_305' title='bbox 1439 2284 1769 2349; x_wconf 86' lang='lat' dir='ltr'>abscondito,</span> <span class='ocrx_word' id='word_1_306' title='bbox 1829 2290 1882 2340; x_wconf 89' lang='lat' dir='ltr'>et</span> <span class='ocrx_word' id='word_1_307' title='bbox 1930 2287 2096 2341; x_wconf 89' lang='lat' dir='ltr'>Pater</span> 
     </span>
    </p>
   </div>
   <div class='ocr_carea' id='block_1_39' title="bbox 447 2373 2090 2448">
    <p class='ocr_par' dir='ltr' id='par_1_39' title="bbox 447 2373 2090 2448">
     <span class='ocr_line' id='line_1_39' title="bbox 447 2373 2090 2448; baseline -0.001 -18"><span class='ocrx_word' id='word_1_308' title='bbox 447 2382 573 2430; x_wconf 86' lang='lat' dir='ltr'>tuus</span> <span class='ocrx_word' id='word_1_309' title='bbox 606 2376 703 2448; x_wconf 79' lang='lat' dir='ltr'>qui</span> <span class='ocrx_word' id='word_1_310' title='bbox 746 2375 891 2432; x_wconf 85' lang='lat' dir='ltr'>videt</span> <span class='ocrx_word' id='word_1_311' title='bbox 934 2376 997 2430; x_wconf 85' lang='lat' dir='ltr'>in</span> <span class='ocrx_word' id='word_1_312' title='bbox 1044 2374 1371 2439; x_wconf 88' lang='lat' dir='ltr'>abscondito,</span> <span class='ocrx_word' id='word_1_313' title='bbox 1421 2373 1604 2429; x_wconf 86' lang='lat' dir='ltr'>reddet</span> <span class='ocrx_word' id='word_1_314' title='bbox 1649 2374 1754 2429; x_wconf 87' lang='lat' dir='ltr'>tibi</span> <span class='ocrx_word' id='word_1_315' title='bbox 1799 2374 1980 2445; x_wconf 90' lang='lat' dir='ltr'>(Ibid.,</span> <span class='ocrx_word' id='word_1_316' title='bbox 2016 2375 2090 2440; x_wconf 83' lang='grc'>4).</span> 
     </span>
    </p>
   </div>
   <div class='ocr_carea' id='block_1_40' title="bbox 445 2461 2094 2536">
    <p class='ocr_par' dir='ltr' id='par_1_40' title="bbox 445 2461 2094 2536">
     <span class='ocr_line' id='line_1_40' title="bbox 445 2461 2094 2536; baseline 0.001 -19"><span class='ocrx_word' id='word_1_317' title='bbox 445 2461 679 2519; x_wconf 86' lang='lat' dir='ltr'>Dicente</span> <span class='ocrx_word' id='word_1_318' title='bbox 709 2480 941 2536; x_wconf 89' lang='lat' dir='ltr'>quoque</span> <span class='ocrx_word' id='word_1_319' title='bbox 971 2463 1247 2535; x_wconf 88' lang='lat' dir='ltr'>Apostolo</span> <span class='ocrx_word' id='word_1_320' title='bbox 1280 2480 1293 2518; x_wconf 90' lang='lat'><strong>:</strong></span> <span class='ocrx_word' id='word_1_321' title='bbox 1325 2463 1431 2532; x_wconf 89' lang='lat' dir='ltr'>Qui</span> <span class='ocrx_word' id='word_1_322' title='bbox 1454 2478 1619 2534; x_wconf 89' lang='lat' dir='ltr'>parce</span> <span class='ocrx_word' id='word_1_323' title='bbox 1645 2464 1897 2529; x_wconf 78' lang='lat' dir='ltr'>seminat,</span> <span class='ocrx_word' id='word_1_324' title='bbox 1929 2479 2094 2534; x_wconf 87' lang='lat' dir='ltr'>parce</span> 
     </span>
    </p>
   </div>
   <div class='ocr_carea' id='block_1_41' title="bbox 445 2551 2095 2623">
    <p class='ocr_par' dir='ltr' id='par_1_41' title="bbox 445 2551 2095 2623">
     <span class='ocr_line' id='line_1_41' title="bbox 445 2551 2095 2623; baseline -0.001 -15"><span class='ocrx_word' id='word_1_325' title='bbox 445 2555 500 2608; x_wconf 87' lang='lat' dir='ltr'>et</span> <span class='ocrx_word' id='word_1_326' title='bbox 528 2557 689 2608; x_wconf 87' lang='lat' dir='ltr'>metet</span> <span class='ocrx_word' id='word_1_327' title='bbox 719 2553 794 2619; x_wconf 87' lang='grc' dir='ltr'>(ΙΙ</span> <span class='ocrx_word' id='word_1_328' title='bbox 821 2553 940 2609; x_wconf 84' lang='lat' dir='ltr'>Cor.</span> <span class='ocrx_word' id='word_1_329' title='bbox 978 2570 1052 2617; x_wconf 83' lang='lat' dir='ltr'>IX,</span> <span class='ocrx_word' id='word_1_330' title='bbox 1083 2553 1140 2623; x_wconf 89' lang='lat'>6)</span> <span class='ocrx_word' id='word_1_331' title='bbox 1165 2570 1178 2618; x_wconf 91' lang='lat'><strong>;</strong></span> <span class='ocrx_word' id='word_1_332' title='bbox 1212 2554 1271 2607; x_wconf 91' lang='lat' dir='ltr'>et</span> <span class='ocrx_word' id='word_1_333' title='bbox 1300 2551 1439 2622; x_wconf 88' lang='lat' dir='ltr'>quia</span> <span class='ocrx_word' id='word_1_334' title='bbox 1461 2552 1603 2606; x_wconf 88' lang='lat' dir='ltr'>sicut</span> <span class='ocrx_word' id='word_1_335' title='bbox 1623 2568 1765 2622; x_wconf 85' lang='lat' dir='ltr'>aqua</span> <span class='ocrx_word' id='word_1_336' title='bbox 1794 2554 2095 2621; x_wconf 86' lang='lat' dir='ltr'>exstinguit</span> 
     </span>
    </p>
   </div>
   <div class='ocr_carea' id='block_1_42' title="bbox 446 2641 2087 2713">
    <p class='ocr_par' dir='ltr' id='par_1_42' title="bbox 446 2641 2087 2713">
     <span class='ocr_line' id='line_1_42' title="bbox 446 2641 2087 2713; baseline -0.001 -17"><span class='ocrx_word' id='word_1_337' title='bbox 446 2641 652 2709; x_wconf 82' lang='lat' dir='ltr'>ignem,</span> <span class='ocrx_word' id='word_1_338' title='bbox 687 2642 765 2696; x_wconf 89' lang='lat' dir='ltr'>ita</span> <span class='ocrx_word' id='word_1_339' title='bbox 793 2641 1136 2712; x_wconf 85' lang='lat' dir='ltr'>eleemosyna</span> <span class='ocrx_word' id='word_1_340' title='bbox 1163 2642 1467 2709; x_wconf 70' lang='lat' dir='ltr'>exstinguit</span> <span class='ocrx_word' id='word_1_341' title='bbox 1489 2644 1771 2710; x_wconf 87' lang='lat' dir='ltr'>peccatum</span> <span class='ocrx_word' id='word_1_342' title='bbox 1791 2641 1987 2713; x_wconf 86' lang='lat' dir='ltr'>(Eccli.</span> <span class='ocrx_word' id='word_1_343' title='bbox 2007 2658 2087 2709; x_wconf 84' lang='lat' dir='ltr'>III,</span> 
     </span>
    </p>
   </div>
   <div class='ocr_carea' id='block_1_43' title="bbox 448 2727 2093 2800">
    <p class='ocr_par' dir='ltr' id='par_1_43' title="bbox 448 2727 2093 2800">
     <span class='ocr_line' id='line_1_43' title="bbox 448 2727 2093 2800; baseline 0.001 -18"><span class='ocrx_word' id='word_1_344' title='bbox 448 2727 574 2799; x_wconf 89' lang='lat'>33);</span> <span class='ocrx_word' id='word_1_345' title='bbox 617 2728 1080 2793; x_wconf 87' lang='lat' dir='ltr'>consideremus,</span> <span class='ocrx_word' id='word_1_346' title='bbox 1130 2728 1384 2784; x_wconf 87' lang='lat' dir='ltr'>maximo</span> <span class='ocrx_word' id='word_1_347' title='bbox 1430 2728 1552 2799; x_wconf 78' lang='lat' dir='ltr'>igni</span> <span class='ocrx_word' id='word_1_348' title='bbox 1600 2729 1815 2800; x_wconf 86' lang='lat' dir='ltr'>injecta</span> <span class='ocrx_word' id='word_1_349' title='bbox 1863 2729 2093 2785; x_wconf 91' lang='lat' dir='ltr'>modica</span> 
     </span>
    </p>
   </div>
   <div class='ocr_carea' id='block_1_44' title="bbox 446 2814 2087 2890">
    <p class='ocr_par' dir='ltr' id='par_1_44' title="bbox 446 2814 2087 2890">
     <span class='ocr_line' id='line_1_44' title="bbox 446 2814 2087 2890; baseline 0.002 -20"><span class='ocrx_word' id='word_1_350' title='bbox 446 2814 589 2888; x_wconf 89' lang='lat' dir='ltr'>quid</span> <span class='ocrx_word' id='word_1_351' title='bbox 620 2816 796 2872; x_wconf 86' lang='lat' dir='ltr'>faciat</span> <span class='ocrx_word' id='word_1_352' title='bbox 826 2817 978 2874; x_wconf 75' lang='lat'>588</span> <span class='ocrx_word' id='word_1_353' title='bbox 1010 2833 1183 2890; x_wconf 89' lang='lat' dir='ltr'>aqua.</span> <span class='ocrx_word' id='word_1_354' title='bbox 1213 2817 1299 2874; x_wconf 85' lang='lat' dir='ltr'>Ad</span> <span class='ocrx_word' id='word_1_355' title='bbox 1339 2834 1515 2890; x_wconf 87' lang='lat' dir='ltr'>quam</span> <span class='ocrx_word' id='word_1_356' title='bbox 1562 2818 2087 2875; x_wconf 89' lang='lat' dir='ltr'>considerationem</span> 
     </span>
    </p>
   </div>
   <div class='ocr_carea' id='block_1_45' title="bbox 447 2904 2088 2980">
    <p class='ocr_par' dir='ltr' id='par_1_45' title="bbox 447 2904 2088 2980">
     <span class='ocr_line' id='line_1_45' title="bbox 447 2904 2088 2980; baseline 0.002 -20"><span class='ocrx_word' id='word_1_357' title='bbox 447 2920 563 2960; x_wconf 91' lang='lat' dir='ltr'>non</span> <span class='ocrx_word' id='word_1_358' title='bbox 596 2904 821 2961; x_wconf 91' lang='lat' dir='ltr'>modice</span> <span class='ocrx_word' id='word_1_359' title='bbox 848 2904 1003 2961; x_wconf 87' lang='lat' dir='ltr'>valet</span> <span class='ocrx_word' id='word_1_360' title='bbox 1032 2906 1527 2980; x_wconf 90' lang='lat' dir='ltr'>consilium,quod</span> <span class='ocrx_word' id='word_1_361' title='bbox 1560 2907 1774 2963; x_wconf 89' lang='lat' dir='ltr'>Tobias</span> <span class='ocrx_word' id='word_1_362' title='bbox 1795 2907 2088 2978; x_wconf 83' lang='lat' dir='ltr'>aequivoco</span> 
     </span>
    </p>
   </div>
   <div class='ocr_carea' id='block_1_46' title="bbox 445 2992 2085 3067">
    <p class='ocr_par' dir='ltr' id='par_1_46' title="bbox 445 2992 2085 3067">
     <span class='ocr_line' id='line_1_46' title="bbox 445 2992 2085 3067; baseline 0.002 -19"><span class='ocrx_word' id='word_1_363' title='bbox 445 2992 696 3065; x_wconf 66' lang='lat' dir='ltr'>praebuit</span> <span class='ocrx_word' id='word_1_364' title='bbox 747 2993 868 3050; x_wconf 83' lang='lat' dir='ltr'>ﬁlio</span> <span class='ocrx_word' id='word_1_365' title='bbox 902 3011 914 3051; x_wconf 94' lang='lat'>:</span> <span class='ocrx_word' id='word_1_366' title='bbox 946 2994 1073 3062; x_wconf 86' lang='lat' dir='ltr'>Fili,</span> <span class='ocrx_word' id='word_1_367' title='bbox 1105 2994 1399 3067; x_wconf 89' lang='lat' dir='ltr'>inquiens,</span> <span class='ocrx_word' id='word_1_368' title='bbox 1432 2996 1485 3051; x_wconf 89' lang='lat' dir='ltr'>si</span> <span class='ocrx_word' id='word_1_369' title='bbox 1510 2996 1747 3052; x_wconf 88' lang='lat' dir='ltr'>multum</span> <span class='ocrx_word' id='word_1_370' title='bbox 1768 2996 1872 3051; x_wconf 87' lang='lat' dir='ltr'>tibi</span> <span class='ocrx_word' id='word_1_371' title='bbox 1896 2997 2085 3066; x_wconf 89' lang='lat' dir='ltr'>fuerit,</span> 
     </span>
    </p>
   </div>
   <div class='ocr_carea' id='block_1_47' title="bbox 2204 1924 3867 2002">
    <p class='ocr_par' dir='ltr' id='par_1_47' title="bbox 2204 1924 3867 2002">
     <span class='ocr_line' id='line_1_47' title="bbox 2204 1924 3867 2002; baseline 0.005 -24"><span class='ocrx_word' id='word_1_372' title='bbox 2204 1924 2446 1979; x_wconf 88' lang='lat' dir='ltr'>tendum</span> <span class='ocrx_word' id='word_1_373' title='bbox 2481 1925 2631 1996; x_wconf 92' lang='lat' dir='ltr'>quod</span> <span class='ocrx_word' id='word_1_374' title='bbox 2665 1924 2724 1980; x_wconf 92' lang='lat' dir='ltr'>in</span> <span class='ocrx_word' id='word_1_375' title='bbox 2757 1925 2942 1980; x_wconf 87' lang='lat' dir='ltr'>Deum</span> <span class='ocrx_word' id='word_1_376' title='bbox 2968 1926 3867 2002; x_wconf 87' lang='lat' dir='ltr'>committiturperfaciles;quod</span> 
     </span>
    </p>
   </div>
   <div class='ocr_carea' id='block_1_48' title="bbox 2204 2013 3865 2090">
    <p class='ocr_par' dir='ltr' id='par_1_48' title="bbox 2204 2013 3865 2090">
     <span class='ocr_line' id='line_1_48' title="bbox 2204 2013 3865 2090; baseline 0.005 -23"><span class='ocrx_word' id='word_1_377' title='bbox 2204 2017 2405 2068; x_wconf 88' lang='lat' dir='ltr'>contra</span> <span class='ocrx_word' id='word_1_378' title='bbox 2433 2013 2564 2069; x_wconf 91' lang='lat' dir='ltr'>illos</span> <span class='ocrx_word' id='word_1_379' title='bbox 2595 2015 2809 2086; x_wconf 87' lang='lat' dir='ltr'>agitur,</span> <span class='ocrx_word' id='word_1_380' title='bbox 2842 2014 2993 2070; x_wconf 90' lang='lat' dir='ltr'>odiis</span> <span class='ocrx_word' id='word_1_381' title='bbox 3026 2015 3072 2071; x_wconf 91' lang='lat' dir='ltr'>si</span> <span class='ocrx_word' id='word_1_382' title='bbox 3106 2021 3351 2088; x_wconf 89' lang='lat' dir='ltr'>possent</span> <span class='ocrx_word' id='word_1_383' title='bbox 3379 2018 3677 2090; x_wconf 82' lang='lat' dir='ltr'>perpetuis</span> <span class='ocrx_word' id='word_1_384' title='bbox 3697 2019 3865 2076; x_wconf 84' lang='lat' dir='ltr'>inse-</span> 
     </span>
    </p>
   </div>
   <div class='ocr_carea' id='block_1_49' title="bbox 2203 2102 3865 2176">
    <p class='ocr_par' dir='ltr' id='par_1_49' title="bbox 2203 2102 3865 2176">
     <span class='ocr_line' id='line_1_49' title="bbox 2203 2102 3865 2176; baseline 0.005 -19"><span class='ocrx_word' id='word_1_385' title='bbox 2203 2106 2598 2169; x_wconf 85' lang='lat' dir='ltr'>ctantes;cum</span> <span class='ocrx_word' id='word_1_386' title='bbox 2623 2102 2812 2176; x_wconf 85' lang='lat' dir='ltr'>magis</span> <span class='ocrx_word' id='word_1_387' title='bbox 2841 2103 3096 2160; x_wconf 87' lang='lat' dir='ltr'>charitas</span> <span class='ocrx_word' id='word_1_388' title='bbox 3127 2110 3464 2176; x_wconf 85' lang='lat' dir='ltr'>exposceret</span> <span class='ocrx_word' id='word_1_389' title='bbox 3480 2111 3765 2164; x_wconf 89' lang='lat' dir='ltr'>utcontra</span> <span class='ocrx_word' id='word_1_390' title='bbox 3792 2125 3865 2165; x_wconf 88' lang='lat' dir='ltr'>se</span> 
     </span>
    </p>
   </div>
   <div class='ocr_carea' id='block_1_50' title="bbox 2202 2191 3865 2269">
    <p class='ocr_par' dir='ltr' id='par_1_50' title="bbox 2202 2191 3865 2269">
     <span class='ocr_line' id='line_1_50' title="bbox 2202 2191 3865 2269; baseline 0.005 -24"><span class='ocrx_word' id='word_1_391' title='bbox 2202 2194 2332 2246; x_wconf 87' lang='lat' dir='ltr'>acta</span> <span class='ocrx_word' id='word_1_392' title='bbox 2363 2191 2528 2247; x_wconf 89' lang='lat' dir='ltr'>facile</span> <span class='ocrx_word' id='word_1_393' title='bbox 2581 2191 2958 2259; x_wconf 87' lang='lat' dir='ltr'>dimitterent,</span> <span class='ocrx_word' id='word_1_394' title='bbox 2991 2197 3195 2249; x_wconf 87' lang='lat' dir='ltr'>contra</span> <span class='ocrx_word' id='word_1_395' title='bbox 3237 2198 3417 2250; x_wconf 90' lang='lat' dir='ltr'>Deum</span> <span class='ocrx_word' id='word_1_396' title='bbox 3466 2212 3597 2252; x_wconf 88' lang='lat' dir='ltr'>vero</span> <span class='ocrx_word' id='word_1_397' title='bbox 3648 2213 3865 2269; x_wconf 86' lang='lat' dir='ltr'>perpe-</span> 
     </span>
    </p>
   </div>
   <div class='ocr_carea' id='block_1_51' title="bbox 2201 2280 3861 2352">
    <p class='ocr_par' dir='ltr' id='par_1_51' title="bbox 2201 2280 3861 2352">
     <span class='ocr_line' id='line_1_51' title="bbox 2201 2280 3861 2352; baseline 0.005 -18"><span class='ocrx_word' id='word_1_398' title='bbox 2201 2282 2353 2335; x_wconf 88' lang='lat' dir='ltr'>trata</span> <span class='ocrx_word' id='word_1_399' title='bbox 2373 2280 2731 2352; x_wconf 84' lang='lat' dir='ltr'>rigidissime</span> <span class='ocrx_word' id='word_1_400' title='bbox 2760 2280 3147 2349; x_wconf 87' lang='lat' dir='ltr'>vindicarent,</span> <span class='ocrx_word' id='word_1_401' title='bbox 3177 2300 3293 2338; x_wconf 91' lang='lat' dir='ltr'>non</span> <span class='ocrx_word' id='word_1_402' title='bbox 3342 2284 3720 2341; x_wconf 89' lang='lat' dir='ltr'>immemores</span> <span class='ocrx_word' id='word_1_403' title='bbox 3766 2290 3861 2342; x_wconf 88' lang='lat' dir='ltr'>ta-</span> 
     </span>
    </p>
   </div>
   <div class='ocr_carea' id='block_1_52' title="bbox 2203 2368 3864 2447">
    <p class='ocr_par' dir='ltr' id='par_1_52' title="bbox 2203 2368 3864 2447">
     <span class='ocr_line' id='line_1_52' title="bbox 2203 2368 3864 2447; baseline 0.005 -25"><span class='ocrx_word' id='word_1_404' title='bbox 2203 2384 2335 2424; x_wconf 91' lang='lat' dir='ltr'>men</span> <span class='ocrx_word' id='word_1_405' title='bbox 2369 2368 2615 2425; x_wconf 90' lang='lat' dir='ltr'>dicentis</span> <span class='ocrx_word' id='word_1_406' title='bbox 2649 2387 2662 2424; x_wconf 91' lang='lat'><strong>:</strong></span> <span class='ocrx_word' id='word_1_407' title='bbox 2697 2371 2804 2438; x_wconf 88' lang='lat' dir='ltr'>Qui</span> <span class='ocrx_word' id='word_1_408' title='bbox 2828 2371 2949 2426; x_wconf 87' lang='lat' dir='ltr'>sine</span> <span class='ocrx_word' id='word_1_409' title='bbox 2974 2376 3190 2443; x_wconf 87' lang='lat' dir='ltr'>peccato</span> <span class='ocrx_word' id='word_1_410' title='bbox 3218 2376 3299 2428; x_wconf 88' lang='lat' dir='ltr'>est</span> <span class='ocrx_word' id='word_1_411' title='bbox 3344 2378 3599 2440; x_wconf 82' lang='lat' dir='ltr'>vestrum,</span> <span class='ocrx_word' id='word_1_412' title='bbox 3635 2376 3864 2447; x_wconf 84' lang='lat' dir='ltr'>primus</span> 
     </span>
    </p>
   </div>
   <div class='ocr_carea' id='block_1_53' title="bbox 2200 2458 3861 2535">
    <p class='ocr_par' dir='ltr' id='par_1_53' title="bbox 2200 2458 3861 2535">
     <span class='ocr_line' id='line_1_53' title="bbox 2200 2458 3861 2535; baseline 0.005 -24"><span class='ocrx_word' id='word_1_413' title='bbox 2200 2458 2261 2511; x_wconf 87' lang='lat' dir='ltr'>iu</span> <span class='ocrx_word' id='word_1_414' title='bbox 2290 2458 2447 2512; x_wconf 88' lang='lat' dir='ltr'>illam</span> <span class='ocrx_word' id='word_1_415' title='bbox 2477 2458 2714 2529; x_wconf 88' lang='lat' dir='ltr'>lapidem</span> <span class='ocrx_word' id='word_1_416' title='bbox 2744 2460 2927 2514; x_wconf 88' lang='lat' dir='ltr'>mittat</span> <span class='ocrx_word' id='word_1_417' title='bbox 2954 2462 3134 2527; x_wconf 84' lang='lat' dir='ltr'>(Joan.</span> <span class='ocrx_word' id='word_1_418' title='bbox 3167 2478 3288 2527; x_wconf 86' lang='lat' dir='ltr'>vm,</span> <span class='ocrx_word' id='word_1_419' title='bbox 3317 2463 3395 2529; x_wconf 90' lang='lat'>7).</span> <span class='ocrx_word' id='word_1_420' title='bbox 3427 2461 3668 2519; x_wconf 92' lang='lat' dir='ltr'>Nullum</span> <span class='ocrx_word' id='word_1_421' title='bbox 3699 2479 3861 2535; x_wconf 73' lang='lat' dir='ltr'>prea-</span> 
     </span>
    </p>
   </div>
   <div class='ocr_carea' id='block_1_54' title="bbox 2198 2546 3861 2619">
    <p class='ocr_par' dir='ltr' id='par_1_54' title="bbox 2198 2546 3861 2619">
     <span class='ocr_line' id='line_1_54' title="bbox 2198 2546 3861 2619; baseline 0.005 -18"><span class='ocrx_word' id='word_1_422' title='bbox 2198 2548 2357 2601; x_wconf 90' lang='lat' dir='ltr'>terea</span> <span class='ocrx_word' id='word_1_423' title='bbox 2385 2546 2605 2602; x_wconf 90' lang='lat' dir='ltr'>bonum</span> <span class='ocrx_word' id='word_1_424' title='bbox 2637 2548 3113 2619; x_wconf 87' lang='lat' dir='ltr'>compensatione</span> <span class='ocrx_word' id='word_1_425' title='bbox 3147 2548 3285 2605; x_wconf 90' lang='lat' dir='ltr'>mali</span> <span class='ocrx_word' id='word_1_426' title='bbox 3320 2550 3444 2606; x_wconf 81' lang='lat' dir='ltr'>fieri</span> <span class='ocrx_word' id='word_1_427' title='bbox 3475 2551 3686 2608; x_wconf 86' lang='lat' dir='ltr'>debere</span> <span class='ocrx_word' id='word_1_428' title='bbox 3729 2569 3861 2608; x_wconf 86' lang='lat' dir='ltr'>cre-</span> 
     </span>
    </p>
   </div>
   <div class='ocr_carea' id='block_1_55' title="bbox 2200 2634 3859 2713">
    <p class='ocr_par' dir='ltr' id='par_1_55' title="bbox 2200 2634 3859 2713">
     <span class='ocr_line' id='line_1_55' title="bbox 2200 2634 3859 2713; baseline 0.005 -24"><span class='ocrx_word' id='word_1_429' title='bbox 2200 2634 2445 2702; x_wconf 86' lang='lat' dir='ltr'>damus;</span> <span class='ocrx_word' id='word_1_430' title='bbox 2469 2639 2535 2690; x_wconf 91' lang='lat' dir='ltr'>ut</span> <span class='ocrx_word' id='word_1_431' title='bbox 2563 2635 2832 2691; x_wconf 89' lang='lat' dir='ltr'>videlicet</span> <span class='ocrx_word' id='word_1_432' title='bbox 2863 2636 2990 2692; x_wconf 91' lang='lat' dir='ltr'>ideo</span> <span class='ocrx_word' id='word_1_433' title='bbox 3010 2637 3266 2708; x_wconf 85' lang='lat' dir='ltr'>jejunes,</span> <span class='ocrx_word' id='word_1_434' title='bbox 3291 2638 3420 2695; x_wconf 91' lang='lat' dir='ltr'>ideo</span> <span class='ocrx_word' id='word_1_435' title='bbox 3451 2639 3859 2713; x_wconf 87' lang='lat' dir='ltr'>elcemosynas</span> 
     </span>
    </p>
   </div>
   <div class='ocr_carea' id='block_1_56' title="bbox 2198 2723 3858 2802">
    <p class='ocr_par' dir='ltr' id='par_1_56' title="bbox 2198 2723 3858 2802">
     <span class='ocr_line' id='line_1_56' title="bbox 2198 2723 3858 2802; baseline 0.006 -25"><span class='ocrx_word' id='word_1_436' title='bbox 2198 2723 2399 2794; x_wconf 86' lang='lat' dir='ltr'>facias,</span> <span class='ocrx_word' id='word_1_437' title='bbox 2431 2723 2560 2781; x_wconf 91' lang='lat' dir='ltr'>ideo</span> <span class='ocrx_word' id='word_1_438' title='bbox 2592 2724 2957 2781; x_wconf 88' lang='lat' dir='ltr'>orationibus</span> <span class='ocrx_word' id='word_1_439' title='bbox 2982 2742 3178 2783; x_wconf 87' lang='lat' dir='ltr'>aerem</span> <span class='ocrx_word' id='word_1_440' title='bbox 3223 2727 3404 2783; x_wconf 89' lang='lat' dir='ltr'>istum</span> <span class='ocrx_word' id='word_1_441' title='bbox 3458 2729 3687 2802; x_wconf 79' lang='lat' dir='ltr'>fatiges,</span> <span class='ocrx_word' id='word_1_442' title='bbox 3720 2730 3858 2787; x_wconf 90' lang='lat' dir='ltr'>ideo</span> 
     </span>
    </p>
   </div>
   <div class='ocr_carea' id='block_1_57' title="bbox 2198 2813 3860 2887">
    <p class='ocr_par' dir='ltr' id='par_1_57' title="bbox 2198 2813 3860 2887">
     <span class='ocr_line' id='line_1_57' title="bbox 2198 2813 3860 2887; baseline 0.005 -20"><span class='ocrx_word' id='word_1_443' title='bbox 2198 2813 2353 2884; x_wconf 90' lang='lat' dir='ltr'>quod</span> <span class='ocrx_word' id='word_1_444' title='bbox 2402 2817 2606 2869; x_wconf 90' lang='lat' dir='ltr'>contra</span> <span class='ocrx_word' id='word_1_445' title='bbox 2650 2818 2707 2869; x_wconf 89' lang='lat' dir='ltr'>te</span> <span class='ocrx_word' id='word_1_446' title='bbox 2752 2817 2843 2870; x_wconf 88' lang='lat' dir='ltr'>est</span> <span class='ocrx_word' id='word_1_447' title='bbox 2891 2819 3289 2887; x_wconf 88' lang='lat' dir='ltr'>perpetratum</span> <span class='ocrx_word' id='word_1_448' title='bbox 3322 2817 3605 2887; x_wconf 88' lang='lat' dir='ltr'>dimittas,</span> <span class='ocrx_word' id='word_1_449' title='bbox 3639 2822 3706 2875; x_wconf 89' lang='lat' dir='ltr'>ut</span> <span class='ocrx_word' id='word_1_450' title='bbox 3747 2824 3860 2876; x_wconf 85' lang='lat' dir='ltr'>aut</span> 
     </span>
    </p>
   </div>
   <div class='ocr_carea' id='block_1_58' title="bbox 2197 2901 3855 2979">
    <p class='ocr_par' dir='ltr' id='par_1_58' title="bbox 2197 2901 3855 2979">
     <span class='ocr_line' id='line_1_58' title="bbox 2197 2901 3855 2979; baseline 0.004 -22"><span class='ocrx_word' id='word_1_451' title='bbox 2197 2901 2572 2969; x_wconf 87' lang='lat' dir='ltr'>adulterium,</span> <span class='ocrx_word' id='word_1_452' title='bbox 2605 2907 2709 2958; x_wconf 89' lang='lat' dir='ltr'>aut</span> <span class='ocrx_word' id='word_1_453' title='bbox 2738 2903 3201 2975; x_wconf 86' lang='lat' dir='ltr'>fornicationem,</span> <span class='ocrx_word' id='word_1_454' title='bbox 3227 2911 3331 2962; x_wconf 88' lang='lat' dir='ltr'>aut</span> <span class='ocrx_word' id='word_1_455' title='bbox 3372 2906 3595 2979; x_wconf 87' lang='lat' dir='ltr'>aliquid</span> <span class='ocrx_word' id='word_1_456' title='bbox 3649 2907 3855 2965; x_wconf 87' lang='lat' dir='ltr'>simile</span> 
     </span>
    </p>
   </div>
   <div class='ocr_carea' id='block_1_59' title="bbox 2196 2990 3853 3069">
    <p class='ocr_par' dir='ltr' id='par_1_59' title="bbox 2196 2990 3853 3069">
     <span class='ocr_line' id='line_1_59' title="bbox 2196 2990 3853 3069; baseline 0.005 -24"><span class='ocrx_word' id='word_1_457' title='bbox 2196 2990 2363 3061; x_wconf 87' lang='lat' dir='ltr'>quasi</span> <span class='ocrx_word' id='word_1_458' title='bbox 2396 2990 2683 3064; x_wconf 90' lang='lat' dir='ltr'>impunite</span> <span class='ocrx_word' id='word_1_459' title='bbox 2716 2991 2904 3048; x_wconf 85' lang='lat' dir='ltr'>facere</span> <span class='ocrx_word' id='word_1_460' title='bbox 2934 2994 3156 3062; x_wconf 90' lang='lat' dir='ltr'>credas,</span> <span class='ocrx_word' id='word_1_461' title='bbox 3189 3010 3324 3050; x_wconf 92' lang='lat' dir='ltr'>cum</span> <span class='ocrx_word' id='word_1_462' title='bbox 3352 2995 3499 3052; x_wconf 92' lang='lat' dir='ltr'>nulli</span> <span class='ocrx_word' id='word_1_463' title='bbox 3537 2996 3853 3069; x_wconf 85' lang='lat' dir='ltr'>promitta-</span> 
     </span>
    </p>
   </div>
   <div class='ocr_carea' id='block_1_60' title="bbox 444 3081 3847 3158">
    <p class='ocr_par' dir='ltr' id='par_1_60' title="bbox 444 3081 3847 3158">
     <span class='ocr_line' id='line_1_60' title="bbox 444 3081 3847 3158; baseline 0.001 -18"><span class='ocrx_word' id='word_1_464' title='bbox 444 3081 790 3139; x_wconf 85' lang='lat' dir='ltr'>abundanter</span> <span class='ocrx_word' id='word_1_465' title='bbox 817 3084 1041 3149; x_wconf 85' lang='lat' dir='ltr'>tribue;</span> <span class='ocrx_word' id='word_1_466' title='bbox 1068 3084 1122 3140; x_wconf 88' lang='lat' dir='ltr'>si</span> <span class='ocrx_word' id='word_1_467' title='bbox 1158 3100 1384 3155; x_wconf 81' lang='lat' dir='ltr'>parum.</span> <span class='ocrx_word' id='word_1_468' title='bbox 1414 3086 1581 3141; x_wconf 90' lang='lat' dir='ltr'>etiam</span> <span class='ocrx_word' id='word_1_469' title='bbox 1626 3086 1807 3155; x_wconf 86' lang='lat' dir='ltr'>ipsum</span> <span class='ocrx_word' id='word_1_470' title='bbox 1856 3084 2090 3141; x_wconf 82' lang='lat' dir='ltr'>libenter</span> <span class='ocrx_word' id='word_1_471' title='bbox 2147 3081 2991 3151; x_wconf 52' lang='lat' dir='ltr'>Iturpeccatorumvenia,nisi</span> <span class='ocrx_word' id='word_1_472' title='bbox 3007 3083 3106 3155; x_wconf 91' lang='lat' dir='ltr'>qui</span> <span class='ocrx_word' id='word_1_473' title='bbox 3123 3083 3847 3158; x_wconf 88' lang='lat' dir='ltr'>conversusreliqueritea.</span> 
     </span>
    </p>
   </div>
   <div class='ocr_carea' id='block_1_61' title="bbox 442 3171 2085 3245">
    <p class='ocr_par' dir='ltr' id='par_1_61' title="bbox 442 3171 2085 3245">
     <span class='ocr_line' id='line_1_61' title="bbox 442 3171 2085 3245; baseline 0 -17"><span class='ocrx_word' id='word_1_474' title='bbox 442 3171 724 3242; x_wconf 83' lang='lat' dir='ltr'>impertiri</span> <span class='ocrx_word' id='word_1_475' title='bbox 748 3171 903 3228; x_wconf 84' lang='lat' dir='ltr'>stude</span> <span class='ocrx_word' id='word_1_476' title='bbox 927 3172 1072 3245; x_wconf 84' lang='lat' dir='ltr'>(Tab.</span> <span class='ocrx_word' id='word_1_477' title='bbox 1103 3189 1178 3239; x_wconf 80' lang='lat' dir='ltr'>iv,</span> <span class='ocrx_word' id='word_1_478' title='bbox 1210 3173 1287 3243; x_wconf 91' lang='lat'>9).</span> <span class='ocrx_word' id='word_1_479' title='bbox 1319 3172 1475 3229; x_wconf 90' lang='lat' dir='ltr'>Nihil</span> <span class='ocrx_word' id='word_1_480' title='bbox 1505 3174 1660 3230; x_wconf 90' lang='lat' dir='ltr'>enim</span> <span class='ocrx_word' id='word_1_481' title='bbox 1683 3173 1800 3230; x_wconf 91' lang='lat' dir='ltr'>Deo</span> <span class='ocrx_word' id='word_1_482' title='bbox 1847 3172 2085 3229; x_wconf 87' lang='lat' dir='ltr'>charius</span> 
     </span>
    </p>
   </div>
   <div class='ocr_carea' id='block_1_62' title="bbox 2267 3166 3850 3245">
    <p class='ocr_par' dir='ltr' id='par_1_62' title="bbox 2267 3166 3850 3245">
     <span class='ocr_line' id='line_1_62' title="bbox 2267 3166 3850 3245; baseline 0.003 -21"><span class='ocrx_word' id='word_1_483' title='bbox 2267 3167 2420 3224; x_wconf 78' lang='lat'>589</span> <span class='ocrx_word' id='word_1_484' title='bbox 2458 3169 2540 3223; x_wconf 84' lang='lat'>18.</span> <span class='ocrx_word' id='word_1_485' title='bbox 2574 3166 2739 3224; x_wconf 89' lang='lat' dir='ltr'>Talia</span> <span class='ocrx_word' id='word_1_486' title='bbox 2768 3167 2947 3240; x_wconf 83' lang='lat' dir='ltr'>igitur</span> <span class='ocrx_word' id='word_1_487' title='bbox 2977 3186 3110 3225; x_wconf 92' lang='lat' dir='ltr'>cum</span> <span class='ocrx_word' id='word_1_488' title='bbox 3141 3174 3341 3227; x_wconf 88' lang='lat' dir='ltr'>nostra</span> <span class='ocrx_word' id='word_1_489' title='bbox 3378 3174 3661 3245; x_wconf 88' lang='lat' dir='ltr'>tanquam</span> <span class='ocrx_word' id='word_1_490' title='bbox 3707 3189 3850 3229; x_wconf 89' lang='lat' dir='ltr'>con-</span> 
     </span>
    </p>
   </div>
   <div class='ocr_carea' id='block_1_63' title="bbox 440 3235 3853 3337">
    <p class='ocr_par' dir='ltr' id='par_1_63' title="bbox 440 3235 3853 3337">
     <span class='ocr_line' id='line_1_63' title="bbox 440 3235 3853 3337; baseline 0.001 -22"><span class='ocrx_word' id='word_1_491' title='bbox 440 3235 597 3317; x_wconf 76' lang='lat' dir='ltr'>bona</span> <span class='ocrx_word' id='word_1_492' title='bbox 624 3235 1331 3329; x_wconf 32' lang='lat' dir='ltr'>voluntate,cumet&#39;calix</span> <span class='ocrx_word' id='word_1_493' title='bbox 1351 3279 1515 3333; x_wconf 76' lang='lat' dir='ltr'>aquae</span> <span class='ocrx_word' id='word_1_494' title='bbox 1540 3262 1761 3337; x_wconf 64' lang='lat' dir='ltr'>frigidm</span> <span class='ocrx_word' id='word_1_495' title='bbox 1784 3279 1916 3318; x_wconf 91' lang='lat' dir='ltr'>cum</span> <span class='ocrx_word' id='word_1_496' title='bbox 1932 3263 2085 3318; x_wconf 91' lang='lat' dir='ltr'>bona</span> <span class='ocrx_word' id='word_1_497' title='bbox 2114 3235 2157 3302; x_wconf 66' lang='grc' dir='ltr'>α</span> <span class='ocrx_word' id='word_1_498' title='bbox 2194 3255 2547 3329; x_wconf 76' lang='lat' dir='ltr'>temptibilia</span> <span class='ocrx_word' id='word_1_499' title='bbox 2604 3256 2742 3326; x_wconf 83' lang='lat' dir='ltr'>sint,</span> <span class='ocrx_word' id='word_1_500' title='bbox 2793 3235 2939 3329; x_wconf 65' lang='lat' dir='ltr'>proh</span> <span class='ocrx_word' id='word_1_501' title='bbox 2999 3258 3198 3315; x_wconf 85' lang='lat' dir='ltr'>dolor!</span> <span class='ocrx_word' id='word_1_502' title='bbox 3242 3235 3519 3331; x_wconf 44' lang='lat' dir='ltr'>jejunia;</span> <span class='ocrx_word' id='word_1_503' title='bbox 3550 3262 3853 3320; x_wconf 85' lang='lat' dir='ltr'>orationes</span> 
     </span>
    </p>
   </div>
   <div class='ocr_carea' id='block_1_64' title="bbox 438 3348 2084 3423">
    <p class='ocr_par' dir='ltr' id='par_1_64' title="bbox 438 3348 2084 3423">
     <span class='ocr_line' id='line_1_64' title="bbox 438 3348 2084 3423; baseline 0.002 -20"><span class='ocrx_word' id='word_1_504' title='bbox 438 3348 737 3405; x_wconf 86' lang='lat' dir='ltr'>voluntate</span> <span class='ocrx_word' id='word_1_505' title='bbox 797 3348 1046 3423; x_wconf 88' lang='lat' dir='ltr'>largitus</span> <span class='ocrx_word' id='word_1_506' title='bbox 1102 3350 1589 3407; x_wconf 84' lang='lat' dir='ltr'>remunerationis</span> <span class='ocrx_word' id='word_1_507' title='bbox 1643 3352 1910 3407; x_wconf 90' lang='lat' dir='ltr'>mercede</span> <span class='ocrx_word' id='word_1_508' title='bbox 1967 3368 2084 3407; x_wconf 88' lang='lat' dir='ltr'>non</span> 
     </span>
    </p>
   </div>
   <div class='ocr_carea' id='block_1_65' title="bbox 442 3438 2081 3512">
    <p class='ocr_par' dir='ltr' id='par_1_65' title="bbox 442 3438 2081 3512">
     <span class='ocr_line' id='line_1_65' title="bbox 442 3438 2081 3512; baseline 0.002 -21"><span class='ocrx_word' id='word_1_509' title='bbox 442 3440 655 3501; x_wconf 86' lang='lat' dir='ltr'>careat,</span> <span class='ocrx_word' id='word_1_510' title='bbox 689 3440 757 3492; x_wconf 88' lang='lat' dir='ltr'>ut</span> <span class='ocrx_word' id='word_1_511' title='bbox 783 3438 907 3510; x_wconf 89' lang='lat' dir='ltr'>ipse</span> <span class='ocrx_word' id='word_1_512' title='bbox 937 3438 1019 3494; x_wconf 89' lang='lat' dir='ltr'>ait</span> <span class='ocrx_word' id='word_1_513' title='bbox 1042 3438 1102 3494; x_wconf 91' lang='lat' dir='ltr'>in</span> <span class='ocrx_word' id='word_1_514' title='bbox 1133 3439 1440 3512; x_wconf 85' lang='lat' dir='ltr'>Evangelio</span> <span class='ocrx_word' id='word_1_515' title='bbox 1471 3439 1755 3496; x_wconf 89' lang='lat' dir='ltr'>Dominus</span> <span class='ocrx_word' id='word_1_516' title='bbox 1786 3440 1991 3508; x_wconf 80' lang='lat' dir='ltr'>(Matth.</span> <span class='ocrx_word' id='word_1_517' title='bbox 2025 3457 2081 3510; x_wconf 90' lang='lat' dir='ltr'>x,</span> 
     </span>
    </p>
   </div>
   <div class='ocr_carea' id='block_1_66' title="bbox 442 3523 2081 3597">
    <p class='ocr_par' dir='ltr' id='par_1_66' title="bbox 442 3523 2081 3597">
     <span class='ocr_line' id='line_1_66' title="bbox 442 3523 2081 3597; baseline 0.002 -17"><span class='ocrx_word' id='word_1_518' title='bbox 442 3525 555 3597; x_wconf 79' lang='grc'>42).</span> <span class='ocrx_word' id='word_1_519' title='bbox 588 3523 691 3580; x_wconf 87' lang='lat' dir='ltr'>Cui</span> <span class='ocrx_word' id='word_1_520' title='bbox 724 3525 880 3582; x_wconf 90' lang='lat' dir='ltr'>canit</span> <span class='ocrx_word' id='word_1_521' title='bbox 907 3526 1219 3584; x_wconf 89' lang='lat' dir='ltr'>Psalmista</span> <span class='ocrx_word' id='word_1_522' title='bbox 1246 3529 1489 3585; x_wconf 89' lang='lat' dir='ltr'>devotus</span> <span class='ocrx_word' id='word_1_523' title='bbox 1522 3546 1534 3584; x_wconf 91' lang='lat'><strong>:</strong></span> <span class='ocrx_word' id='word_1_524' title='bbox 1564 3532 1627 3585; x_wconf 85' lang='lat' dir='ltr'>In</span> <span class='ocrx_word' id='word_1_525' title='bbox 1653 3545 1741 3585; x_wconf 90' lang='lat' dir='ltr'>me</span> <span class='ocrx_word' id='word_1_526' title='bbox 1766 3531 2081 3595; x_wconf 79' lang='lat' dir='ltr'>sunt,Deus,</span> 
     </span>
    </p>
   </div>
   <div class='ocr_carea' id='block_1_67' title="bbox 441 3614 2083 3690">
    <p class='ocr_par' dir='ltr' id='par_1_67' title="bbox 441 3614 2083 3690">
     <span class='ocr_line' id='line_1_67' title="bbox 441 3614 2083 3690; baseline 0.002 -22"><span class='ocrx_word' id='word_1_527' title='bbox 441 3616 565 3670; x_wconf 88' lang='lat' dir='ltr'>vota</span> <span class='ocrx_word' id='word_1_528' title='bbox 593 3616 691 3669; x_wconf 85' lang='lat' dir='ltr'>tua</span> <span class='ocrx_word' id='word_1_529' title='bbox 719 3614 890 3685; x_wconf 84' lang='lat' dir='ltr'>(Psal.</span> <span class='ocrx_word' id='word_1_530' title='bbox 925 3633 1013 3682; x_wconf 89' lang='lat' dir='ltr'>LV,</span> <span class='ocrx_word' id='word_1_531' title='bbox 1048 3616 1158 3686; x_wconf 87' lang='grc'>13),</span> <span class='ocrx_word' id='word_1_532' title='bbox 1190 3616 1250 3671; x_wconf 93' lang='lat' dir='ltr'>id</span> <span class='ocrx_word' id='word_1_533' title='bbox 1289 3620 1396 3684; x_wconf 90' lang='lat' dir='ltr'>est,</span> <span class='ocrx_word' id='word_1_534' title='bbox 1428 3617 1717 3684; x_wconf 86' lang='lat' dir='ltr'>voluntas,</span> <span class='ocrx_word' id='word_1_535' title='bbox 1749 3635 1929 3690; x_wconf 91' lang='lat' dir='ltr'>quam</span> <span class='ocrx_word' id='word_1_536' title='bbox 1976 3618 2083 3673; x_wconf 89' lang='lat' dir='ltr'>tibi</span> 
     </span>
    </p>
   </div>
   <div class='ocr_carea' id='block_1_68' title="bbox 440 3701 2085 3779">
    <p class='ocr_par' dir='ltr' id='par_1_68' title="bbox 440 3701 2085 3779">
     <span class='ocr_line' id='line_1_68' title="bbox 440 3701 2085 3779; baseline 0.002 -21"><span class='ocrx_word' id='word_1_537' title='bbox 440 3704 656 3758; x_wconf 87' lang='lat' dir='ltr'>cuncta</span> <span class='ocrx_word' id='word_1_538' title='bbox 685 3701 941 3758; x_wconf 84' lang='lat' dir='ltr'>cernenti</span> <span class='ocrx_word' id='word_1_539' title='bbox 992 3704 1169 3759; x_wconf 76' lang='lat' dir='ltr'>offero</span> <span class='ocrx_word' id='word_1_540' title='bbox 1198 3704 1718 3769; x_wconf 87' lang='lat' dir='ltr'>bonam.Quocirca</span> <span class='ocrx_word' id='word_1_541' title='bbox 1735 3706 1783 3761; x_wconf 92' lang='lat' dir='ltr'>si</span> <span class='ocrx_word' id='word_1_542' title='bbox 1813 3710 1931 3762; x_wconf 87' lang='lat' dir='ltr'>tam</span> <span class='ocrx_word' id='word_1_543' title='bbox 1948 3723 2085 3779; x_wconf 89' lang='lat' dir='ltr'>pau-</span> 
     </span>
    </p>
   </div>
   <div class='ocr_carea' id='block_1_69' title="bbox 440 3790 2080 3865">
    <p class='ocr_par' dir='ltr' id='par_1_69' title="bbox 440 3790 2080 3865">
     <span class='ocr_line' id='line_1_69' title="bbox 440 3790 2080 3865; baseline 0.004 -20"><span class='ocrx_word' id='word_1_544' title='bbox 440 3806 546 3863; x_wconf 87' lang='lat' dir='ltr'>per</span> <span class='ocrx_word' id='word_1_545' title='bbox 573 3793 663 3846; x_wconf 89' lang='lat' dir='ltr'>est</span> <span class='ocrx_word' id='word_1_546' title='bbox 690 3790 844 3862; x_wconf 89' lang='lat' dir='ltr'>quis,</span> <span class='ocrx_word' id='word_1_547' title='bbox 877 3795 941 3847; x_wconf 91' lang='lat' dir='ltr'>ut</span> <span class='ocrx_word' id='word_1_548' title='bbox 972 3791 1118 3848; x_wconf 89' lang='lat' dir='ltr'>nihil</span> <span class='ocrx_word' id='word_1_549' title='bbox 1144 3793 1377 3865; x_wconf 86' lang='lat' dir='ltr'>penitus</span> <span class='ocrx_word' id='word_1_550' title='bbox 1408 3795 1563 3865; x_wconf 91' lang='lat' dir='ltr'>quod</span> <span class='ocrx_word' id='word_1_551' title='bbox 1592 3795 1812 3850; x_wconf 88' lang='lat' dir='ltr'>tribuat</span> <span class='ocrx_word' id='word_1_552' title='bbox 1832 3795 2080 3864; x_wconf 88' lang='lat' dir='ltr'>habeat;</span> 
     </span>
    </p>
   </div>
   <div class='ocr_carea' id='block_1_70' title="bbox 439 3878 2082 3951">
    <p class='ocr_par' dir='ltr' id='par_1_70' title="bbox 439 3878 2082 3951">
     <span class='ocr_line' id='line_1_70' title="bbox 439 3878 2082 3951; baseline 0.003 -17"><span class='ocrx_word' id='word_1_553' title='bbox 439 3878 823 3951; x_wconf 87' lang='lat' dir='ltr'>semetipsum</span> <span class='ocrx_word' id='word_1_554' title='bbox 853 3880 901 3935; x_wconf 90' lang='lat' dir='ltr'>si</span> <span class='ocrx_word' id='word_1_555' title='bbox 931 3880 1176 3948; x_wconf 88' lang='lat' dir='ltr'>tribuat,</span> <span class='ocrx_word' id='word_1_556' title='bbox 1196 3881 1306 3938; x_wconf 89' lang='lat' dir='ltr'>sibi</span> <span class='ocrx_word' id='word_1_557' title='bbox 1334 3883 1601 3939; x_wconf 77' lang='lat' dir='ltr'>sufficere</span> <span class='ocrx_word' id='word_1_558' title='bbox 1630 3884 2082 3940; x_wconf 89' lang='lat' dir='ltr'>credat.Dictum</span> 
     </span>
    </p>
   </div>
   <div class='ocr_carea' id='block_1_71' title="bbox 438 3966 2080 4045">
    <p class='ocr_par' dir='ltr' id='par_1_71' title="bbox 438 3966 2080 4045">
     <span class='ocr_line' id='line_1_71' title="bbox 438 3966 2080 4045; baseline 0.003 -23"><span class='ocrx_word' id='word_1_559' title='bbox 438 3970 528 4023; x_wconf 89' lang='lat' dir='ltr'>est</span> <span class='ocrx_word' id='word_1_560' title='bbox 574 3966 731 4024; x_wconf 91' lang='lat' dir='ltr'>enim</span> <span class='ocrx_word' id='word_1_561' title='bbox 765 3987 778 4025; x_wconf 91' lang='lat'>:</span> <span class='ocrx_word' id='word_1_562' title='bbox 832 3970 994 4026; x_wconf 85' lang='lat' dir='ltr'>Omni</span> <span class='ocrx_word' id='word_1_563' title='bbox 1030 3972 1238 4043; x_wconf 86' lang='lat' dir='ltr'>petenti</span> <span class='ocrx_word' id='word_1_564' title='bbox 1284 3979 1335 4027; x_wconf 88' lang='lat' dir='ltr'>te</span> <span class='ocrx_word' id='word_1_565' title='bbox 1374 3973 1555 4028; x_wconf 86' lang='lat' dir='ltr'>tribue</span> <span class='ocrx_word' id='word_1_566' title='bbox 1584 3973 1735 4045; x_wconf 85' lang='lat' dir='ltr'>(Luc.</span> <span class='ocrx_word' id='word_1_567' title='bbox 1767 3990 1845 4039; x_wconf 72' lang='lat' dir='ltr'>vr,</span> <span class='ocrx_word' id='word_1_568' title='bbox 1876 3972 1990 4044; x_wconf 91' lang='lat'>30),</span> <span class='ocrx_word' id='word_1_569' title='bbox 2022 3973 2080 4028; x_wconf 90' lang='lat' dir='ltr'>id</span> 
     </span>
    </p>
   </div>
   <div class='ocr_carea' id='block_1_72' title="bbox 436 4056 2078 4129">
    <p class='ocr_par' dir='ltr' id='par_1_72' title="bbox 436 4056 2078 4129">
     <span class='ocr_line' id='line_1_72' title="bbox 436 4056 2078 4129; baseline 0.004 -17"><span class='ocrx_word' id='word_1_570' title='bbox 436 4059 546 4123; x_wconf 88' lang='lat' dir='ltr'>est,</span> <span class='ocrx_word' id='word_1_571' title='bbox 597 4059 655 4112; x_wconf 89' lang='lat' dir='ltr'>et</span> <span class='ocrx_word' id='word_1_572' title='bbox 700 4056 792 4112; x_wconf 91' lang='lat' dir='ltr'>cui</span> <span class='ocrx_word' id='word_1_573' title='bbox 840 4057 1071 4127; x_wconf 90' lang='lat' dir='ltr'>tribuis,</span> <span class='ocrx_word' id='word_1_574' title='bbox 1105 4062 1162 4115; x_wconf 92' lang='lat' dir='ltr'>et</span> <span class='ocrx_word' id='word_1_575' title='bbox 1208 4058 1301 4115; x_wconf 93' lang='lat' dir='ltr'>cui</span> <span class='ocrx_word' id='word_1_576' title='bbox 1353 4077 1467 4116; x_wconf 89' lang='lat' dir='ltr'>non</span> <span class='ocrx_word' id='word_1_577' title='bbox 1499 4060 1730 4129; x_wconf 89' lang='lat' dir='ltr'>tribuis,</span> <span class='ocrx_word' id='word_1_578' title='bbox 1764 4065 1819 4117; x_wconf 89' lang='lat' dir='ltr'>te</span> <span class='ocrx_word' id='word_1_579' title='bbox 1866 4061 2078 4119; x_wconf 88' lang='lat' dir='ltr'>tribue.</span> 
     </span>
    </p>
   </div>
   <div class='ocr_carea' id='block_1_73' title="bbox 433 4144 2081 4222">
    <p class='ocr_par' dir='ltr' id='par_1_73' title="bbox 433 4144 2081 4222">
     <span class='ocr_line' id='line_1_73' title="bbox 433 4144 2081 4222; baseline 0.002 -23"><span class='ocrx_word' id='word_1_580' title='bbox 433 4144 609 4201; x_wconf 87' lang='lat' dir='ltr'>Verbi</span> <span class='ocrx_word' id='word_1_581' title='bbox 637 4146 845 4219; x_wconf 86' lang='lat' dir='ltr'>gratia,</span> <span class='ocrx_word' id='word_1_582' title='bbox 879 4152 1046 4221; x_wconf 72' lang='lat' dir='ltr'>rogat</span> <span class='ocrx_word' id='word_1_583' title='bbox 1076 4147 1290 4221; x_wconf 90' lang='lat' dir='ltr'>aliquis</span> <span class='ocrx_word' id='word_1_584' title='bbox 1320 4149 1435 4205; x_wconf 89' lang='lat' dir='ltr'>sibi</span> <span class='ocrx_word' id='word_1_585' title='bbox 1465 4149 2081 4222; x_wconf 90' lang='lat' dir='ltr'>tribuipanem,etnon</span> 
     </span>
    </p>
   </div>
   <div class='ocr_carea' id='block_1_74' title="bbox 434 4233 2080 4310">
    <p class='ocr_par' dir='ltr' id='par_1_74' title="bbox 434 4233 2080 4310">
     <span class='ocr_line' id='line_1_74' title="bbox 434 4233 2080 4310; baseline 0.002 -21"><span class='ocrx_word' id='word_1_586' title='bbox 434 4233 617 4290; x_wconf 87' lang='lat' dir='ltr'>habes</span> <span class='ocrx_word' id='word_1_587' title='bbox 646 4251 819 4308; x_wconf 90' lang='lat' dir='ltr'>quem</span> <span class='ocrx_word' id='word_1_588' title='bbox 849 4237 1076 4293; x_wconf 87' lang='lat' dir='ltr'>tribuas</span> <span class='ocrx_word' id='word_1_589' title='bbox 1105 4254 1317 4310; x_wconf 90' lang='lat' dir='ltr'>panem</span> <span class='ocrx_word' id='word_1_590' title='bbox 1343 4257 1356 4305; x_wconf 91' lang='lat'>;</span> <span class='ocrx_word' id='word_1_591' title='bbox 1386 4239 1577 4294; x_wconf 88' lang='lat' dir='ltr'>tribue</span> <span class='ocrx_word' id='word_1_592' title='bbox 1601 4244 1678 4308; x_wconf 89' lang='lat' dir='ltr'>te,</span> <span class='ocrx_word' id='word_1_593' title='bbox 1712 4239 1771 4294; x_wconf 92' lang='lat' dir='ltr'>id</span> <span class='ocrx_word' id='word_1_594' title='bbox 1804 4242 2080 4304; x_wconf 88' lang='lat' dir='ltr'>est,tuam</span> 
     </span>
    </p>
   </div>
   <div class='ocr_carea' id='block_1_75' title="bbox 436 4322 2083 4399">
    <p class='ocr_par' dir='ltr' id='par_1_75' title="bbox 436 4322 2083 4399">
     <span class='ocr_line' id='line_1_75' title="bbox 436 4322 2083 4399; baseline 0.002 -21"><span class='ocrx_word' id='word_1_595' title='bbox 436 4322 650 4379; x_wconf 86' lang='lat' dir='ltr'>bonam</span> <span class='ocrx_word' id='word_1_596' title='bbox 678 4324 1038 4381; x_wconf 88' lang='lat' dir='ltr'>voluntatem</span> <span class='ocrx_word' id='word_1_597' title='bbox 1072 4343 1192 4399; x_wconf 89' lang='lat' dir='ltr'>qua</span> <span class='ocrx_word' id='word_1_598' title='bbox 1214 4327 1416 4397; x_wconf 89' lang='lat' dir='ltr'>utique</span> <span class='ocrx_word' id='word_1_599' title='bbox 1445 4327 1734 4384; x_wconf 88' lang='lat' dir='ltr'>tribueres</span> <span class='ocrx_word' id='word_1_600' title='bbox 1764 4327 1871 4398; x_wconf 90' lang='lat' dir='ltr'>illi,</span> <span class='ocrx_word' id='word_1_601' title='bbox 1902 4327 1949 4383; x_wconf 90' lang='lat' dir='ltr'>si</span> <span class='ocrx_word' id='word_1_602' title='bbox 1982 4327 2083 4382; x_wconf 87' lang='lat' dir='ltr'>ha-</span> 
     </span>
    </p>
   </div>
   <div class='ocr_carea' id='block_1_76' title="bbox 436 4412 2082 4489">
    <p class='ocr_par' dir='ltr' id='par_1_76' title="bbox 436 4412 2082 4489">
     <span class='ocr_line' id='line_1_76' title="bbox 436 4412 2082 4489; baseline 0.003 -23"><span class='ocrx_word' id='word_1_603' title='bbox 436 4412 688 4478; x_wconf 88' lang='lat' dir='ltr'>buisses,</span> <span class='ocrx_word' id='word_1_604' title='bbox 721 4412 1112 4470; x_wconf 85' lang='lat' dir='ltr'>libentissime</span> <span class='ocrx_word' id='word_1_605' title='bbox 1142 4432 1352 4488; x_wconf 85' lang='lat' dir='ltr'>panem</span> <span class='ocrx_word' id='word_1_606' title='bbox 1379 4435 1392 4485; x_wconf 91' lang='lat'><strong>;</strong></span> <span class='ocrx_word' id='word_1_607' title='bbox 1421 4421 1479 4472; x_wconf 91' lang='lat' dir='ltr'>et</span> <span class='ocrx_word' id='word_1_608' title='bbox 1503 4417 1644 4489; x_wconf 89' lang='lat' dir='ltr'>quia</span> <span class='ocrx_word' id='word_1_609' title='bbox 1688 4433 1865 4475; x_wconf 91' lang='lat' dir='ltr'>sermo</span> <span class='ocrx_word' id='word_1_610' title='bbox 1910 4416 2082 4472; x_wconf 86' lang='lat' dir='ltr'>bonus</span> 
     </span>
    </p>
   </div>
   <div class='ocr_carea' id='block_1_77' title="bbox 435 4500 2081 4578">
    <p class='ocr_par' dir='ltr' id='par_1_77' title="bbox 435 4500 2081 4578">
     <span class='ocr_line' id='line_1_77' title="bbox 435 4500 2081 4578; baseline 0.002 -22"><span class='ocrx_word' id='word_1_611' title='bbox 435 4516 600 4571; x_wconf 83' lang='lat' dir='ltr'>super</span> <span class='ocrx_word' id='word_1_612' title='bbox 625 4500 815 4558; x_wconf 89' lang='lat' dir='ltr'>datum</span> <span class='ocrx_word' id='word_1_613' title='bbox 840 4504 1106 4575; x_wconf 81' lang='lat' dir='ltr'>Optimum</span> <span class='ocrx_word' id='word_1_614' title='bbox 1134 4504 1321 4576; x_wconf 87' lang='lat' dir='ltr'>(Eccli.</span> <span class='ocrx_word' id='word_1_615' title='bbox 1354 4522 1513 4575; x_wconf 84' lang='lat' dir='ltr'>xvm,</span> <span class='ocrx_word' id='word_1_616' title='bbox 1549 4506 1659 4578; x_wconf 79' lang='lat' dir='ltr'>i7),</span> <span class='ocrx_word' id='word_1_617' title='bbox 1712 4506 1931 4563; x_wconf 91' lang='lat' dir='ltr'>enitere</span> <span class='ocrx_word' id='word_1_618' title='bbox 1976 4521 2081 4578; x_wconf 91' lang='lat' dir='ltr'>pro</span> 
     </span>
    </p>
   </div>
   <div class='ocr_carea' id='block_1_78' title="bbox 2195 3344 3855 3424">
    <p class='ocr_par' dir='ltr' id='par_1_78' title="bbox 2195 3344 3855 3424">
     <span class='ocr_line' id='line_1_78' title="bbox 2195 3344 3855 3424; baseline 0.004 -24"><span class='ocrx_word' id='word_1_619' title='bbox 2195 3361 2427 3417; x_wconf 90' lang='lat' dir='ltr'>quoque</span> <span class='ocrx_word' id='word_1_620' title='bbox 2451 3348 2509 3401; x_wconf 90' lang='lat' dir='ltr'>et</span> <span class='ocrx_word' id='word_1_621' title='bbox 2536 3344 2957 3418; x_wconf 72' lang='lat' dir='ltr'>eleemosynaa;</span> <span class='ocrx_word' id='word_1_622' title='bbox 2991 3347 3062 3403; x_wconf 89' lang='lat' dir='ltr'>de</span> <span class='ocrx_word' id='word_1_623' title='bbox 3105 3348 3275 3405; x_wconf 89' lang='lat' dir='ltr'>nobis</span> <span class='ocrx_word' id='word_1_624' title='bbox 3323 3348 3693 3422; x_wconf 88' lang='lat' dir='ltr'>deploratum</span> <span class='ocrx_word' id='word_1_625' title='bbox 3743 3368 3855 3424; x_wconf 83' lang='lat' dir='ltr'>per</span> 
     </span>
    </p>
   </div>
   <div class='ocr_carea' id='block_1_79' title="bbox 2192 3432 3856 3509">
    <p class='ocr_par' dir='ltr' id='par_1_79' title="bbox 2192 3432 3856 3509">
     <span class='ocr_line' id='line_1_79' title="bbox 2192 3432 3856 3509; baseline 0.004 -19"><span class='ocrx_word' id='word_1_626' title='bbox 2192 3432 2505 3490; x_wconf 88' lang='lat' dir='ltr'>Jeremiam</span> <span class='ocrx_word' id='word_1_627' title='bbox 2538 3433 2802 3491; x_wconf 90' lang='lat' dir='ltr'>valemus</span> <span class='ocrx_word' id='word_1_628' title='bbox 2832 3435 3039 3491; x_wconf 88' lang='lat' dir='ltr'>timere</span> <span class='ocrx_word' id='word_1_629' title='bbox 3071 3451 3085 3490; x_wconf 89' lang='lat'><strong>:</strong></span> <span class='ocrx_word' id='word_1_630' title='bbox 3125 3437 3383 3494; x_wconf 83' lang='lat' dir='ltr'>Viderunt</span> <span class='ocrx_word' id='word_1_631' title='bbox 3409 3454 3531 3494; x_wconf 90' lang='lat' dir='ltr'>eam</span> <span class='ocrx_word' id='word_1_632' title='bbox 3562 3438 3761 3509; x_wconf 87' lang='lat' dir='ltr'>hostes,</span> <span class='ocrx_word' id='word_1_633' title='bbox 3795 3445 3856 3497; x_wconf 85' lang='lat' dir='ltr'>et</span> 
     </span>
    </p>
   </div>
   <div class='ocr_carea' id='block_1_80' title="bbox 2192 3523 3858 3599">
    <p class='ocr_par' dir='ltr' id='par_1_80' title="bbox 2192 3523 3858 3599">
     <span class='ocr_line' id='line_1_80' title="bbox 2192 3523 3858 3599; baseline 0.005 -21"><span class='ocrx_word' id='word_1_634' title='bbox 2192 3523 2502 3579; x_wconf 88' lang='lat' dir='ltr'>deriserunt</span> <span class='ocrx_word' id='word_1_635' title='bbox 2530 3523 2765 3579; x_wconf 87' lang='lat' dir='ltr'>Sabbata</span> <span class='ocrx_word' id='word_1_636' title='bbox 2793 3525 2910 3596; x_wconf 84' lang='lat' dir='ltr'>ejus</span> <span class='ocrx_word' id='word_1_637' title='bbox 2934 3524 3149 3594; x_wconf 85' lang='lat' dir='ltr'>(Thren.</span> <span class='ocrx_word' id='word_1_638' title='bbox 3183 3544 3219 3594; x_wconf 85' lang='grc' dir='ltr'>ι,</span> <span class='ocrx_word' id='word_1_639' title='bbox 3245 3526 3386 3599; x_wconf 91' lang='lat' dir='ltr'>7);et</span> <span class='ocrx_word' id='word_1_640' title='bbox 3412 3543 3516 3599; x_wconf 89' lang='lat' dir='ltr'>per</span> <span class='ocrx_word' id='word_1_641' title='bbox 3543 3526 3724 3583; x_wconf 89' lang='lat' dir='ltr'>alium</span> <span class='ocrx_word' id='word_1_642' title='bbox 3751 3546 3858 3586; x_wconf 78' lang='lat' dir='ltr'>no-</span> 
     </span>
    </p>
   </div>
   <div class='ocr_carea' id='block_1_81' title="bbox 2193 3610 3852 3689">
    <p class='ocr_par' dir='ltr' id='par_1_81' title="bbox 2193 3610 3852 3689">
     <span class='ocr_line' id='line_1_81' title="bbox 2193 3610 3852 3689; baseline 0.004 -23"><span class='ocrx_word' id='word_1_643' title='bbox 2193 3610 2283 3667; x_wconf 90' lang='lat' dir='ltr'>bis</span> <span class='ocrx_word' id='word_1_644' title='bbox 2314 3611 2627 3667; x_wconf 90' lang='lat' dir='ltr'>Dominum</span> <span class='ocrx_word' id='word_1_645' title='bbox 2659 3612 3004 3684; x_wconf 82' lang='lat' dir='ltr'>praecepisse</span> <span class='ocrx_word' id='word_1_646' title='bbox 3039 3631 3052 3670; x_wconf 90' lang='lat'><strong>:</strong></span> <span class='ocrx_word' id='word_1_647' title='bbox 3084 3614 3261 3671; x_wconf 87' lang='lat' dir='ltr'>Nolite</span> <span class='ocrx_word' id='word_1_648' title='bbox 3290 3616 3552 3689; x_wconf 85' lang='lat' dir='ltr'>jejunare</span> <span class='ocrx_word' id='word_1_649' title='bbox 3577 3617 3722 3673; x_wconf 87' lang='lat' dir='ltr'>sicut</span> <span class='ocrx_word' id='word_1_650' title='bbox 3750 3636 3852 3675; x_wconf 83' lang='lat' dir='ltr'>ns-</span> 
     </span>
    </p>
   </div>
   <div class='ocr_carea' id='block_1_82' title="bbox 2192 3701 3204 3776">
    <p class='ocr_par' dir='ltr' id='par_1_82' title="bbox 2192 3701 3204 3776">
     <span class='ocr_line' id='line_1_82' title="bbox 2192 3701 3204 3776; baseline 0.003 -21"><span class='ocrx_word' id='word_1_651' title='bbox 2192 3716 2296 3772; x_wconf 89' lang='lat' dir='ltr'>que</span> <span class='ocrx_word' id='word_1_652' title='bbox 2322 3701 2391 3755; x_wconf 89' lang='lat' dir='ltr'>ad</span> <span class='ocrx_word' id='word_1_653' title='bbox 2419 3701 2561 3756; x_wconf 87' lang='lat' dir='ltr'>hanc</span> <span class='ocrx_word' id='word_1_654' title='bbox 2588 3701 2733 3757; x_wconf 90' lang='lat' dir='ltr'>diem</span> <span class='ocrx_word' id='word_1_655' title='bbox 2762 3701 2912 3771; x_wconf 86' lang='lat' dir='ltr'>(lsai.</span> <span class='ocrx_word' id='word_1_656' title='bbox 2944 3718 3096 3771; x_wconf 85' lang='lat' dir='ltr'>Lvm,</span> <span class='ocrx_word' id='word_1_657' title='bbox 3129 3703 3204 3776; x_wconf 84' lang='grc'>4).</span> 
     </span>
    </p>
   </div>
   <div class='ocr_carea' id='block_1_83' title="bbox 2265 3788 3847 3869">
    <p class='ocr_par' dir='ltr' id='par_1_83' title="bbox 2265 3788 3847 3869">
     <span class='ocr_line' id='line_1_83' title="bbox 2265 3788 3847 3869; baseline 0.003 -25"><span class='ocrx_word' id='word_1_658' title='bbox 2265 3788 2350 3844; x_wconf 89' lang='grc'>19.</span> <span class='ocrx_word' id='word_1_659' title='bbox 2384 3793 2552 3844; x_wconf 89' lang='lat' dir='ltr'>Teste</span> <span class='ocrx_word' id='word_1_660' title='bbox 2580 3805 2713 3844; x_wconf 86' lang='lat' dir='ltr'>vero</span> <span class='ocrx_word' id='word_1_661' title='bbox 2742 3790 3036 3862; x_wconf 88' lang='lat' dir='ltr'>Apostolo,</span> <span class='ocrx_word' id='word_1_662' title='bbox 3070 3808 3204 3847; x_wconf 88' lang='lat' dir='ltr'>cum</span> <span class='ocrx_word' id='word_1_663' title='bbox 3237 3793 3389 3864; x_wconf 92' lang='lat' dir='ltr'>quod</span> <span class='ocrx_word' id='word_1_664' title='bbox 3423 3791 3550 3849; x_wconf 90' lang='lat' dir='ltr'>sine</span> <span class='ocrx_word' id='word_1_665' title='bbox 3576 3794 3690 3850; x_wconf 86' lang='lat' dir='ltr'>fide</span> <span class='ocrx_word' id='word_1_666' title='bbox 3720 3795 3847 3869; x_wconf 87' lang='lat' dir='ltr'>agi-</span> 
     </span>
    </p>
   </div>
   <div class='ocr_carea' id='block_1_84' title="bbox 2189 3877 3855 3957">
    <p class='ocr_par' dir='ltr' id='par_1_84' title="bbox 2189 3877 3855 3957">
     <span class='ocr_line' id='line_1_84' title="bbox 2189 3877 3855 3957; baseline 0.002 -25"><span class='ocrx_word' id='word_1_667' title='bbox 2189 3880 2288 3932; x_wconf 90' lang='lat' dir='ltr'>tur</span> <span class='ocrx_word' id='word_1_668' title='bbox 2316 3881 2619 3949; x_wconf 89' lang='lat' dir='ltr'>peccatum</span> <span class='ocrx_word' id='word_1_669' title='bbox 2650 3877 2727 3933; x_wconf 88' lang='lat' dir='ltr'>sit</span> <span class='ocrx_word' id='word_1_670' title='bbox 2757 3880 2928 3938; x_wconf 82' lang='lat' dir='ltr'>(Rom.</span> <span class='ocrx_word' id='word_1_671' title='bbox 2962 3896 3076 3947; x_wconf 80' lang='lat' dir='ltr'>xw,</span> <span class='ocrx_word' id='word_1_672' title='bbox 3108 3880 3220 3951; x_wconf 88' lang='grc'>24),</span> <span class='ocrx_word' id='word_1_673' title='bbox 3254 3880 3385 3954; x_wconf 88' lang='lat' dir='ltr'>ipsa</span> <span class='ocrx_word' id='word_1_674' title='bbox 3411 3882 3685 3939; x_wconf 87' lang='lat' dir='ltr'>verosine</span> <span class='ocrx_word' id='word_1_675' title='bbox 3714 3901 3855 3957; x_wconf 90' lang='lat' dir='ltr'>ope-</span> 
     </span>
    </p>
   </div>
   <div class='ocr_carea' id='block_1_85' title="bbox 2193 3966 3849 4046">
    <p class='ocr_par' dir='ltr' id='par_1_85' title="bbox 2193 3966 3849 4046">
     <span class='ocr_line' id='line_1_85' title="bbox 2193 3966 3849 4046; baseline 0.005 -25"><span class='ocrx_word' id='word_1_676' title='bbox 2193 3966 2360 4024; x_wconf 83' lang='lat' dir='ltr'>ribus</span> <span class='ocrx_word' id='word_1_677' title='bbox 2388 3966 2532 4022; x_wconf 83' lang='lat' dir='ltr'>fides</span> <span class='ocrx_word' id='word_1_678' title='bbox 2565 3982 2699 4022; x_wconf 90' lang='lat' dir='ltr'>cum</span> <span class='ocrx_word' id='word_1_679' title='bbox 2731 3967 2919 4023; x_wconf 85' lang='lat' dir='ltr'>otiosa</span> <span class='ocrx_word' id='word_1_680' title='bbox 2947 3967 3036 4024; x_wconf 92' lang='lat' dir='ltr'>vel</span> <span class='ocrx_word' id='word_1_681' title='bbox 3068 3974 3299 4026; x_wconf 88' lang='lat' dir='ltr'>mortua</span> <span class='ocrx_word' id='word_1_682' title='bbox 3329 3970 3407 4027; x_wconf 88' lang='lat' dir='ltr'>sit</span> <span class='ocrx_word' id='word_1_683' title='bbox 3448 3971 3582 4044; x_wconf 86' lang='lat' dir='ltr'>(Jac.</span> <span class='ocrx_word' id='word_1_684' title='bbox 3617 3989 3678 4040; x_wconf 88' lang='grc' dir='ltr'>ιι,</span> <span class='ocrx_word' id='word_1_685' title='bbox 3710 3974 3806 4046; x_wconf 89' lang='grc'>20)</span> <span class='ocrx_word' id='word_1_686' title='bbox 3834 3993 3849 4043; x_wconf 88' lang='grc'>;</span> 
     </span>
    </p>
   </div>
   <div class='ocr_carea' id='block_1_86' title="bbox 2191 4053 3851 4127">
    <p class='ocr_par' dir='ltr' id='par_1_86' title="bbox 2191 4053 3851 4127">
     <span class='ocr_line' id='line_1_86' title="bbox 2191 4053 3851 4127; baseline 0.005 -18"><span class='ocrx_word' id='word_1_687' title='bbox 2191 4055 2528 4127; x_wconf 89' lang='lat' dir='ltr'>deceptores</span> <span class='ocrx_word' id='word_1_688' title='bbox 2554 4053 2686 4110; x_wconf 90' lang='lat' dir='ltr'>illos</span> <span class='ocrx_word' id='word_1_689' title='bbox 2714 4056 3004 4127; x_wconf 67' lang='lat' dir='ltr'>praeterire</span> <span class='ocrx_word' id='word_1_690' title='bbox 3037 4058 3371 4115; x_wconf 87' lang='lat' dir='ltr'>nullatenus</span> <span class='ocrx_word' id='word_1_691' title='bbox 3393 4060 3726 4116; x_wconf 89' lang='lat' dir='ltr'>animarum</span> <span class='ocrx_word' id='word_1_692' title='bbox 3750 4062 3851 4118; x_wconf 91' lang='lat' dir='ltr'>de-</span> 
     </span>
    </p>
   </div>
   <div class='ocr_carea' id='block_1_87' title="bbox 2190 4142 3848 4220">
    <p class='ocr_par' dir='ltr' id='par_1_87' title="bbox 2190 4142 3848 4220">
     <span class='ocr_line' id='line_1_87' title="bbox 2190 4142 3848 4220; baseline 0.005 -21"><span class='ocrx_word' id='word_1_693' title='bbox 2190 4143 2419 4212; x_wconf 90' lang='lat' dir='ltr'>bemus,</span> <span class='ocrx_word' id='word_1_694' title='bbox 2451 4142 2551 4214; x_wconf 91' lang='lat' dir='ltr'>qui</span> <span class='ocrx_word' id='word_1_695' title='bbox 2572 4148 2774 4200; x_wconf 87' lang='lat' dir='ltr'>contra</span> <span class='ocrx_word' id='word_1_696' title='bbox 2805 4146 3311 4203; x_wconf 78' lang='lat' dir='ltr'>confirmationem</span> <span class='ocrx_word' id='word_1_697' title='bbox 3343 4149 3639 4205; x_wconf 68' lang='lat' dir='ltr'>catholica;</span> <span class='ocrx_word' id='word_1_698' title='bbox 3681 4150 3848 4220; x_wconf 82' lang='lat' dir='ltr'>fidei,</span> 
     </span>
    </p>
   </div>
   <div class='ocr_carea' id='block_1_88' title="bbox 2191 4232 3849 4312">
    <p class='ocr_par' dir='ltr' id='par_1_88' title="bbox 2191 4232 3849 4312">
     <span class='ocr_line' id='line_1_88' title="bbox 2191 4232 3849 4312; baseline 0.006 -26"><span class='ocrx_word' id='word_1_699' title='bbox 2191 4232 2250 4287; x_wconf 92' lang='lat' dir='ltr'>in</span> <span class='ocrx_word' id='word_1_700' title='bbox 2283 4249 2400 4304; x_wconf 90' lang='lat' dir='ltr'>qua</span> <span class='ocrx_word' id='word_1_701' title='bbox 2427 4232 2776 4305; x_wconf 87' lang='lat' dir='ltr'>continetur,</span> <span class='ocrx_word' id='word_1_702' title='bbox 2805 4235 2959 4306; x_wconf 91' lang='lat' dir='ltr'>quod</span> <span class='ocrx_word' id='word_1_703' title='bbox 2990 4240 3251 4293; x_wconf 85' lang='lat' dir='ltr'>venturus</span> <span class='ocrx_word' id='word_1_704' title='bbox 3282 4236 3361 4292; x_wconf 88' lang='lat' dir='ltr'>sit</span> <span class='ocrx_word' id='word_1_705' title='bbox 3389 4237 3673 4294; x_wconf 89' lang='lat' dir='ltr'>Dominus</span> <span class='ocrx_word' id='word_1_706' title='bbox 3684 4240 3849 4312; x_wconf 86' lang='lat' dir='ltr'>judi-</span> 
     </span>
    </p>
   </div>
   <div class='ocr_carea' id='block_1_89' title="bbox 2188 4322 3849 4396">
    <p class='ocr_par' dir='ltr' id='par_1_89' title="bbox 2188 4322 3849 4396">
     <span class='ocr_line' id='line_1_89' title="bbox 2188 4322 3849 4396; baseline 0.006 -21"><span class='ocrx_word' id='word_1_707' title='bbox 2188 4336 2313 4376; x_wconf 88' lang='lat' dir='ltr'>care</span> <span class='ocrx_word' id='word_1_708' title='bbox 2332 4322 2483 4376; x_wconf 89' lang='lat' dir='ltr'>vivos</span> <span class='ocrx_word' id='word_1_709' title='bbox 2512 4325 2565 4375; x_wconf 89' lang='lat' dir='ltr'>et</span> <span class='ocrx_word' id='word_1_710' title='bbox 2592 4325 2836 4378; x_wconf 89' lang='lat' dir='ltr'>mortuos</span> <span class='ocrx_word' id='word_1_711' title='bbox 2860 4323 3124 4396; x_wconf 85' lang='lat' dir='ltr'>(Symbol.</span> <span class='ocrx_word' id='word_1_712' title='bbox 3157 4326 3531 4395; x_wconf 87' lang='lat' dir='ltr'>Athanas.),et</span> <span class='ocrx_word' id='word_1_713' title='bbox 3559 4327 3849 4386; x_wconf 84' lang='lat' dir='ltr'>saeculum</span> 
     </span>
    </p>
   </div>
   <div class='ocr_carea' id='block_1_90' title="bbox 2190 4409 3852 4484">
    <p class='ocr_par' dir='ltr' id='par_1_90' title="bbox 2190 4409 3852 4484">
     <span class='ocr_line' id='line_1_90' title="bbox 2190 4409 3852 4484; baseline 0.005 -19"><span class='ocrx_word' id='word_1_714' title='bbox 2190 4426 2294 4481; x_wconf 89' lang='lat' dir='ltr'>per</span> <span class='ocrx_word' id='word_1_715' title='bbox 2322 4409 2604 4482; x_wconf 87' lang='lat' dir='ltr'>ignem;et</span> <span class='ocrx_word' id='word_1_716' title='bbox 2636 4427 2649 4466; x_wconf 91' lang='lat'><strong>:</strong></span> <span class='ocrx_word' id='word_1_717' title='bbox 2685 4412 2789 4479; x_wconf 88' lang='lat' dir='ltr'>Qui</span> <span class='ocrx_word' id='word_1_718' title='bbox 2819 4412 2957 4468; x_wconf 89' lang='lat' dir='ltr'>bona</span> <span class='ocrx_word' id='word_1_719' title='bbox 2977 4419 3223 4484; x_wconf 87' lang='lat' dir='ltr'>egerunt,</span> <span class='ocrx_word' id='word_1_720' title='bbox 3240 4416 3378 4471; x_wconf 84' lang='lat' dir='ltr'>ituri</span> <span class='ocrx_word' id='word_1_721' title='bbox 3402 4418 3464 4471; x_wconf 87' lang='lat' dir='ltr'>in</span> <span class='ocrx_word' id='word_1_722' title='bbox 3490 4418 3662 4472; x_wconf 88' lang='lat' dir='ltr'>vitam</span> <span class='ocrx_word' id='word_1_723' title='bbox 3683 4422 3852 4475; x_wconf 62' lang='lat' dir='ltr'>arter-</span> 
     </span>
    </p>
   </div>
   <div class='ocr_carea' id='block_1_91' title="bbox 2191 4500 3846 4579">
    <p class='ocr_par' dir='ltr' id='par_1_91' title="bbox 2191 4500 3846 4579">
     <span class='ocr_line' id='line_1_91' title="bbox 2191 4500 3846 4579; baseline 0.004 -26"><span class='ocrx_word' id='word_1_724' title='bbox 2191 4515 2360 4562; x_wconf 87' lang='lat' dir='ltr'>nam;</span> <span class='ocrx_word' id='word_1_725' title='bbox 2391 4500 2487 4570; x_wconf 88' lang='lat' dir='ltr'>qui</span> <span class='ocrx_word' id='word_1_726' title='bbox 2518 4515 2636 4554; x_wconf 91' lang='lat' dir='ltr'>vero</span> <span class='ocrx_word' id='word_1_727' title='bbox 2665 4500 2902 4570; x_wconf 87' lang='lat' dir='ltr'>mala,in</span> <span class='ocrx_word' id='word_1_728' title='bbox 2933 4503 3112 4573; x_wconf 86' lang='lat' dir='ltr'>ignem</span> <span class='ocrx_word' id='word_1_729' title='bbox 3139 4513 3411 4560; x_wconf 64' lang='lat' dir='ltr'>aeternum</span> <span class='ocrx_word' id='word_1_730' title='bbox 3442 4507 3619 4573; x_wconf 83' lang='lat' dir='ltr'>(Joan.</span> <span class='ocrx_word' id='word_1_731' title='bbox 3651 4523 3708 4576; x_wconf 85' lang='grc' dir='ltr'>ν,</span> <span class='ocrx_word' id='word_1_732' title='bbox 3727 4507 3846 4579; x_wconf 89' lang='lat'>29),</span> 
     </span>
    </p>
   </div>
   <div class='ocr_carea' id='block_1_92' title="bbox 435 4586 3850 4671">
    <p class='ocr_par' dir='ltr' id='par_1_92' title="bbox 435 4586 3850 4671">
     <span class='ocr_line' id='line_1_92' title="bbox 435 4586 3850 4671; baseline 0.001 -24"><span class='ocrx_word' id='word_1_733' title='bbox 435 4586 682 4655; x_wconf 80' lang='lat' dir='ltr'>Viribus;</span> <span class='ocrx_word' id='word_1_734' title='bbox 716 4591 780 4644; x_wconf 79' lang='lat' dir='ltr'>ut</span> <span class='ocrx_word' id='word_1_735' title='bbox 810 4590 860 4645; x_wconf 87' lang='lat' dir='ltr'>si</span> <span class='ocrx_word' id='word_1_736' title='bbox 890 4591 1055 4647; x_wconf 86' lang='lat' dir='ltr'>deest</span> <span class='ocrx_word' id='word_1_737' title='bbox 1095 4593 1315 4659; x_wconf 87' lang='lat' dir='ltr'>manui,</span> <span class='ocrx_word' id='word_1_738' title='bbox 1356 4611 1529 4666; x_wconf 90' lang='lat' dir='ltr'>quem</span> <span class='ocrx_word' id='word_1_739' title='bbox 1579 4596 1859 4669; x_wconf 86' lang='lat' dir='ltr'>porrigas,</span> <span class='ocrx_word' id='word_1_740' title='bbox 1892 4595 2080 4660; x_wconf 88' lang='lat' dir='ltr'>cibus,</span> <span class='ocrx_word' id='word_1_741' title='bbox 2113 4605 2158 4671; x_wconf 83' lang='lat' dir='ltr'><strong>D</strong></span> <span class='ocrx_word' id='word_1_742' title='bbox 2193 4587 2601 4659; x_wconf 86' lang='lat' dir='ltr'>impunitatem</span> <span class='ocrx_word' id='word_1_743' title='bbox 2634 4589 2910 4646; x_wconf 89' lang='lat' dir='ltr'>omnibus</span> <span class='ocrx_word' id='word_1_744' title='bbox 2940 4591 3248 4663; x_wconf 90' lang='lat' dir='ltr'>baptizatis</span> <span class='ocrx_word' id='word_1_745' title='bbox 3262 4593 3614 4666; x_wconf 87' lang='lat' dir='ltr'>promittunt</span> <span class='ocrx_word' id='word_1_746' title='bbox 3640 4594 3850 4651; x_wconf 89' lang='lat' dir='ltr'>miser-</span> 
     </span>
    </p>
   </div>
   <div class='ocr_carea' id='block_1_93' title="bbox 438 4674 2077 4755">
    <p class='ocr_par' dir='ltr' id='par_1_93' title="bbox 438 4674 2077 4755">
     <span class='ocr_line' id='line_1_93' title="bbox 438 4674 2077 4755; baseline 0.005 -23"><span class='ocrx_word' id='word_1_747' title='bbox 438 4690 632 4732; x_wconf 84' lang='lat' dir='ltr'>sermo</span> <span class='ocrx_word' id='word_1_748' title='bbox 660 4674 872 4748; x_wconf 66' lang='lat' dir='ltr'>linguae</span> <span class='ocrx_word' id='word_1_749' title='bbox 903 4695 1020 4733; x_wconf 89' lang='lat' dir='ltr'>non</span> <span class='ocrx_word' id='word_1_750' title='bbox 1053 4678 1224 4748; x_wconf 89' lang='lat' dir='ltr'>desit,</span> <span class='ocrx_word' id='word_1_751' title='bbox 1254 4696 1429 4752; x_wconf 88' lang='lat' dir='ltr'>quem</span> <span class='ocrx_word' id='word_1_752' title='bbox 1460 4683 1834 4755; x_wconf 84' lang='lat' dir='ltr'>respondeas,</span> <span class='ocrx_word' id='word_1_753' title='bbox 1867 4683 2077 4739; x_wconf 88' lang='lat' dir='ltr'>bonus.</span> 
     </span>
    </p>
   </div>
   <div class='ocr_carea' id='block_1_94' title="bbox 510 4762 2082 4839">
    <p class='ocr_par' dir='ltr' id='par_1_94' title="bbox 510 4762 2082 4839">
     <span class='ocr_line' id='line_1_94' title="bbox 510 4762 2082 4839; baseline 0.006 -21"><span class='ocrx_word' id='word_1_754' title='bbox 510 4762 599 4819; x_wconf 68' lang='lat' dir='ltr'>i6.</span> <span class='ocrx_word' id='word_1_755' title='bbox 633 4762 778 4828; x_wconf 87' lang='lat' dir='ltr'>Quia</span> <span class='ocrx_word' id='word_1_756' title='bbox 806 4781 938 4821; x_wconf 88' lang='lat' dir='ltr'>vero</span> <span class='ocrx_word' id='word_1_757' title='bbox 970 4766 1169 4823; x_wconf 89' lang='lat' dir='ltr'>omnia</span> <span class='ocrx_word' id='word_1_758' title='bbox 1205 4766 1328 4823; x_wconf 68' lang='lat' dir='ltr'>hinc</span> <span class='ocrx_word' id='word_1_759' title='bbox 1372 4769 1500 4826; x_wconf 89' lang='lat' dir='ltr'>sine</span> <span class='ocrx_word' id='word_1_760' title='bbox 1547 4770 1847 4839; x_wconf 88' lang='lat' dir='ltr'>charitate,</span> <span class='ocrx_word' id='word_1_761' title='bbox 1898 4771 2082 4827; x_wconf 88' lang='lat' dir='ltr'>mira-</span> 
     </span>
    </p>
   </div>
   <div class='ocr_carea' id='block_1_95' title="bbox 437 4850 2081 4932">
    <p class='ocr_par' dir='ltr' id='par_1_95' title="bbox 437 4850 2081 4932">
     <span class='ocr_line' id='line_1_95' title="bbox 437 4850 2081 4932; baseline 0.005 -23"><span class='ocrx_word' id='word_1_762' title='bbox 437 4850 556 4909; x_wconf 91' lang='lat' dir='ltr'>bile</span> <span class='ocrx_word' id='word_1_763' title='bbox 608 4852 805 4908; x_wconf 90' lang='lat' dir='ltr'>dictul</span> <span class='ocrx_word' id='word_1_764' title='bbox 848 4853 1125 4924; x_wconf 80' lang='lat' dir='ltr'>exhibita,</span> <span class='ocrx_word' id='word_1_765' title='bbox 1173 4855 1318 4911; x_wconf 88' lang='lat' dir='ltr'>nihil</span> <span class='ocrx_word' id='word_1_766' title='bbox 1366 4860 1513 4914; x_wconf 86' lang='lat' dir='ltr'>teste</span> <span class='ocrx_word' id='word_1_767' title='bbox 1561 4860 1881 4931; x_wconf 88' lang='lat' dir='ltr'>proderunt</span> <span class='ocrx_word' id='word_1_768' title='bbox 1925 4862 2081 4932; x_wconf 87' lang='lat' dir='ltr'>Apo-</span> 
     </span>
    </p>
   </div>
   <div class='ocr_carea' id='block_1_96' title="bbox 437 4939 2084 5021">
    <p class='ocr_par' dir='ltr' id='par_1_96' title="bbox 437 4939 2084 5021">
     <span class='ocr_line' id='line_1_96' title="bbox 437 4939 2084 5021; baseline 0.004 -23"><span class='ocrx_word' id='word_1_769' title='bbox 437 4939 608 5010; x_wconf 86' lang='lat' dir='ltr'>stolo,</span> <span class='ocrx_word' id='word_1_770' title='bbox 633 4940 734 5015; x_wconf 91' lang='lat' dir='ltr'>qui</span> <span class='ocrx_word' id='word_1_771' title='bbox 777 4941 858 4998; x_wconf 86' lang='lat' dir='ltr'>ait</span> <span class='ocrx_word' id='word_1_772' title='bbox 891 4959 904 4998; x_wconf 88' lang='lat'><strong>:</strong></span> <span class='ocrx_word' id='word_1_773' title='bbox 937 4942 1000 4998; x_wconf 89' lang='lat' dir='ltr'>Si</span> <span class='ocrx_word' id='word_1_774' title='bbox 1026 4943 1352 5000; x_wconf 87' lang='lat' dir='ltr'>distribuero</span> <span class='ocrx_word' id='word_1_775' title='bbox 1382 4946 1444 5000; x_wconf 85' lang='lat' dir='ltr'>in</span> <span class='ocrx_word' id='word_1_776' title='bbox 1471 4947 1616 5003; x_wconf 87' lang='lat' dir='ltr'>cibos</span> <span class='ocrx_word' id='word_1_777' title='bbox 1643 4965 1948 5021; x_wconf 83' lang='lat' dir='ltr'>pauperum</span> <span class='ocrx_word' id='word_1_778' title='bbox 1975 4966 2084 5005; x_wconf 87' lang='lat' dir='ltr'>0-m-</span> 
     </span>
    </p>
   </div>
   <div class='ocr_carea' id='block_1_97' title="bbox 354 5031 2085 5109">
    <p class='ocr_par' dir='ltr' id='par_1_97' title="bbox 354 5031 2085 5109">
     <span class='ocr_line' id='line_1_97' title="bbox 354 5031 2085 5109; baseline 0.003 -22"><span class='ocrx_word' id='word_1_779' title='bbox 354 5082 361 5087; x_wconf 70' lang='lat'><em>,</em></span> <span class='ocrx_word' id='word_1_780' title='bbox 435 5047 533 5088; x_wconf 88' lang='lat' dir='ltr'>nes</span> <span class='ocrx_word' id='word_1_781' title='bbox 557 5031 848 5104; x_wconf 86' lang='lat' dir='ltr'>facultates</span> <span class='ocrx_word' id='word_1_782' title='bbox 869 5048 1040 5099; x_wconf 87' lang='lat' dir='ltr'>meas,</span> <span class='ocrx_word' id='word_1_783' title='bbox 1069 5035 1121 5089; x_wconf 89' lang='lat' dir='ltr'>et</span> <span class='ocrx_word' id='word_1_784' title='bbox 1142 5033 1195 5088; x_wconf 88' lang='lat' dir='ltr'>si</span> <span class='ocrx_word' id='word_1_785' title='bbox 1221 5031 1493 5091; x_wconf 86' lang='lat' dir='ltr'>tradidero</span> <span class='ocrx_word' id='word_1_786' title='bbox 1530 5051 1723 5109; x_wconf 84' lang='lat' dir='ltr'>corpus</span> <span class='ocrx_word' id='word_1_787' title='bbox 1767 5054 1952 5094; x_wconf 91' lang='lat' dir='ltr'>meum</span> <span class='ocrx_word' id='word_1_788' title='bbox 2002 5038 2085 5093; x_wconf 89' lang='lat' dir='ltr'>ita</span> 
     </span>
    </p>
   </div>
   <div class='ocr_carea' id='block_1_98' title="bbox 435 5121 2084 5196">
    <p class='ocr_par' dir='ltr' id='par_1_98' title="bbox 435 5121 2084 5196">
     <span class='ocr_line' id='line_1_98' title="bbox 435 5121 2084 5196; baseline 0.004 -19"><span class='ocrx_word' id='word_1_789' title='bbox 435 5125 498 5177; x_wconf 90' lang='lat' dir='ltr'>ut</span> <span class='ocrx_word' id='word_1_790' title='bbox 525 5121 719 5179; x_wconf 88' lang='lat' dir='ltr'>ardeat</span> <span class='ocrx_word' id='word_1_791' title='bbox 742 5138 755 5177; x_wconf 87' lang='lat'><strong>:</strong></span> <span class='ocrx_word' id='word_1_792' title='bbox 780 5122 1108 5179; x_wconf 86' lang='lat' dir='ltr'>charitatem</span> <span class='ocrx_word' id='word_1_793' title='bbox 1132 5130 1316 5180; x_wconf 88' lang='lat' dir='ltr'>autem</span> <span class='ocrx_word' id='word_1_794' title='bbox 1342 5140 1452 5180; x_wconf 83' lang='lat' dir='ltr'>non</span> <span class='ocrx_word' id='word_1_795' title='bbox 1483 5127 1741 5196; x_wconf 86' lang='lat' dir='ltr'>habuero,</span> <span class='ocrx_word' id='word_1_796' title='bbox 1761 5128 1913 5183; x_wconf 86' lang='lat' dir='ltr'>nihil</span> <span class='ocrx_word' id='word_1_797' title='bbox 1942 5128 2084 5184; x_wconf 88' lang='lat' dir='ltr'>mihi</span> 
     </span>
    </p>
   </div>
   <div class='ocr_carea' id='block_1_99' title="bbox 511 5254 2080 5333">
    <p class='ocr_par' dir='ltr' id='par_1_99' title="bbox 511 5254 2080 5333">
     <span class='ocr_line' id='line_1_99' title="bbox 511 5254 2080 5333; baseline 0.004 -23"><span class='ocrx_word' id='word_1_798' title='bbox 511 5254 695 5333; x_wconf 79' lang='grc'>(1452)</span> <span class='ocrx_word' id='word_1_799' title='bbox 724 5256 888 5333; x_wconf 56' lang='grc' dir='ltr'>Ιίίεξῐῃ</span> <span class='ocrx_word' id='word_1_800' title='bbox 921 5256 1109 5333; x_wconf 82' lang='lat' dir='ltr'>editor</span> <span class='ocrx_word' id='word_1_801' title='bbox 1136 5256 1354 5330; x_wconf 92' lang='lat' dir='ltr'>optime</span> <span class='ocrx_word' id='word_1_802' title='bbox 1396 5258 1623 5333; x_wconf 72' lang='lat' dir='ltr'>notavit</span> <span class='ocrx_word' id='word_1_803' title='bbox 1654 5276 1667 5314; x_wconf 75' lang='grc' dir='ltr'><strong>ε</strong></span> <span class='ocrx_word' id='word_1_804' title='bbox 1703 5261 1997 5333; x_wconf 85' lang='lat' dir='ltr'>Legerem,</span> <span class='ocrx_word' id='word_1_805' title='bbox 2032 5263 2080 5317; x_wconf 91' lang='lat' dir='ltr'>si</span> 
     </span>
    </p>
   </div>
   <div class='ocr_carea' id='block_1_100' title="bbox 439 5327 2082 5450">
    <p class='ocr_par' dir='ltr' id='par_1_100' title="bbox 439 5327 2082 5450">
     <span class='ocr_line' id='line_1_100' title="bbox 439 5327 2082 5450; baseline 0.005 -72"><span class='ocrx_word' id='word_1_806' title='bbox 439 5340 564 5450; x_wconf 61' lang='lat' dir='ltr'>rasit</span> <span class='ocrx_word' id='word_1_807' title='bbox 584 5327 697 5381; x_wconf 91' lang='lat' dir='ltr'>mei</span> <span class='ocrx_word' id='word_1_808' title='bbox 747 5328 973 5384; x_wconf 88' lang='lat' dir='ltr'>arbitrii</span> <span class='ocrx_word' id='word_1_809' title='bbox 1021 5327 1224 5385; x_wconf 70' lang='lat' dir='ltr'>esset:</span> <span class='ocrx_word' id='word_1_810' title='bbox 1274 5329 1412 5402; x_wconf 77' lang='lat' dir='ltr'>quod</span> <span class='ocrx_word' id='word_1_811' title='bbox 1458 5331 1707 5401; x_wconf 89' lang='lat' dir='ltr'>sequitur</span> <span class='ocrx_word' id='word_1_812' title='bbox 1749 5327 1820 5387; x_wconf 64' lang='grc'>,⁷.</span> <span class='ocrx_word' id='word_1_813' title='bbox 1867 5374 1879 5387; x_wconf 95' lang='grc'>.</span> <span class='ocrx_word' id='word_1_814' title='bbox 1927 5374 1940 5387; x_wconf 95' lang='grc'>.</span> <span class='ocrx_word' id='word_1_815' title='bbox 1993 5336 2082 5389; x_wconf 86' lang='lat' dir='ltr'>in-</span> 
     </span>
     <span class='ocr_line' id='line_1_101' title="bbox 439 5411 584 5449; baseline 0.007 -1"><span class='ocrx_word' id='word_1_816' title='bbox 439 5411 518 5449; x_wconf 87' lang='lat' dir='ltr'>nu</span> <span class='ocrx_word' id='word_1_817' title='bbox 571 5436 584 5449; x_wconf 97' lang='lat'>.</span> 
     </span>
    </p>
   </div>
   <div class='ocr_carea' id='block_1_101' title="bbox 438 5411 584 5449">
    <p class='ocr_par' dir='ltr' id='par_1_101' title="bbox 438 5411 584 5449">
     <span class='ocr_line' id='line_1_102' title="bbox 438 5411 584 5449; baseline 0 0"><span class='ocrx_word' id='word_1_818' title='bbox 438 5411 584 5449; x_wconf 76' lang='grc' dir='ltr'>ηαιι.</span> 
     </span>
    </p>
   </div>
   <div class='ocr_carea' id='block_1_102' title="bbox 514 5466 2080 5545">
    <p class='ocr_par' dir='ltr' id='par_1_102' title="bbox 514 5466 2080 5545">
     <span class='ocr_line' id='line_1_103' title="bbox 514 5466 2080 5545; baseline 0.006 -24"><span class='ocrx_word' id='word_1_819' title='bbox 514 5466 695 5545; x_wconf 75' lang='grc'>(4453)</span> <span class='ocrx_word' id='word_1_820' title='bbox 727 5468 915 5525; x_wconf 88' lang='lat' dir='ltr'>Lectio</span> <span class='ocrx_word' id='word_1_821' title='bbox 952 5473 1251 5545; x_wconf 80' lang='lat' dir='ltr'>corrupta,</span> <span class='ocrx_word' id='word_1_822' title='bbox 1301 5470 1493 5544; x_wconf 91' lang='lat' dir='ltr'>inquit</span> <span class='ocrx_word' id='word_1_823' title='bbox 1537 5471 1812 5529; x_wconf 84' lang='lat' dir='ltr'>laudatus</span> <span class='ocrx_word' id='word_1_824' title='bbox 1856 5474 2080 5545; x_wconf 88' lang='lat' dir='ltr'>editor;</span> 
     </span>
    </p>
   </div>
   <div class='ocr_carea' id='block_1_103' title="bbox 442 5535 2086 5618">
    <p class='ocr_par' dir='ltr' id='par_1_103' title="bbox 442 5535 2086 5618">
     <span class='ocr_line' id='line_1_104' title="bbox 442 5535 2086 5618; baseline 0.007 -27"><span class='ocrx_word' id='word_1_825' title='bbox 442 5535 529 5618; x_wconf 77' lang='lat' dir='ltr'>sic</span> <span class='ocrx_word' id='word_1_826' title='bbox 586 5535 781 5618; x_wconf 70' lang='lat' dir='ltr'>autem</span> <span class='ocrx_word' id='word_1_827' title='bbox 828 5540 1054 5618; x_wconf 78' lang='lat' dir='ltr'>restitui</span> <span class='ocrx_word' id='word_1_828' title='bbox 1102 5535 1338 5618; x_wconf 74' lang='lat' dir='ltr'>potest:</span> <span class='ocrx_word' id='word_1_829' title='bbox 1371 5535 1616 5618; x_wconf 73' lang='lat' dir='ltr'>suasum.</span> <span class='ocrx_word' id='word_1_830' title='bbox 1659 5586 1675 5618; x_wconf 94' lang='lat'>_.</span> <span class='ocrx_word' id='word_1_831' title='bbox 1723 5588 1735 5601; x_wconf 92' lang='lat'>.</span> <span class='ocrx_word' id='word_1_832' title='bbox 1781 5586 1794 5600; x_wconf 94' lang='lat'>.</span> <span class='ocrx_word' id='word_1_833' title='bbox 1836 5535 2086 5618; x_wconf 52' lang='lat' dir='ltr'>dedigne;</span> 
     </span>
    </p>
   </div>
   <div class='ocr_carea' id='block_1_104' title="bbox 442 5608 2082 5689">
    <p class='ocr_par' dir='ltr' id='par_1_104' title="bbox 442 5608 2082 5689">
     <span class='ocr_line' id='line_1_105' title="bbox 442 5608 2082 5689; baseline 0.007 -26"><span class='ocrx_word' id='word_1_834' title='bbox 442 5612 563 5689; x_wconf 80' lang='lat' dir='ltr'>tur,</span> <span class='ocrx_word' id='word_1_835' title='bbox 587 5608 689 5663; x_wconf 91' lang='lat' dir='ltr'>ubi</span> <span class='ocrx_word' id='word_1_836' title='bbox 728 5608 1149 5681; x_wconf 62' lang='lat' dir='ltr'>praecedentem</span> <span class='ocrx_word' id='word_1_837' title='bbox 1186 5617 1419 5689; x_wconf 70' lang='lat' dir='ltr'>textum</span> <span class='ocrx_word' id='word_1_838' title='bbox 1448 5616 1745 5689; x_wconf 75' lang='lat' dir='ltr'>respicit:</span> <span class='ocrx_word' id='word_1_839' title='bbox 1778 5633 1888 5672; x_wconf 90' lang='lat' dir='ltr'>non</span> <span class='ocrx_word' id='word_1_840' title='bbox 1932 5608 2082 5674; x_wconf 70' lang='lat' dir='ltr'>dedi-</span> 
     </span>
    </p>
   </div>
   <div class='ocr_carea' id='block_1_105' title="bbox 439 5686 2087 5757">
    <p class='ocr_par' dir='ltr' id='par_1_105' title="bbox 439 5686 2087 5757">
     <span class='ocr_line' id='line_1_106' title="bbox 439 5686 2087 5757; baseline 0.006 -21"><span class='ocrx_word' id='word_1_841' title='bbox 439 5688 637 5753; x_wconf 86' lang='lat' dir='ltr'>gnctur</span> <span class='ocrx_word' id='word_1_842' title='bbox 689 5696 850 5752; x_wconf 87' lang='lat' dir='ltr'>agere</span> <span class='ocrx_word' id='word_1_843' title='bbox 903 5698 1131 5740; x_wconf 86' lang='lat' dir='ltr'>suasum</span> <span class='ocrx_word' id='word_1_844' title='bbox 1177 5686 1397 5741; x_wconf 84' lang='lat' dir='ltr'>Domini</span> <span class='ocrx_word' id='word_1_845' title='bbox 1434 5686 1578 5757; x_wconf 42' lang='lat' dir='ltr'>jam‘</span> <span class='ocrx_word' id='word_1_846' title='bbox 1612 5688 1917 5748; x_wconf 86' lang='lat' dir='ltr'>recitatum</span> <span class='ocrx_word' id='word_1_847' title='bbox 1952 5708 1965 5747; x_wconf 88' lang='lat'><strong>:</strong></span> <span class='ocrx_word' id='word_1_848' title='bbox 2024 5691 2087 5747; x_wconf 87' lang='lat' dir='ltr'>Si</span> 
     </span>
    </p>
   </div>
   <div class='ocr_carea' id='block_1_106' title="bbox 2191 4675 3847 4755">
    <p class='ocr_par' dir='ltr' id='par_1_106' title="bbox 2191 4675 3847 4755">
     <span class='ocr_line' id='line_1_107' title="bbox 2191 4675 3847 4755; baseline 0.006 -24"><span class='ocrx_word' id='word_1_849' title='bbox 2191 4675 2325 4731; x_wconf 90' lang='lat' dir='ltr'>rimi</span> <span class='ocrx_word' id='word_1_850' title='bbox 2355 4676 2663 4733; x_wconf 89' lang='lat' dir='ltr'>scelerum.</span> <span class='ocrx_word' id='word_1_851' title='bbox 2688 4678 2791 4746; x_wconf 88' lang='lat' dir='ltr'>Ita,</span> <span class='ocrx_word' id='word_1_852' title='bbox 2816 4678 3112 4751; x_wconf 88' lang='lat' dir='ltr'>inquiunt,</span> <span class='ocrx_word' id='word_1_853' title='bbox 3132 4682 3266 4755; x_wconf 90' lang='lat' dir='ltr'>pius</span> <span class='ocrx_word' id='word_1_854' title='bbox 3295 4687 3383 4738; x_wconf 90' lang='lat' dir='ltr'>est</span> <span class='ocrx_word' id='word_1_855' title='bbox 3411 4683 3565 4739; x_wconf 90' lang='lat' dir='ltr'>Deus</span> <span class='ocrx_word' id='word_1_856' title='bbox 3585 4687 3642 4740; x_wconf 90' lang='lat' dir='ltr'>et</span> <span class='ocrx_word' id='word_1_857' title='bbox 3663 4684 3847 4741; x_wconf 83' lang='lat' dir='ltr'>mise-</span> 
     </span>
    </p>
   </div>
   <div class='ocr_carea' id='block_1_107' title="bbox 2191 4764 3847 4844">
    <p class='ocr_par' dir='ltr' id='par_1_107' title="bbox 2191 4764 3847 4844">
     <span class='ocr_line' id='line_1_108' title="bbox 2191 4764 3847 4844; baseline 0.005 -24"><span class='ocrx_word' id='word_1_858' title='bbox 2191 4764 2394 4833; x_wconf 72' lang='lat' dir='ltr'>ricors,</span> <span class='ocrx_word' id='word_1_859' title='bbox 2426 4770 2491 4821; x_wconf 91' lang='lat' dir='ltr'>ut</span> <span class='ocrx_word' id='word_1_860' title='bbox 2515 4765 2808 4822; x_wconf 90' lang='lat' dir='ltr'>neminem</span> <span class='ocrx_word' id='word_1_861' title='bbox 2841 4767 3236 4826; x_wconf 88' lang='lat' dir='ltr'>Christianum</span> <span class='ocrx_word' id='word_1_862' title='bbox 3272 4771 3575 4844; x_wconf 89' lang='lat' dir='ltr'>permittat</span> <span class='ocrx_word' id='word_1_863' title='bbox 3618 4772 3847 4831; x_wconf 87' lang='lat' dir='ltr'>intrare</span> 
     </span>
    </p>
   </div>
   <div class='ocr_carea' id='block_1_108' title="bbox 2190 4854 3849 4930">
    <p class='ocr_par' dir='ltr' id='par_1_108' title="bbox 2190 4854 3849 4930">
     <span class='ocr_line' id='line_1_109' title="bbox 2190 4854 3849 4930; baseline 0.005 -21"><span class='ocrx_word' id='word_1_864' title='bbox 2190 4854 2251 4909; x_wconf 92' lang='lat' dir='ltr'>in</span> <span class='ocrx_word' id='word_1_865' title='bbox 2278 4854 2948 4928; x_wconf 84' lang='lat' dir='ltr'>infernum.Quanquam</span> <span class='ocrx_word' id='word_1_866' title='bbox 2969 4875 3172 4915; x_wconf 91' lang='lat' dir='ltr'>verum</span> <span class='ocrx_word' id='word_1_867' title='bbox 3195 4859 3527 4930; x_wconf 88' lang='lat' dir='ltr'>dicerent,si</span> <span class='ocrx_word' id='word_1_868' title='bbox 3558 4860 3849 4918; x_wconf 83' lang='lat' dir='ltr'>Christia-</span> 
     </span>
    </p>
   </div>
   <div class='ocr_carea' id='block_1_109' title="bbox 2192 4942 3844 5020">
    <p class='ocr_par' dir='ltr' id='par_1_109' title="bbox 2192 4942 3844 5020">
     <span class='ocr_line' id='line_1_110' title="bbox 2192 4942 3844 5020; baseline 0.006 -22"><span class='ocrx_word' id='word_1_869' title='bbox 2192 4960 2334 4999; x_wconf 90' lang='lat' dir='ltr'>num</span> <span class='ocrx_word' id='word_1_870' title='bbox 2366 4944 2485 4999; x_wconf 87' lang='lat' dir='ltr'>fore</span> <span class='ocrx_word' id='word_1_871' title='bbox 2515 4942 2683 5000; x_wconf 91' lang='lat' dir='ltr'>illum</span> <span class='ocrx_word' id='word_1_872' title='bbox 2711 4944 3209 5020; x_wconf 87' lang='lat' dir='ltr'>solummodo,qui</span> <span class='ocrx_word' id='word_1_873' title='bbox 3240 4950 3458 5007; x_wconf 89' lang='lat' dir='ltr'>Christi</span> <span class='ocrx_word' id='word_1_874' title='bbox 3480 4950 3844 5008; x_wconf 88' lang='lat' dir='ltr'>voluntatem</span> 
     </span>
    </p>
   </div>
   <div class='ocr_carea' id='block_1_110' title="bbox 2190 5033 3850 5107">
    <p class='ocr_par' dir='ltr' id='par_1_110' title="bbox 2190 5033 3850 5107">
     <span class='ocr_line' id='line_1_111' title="bbox 2190 5033 3850 5107; baseline 0.007 -20"><span class='ocrx_word' id='word_1_875' title='bbox 2190 5033 2350 5101; x_wconf 83' lang='lat' dir='ltr'>facit,</span> <span class='ocrx_word' id='word_1_876' title='bbox 2383 5033 2613 5089; x_wconf 88' lang='lat' dir='ltr'>credere</span> <span class='ocrx_word' id='word_1_877' title='bbox 2642 5040 2900 5107; x_wconf 91' lang='lat' dir='ltr'>possent.</span> <span class='ocrx_word' id='word_1_878' title='bbox 2935 5036 3081 5093; x_wconf 87' lang='lat' dir='ltr'>Cum</span> <span class='ocrx_word' id='word_1_879' title='bbox 3125 5054 3258 5095; x_wconf 90' lang='lat' dir='ltr'>vero</span> <span class='ocrx_word' id='word_1_880' title='bbox 3306 5040 3543 5096; x_wconf 90' lang='lat' dir='ltr'>Petrum</span> <span class='ocrx_word' id='word_1_881' title='bbox 3594 5040 3850 5099; x_wconf 86' lang='lat' dir='ltr'>audiant</span> 
     </span>
    </p>
   </div>
   <div class='ocr_carea' id='block_1_111' title="bbox 2190 5121 3847 5202">
    <p class='ocr_par' dir='ltr' id='par_1_111' title="bbox 2190 5121 3847 5202">
     <span class='ocr_line' id='line_1_112' title="bbox 2190 5121 3847 5202; baseline 0.007 -25"><span class='ocrx_word' id='word_1_882' title='bbox 2190 5121 2479 5178; x_wconf 89' lang='lat' dir='ltr'>dicentem</span> <span class='ocrx_word' id='word_1_883' title='bbox 2510 5122 3061 5196; x_wconf 83' lang='lat' dir='ltr'>apostolum:Melius</span> <span class='ocrx_word' id='word_1_884' title='bbox 3074 5131 3259 5200; x_wconf 80' lang='lat' dir='ltr'>fuerat</span> <span class='ocrx_word' id='word_1_885' title='bbox 3287 5130 3367 5187; x_wconf 89' lang='lat' dir='ltr'>eis</span> <span class='ocrx_word' id='word_1_886' title='bbox 3387 5145 3495 5185; x_wconf 88' lang='lat' dir='ltr'>non</span> <span class='ocrx_word' id='word_1_887' title='bbox 3522 5146 3847 5202; x_wconf 85' lang='lat' dir='ltr'>cognoscere</span> 
     </span>
    </p>
   </div>
   <div class='ocr_carea' id='block_1_112' title="bbox 2190 5266 3835 5339">
    <p class='ocr_par' dir='ltr' id='par_1_112' title="bbox 2190 5266 3835 5339">
     <span class='ocr_line' id='line_1_113' title="bbox 2190 5266 3835 5339; baseline 0.007 -18"><span class='ocrx_word' id='word_1_888' title='bbox 2190 5266 2606 5339; x_wconf 12' lang='lat' dir='ltr'>affers,ietc.lta</span> <span class='ocrx_word' id='word_1_889' title='bbox 2635 5267 2872 5339; x_wconf 87' lang='lat' dir='ltr'>quidem</span> <span class='ocrx_word' id='word_1_890' title='bbox 2905 5286 3173 5327; x_wconf 89' lang='lat' dir='ltr'>sermone</span> <span class='ocrx_word' id='word_1_891' title='bbox 3206 5289 3245 5327; x_wconf 86' lang='grc' dir='ltr'>ιι</span> <span class='ocrx_word' id='word_1_892' title='bbox 3276 5273 3347 5328; x_wconf 91' lang='lat' dir='ltr'>de</span> <span class='ocrx_word' id='word_1_893' title='bbox 3363 5272 3587 5329; x_wconf 88' lang='lat' dir='ltr'>Pascha</span> <span class='ocrx_word' id='word_1_894' title='bbox 3607 5279 3835 5333; x_wconf 86' lang='lat' dir='ltr'>num.2.</span> 
     </span>
    </p>
   </div>
   <div class='ocr_carea' id='block_1_113' title="bbox 2191 5336 3839 5416">
    <p class='ocr_par' dir='ltr' id='par_1_113' title="bbox 2191 5336 3839 5416">
     <span class='ocr_line' id='line_1_114' title="bbox 2191 5336 3839 5416; baseline 0.007 -25"><span class='ocrx_word' id='word_1_895' title='bbox 2191 5336 2607 5416; x_wconf 80' lang='lat' dir='ltr'>Suadebam,_ut</span> <span class='ocrx_word' id='word_1_896' title='bbox 2637 5336 2768 5416; x_wconf 71' lang='lat' dir='ltr'>quid</span> <span class='ocrx_word' id='word_1_897' title='bbox 2803 5341 3047 5416; x_wconf 81' lang='lat' dir='ltr'>aliquem</span> <span class='ocrx_word' id='word_1_898' title='bbox 3085 5359 3139 5416; x_wconf 81' lang='lat' dir='ltr'>se</span> <span class='ocrx_word' id='word_1_899' title='bbox 3187 5344 3395 5401; x_wconf 73' lang='lat' dir='ltr'>lazsisse</span> <span class='ocrx_word' id='word_1_900' title='bbox 3442 5347 3839 5416; x_wconf 86' lang='lat' dir='ltr'>meminerunt,</span> 
     </span>
    </p>
   </div>
   <div class='ocr_carea' id='block_1_114' title="bbox 2190 5408 3842 5490">
    <p class='ocr_par' dir='ltr' id='par_1_114' title="bbox 2190 5408 3842 5490">
     <span class='ocr_line' id='line_1_115' title="bbox 2190 5408 3842 5490; baseline 0.007 -28"><span class='ocrx_word' id='word_1_901' title='bbox 2190 5408 2612 5490; x_wconf 71' lang='lat' dir='ltr'>recordarentur</span> <span class='ocrx_word' id='word_1_902' title='bbox 2631 5408 3022 5490; x_wconf 24' lang='lat' dir='ltr'>(dicentis&#39;iﬁi</span> <span class='ocrx_word' id='word_1_903' title='bbox 3047 5415 3225 5490; x_wconf 71' lang='lat' dir='ltr'>offers,</span> <span class='ocrx_word' id='word_1_904' title='bbox 3277 5420 3408 5484; x_wconf 89' lang='lat' dir='ltr'>etc.,</span> <span class='ocrx_word' id='word_1_905' title='bbox 3455 5418 3555 5490; x_wconf 84' lang='lat' dir='ltr'>qui</span> <span class='ocrx_word' id='word_1_906' title='bbox 3598 5433 3726 5473; x_wconf 89' lang='lat' dir='ltr'>vero</span> <span class='ocrx_word' id='word_1_907' title='bbox 3769 5408 3842 5474; x_wconf 84' lang='lat' dir='ltr'>ab</span> 
     </span>
    </p>
   </div>
   <div class='ocr_carea' id='block_1_115' title="bbox 2193 5480 3841 5560">
    <p class='ocr_par' dir='ltr' id='par_1_115' title="bbox 2193 5480 3841 5560">
     <span class='ocr_line' id='line_1_116' title="bbox 2193 5480 3841 5560; baseline 0.007 -25"><span class='ocrx_word' id='word_1_908' title='bbox 2193 5480 2379 5560; x_wconf 81' lang='lat' dir='ltr'>aliquo</span> <span class='ocrx_word' id='word_1_909' title='bbox 2411 5480 2801 5560; x_wconf 66' lang='lat' dir='ltr'>laesifuissent,</span> <span class='ocrx_word' id='word_1_910' title='bbox 2826 5492 2878 5539; x_wconf 91' lang='lat' dir='ltr'>et</span> <span class='ocrx_word' id='word_1_911' title='bbox 2902 5484 2999 5560; x_wconf 80' lang='lat' dir='ltr'>ille</span> <span class='ocrx_word' id='word_1_912' title='bbox 3027 5480 3246 5542; x_wconf 81' lang='lat' dir='ltr'>veniam</span> <span class='ocrx_word' id='word_1_913' title='bbox 3274 5480 3540 5544; x_wconf 76' lang='lat' dir='ltr'>veraciter</span> <span class='ocrx_word' id='word_1_914' title='bbox 3561 5490 3841 5560; x_wconf 82' lang='lat' dir='ltr'>postulas-</span> 
     </span>
    </p>
   </div>
   <div class='ocr_carea' id='block_1_116' title="bbox 2191 5552 3846 5678">
    <p class='ocr_par' dir='ltr' id='par_1_116' title="bbox 2191 5552 3846 5678">
     <span class='ocr_line' id='line_1_117' title="bbox 2191 5552 3846 5678; baseline 0.007 -72"><span class='ocrx_word' id='word_1_915' title='bbox 2191 5555 2288 5678; x_wconf 57' lang='lat' dir='ltr'>siet,</span> <span class='ocrx_word' id='word_1_916' title='bbox 2324 5567 2429 5676; x_wconf 55' lang='lat' dir='ltr'>nor:</span> <span class='ocrx_word' id='word_1_917' title='bbox 2460 5552 2910 5611; x_wconf 86' lang='lat' dir='ltr'>obliviscerentur</span> <span class='ocrx_word' id='word_1_918' title='bbox 2937 5556 3197 5614; x_wconf 82' lang='lat' dir='ltr'>dicentis:</span> <span class='ocrx_word' id='word_1_919' title='bbox 3231 5561 3372 5615; x_wconf 84' lang='lat' dir='ltr'>Cum</span> <span class='ocrx_word' id='word_1_920' title='bbox 3399 5552 3579 5616; x_wconf 43' lang='lat' dir='ltr'>statis‘</span> <span class='ocrx_word' id='word_1_921' title='bbox 3590 5560 3661 5616; x_wconf 89' lang='lat' dir='ltr'>ad</span> <span class='ocrx_word' id='word_1_922' title='bbox 3679 5577 3846 5617; x_wconf 87' lang='lat' dir='ltr'>oran-</span> 
     </span>
     <span class='ocr_line' id='line_1_118' title="bbox 2229 5639 2485 5678; baseline -0.004 -1"><span class='ocrx_word' id='word_1_923' title='bbox 2229 5640 2342 5678; x_wconf 87' lang='lat' dir='ltr'>um.</span> <span class='ocrx_word' id='word_1_924' title='bbox 2376 5639 2406 5678; x_wconf 90' lang='lat' dir='ltr'>e</span> <span class='ocrx_word' id='word_1_925' title='bbox 2436 5639 2485 5677; x_wconf 91' lang='lat' dir='ltr'>c.</span> 
     </span>
    </p>
   </div>
   <div class='ocr_carea' id='block_1_117' title="bbox 2229 5639 2485 5690">
    <p class='ocr_par' dir='ltr' id='par_1_117' title="bbox 2229 5639 2485 5690">
     <span class='ocr_line' id='line_1_119' title="bbox 2229 5639 2485 5690; baseline -0.008 -12"><span class='ocrx_word' id='word_1_926' title='bbox 2229 5640 2342 5690; x_wconf 88' lang='lat' dir='ltr'>um,</span> <span class='ocrx_word' id='word_1_927' title='bbox 2376 5639 2485 5679; x_wconf 80' lang='lat' dir='ltr'>etc.</span> 
     </span>
    </p>
   </div>
  </div>
