4052 6386
161 340 289 407 ⁸701

1654 345 2101 414 SERMONES.

3465 355 3609 467 ηοξ)

161 478 321 537 viam
349 478 616 553 veritatis,
636 497 801 556 quam
824 487 951 557 post
992 482 1353 557 cognitionem
1392 490 1662 545 retrosum
1690 500 1816 543 con-
1844 491 1904 561 Α
1931 483 2179 542 fecimus
2208 482 2581 561 recipiemus.
2626 484 2789 556 Quod
2833 488 2892 549 et
2920 483 2970 547 si
3002 482 3218 564 aliquis
3258 505 3364 565 pro
3414 490 3595 567 nobis.

163 572 315 627 verti
343 572 419 645 (II
441 573 593 628 Petr.
644 591 706 643 ιι,
741 574 874 646 21);
921 575 993 631 de
1043 573 1281 646 quibus,
1336 591 1553 648 quaeso,
1596 576 1820 633 dictum

165 659 541 732 conjiciunt?

241 750 333 804 20.
366 750 437 806 Et
467 767 602 807 cum
634 751 865 809 ordines
888 755 1141 825 quatuor
1159 769 1326 809 sacra
1355 756 1549 809 teneat
1573 753 1822 809 auctori-

162 842 265 894 tas
293 839 356 893 in
379 839 605 911 judicio
636 843 890 897 extremo
920 840 1148 897 futuros
1178 857 1191 895 :
1225 858 1408 896 unum
1446 841 1687 910 scilicet,
1722 842 1825 915 qui

156 926 395 1000 judicet
412 945 547 984 cum
572 928 819 985 Domino
843 947 857 997 ;
881 927 1154 996 alterum,
1178 933 1278 1002 qui
1300 946 1403 1002 per
1423 929 1716 1003 judicium
1736 947 1825 986 re-

166 1019 557 1085 muneretur;
588 1017 849 1084 tertium,
882 1017 982 1091 qni
1014 1034 1118 1090 per
1153 1017 1448 1089 judicium
1479 1020 1823 1088 damnetur;

167 1108 475 1179 quartum,
509 1106 609 1178 qui
631 1122 819 1178 neque
840 1123 944 1179 per
956 1105 1249 1177 judicium
1277 1106 1444 1162 illum
1464 1106 1526 1181 [ι.
1545 1107 1709 1176 illud]
1736 1125 1824 1164 re-

168 1197 539 1261 muneretur,
560 1211 750 1267 neque
770 1196 1099 1263 damnetur,
1116 1212 1250 1251 cum
1265 1194 1548 1268 scriptum
1570 1195 1630 1251 in
1651 1197 1830 1252 Evan-

169 1281 326 1355 gelio
359 1282 475 1338 sit:
537 1283 646 1351 Qui
694 1292 877 1339 autem
922 1299 1034 1339 non
1061 1284 1253 1352 credit,
1276 1285 1400 1357 jam
1438 1285 1723 1357 judicatus
1751 1290 1829 1342 est

175 1372 363 1439 (Joan.
396 1386 484 1439 nl,
538 1372 665 1444 10);
721 1376 779 1429 et
832 1371 1151 1429 Psalmistae
1199 1373 1439 1429 verbum
1494 1374 1582 1445 [f.,
1631 1374 1826 1446 verbo]

172 1460 436 1517 dicatur:
452 1461 575 1517 Ideo
603 1477 711 1518 non
743 1470 1035 1533 resurgunt
1053 1463 1214 1534 impii
1225 1464 1285 1517 in
1288 1462 1672 1534 judicio(Psal.
1690 1480 1728 1530 1,
1747 1463 1827 1535 5),

172 1548 348 1627 quasi
364 1549 627 1620 apertius
639 1549 813 1606 dicat:
827 1551 897 1606 Et
911 1550 959 1606 si
975 1550 1212 1623 quidem
1232 1555 1687 1624 resurgunt,non
1700 1552 1829 1607 ideo

171 1642 495 1711 resurgunt
517 1638 955 1711 utjudicentur,
989 1638 1128 1711 quia
1138 1639 1267 1710 jam
1300 1638 1699 1710 sintjudicati,
1727 1639 1827 1695 sed
1862 1698 1867 1702 ,

172 1726 307 1784 ideo
323 1730 658 1799 resurgunt,
679 1731 765 1793 ut,
778 1727 1025 1799 receptis
1039 1728 1401 1800 corporibus,
1429 1727 1567 1801 illuc
1586 1732 1719 1784 eant
1734 1728 1833 1783 ubi

174 1820 311 1872 ante
331 1814 547 1895 saecula
563 1816 989 1873 suntdestinati
1004 1816 1221 1890 (impios
1240 1820 1435 1872 autem
1455 1817 1599 1872 istos
1623 1815 1833 1872 intelli-

174 1920 311 1977 gere
324 1905 695 1961 solummodo
709 1905 989 1961 debemus
1004 1905 1421 1973 incredulos,et
1438 1905 1681 1962 minime
1696 1905 1834 1977 bap-

174 1992 432 2065 tizatos);
455 1993 591 2066 quis
608 2009 744 2066 ergo
759 1995 1072 2050 damnatus
1085 1993 1295 2051 tertius
1312 1994 1571 2050 ordotibi
1582 1995 1829 2063 videtur,

175 2082 292 2138 nisi
306 2082 759 2150 credentium,id
780 2088 869 2139 est
884 2083 1308 2156 baptizatorum
1324 2083 1693 2155 existere,qui
1709 2100 1834 2156 pro-

175 2187 245 2228 co
258 2170 417 2243 quod
432 2170 605 2227 ﬁdem
620 2171 969 2227 habuerunti
984 2172 1086 2228 sed
1103 2172 1376 2245 operibus
1390 2171 1545 2240 ﬁdei,
1565 2189 1691 2244 quae
1714 2171 1832 2227 illic

175 2259 585 2334 requiruntur,
640 2265 974 2329 caruerunt,
1015 2262 1178 2333 juste
1215 2260 1479 2317 damnati
1525 2260 1585 2316 in
1634 2261 1830 2334 ignem

178 2354 491 2417 eternum,
522 2348 625 2421 qui
654 2351 878 2423 absque
908 2350 1087 2406 dubio
1118 2350 1383 2407 infernus
1409 2350 1538 2418 erit,
1562 2350 1721 2405 ituri.

248 2439 341 2494 21.
374 2437 613 2495 Constat
640 2455 776 2511 ergo
807 2439 1133 2495 certissime
1162 2438 1479 2494 Dominum
1515 2438 1830 2510 quemdam

176 2527 310 2584 ideo
342 2526 669 2584 monuisse:
702 2530 834 2584 Ecce
859 2545 1026 2584 sanus
1046 2530 1224 2600 factus
1266 2545 1342 2594 es,
1369 2528 1524 2596 vade,
1563 2529 1685 2600 jam
1714 2528 1833 2583 noli

170 2632 423 2689 peccare,
450 2633 520 2673 ne
555 2616 794 2673 deterius
841 2618 946 2674 tibi
984 2617 1197 2688 aliquid
1241 2617 1520 2686 contingat
1565 2618 1744 2685 (Joan.
1771 2633 1827 2684 v,

178 2696 267 2773 14)
298 2725 315 2775 ;
347 2708 404 2761 et
425 2703 537 2761 alio
584 2704 710 2761 loco
739 2704 993 2761 dixisse:
1036 2707 1202 2762 Fiunt
1248 2706 1548 2762 novissima
1594 2705 1832 2761 hominis

174 2794 337 2850 illius
360 2795 553 2866 pejora
594 2795 877 2866 prioribus
907 2795 1115 2867 (Maith.
1155 2812 1255 2865 xu,
1290 2795 1402 2863 45),
1444 2798 1509 2848 ut
1539 2792 1829 2866 intelligas

173 2886 345 2939 tanta
373 2881 781 2939 humiliatione
812 2883 914 2939 Dei
941 2884 1011 2939 de
1038 2883 1180 2940 ccelo
1202 2884 1273 2939 ad
1293 2887 1507 2938 terram
1525 2899 1627 2954 pro
1649 2882 1831 2938 homi-

176 2969 357 3041 nibus
370 2968 796 3037 descendentis,
815 2973 901 3026 tot
923 2969 1485 3043 indignitatibus,tot
1499 2969 1829 3042 opprobriis

178 3058 251 3114 ab
281 3074 350 3114 eo
380 3056 643 3130 perlatis,
676 3057 848 3128 fame,
873 3058 991 3125 siti,
1023 3058 1391 3124 lassitudine,
1416 3058 1627 3131 sputis,
1651 3075 1829 3132 genu-

179 3146 529 3215 ﬂexionibus
564 3146 864 3215 irrisoriis,
884 3146 1047 3204 falsis
1066 3146 1442 3212 testimoniis,
1467 3151 1647 3216 aceto,
1673 3146 1823 3216 felle,

1931 572 2151 647 aliquid
2182 575 2383 631 fecerit
2403 575 2562 645 boni,
2588 579 2645 633 et
2665 576 2716 633 si
2747 593 2863 634 non
2888 578 3147 650 proderit
3167 580 3360 651 nobis,
3382 576 3603 656 prode-i

1932 664 2011 719 rit
2031 663 2136 719 illi.
2170 665 2250 721 De
2280 663 2398 721 illis
2420 681 2556 721 vero
2587 666 2942 739 purgatoriis
2959 670 3093 740 post
3122 669 3348 726 obitum
3370 672 3581 743 poenis,

1932 769 2105 809 nemo
2126 753 2236 809 sibi
2258 753 2612 823 blandiatur,
2636 771 2977 825 monemus;
3003 757 3143 828 quia
3162 775 3277 813 non
3309 764 3450 816 sunt
3475 750 3597 817 sta?

1931 844 2072 897 tuta:
2089 841 2456 911 criminibus,
2477 844 2578 899 sed
2603 844 2856 916 peccatis
2878 843 3217 914 levioribus,
3233 864 3359 920 quae
3382 849 3599 922 utique,

1932 947 2037 1002 per
2063 929 2242 1003 ligna,
2297 930 2496 987 fenum
2547 936 2604 988 et
2646 932 2923 1004 stipulam
2975 933 3359 1008 designantur
3389 938 3437 1010 (Ι
3464 937 3584 994 Cor.

1934 1034 2021 1086 In,
2056 1020 2166 1091 12).
2202 1020 2311 1076 Sed
2344 1019 2483 1093 quid
2522 1020 2753 1094 agimus
2783 1020 2877 1078 his
2898 1022 2977 1078 ita
3004 1040 3108 1096 pro
3130 1029 3286 1080 certo
3315 1030 3587 1082 constan-

1932 1107 2218 1172 tantibus,
2236 1108 2337 1181 qui
2361 1110 2633 1166 novimus
2650 1112 2936 1183 quosdam
2951 1129 3127 1184 prava
3143 1116 3585 1183 consuetudine,

1934 1197 2223 1268 quosdam
2244 1202 2629 1264 Sacramento,
2650 1199 2937 1271 quosdam
2956 1201 3131 1257 etiam
3155 1201 3590 1271 maleﬁciis,aut

1936 1283 2293 1355 quibusdam
2321 1284 2472 1353 aliis,
2500 1289 2565 1340 ut
2582 1287 2970 1358 praetendunt,
3003 1288 3438 1348 inevitabilibus
3459 1284 3599 1348 caui

1938 1370 2020 1428 sis
2050 1371 2132 1427 ita
2161 1372 2472 1445 obligatos,
2505 1379 2571 1429 ut
2617 1374 2760 1448 erigi
2805 1376 2876 1430 ad
2918 1378 3388 1436 emendationem
3427 1373 3599 1437 nullo.

1938 1460 2112 1515 modo
2135 1459 2384 1529 valeant,
2419 1461 2561 1534 quid
2582 1462 2666 1520 eis
2697 1464 2889 1519 dicere
2908 1463 3250 1522 valeamus?
3272 1469 3427 1540 quod
3457 1450 3595 1525 con;

1939 1547 2137 1605 silium
2174 1549 2355 1605 dare?
2402 1550 2696 1623 Quidquid
2746 1552 2903 1608 enim
2954 1552 3037 1609 eis
3086 1555 3428 1627 dixerimus,
3479 1557 3590 1615 hoc

1938 1637 2141 1710 procul
2172 1638 2351 1695 dubio
2382 1640 2839 1712 respondebunt,
2873 1641 2983 1696 etsi
3015 1658 3131 1698 non
3156 1645 3351 1714 verbo,
3384 1642 3597 1703 effectu

1940 1730 2195 1783 attamen
2229 1727 2442 1799 operis,
2494 1729 2650 1800 quod
2682 1728 2768 1783 illi
2800 1730 2872 1785 de
2918 1730 3228 1804 Evangelio
3261 1733 3333 1789 ad
3366 1750 3592 1790 coenam

1864 1860 1911 1925 Β
1939 1815 2126 1925 vgcati
2150 1816 2308 1915 (Luc.
2340 1833 2453 1925 XIV:
2488 1817 2578 1885 48,
2611 1816 2725 1890 20),
2758 1821 2816 1873 et
2861 1819 3179 1876 verendum
3211 1837 3283 1878 ne
3319 1821 3592 1880 similiter

1941 1904 2015 1960 ab
2045 1904 2328 1961 invitante
2374 1904 2584 1975 relicti,
2628 1909 2893 1979 pereant,
2942 1911 3007 1963 ut
3036 1907 3280 1979 Pharao,
3309 1910 3587 1969 indurati.

2011 1993 2101 2048 23.
2135 1993 2203 2047 Hi
2236 1992 2515 2049 nimirum
2548 1998 2690 2050 sunt
2738 1993 2919 2063 enim,
2952 1996 3051 2068 qui
3083 2013 3217 2053 cum
3265 1997 3432 2056 liberi
3463 2017 3593 2058 esse

1939 2079 2217 2148 valerent,
2232 2082 2608 2137 immiserunt
2627 2086 2834 2155 sponte
2859 2100 2967 2139 sua
2983 2084 3041 2139 in
3066 2088 3184 2140 rete
3200 2087 3375 2158 pedes
3388 2088 3603 2159 miseri.

1940 2185 2102 2240 suos,
2132 2174 2190 2226 et
2216 2171 2274 2226 in
2318 2172 2447 2244 ejus
2478 2170 2727 2227 maculis
2772 2171 3145 2229 ambulantes
3178 2174 3294 2246 (Job
3322 2192 3478 2245 xvm,
3510 2177 3589 2250 8),

1941 2258 2083 2313 dum
2114 2259 2429 2332 expediunt
2460 2277 2522 2317 se
2551 2260 2624 2316 ab
2644 2277 2780 2330 uno,
2801 2260 2863 2315 in
2891 2260 3049 2317 aliud
3082 2262 3350 2319 incidunt
3369 2265 3599 2336 pericu-'

1940 2345 2087 2414 lum,
2106 2353 2162 2404 et
2192 2339 2571 2405 metuendum
2593 2366 2665 2405 ne
2694 2349 3121 2406 inevadibiliter
3140 2368 3173 2407 a
3191 2351 3433 2409 Domino
3455 2370 3590 2411 con-

1941 2435 2229 2493 clusi.Sed
2243 2438 2557 2506 enitamur,
2576 2438 2843 2494 dicamus
2859 2438 3101 2511 aliquid.
3126 2440 3456 2498 Suademus
3471 2438 3597 2500 illis

1941 2540 2013 2580 ne
2044 2525 2104 2580 in
2137 2526 2561 2600 desperationis
2591 2544 2653 2582 se
2684 2526 3045 2600 praecipitent
3074 2528 3192 2585 ullo
3222 2532 3395 2587 modo
3426 2532 3591 2588 bara-

1939 2613 2162 2683 thrum,
2196 2615 2383 2689 ignari
2417 2615 2560 2687 quid
2580 2614 2664 2671 eis
2694 2614 2772 2671 sit
2802 2615 3180 2673 destinatum.
3212 2619 3388 2675 Nescit
3407 2619 3600 2686 enim,

1939 2702 2041 2772 ait,
2074 2705 2252 2772 homo,
2286 2703 2610 2776 Scriptura,
2662 2708 2851 2759 utrum
2897 2704 3019 2760 odio
3065 2722 3136 2760 an
3170 2722 3356 2764 amore
3392 2707 3593 2778 dignus

1936 2793 2025 2860 sit,
2080 2791 2174 2848 sed
2205 2794 2392 2848 omnia
2432 2794 2495 2847 in
2519 2794 2775 2864 futurum
2820 2801 3114 2850 servantur
3154 2796 3363 2852 incerta
3397 2798 3589 2869 (Ecclc.

1938 2897 2015 2949 1x,
2062 2880 2134 2953 1).
2176 2881 2643 2945 Quatriduanum
2685 2882 3007 2955 recogitent
3029 2883 3317 2940 Lazarum
3338 2886 3593 2943 suscita-

1937 2971 2065 3024 tum
2087 2988 2101 3038 ;
2126 2969 2380 3025 clament
2396 2987 2529 3025 cum
2546 2986 2694 3026 caeco
2715 2969 2816 3026 illo
2832 2971 3230 3043 importunius
3245 2975 3590 3046 :jejunando

1936 3056 2163 3129 utique,
2195 3048 2436 3125 orando,
2453 3057 2839 3132 eleemosynis
2861 3059 3207 3130 insistendo,
3234 3079 3352 3117 non
3378 3067 3442 3119 ut
3462 3080 3591 3137 pec-

1937 3162 2069 3201 care
2113 3145 2196 3203 eis
2244 3150 2443 3202 tamen
2489 3146 2687 3214 liceat,
2737 3147 2835 3203 sed
2873 3151 2937 3202 ut
2977 3165 3010 3204 a
3056 3154 3292 3221 peccato
3339 3167 3439 3208 cos
3486 3169 3591 3225 per

179 3235 386 3309 spinea
413 3252 648 3303 corona,
681 3237 753 3292 ad
783 3239 1145 3309 postremum
1171 3235 1360 3292 crucis
1390 3235 1830 3308 patibulo,late-
1863 3219 1905 3287 C
1944 3234 2403 3291 misericordiam
2423 3234 2657 3291 liberari
2679 3235 3019 3308 contingat;
3046 3219 3433 3295 vociferentur
3452 3219 3587 3298 cum

181 3324 262 3381 ris
281 3324 951 3397 perfossione,eﬂ'usione
964 3324 1268 3397 sanguinis
1279 3328 1336 3381 et
1346 3341 1532 3397 aquae,
1551 3341 1833 3381 manuum

182 3414 290 3487 ped
299 3430 520 3487 umque
531 3414 873 3483 conﬁxione,
890 3413 1293 3488 ignominiosae
1307 3414 1512 3471 mortis
1523 3413 1833 3487 opprobrio

183 3504 536 3576 redemptos,
570 3519 736 3559 sacro
766 3503 1118 3577 baptismate
1146 3502 1315 3572 lotos,
1348 3502 1600 3576 Spiritus
1645 3502 1833 3559 sancti

179 3592 612 3649 illuminatione
641 3592 873 3660 ditatos,
910 3592 1243 3665 cognitione
1271 3590 1589 3648 voluntatis
1616 3591 1717 3648 Dei
1748 3591 1831 3648 lo-

181 3685 528 3755 cupletatus,
558 3681 712 3739 590
733 3681 884 3738 male
914 3686 1153 3754 agentes
1176 3680 1511 3737 diutissime
1534 3680 1828 3750 toleratos,

176 3771 425 3845 ﬂagellis
441 3770 818 3844 paternaliter
830 3769 1832 3843 eruditos,promissionibusdulcis-

179 3858 345 3916 simis
378 3863 681 3929 attractos,
730 3859 1050 3915 honoribus
1081 3859 1256 3915 variis
1284 3863 1404 3914 tam
1449 3858 1830 3916 saecularibus

177 3965 353 4022 quam
386 3948 797 4005 ecclesiasticis
827 3947 1127 4015 infulatos,
1161 3948 1603 4004 commodorum
1625 3947 1825 4004 inesti-

169 4036 479 4095 mabilium
544 4036 845 4094 blanditiis
893 4037 1188 4106 invitatos,
1236 4036 1655 4093 inﬁnitissimis
1695 4035 1827 4094 aliis

168 4126 634 4184 beneficioruum
666 4125 1060 4200 praerogativis
1082 4125 1317 4194 ditatos,
1353 4127 1588 4198 majora
1617 4125 1827 4183 mereri

161 4205 323 4288 juste
335 4220 836 4289 tormenta,un
854 4215 984 4274 illos
1006 4215 1225 4288 quibus
1240 4215 1382 4270 talia
1399 4231 1675 4270 concessa
1686 4220 1825 4271 sunt

168 4305 362 4362 nulla:
398 4308 505 4363 Cui
539 4307 690 4362 enim
711 4306 840 4379 plus
868 4306 1269 4373 committitlur,
1299 4304 1431 4377 plus
1460 4304 1529 4359 ab
1557 4320 1617 4360 eo
1647 4306 1822 4375 exigi-

170 4398 279 4464 tur,
314 4400 381 4451 ut
402 4395 482 4451 ait
495 4395 735 4468 quidam
760 4394 1204 4451 Benedictorum
1229 4410 1345 4449 non
1370 4392 1610 4449 iniimus
1627 4393 1705 4466 (S.
1728 4396 1824 4449 Bc-

166 4484 369 4541 nedict.
414 4486 625 4556 regulae
653 4501 704 4541 c.
750 4483 838 4556 2);
876 4488 963 4540 et:
1014 4482 1211 4540 Servus
1240 4484 1339 4555 qui
1363 4483 1465 4538 scit
1490 4483 1823 4539 voluntatem

1942 3312 2328 3394 Chananzea,d
2346 3324 2592 3381 icentes:
2618 3324 2875 3401 Miserere
2909 3326 3126 3397 mei,ﬁli
3152 3327 3363 3394 David;
3391 3329 3591 3387 anima

1942 3430 2074 3469 mea
2098 3414 2244 3469 male
2273 3431 2307 3469 a
2347 3412 2619 3470 «immania
2669 3419 2907 3469 vexatur
2953 3414 3161 3487 (Matth.
3191 3434 3285 3486 xv,
3334 3418 3464 3489 22);
3495 3422 3585 3477 et:

1939 3503 2065 3559 Noli
2111 3503 2371 3571 Domine,
2416 3503 2535 3559 noli
2564 3503 2711 3558 vinci
2753 3520 2788 3558 α
2815 3502 2963 3559 malo
3001 3520 3152 3574 meo,
3206 3505 3300 3562 sed
3324 3509 3483 3564 vince
3529 3510 3592 3564 in

1943 3592 2079 3647 bono
2107 3595 2208 3646 tuo
2237 3591 2446 3647 malum
2472 3606 2669 3645 meum
2701 3590 2873 3662 (Rom.
2908 3608 3009 3660 xu,
3041 3592 3171 3665 2|);
3201 3598 3289 3651 et:
3322 3596 3592 3669 Eripeme

1938 3682 2186 3747 Domine,
2234 3680 2301 3736 ab
2355 3680 2572 3736 homine
2599 3679 2767 3746 malo,
2814 3696 2850 3735 a
2887 3681 3006 3737 viro
3062 3683 3253 3754 iniquo
3293 3684 3469 3741 libera
3504 3701 3591 3742 me

1941 3771 2112 3841 (Psal.
2145 3786 2372 3838 cxxmx,
2403 3771 2457 3837 2,
2504 3767 2708 3841 utique
2755 3785 2869 3836 me,
2915 3773 2972 3826 et
2998 3770 3106 3825 tibi
3156 3771 3356 3829 factori
3404 3766 3469 3831 ac
3500 3772 3599 3831 re?

1940 3859 2232 3932 demptori
2249 3875 2375 3915 meo
2397 3858 2665 3930 piissimo
2682 3857 2923 3914 restitue
2936 3875 3028 3915 me
3051 3877 3067 3929 ;
3093 3863 3248 3932 quod
3272 3861 3473 3935 utique
3484 3862 3591 3918 mi-

1937 3948 2185 4005 sericors
2207 3947 2353 4022 agis,
2388 3947 2437 4002 si
2469 3947 2624 4019 quod
2659 3951 2862 4002 contra
2888 3951 2945 4003 te
2975 3949 3246 4019 meditor,
3266 3950 3449 4023 )Ι454)
3472 3968 3586 4021 me,

1935 4035 2134 4107 velim,
2166 4034 2370 4103 nolim,
2402 4035 2668 4090 omittere
2700 4034 2863 4089 facis.
2890 4034 2951 4090 Si
2980 4040 3176 4092 autem
3198 4054 3361 4095 meos
3378 4039 3588 4095 morti-

1935 4125 2088 4182 feros
2139 4128 2383 4180 conatus
2454 4121 2782 4194 prosperari
2846 4123 3159 4194 permittis,
3204 4142 3383 4198 quam
3440 4126 3587 4183 mihi

1932 4212 2209 4268 ﬁduciam
2240 4210 2517 4267 evadendi
2548 4208 2876 4281 relinquis?
2905 4211 2975 4266 Et
3006 4212 3055 4267 si
3086 4229 3120 4268 a
3155 4214 3303 4270 591
3332 4230 3585 4287 praesen-

1932 4301 2094 4356 tibus
2124 4300 2295 4357 malis
2326 4317 2443 4356 non
2466 4316 2652 4365 cesso,
2704 4315 2881 4370 quam
2911 4299 3141 4358 veniam
3186 4303 3258 4358 de
3289 4302 3585 4376 praeteriti,

1931 4389 2136 4462 spero?
2164 4389 2537 4461 Gemensque
2561 4385 2770 4442 talium
2803 4386 2936 4460 quis
2957 4388 3245 4448 instanter
3264 4392 3434 4464 quasi
3454 4409 3589 4449 con-

1930 4479 2247 4551 querendo,
2307 4479 2493 4534 donec
2546 4475 2811 4533 exaudiri
2860 4482 3172 4549 mereatur,
3224 4480 3582 4553 proclamet:

166 4571 380 4629 domini
404 4575 497 4629 sui
520 4582 574 4630 et
599 4590 711 4630 non
736 4574 889 4646 facit,
929 4573 1094 4645 digne
1112 4572 1295 4644 plagis
1325 4571 1513 4626 multis
1541 4572 1823 4644 vapulabit
1851 4591 1901 4657 Β
1931 4569 2210 4641 Usquequo
2266 4567 2607 4657 exaltabitur
2679 4566 2941 4622 inimicus
3001 4584 3153 4626 meus
3173 4574 3198 4624 .9
3260 4572 3480 4643 Respice
3536 4579 3591 4628 et

171 4662 326 4735 (Luc.
360 4680 463 4731 xn,
495 4663 607 4736 47).

233 4754 323 4808 22.
356 4752 469 4808 Sed
499 4752 639 4825 quia
668 4750 1041 4825 omnipotens
1069 4754 1159 4807 est
1180 4749 1355 4817 Deus,
1389 4756 1446 4805 et
1474 4750 1602 4821 ejus
1632 4748 1818 4823 pietas

165 4839 311 4895 nihil
325 4839 512 4907 aliud,
528 4856 705 4912 quam
727 4841 852 4914 ipse
865 4844 954 4896 est
964 4840 1145 4908 Deus;
1169 4837 1539 4910 omnipotens
1557 4855 1690 4895 vero
1704 4838 1821 4912 pie-

169 4932 258 4985 tas
280 4929 432 5002 ejus,
459 4928 543 4983 uti
561 4926 619 4985 et'
633 4929 862 4999 justitia
877 4930 1024 5001 ejus,
1042 4928 1296 5000 [subaudi
1307 4925 1453 4982 nihil
1467 4926 1625 4983 aliud
1641 4944 1816 5000 quam

164 5015 289 5092 ipse
319 5021 412 5075 est
440 5018 623 5089 Deus}
647 5019 719 5074 de
749 5035 864 5091 quo
895 5017 1100 5074 saltem
1132 5015 1398 5072 dubitare
1429 5017 1816 5088 apostaticum

166 5094 459 5164 credimus
490 5124 657 5164 esse:
691 5107 762 5162 ad
794 5106 977 5176 illam,
1012 5107 1153 5162 dum
1183 5103 1457 5170 vivimus,
1493 5121 1600 5160 nos
1630 5105 1819 5161 confc-

167 5197 608 5253 ramus.Mortui
630 5197 787 5253 enim
812 5196 958 5253 nihil
981 5195 1219 5252 omnino
1231 5192 1641 5261 faciemus,sed
1659 5194 1815 5267 quod

234 5323 425 5392 (1454)
454 5321 586 5378 Hec
617 5321 935 5378 concinunt
979 5338 1115 5378 cum
1148 5318 1264 5376 illis
1286 5316 1563 5392 Ecclesiae
1594 5317 1654 5374 in
1687 5335 1814 5376 ora-

167 5388 319 5450 tione
350 5388 578 5450 secreta
606 5393 798 5450 missa;
851 5392 1090 5450 Sabbati
1119 5397 1255 5448 ante
1285 5388 1651 5446 Dominicam
1681 5407 1814 5461 pas-

169 5463 380 5521 sionis:
402 5464 483 5521 Ad
512 5474 565 5521 te
580 5473 792 5521 nostras
821 5468 990 5522 etiam
1010 5464 1235 5521 rebelles
1264 5461 1521 5533 compelle
1544 5463 1817 5533 propitius

170 5536 491 5593 voluntates.
525 5536 655 5593 Mox
673 5537 878 5593 verba:
905 5538 965 5593 Si
985 5541 1168 5593 autem
1186 5550 1331 5590 meos
1351 5549 1538 5605 usque
1570 5533 1639 5588 ad
1660 5550 1816 5605 spero

171 5607 477 5664 Ratherius
508 5608 711 5664 recitat
738 5608 798 5664 in
832 5610 1126 5678 Qualitatis
1155 5607 1462 5678 conjectura
1494 5622 1655 5678 num.
1686 5607 1741 5660 6.

235 5680 421 5753 (1455)
449 5679 766 5738 Gonstrue:
801 5676 895 5737 His
925 5689 976 5738 et
1004 5676 1318 5754 hujusmodi
1344 5676 1676 5733 clamoribus
1705 5693 1817 5734 cor-

1925 4656 2130 4714 exaudi
2169 4673 2275 4727 me,
2320 4657 2547 4713 Domine
2576 4656 2715 4711 Deus
2762 4658 2932 4731 (Psal.
2960 4675 3059 4728 χιι,
3090 4662 3159 4728 3;
3192 4663 3284 4716 et:
3325 4661 3431 4717 Fac
3471 4676 3585 4718 me-

1927 4763 2076 4816 cum,
2099 4748 2349 4818 Domine,
2365 4747 2589 4818 signum
2608 4748 2671 4803 in
2710 4748 2866 4816 bono,
2886 4751 2950 4803 ut
2970 4747 3191 4805 videant
3218 4748 3315 4822 qui
3356 4749 3587 4807 oderunt

1924 4852 2031 4903 me,
2064 4842 2119 4892 et
2165 4835 2594 4906 confundantur,
2620 4837 2885 4908 quoniam
2913 4845 2993 4907 tu,
3041 4837 3286 4906 Domine,
3322 4838 3589 4911 adjuvisti

1924 4941 2029 4993 me,
2052 4920 2113 4981 et
2141 4925 2446 4981 consolatus
2470 4941 2525 4981 es
2553 4942 2641 4982 me
2675 4926 2847 5000 (Psal.
2898 4943 3097 4995 Lxxxv,
3133 4927 3243 4999 17).
3273 4927 3374 4982 His
3400 4928 3583 4998 (1455)

1924 5019 1983 5071 et
2006 5013 2347 5086 hujusmodi
2370 5011 2731 5073 clamoribus
2747 5032 2918 5072 aures
2929 5013 3202 5071 exaudire
3219 5014 3583 5086 cupientissi-

1925 5101 2008 5159 mi
2038 5102 2293 5170 Domini,
2326 5103 2520 5169 corde,
2555 5120 2653 5159 ore
2686 5120 2987 5175 manuque
3018 5102 3292 5175 fatigans,
3314 5101 3427 5158 nisi
3447 5106 3583 5159 ante

1923 5191 2244 5248 terminum
2274 5190 2405 5246 vitae
2435 5190 2699 5262 quiescat
2724 5209 2737 5260 ;
2773 5192 3015 5247 forsitan
3046 5189 3233 5263 pietas
3261 5188 3421 5246 illius
3452 5189 3577 5263 (qui

1922 5317 2008 5382 de,
2041 5333 2132 5374 ore
2150 5320 2202 5373 et
2233 5332 2402 5373 manu
2442 5315 2689 5387 fatigans
2718 5330 2880 5373 aures
2925 5314 3148 5370 Domini
3174 5314 3580 5387 cupientissimi

1923 5389 2208 5455 exaudire,
2230 5390 2346 5445 nisi
2375 5386 2615 5460 quiescat
2643 5391 2769 5444 ante
2798 5389 3097 5444 terminum
3136 5386 3261 5460 vita
3280 5403 3322 5460 ;7
3338 5387 3578 5460 forsitan

1918 5463 2096 5533 pietas
2125 5461 2300 5526 illius,
2331 5457 2449 5532 (qui
2475 5475 2600 5515 cum
2644 5460 2781 5527 vult,
2825 5462 3012 5523 potens
3039 5461 3119 5513 est
3168 5457 3187 5593 (
3197 5457 3346 5529 etc.)
3357 5459 3578 5530 pulsata

1922 5534 2172 5593 precibus
2199 5540 2531 5593 sanctorum,
2582 5530 2931 5593 respondebit
2967 5532 3019 5585 et
3048 5530 3139 5585 illi
3192 5530 3278 5586 sic
3310 5529 3577 5593 fatiganti

1918 5529 2172 5605 precibus
2199 5529 2531 5605 sanctorum,
2582 5530 2931 5605 respondebit
2967 5532 3019 5605 et
3048 5530 3139 5585 illi
3168 5529 3278 5605 (sic
3310 5529 3577 5605 fatiganti

1921 5601 2470 5733 gﬁuqyepesgtgdem,
2503 5602 2645 5674 quod
2664 5601 2946 5676 respondit
2977 5603 3249 5660 instanter
3275 5601 3576 5660 clamanti:

1990 5690 2216 5744 muuer,
2247 5690 2356 5733 610.
