4052 6410
462 375 588 454 ⁵103

1304 385 1693 483 ΒΑΊἭΕΗῙῙΙ
1721 385 1967 485 EPISC.
2011 385 2299 452 VERON.
2347 388 2521 454 OPP.
2569 389 2763 457 PAPS
2805 390 2917 456 III.

3754 389 3881 455 704

469 540 608 584 cum
635 523 779 596 vult,
803 530 994 598 potens
1022 521 1183 584 estde
1210 524 1485 598 lapidibus
1513 524 1661 596 ﬁlios
1675 522 1920 583 Abrahae
1948 525 2133 595 susci:
2228 514 2361 581 tur:
2395 530 2611 596 Pereat,
2639 526 2852 603 inquit,
2880 526 3036 601 prior
3062 525 3196 598 dies,
3228 526 3290 585 in
3317 540 3422 603 quo
3457 532 3620 586 natus
3646 540 3793 597 sum,
3826 527 3895 584 et

465 618 585 676 tare
612 614 815 686 (Matth.
849 631 933 674 nl.
963 616 1058 689 9):
1091 616 1198 681 Qui
1221 632 1329 671 non
1378 615 1495 670 vult
1536 618 1779 671 mortem
1815 616 2114 686 peccatoris
2220 631 2334 672 nox
2362 618 2423 672 in
2447 633 2555 690 qna
2583 617 2790 674 dictum
2818 622 2936 675 est:
2969 617 3261 690 Conceptus
3299 625 3378 675 est
3425 619 3583 675 homo
3608 618 3751 690 (Job.
3788 634 3881 686 In,

461 708 557 764 sed
583 715 644 763 ut
666 710 1014 763 convertatur
1042 710 1095 762 et
1121 706 1267 762 vivat
1294 703 1508 776 (Ezech.
1538 720 1735 769 xxxm,
1770 703 1858 775 11)
1890 707 2115 759 sancto-

464 812 597 852 rum
627 795 899 871 precibus
923 793 1153 867 pulsata
1180 790 1554 866 respondebit
1582 791 1760 861 etilli,
1787 792 2109 865 quodidem

463 884 754 943 instanter
803 884 1114 941 clamanti:
1150 883 1189 939 0
1218 882 1438 948 mulier,
1491 880 1784 954 inquiens,
1814 898 2109 955 nusquam

462 962 762 1032 utscilicet
779 974 1022 1031 viriliter
1037 988 1235 1045 agens,
1268 973 1368 1028 sed
1388 970 1635 1031 mollitia
1657 970 1927 1028 muliebri
1950 971 2109 1027 vitiis

462 1063 748 1121 enerviter
775 1062 1184 1129 succumbens,
1219 1078 1421 1132 magna
1461 1068 1540 1117 est
1568 1077 1723 1116 nunc
1751 1059 1900 1132 ﬁdes,
1934 1060 1992 1116 id
2020 1063 2110 1116 est

462 1152 666 1210 orandi
696 1151 1143 1225 perseverantia,
1185 1158 1279 1206 tua
1302 1166 1323 1212 ,'
1359 1150 1458 1221 ﬁat
1487 1149 1587 1205 tibi
1613 1151 1754 1205 sicut
1782 1152 1864 1205 vis
1894 1148 2101 1219 (Matth.

459 1258 556 1309 xv,
577 1240 669 1313 28)
692 1256 705 1296 :
726 1243 784 1297 et
803 1240 1108 1296 sanabitur
1136 1237 1505 1295 animaillius
1532 1236 1590 1292 in
1618 1237 1718 1293 illa
1745 1237 1891 1294 hora
1913 1255 1927 1305 ;
1948 1238 2101 1310 quod

458 1329 628 1387 nobis
658 1329 932 1387 omnibus
960 1332 1233 1402 praestare
1260 1327 1531 1401 dignetur
1549 1325 1952 1400 Redemptoris
1971 1343 2103 1383 nos-

459 1419 537 1476 tri
567 1418 901 1476 clementia.

528 1508 619 1564 24.
653 1508 755 1564 Est
783 1510 839 1563 et
868 1505 984 1563 alia
1013 1505 1382 1579 pereuntium
1404 1506 1464 1561 in
1488 1508 1833 1578 perpetuum
1863 1504 2102 1560 evidens

459 1595 824 1671 approbatio,
855 1596 1012 1668 quod
1042 1611 1178 1652 cum
1219 1599 1339 1651 tres
1385 1594 1445 1649 in
1495 1593 1803 1666 Evangelio
1833 1592 2101 1666 legamus

459 1688 724 1742 mortuos
752 1701 788 1741 a
819 1683 1059 1740 Domino
1081 1682 1416 1751 suscitatos,
1441 1687 1717 1756 quartum
1738 1681 1850 1738 sibi
1873 1681 2101 1738 nuntia-

457 1777 586 1832 tum
635 1772 887 1830 noluerit
951 1772 1256 1840 suscitare,
1302 1772 1404 1828 sed
1459 1770 1784 1828 econtrario
1845 1770 2094 1827 dixerit:

2223 706 2275 775 3)
2301 723 2314 772 ;
2348 704 2494 761 alter
2521 723 2657 762 vero
2684 723 2695 762 :
2729 707 3066 776 Maledictus,
3100 707 3203 778 ait,
3225 709 3325 781 qui
3346 709 3704 765 annuntiavit
3716 707 3881 781 patri

2219 811 2358 862 meo,
2391 794 2613 851 dicens:
2642 798 2809 852 Natus
2853 804 2930 852 est
2969 796 3076 852 tibi
3128 813 3270 869 puer
3295 797 3574 852 masculus
3607 797 3741 869 (Jer.
3774 814 3874 865 xx,

2226 885 2347 956 l5);
2379 884 2692 940 Psalmista
2729 890 2940 941 contra
2978 884 3110 941 illos
3157 884 3442 942 auxilium
3489 884 3723 943 Domini
3756 886 3879 943 im-

2217 973 2506 1045 precando
2532 992 2544 1030 :
2580 975 2911 1031 Avertantur
2928 976 3112 1031 statim
3140 975 3532 1045 erubescentes,
3564 977 3663 1048 qui
3680 975 3877 1031 dicunt

2214 1061 2401 1117 mihi:
2428 1064 2595 1133 Euge,
2628 1079 2761 1134 euge
2791 1064 2962 1135 (Psal.
2996 1080 3147 1133 Lx1x,
3184 1063 3258 1135 4.)

2284 1151 2372 1205 26.
2404 1150 2710 1207 Abstinere
2739 1167 2871 1207 vero
2900 1154 3063 1207 tanto
3118 1152 3309 1225 magis
3370 1169 3475 1209 nos
3528 1153 3757 1225 oportet
3787 1152 3869 1209 ab

2214 1239 2372 1295 omni
2403 1240 2956 1312 mendacio,quanto
2989 1241 3208 1297 certius
3241 1240 3386 1297 illud
3417 1259 3451 1298 a
3481 1240 3714 1298 diabolo
3732 1257 3868 1314 pro-

2211 1327 2412 1384 cedere
2426 1327 2689 1385 valemus
2711 1329 3383 1399 advertere,Dominoita
3402 1331 3475 1386 de
3498 1345 3564 1387 eo
3587 1333 3865 1398 testante,

2211 1415 2346 1472 Cum
2375 1417 2618 1489 loquitur
2636 1418 3000 1485 mendacium,
3031 1435 3102 1474 ea:
3144 1421 3389 1492 propriis
3428 1420 3690 1493 loquitur,
3725 1421 3865 1492 quia

2207 1502 2447 1562 mendas:
2477 1514 2571 1573 est,
2600 1510 2649 1562 et
2658 1510 2818 1578 pater
2872 1508 2992 1579 ejus
3044 1507 3220 1578 (Psal.
3265 1525 3318 1574 v,
3350 1508 3430 1580 7),
3461 1508 3666 1580 utique
3695 1524 3874 1565 men-

2209 1593 2354 1650 dacii
2387 1594 2563 1666 (Joan.
2604 1611 2727 1662 vm,
2778 1593 2892 1666 44).
2948 1595 3015 1650 Et
3071 1595 3568 1671 Psalmograpbns
3612 1596 3869 1654 Domino

2208 1682 2451 1756 dicat[f.,
2485 1682 2647 1755 dicit]
2672 1701 2684 1739 :
2711 1683 2909 1740 Perdes
2938 1700 3028 1740 eos
3057 1686 3154 1758 qui
3181 1685 3481 1759 loquuntur
3508 1685 3868 1743 mendacium

2206 1773 2376 1841 (Psal.
2404 1790 2458 1840 v,
2490 1773 2568 1837 7).
2592 1772 2756 1839 Quod
2779 1776 2976 1828 tamen
3000 1773 3047 1830 si
3073 1774 3145 1830 de
3165 1774 3327 1830 omni
3351 1774 3656 1832 mendacio
3685 1775 3865 1835 intel-

455 1864 678 1920 Dimitte
702 1869 937 1919 mortuos
980 1861 1212 1933 sepelire
1256 1868 1498 1917 mortuos
1543 1876 1667 1916 suos
1717 1861 1922 1931 (Matth.
1972 1877 2095 1959 vni,
2128 1895 2176 1960 B
2205 1860 2771 1935 ligamus,nulluma
2800 1862 3867 1937 perditioneliberumjudicamuszdi-

452 1951 568 2024 22).
601 1952 745 2008 Tres
771 1967 905 2008 vero
928 1950 1028 2007 isti
1080 1949 1299 2006 mortui
1329 1950 1444 2005 tria
1473 1949 1809 2023 significant
1845 1948 2097 2004 morien-

453 2040 605 2097 tium
631 2039 837 2096 animis
867 2054 1114 2112 genera:
1142 2052 1338 2095 unum
1364 2037 1582 2095 scilicet
1600 2038 1660 2094 in
1690 2036 1903 2102 oculto,
1937 2037 2096 2094 aliud

450 2128 515 2186 in
542 2129 799 2202 publico,
817 2129 1057 2186 tertium
1080 2128 1139 2185 in
1170 2128 1616 2193 consuetudine,
1643 2128 1798 2200 quod
1819 2132 1875 2184 et
1901 2127 2097 2183 fcetere

452 2204 685 2286 dicitur,
716 2216 776 2274 id
807 2221 896 2274 est
915 2216 1317 2290 desperatione
1348 2216 1726 2288 recuperandi
1755 2215 1975 2271 vicinos
2006 2214 2094 2268 in-

452 2308 653 2373 ﬁcere;
686 2307 787 2366 sed
837 2305 976 2379 quia
1005 2305 1243 2363 Deonil
1291 2309 1383 2362 est
1428 2301 1811 2377 impossibile,
1843 2307 1901 2359 et
1949 2301 2094 2358 tales

451 2396 525 2453 ab
552 2395 719 2453 initio
747 2412 951 2452 omnes
970 2395 1204 2452 fuerunt
1228 2396 1286 2450 in
1309 2393 1495 2451 oculis
1511 2392 1875 2465 ejus,quales
1898 2391 1955 2446 in
1981 2393 2095 2446 ﬁne

449 2485 680 2542 futuros
705 2484 839 2540 illos
889 2483 1176 2558 praavidit,
1206 2482 1501 2539 dilexisse
1529 2499 1628 2538 eos
1659 2479 2089 2552 comprobatur,

449 2590 585 2647 cum
616 2574 912 2647 insperata
933 2589 1132 2630 eorum
1156 2570 1485 2629 emendatio
1506 2570 1783 2626 cernitur.
1809 2571 2091 2634 Quartum

447 2646 581 2720 vero
609 2646 754 2719 illud
785 2679 972 2736 genus
1002 2666 1093 2717 est
1122 2661 1349 2725 mortis,
1373 2660 1575 2731 dequo
1597 2656 1918 2720 Psalmista
1949 2656 2091 2711 dici-

446 2755 548 2825 tur
575 2768 745 2809 voce:
799 2752 1076 2825 Quoniam
1117 2749 1374 2806 laudatur
1417 2751 1667 2819 peccator
1702 2748 1762 2802 in
1803 2746 2093 2803 desideriis

447 2824 656 2899 animae
683 2824 840 2907 stari
868 2847 919 2896 et
965 2840 1187 2910 iniquus
1236 2836 1575 2893 benedicitur
1622 2836 1792 2908 (Psal.
1821 2853 1878 2901 x,
1910 2835 1962 2905 3)
1990 2852 2002 2902 ;
2035 2838 2109 2895 et,

449 2930 520 2987 de
567 2929 785 3003 quibus
830 2927 1149 3001 prepheta:
1192 2924 1397 2997 Popule
1422 2940 1594 2992 meus,
1643 2925 1740 2996 qui
1787 2924 2002 2980 beatum
2040 2927 2094 2978 te

446 3018 654 3086 dicunt,
688 3019 798 3092 ipsi
847 3020 896 3073 te
939 3015 1218 3087 decipiunt
1263 3015 1412 3083 (Isai.
1460 3031 1542 3084 III,
1590 3013 1697 3086 12).
1749 3013 1895 3068 Cum
1934 3011 2105 3075 enim,

448 3107 583 3187 quis
607 3110 664 3162 et
693 3104 919 3164 malum
950 3103 1103 3176 quod
1136 3101 1274 3159 facit
1307 3101 1428 3174 ipse
1456 3102 1735 3172 defendit,
1767 3104 1825 3159 et
1855 3101 2093 3156 adulan-

2206 1952 2283 2007 cit
2305 1951 2458 2006 enim
2489 1949 2623 2006 alibi
2647 1949 2802 2006 idem
2830 1967 2842 2005 :
2881 1951 3071 2007 Omnis
3094 1952 3251 2009 homo
3282 1952 3518 2009 mendax
3548 1954 3866 2026 (Psal.cxv,

2202 2040 2226 2096 l
2252 2040 2315 2111 l).
2348 2041 2495 2113 Ergo
2524 2043 2588 2095 lu
2618 2038 2743 2111 ipse
2770 2039 2890 2095 haec
2912 2039 3113 2096 dicens
3144 2041 3396 2097 mendax
3418 2041 3864 2115 propheta?Ab-

2205 2128 2302 2195 sit,
2333 2145 2470 2183 nam
2503 2134 2560 2184 et
2590 2126 2708 2184 illic
2741 2134 2965 2183 certum
2992 2129 3476 2202 quoddam,quod
3510 2130 3860 2204 perditionis

2204 2217 2309 2273 ﬁlii
2357 2217 2725 2273 solummodo
2782 2218 3126 2290 loquuntur,
3182 2218 3302 2274 dixi
3356 2220 3757 2289 mendacium,
3795 2225 3859 2277 et

2202 2323 2436 2361 omnem
2463 2306 2759 2362 hominem
2793 2306 2853 2361 in
2878 2306 3063 2362 extasi
3094 2306 3361 2380 (1456),ἱά
3380 2308 3552 2373 est,in
3584 2314 3854 2365 contem-

2200 2394 2457 2467 platione
2488 2395 2814 2451 veracitatis
2847 2395 2970 2463 Dei,
2992 2395 3186 2451 vocavi
3217 2397 3554 2452 mendacem
3580 2415 3593 2466 ;
3617 2397 3774 2454 sicut
3798 2403 3860 2455 et

2199 2483 2579 2539 Ecclesiastes
2609 2500 2774 2539 meus
2805 2484 2996 2556 (Eccle.
3027 2501 3108 2550 III,
3135 2485 3234 2556 I9),
3258 2490 3315 2540 et
3343 2488 3474 2558 post
3502 2485 3670 2542 illum
3701 2480 3875 2559 Apo-i

2200 2571 2387 2627 stolus
2417 2572 3080 2645 (Rom.vm,20),vanitati
3108 2573 3460 2646 subjectum.
3485 2574 3671 2640 Quam
3705 2593 3853 2650 pras-

2198 2664 2355 2716 terea
2386 2660 2621 2716 noxium
2654 2661 2732 2716 sit
2788 2678 2960 2719 omne
3008 2661 3400 2731 mendacium,
3434 2662 3588 2720 alius
3617 2680 3725 2720 nos
3754 2665 3855 2720 ad-

2200 2752 2398 2805 monet
2425 2748 2625 2806 dicens
2651 2749 2740 2805 :05
2770 2750 2909 2822 quod
2936 2750 3419 2818 mentitur,ocoidit
3446 2753 3851 2827 animam(Sap.

2198 2854 2239 2905 ι,
2273 2838 2363 2907 41)
2388 2855 2402 2906 ;
2430 2843 2523 2894 et:
2558 2838 2748 2893 Falsus
2784 2841 2935 2894 testis
2981 2854 3093 2894 non
3147 2841 3254 2896 erit
3309 2841 3618 2913 impunitus
3664 2842 3850 2915 (Proa.

2196 2926 2338 2998 XIX),
2370 2929 2448 2996 5).

2267 3018 2354 3071 27.
2393 3015 2764 3071 Mendacium
2812 3032 2955 3072 sane
3008 3033 3185 3088 quam
3227 3015 3399 3091 longe
3429 3035 3464 3074 a
3494 3016 3854 3090 prasulibus

2195 3103 2464 3162 Ecclesia
2496 3104 2703 3160 debeat
2731 3120 2880 3173 esse,
2899 3103 3185 3162 invectiva
3216 3106 3526 3178 cujusdam
3558 3108 3857 3165 sententia

446 3186 602 3253 tium
635 3194 921 3251 attollitur
950 3193 1190 3264 insuper
1220 3189 1513 3259 laudibus,
1545 3208 1849 3263 nunquam
1890 3191 1962 3247 ad
1996 3190 2086 3246 sui
2129 3257 2163 3267 _
2201 3186 2562 3267 huiusmodi,
2588 3210 2654 3248 ac
2675 3193 3026 3266 populorum
3058 3196 3480 3252 consuetudine
3502 3196 3660 3265 trita,
3692 3196 3856 3254 vale-

446 3284 838 3360 cognitionem
870 3281 1122 3347 rediens,
1148 3279 1551 3360 utqsepulturze
1572 3283 1838 3336 mortuus
1860 3296 2088 3353 aggere,
2121 3257 2164 3327 (ἶ
2203 3300 2335 3339 mus
2348 3281 2893 3351 adverterezVerba,
2916 3282 3211 3356 inquiunt,
3237 3284 3556 3341 sacerdotis
3586 3288 3688 3341 aut
3714 3302 3857 3343 vera

448 3358 539 3432 ita?
559 3374 659 3429 ille
706 3371 1071 3429 adulantium
1124 3358 1270 3426 falsa
1314 3369 1601 3441 premitur
1649 3362 2088 3426 infelicissimus

446 3450 643 3520 laude.
666 3462 979 3533 Nunquam
1000 3460 1203 3532 utique
1232 3458 1542 3525 reviviscit,
1564 3458 1665 3531 qui
1698 3475 1761 3515 se
1793 3464 2087 3515 mortuum

448 3552 572 3609 fore
602 3566 905 3622 nunquam
922 3549 1248 3627 cognoscit;
1272 3565 1379 3604 nec
1408 3549 1480 3604 ad
1513 3547 1763 3604 salutem
1792 3548 1961 3616 redit,
1988 3549 2091 3621 qui

450 3640 642 3699 salute
672 3656 734 3697 se
754 3638 1011 3711 indigere
1034 3637 1274 3694 minime
1285 3637 1483 3694 credit.
1501 3637 1564 3693 In
1588 3640 1933 3710 perpetuum
1953 3654 2093 3709 ergo

448 3728 693 3804 periisse
722 3745 837 3785 non
855 3726 1285 3799 dubitatur,qui
1302 3724 1403 3783 tali
1430 3726 1544 3783 ﬁne
1565 3725 2090 3799 defungitur.Quod

449 3834 635 3893 genus
665 3816 871 3873 mortis
918 3831 1290 3888 summopere
1340 3829 1537 3870 cavere
1556 3818 1700 3869 ‘cum
1740 3814 1842 3870 Dei
1875 3813 2089 3871 auxilio

448 3907 804 3974 laboremus,
826 3921 943 3961 .nec
959 3904 1327 3962 adulantium
1346 3903 1667 3960 mendaciis
1684 3903 1756 3958 de
1785 3904 1954 3959 nobis
1975 3920 2090 3960 cre-

449 3994 681 4064 damus,
714 3996 815 4052 sed
866 3997 1098 4068 peccata
1140 3996 1340 4049 nostra
1385 3995 1442 4050 et
1473 3991 1583 4065 ipsi
1624 4007 1987 4061 accusemus,
2035 3996 2103 4049 et.

449 4084 861 4143 accusantibus
891 4100 1005 4138 non
1056 4081 1401 4137 irascamur.
1434 4081 1560 4136 Non
1603 4096 1737 4153 ergo
1777 4080 1899 4137 leve
1928 4084 2092 4153 putet

448 4173 584 4247 quis
612 4190 676 4230 se
722 4172 1087 4233 committere
1115 4174 1439 4244 peccatum,
1473 4185 1606 4225 cum
1649 4168 1904 4241 aliquem
1939 4168 2091 4226 male

448 4267 715 4338 agentem
747 4260 908 4323 falsis
927 4260 1203 4316 laudibus
1224 4258 1458 4326 attollit,
1478 4275 1612 4314 cum
1636 4258 1937 4314 Dominica
1956 4277 2093 4316 voce

449 4352 521 4408 de
550 4368 615 4408 se
642 4348 779 4420 dici,
813 4350 966 4427 quod
994 4352 1263 4405 mortuus
1276 4352 1583 4426 mortuum
1608 4347 1867 4420 sepeliet,
1889 4349 2052 4404 audit
2075 4367 2088 4405 :

448 4437 976 4511 irrecuperabiliter
1019 4436 1175 4492 enim
1207 4453 1339 4492 eum
1370 4436 1663 4502 interficit,
1697 4435 1796 4509 qui
1827 4438 2093 4495 fortassis

449 4529 523 4585 ad
545 4514 969 4586 emendationis
986 4526 1166 4581 vitam
1188 4528 1537 4598 resurgeret,
1560 4525 1674 4582 nisi
1699 4543 1836 4582 eum
1852 4526 1949 4582 ille
1967 4527 2092 4584 suis

450 4615 887 4673 adulationibus
918 4615 1281 4671 incessanter
1308 4608 1595 4671 obrueret.

520 4706 610 4761 25.
642 4704 787 4760 Cum
815 4720 951 4760 vero
981 4692 1128 4787 qcto,
1161 4708 1227 4758 ut
1255 4702 1458 4758 beatus
1490 4703 1703 4759 fatetur
1728 4705 2094 4777 Augustinus

451 4794 548 4869 (De
585 4793 827 4851 Mundae.
886 4809 942 4848 c°
983 4789 1094 4864 44),
1151 4788 1303 4849 592
1354 4791 1473 4848 sint
1520 4793 1811 4849 mendacii
1858 4810 2090 4867 genera,

449 4882 824 4943 adulatorum
852 4886 942 4939 est
972 4881 1126 4937 inter
1154 4881 1371 4949 omnia,
1402 4880 1603 4949 fateor,
1629 4881 1973 4953 pessimum.
2003 4882 2093 4938 Illi

450 4974 606 5033 enim
638 4970 929 5047 praecipue
958 4974 1016 5028 et
1045 4960 1444 5027 interfectores
1481 4974 1539 5025 et
1588 4970 1912 5043 sepultores
1956 4977 2095 5028 sunt

451 5063 783 5121 animarum
815 5077 1022 5135 regum
1057 5057 1328 5127 maxime,
1359 5059 1599 5126 ducum,
1633 5058 1935 5129 comitum,
1972 5062 2095 5133 epi-

450 5167 785 5224 scoporum,
805 5151 1109 5217 abbatum,
1129 5165 1194 5204 ac
1213 5146 1407 5204 saeculi
1424 5144 1602 5219 hujus
1623 5147 2094 5220 potentium,non

448 5240 615 5297 veriti
644 5239 902 5297 terribile
924 5237 1069 5294 illud
1086 5253 1190 5310 per
1218 5234 1560 5309 prophetam
1595 5234 1823 5291 Domini
1857 5236 2097 5293 maledi-

452 5330 611 5384 ctum
637 5345 650 5383 :
688 5328 777 5386 Va:
808 5329 904 5400 qui
949 5328 1132 5383 dicitis
1174 5325 1389 5381 malum
1415 5325 1633 5394 bonum,
1667 5328 1719 5380 et
1749 5327 1949 5382 bonum
1974 5344 2093 5382 ma-

455 5414 571 5471 lum
597 5416 749 5488 (Isai.
780 5434 835 5484 v,
866 5418 981 5486 20),
1015 5419 1124 5473 etc.
1171 5416 1431 5480 Quorum
1465 5413 1781 5470 mortiﬁera
1810 5415 2097 5487 praeconia

455 5503 538 5563 ita
563 5504 695 5572 Job,
727 5503 809 5559 ita
829 5509 961 5576 post
984 5503 1269 5561 Jeremias
1296 5501 1487 5575 typice
1505 5501 1879 5560 maledixisse
1896 5503 2096 5577 legun-

2197 3376 2299 3428 aut
2327 3370 2627 3445 sacrilega.
2662 3372 2847 3437 Quam
2877 3387 2908 3426 e
2957 3370 3248 3427 contrario
3299 3374 3497 3428 autem
3523 3370 3737 3429 veritas
3764 3375 3855 3431 sit

2199 3465 2312 3517 Deo
2344 3459 2571 3529 dilecta,
2605 3459 2731 3532 ipse
2763 3461 2834 3515 de
2864 3478 2927 3516 se
2955 3459 3203 3533 loquens
3232 3460 3386 3517 Deus
3417 3461 3592 3518 homo
3613 3463 3858 3520 demon-

2199 3553 2366 3617 strat,
2399 3566 2533 3606 cum
2565 3549 2645 3604 ait
2670 3566 2682 3603 :
2705 3553 2813 3621 Ego
2863 3566 2986 3605 sum
3040 3553 3153 3619 via,
3205 3551 3405 3607 veritas
3445 3555 3497 3606 et
3526 3552 3639 3607 vita
3669 3552 3850 3625 (Joan.

2199 3657 2313 3704 xw,
2345 3638 2401 3711 6)
2427 3655 2442 3706 ;
2473 3643 2530 3694 et
2558 3655 2662 3711 per
2690 3637 3068 3711 prophetam:
3101 3640 3300 3695 Pacem
3328 3646 3379 3695 et
3408 3641 3694 3696 veritatem
3720 3640 3858 3697 dili-

2197 3730 2325 3801 gite,
2350 3730 2431 3783 ait
2458 3728 2717 3783 Dominus
2766 3728 2907 3783 Deus
2954 3727 3137 3800 (Zach.
3170 3742 3294 3795 vm,
3333 3728 3456 3800 19);
3499 3728 3722 3784 Pascha
3754 3746 3857 3785 cu-

2189 3818 2293 3889 jus
2322 3815 2611 3873 celebrare
2639 3817 2698 3871 in
2726 3818 2938 3888 azymis
2968 3817 3302 3873 sinceritatis
3336 3820 3389 3872 et
3435 3818 3681 3878 veritatis
3737 3835 3851 3877 nos

2199 3910 2397 3979 monet
2425 3904 2737 3979 Apostolus
2767 3906 2813 3978 (ι
2849 3905 2971 3962 Cor.
3001 3924 3055 3975 v,
3080 3907 3154 3969 8).
3189 3907 3259 3962 Et
3287 3922 3423 3962 cum
3457 3907 3725 3980 quaedam
3754 3925 3861 3982 po-

2197 3994 2321 4071 puli
2354 3994 2447 4050 sui
2478 3998 2606 4051 acta
2637 3996 3035 4069 reprobasset:
3069 3995 3357 4067 subjecit:
3391 3998 3527 4053 Haec
3553 4002 3855 4069 suntergo

2198 4087 2382 4151 verba,
2415 4099 2541 4155 qua:
2557 4085 2763 4157 facitis,
2807 4085 3104 4156 loquimini
3143 4087 3428 4142 veritatem
3474 4086 3856 4161 unusquisque

2197 4191 2321 4230 cum
2338 4174 2587 4246 proximo
2606 4191 2703 4230 suo
2727 4172 2910 4246 (Zach.
2942 4174 3155 4248 v1n,l6)
3178 4192 3192 4243 ;
3215 4178 3274 4231 et
3295 4174 3583 4248 replicans
3605 4194 3618 4231 :
3641 4178 3850 4233 Verita-

2200 4271 2308 4336 tem
2334 4266 2384 4318 et
2413 4262 2687 4328 iustitiam
2704 4262 2947 4334 judicate
2967 4265 3028 4318 in
3052 4266 3225 4336 portis
3253 4265 3465 4320 vestris.
3499 4264 3686 4337 (lbid.)

2268 4350 2358 4406 28.
2391 4351 2555 4418 Ecce,
2590 4350 2798 4406 fratres
2824 4354 2884 4407 et
2913 4351 3017 4407 ﬁlii
3052 4352 3226 4424 (Deus
3278 4353 3581 4425 concedat]
3613 4353 3687 4410 ab
3719 4353 3851 4427 ipso

2201 4439 2516 4496 clementer
2547 4439 2815 4512 respecti,
2845 4457 2973 4496 ecce
3003 4445 3226 4513 quanta
3256 4441 3853 4500 commemoravimus

2201 4546 2337 4586 vera
2364 4528 2538 4596 mala,
2572 4533 2793 4601 quanta
2818 4526 2970 4585 falsa
2993 4529 3166 4599 bona,
3201 4534 3423 4603 quanta
3471 4529 3647 4587 etiam
3664 4532 3855 4590 .inista

2123 4628 2170 4694 ι’)
2200 4618 2372 4675 bonis
2402 4617 2576 4673 mala.
2610 4615 2755 4683 Quid
2789 4617 2959 4675 nobis
2993 4610 3286 4691 agendum
3332 4619 3404 4674 ad
3451 4618 3585 4686 ista,
3621 4618 3755 4689 nisi,
3790 4615 3879 4676 ut'

2202 4707 2579 4781 praediximus
2608 4705 2925 4763 Dominum
2957 4702 3322 4781 praecepisse,
3357 4713 3472 4763 no'll
3518 4706 3599 4767 ita
3620 4709 3857 4781 jej'une-

2203 4812 2480 4869 mus,non
2511 4793 2592 4849 ita
2620 4811 2997 4862 oremus,non
3022 4795 3103 4852 ita
3122 4794 3520 4869 eleemosynas
3544 4796 3855 4867 faciamus,

2203 4886 2358 4941 sicut
2392 4900 2577 4955 usque
2607 4883 2680 4938 ad
2712 4882 2864 4939 hanc
2894 4884 3050 4940 diem
3081 4886 3505 4957 jejunavimus.
3555 4882 3873 4944 oravimus'

2202 4973 2601 5045 eleemosynas
2628 4971 2892 5041 fecimus,
2927 4989 2998 5029 ne
3027 4972 3296 5030 hostibus
3320 4973 3875 5048 nostris,malignis.

2203 5062 2405 5134 utique
2439 5061 2589 5118 598
2616 5060 2940 5134 spiritibus,
2966 5063 3330 5119 occasionem
3353 5080 3459 5133 nos
3480 5062 3734 5137 amplius
3756 5065 3875 5146 des.

2203 5151 2428 5207 ridendi
2446 5149 2926 5222 praestemusﬁcd
2948 5151 3371 5208 rationabiliter
3386 5151 3450 5208 in
3474 5150 3875 5226 simplicitate

2203 5237 2393 5295 cordis
2409 5237 2654 5296 Domino
2677 5238 3295 5309 servientes,curemus
3313 5241 3588 5314 primitus
3604 5258 3678 5297 ne
3698 5242 3873 5298 bona

2203 5332 2403 5383 nostra
2428 5327 2574 5383 falsa
2601 5327 3033 5386 sint.Curemus
3052 5346 3126 5386 ne
3146 5326 3309 5387 nulla
3332 5329 3646 5399 dehincme
3665 5346 3856 5403 pauca

2201 5419 2432 5489 post,ne
2446 5415 2779 5471 inordinata
2796 5417 3059 5489 [subaudi
3075 5418 3521 5493 sint].illiusque
3542 5434 3854 5493 nunquam

2203 5504 2366 5561 obliti
2398 5502 2810 5576 consilii,quod
2824 5505 3420 5576 datum,infructuose
3451 5508 3853 5577 licet,cuidam

529 5682 691 5759 (1456
719 5679 814 5739 Sic
848 5678 1129 5742 nimirum
1161 5681 1222 5738 in
1250 5680 1478 5753 psalmo
1509 5696 1633 5750 cxv,
1665 5698 1720 5739 ν.
1753 5685 1789 5738 2
1825 5684 1943 5755 Ego
1972 5684 2158 5741 dixiin
2184 5700 2406 5743 excessu
2433 5697 2591 5739 meo:
2626 5681 2812 5741 Omnis
2839 5684 2996 5747 homo
3020 5685 3276 5745 mendax.
