  <div class='ocr_page' id='page_1' title='image "/cluster/home/n/w/nwhite01/storage/ocr_20150623/136/umn.31951002477429o/376.png"; bbox 0 0 4052 6382; ppageno 0'>
   <div class='ocr_carea' id='block_1_1' title="bbox 109 368 3530 475">
    <p class='ocr_par' dir='ltr' id='par_1_1' title="bbox 109 368 3530 475">
     <span class='ocr_line' id='line_1_1' title="bbox 109 368 3530 475; baseline 0.015 -51"><span class='ocrx_word' id='word_1_1' title='bbox 109 376 149 435; x_wconf 77' lang='grc' dir='ltr'><strong>τ</strong></span> <span class='ocrx_word' id='word_1_2' title='bbox 1601 368 2047 450; x_wconf 61' lang='lat' dir='ltr'><strong>sentiens.</strong></span> <span class='ocrx_word' id='word_1_3' title='bbox 3413 386 3530 475; x_wconf 56' lang='grc' dir='ltr'><strong>τρὶ</strong></span> 
     </span>
    </p>
   </div>
   <div class='ocr_carea' id='block_1_2' title="bbox 90 506 1748 613">
    <p class='ocr_par' dir='ltr' id='par_1_2' title="bbox 90 506 1748 613">
     <span class='ocr_line' id='line_1_2' title="bbox 90 506 1748 613; baseline 0.006 -48"><span class='ocrx_word' id='word_1_4' title='bbox 90 512 384 613; x_wconf 69' lang='lat' dir='ltr'><strong>tuearpm</strong></span> <span class='ocrx_word' id='word_1_5' title='bbox 420 506 748 613; x_wconf 53' lang='lat' dir='ltr'><strong>Egrestium</strong></span> <span class='ocrx_word' id='word_1_6' title='bbox 780 507 901 613; x_wconf 69' lang='lat' dir='ltr'><strong>sed</strong></span> <span class='ocrx_word' id='word_1_7' title='bbox 929 509 1070 588; x_wconf 88' lang='lat' dir='ltr'><strong>quid</strong></span> <span class='ocrx_word' id='word_1_8' title='bbox 1118 509 1368 574; x_wconf 81' lang='lat' dir='ltr'><strong>facimus</strong></span> <span class='ocrx_word' id='word_1_9' title='bbox 1398 513 1604 595; x_wconf 80' lang='grc'>(1480),</span> <span class='ocrx_word' id='word_1_10' title='bbox 1637 514 1748 591; x_wconf 29' lang='lat' dir='ltr'><strong>ﬁlii,</strong></span> 
     </span>
    </p>
   </div>
   <div class='ocr_carea' id='block_1_3' title="bbox 1861 506 3529 613">
    <p class='ocr_par' dir='ltr' id='par_1_3' title="bbox 1861 526 3529 613">
     <span class='ocr_line' id='line_1_3' title="bbox 1861 526 3529 613; baseline 0.014 -31"><span class='ocrx_word' id='word_1_11' title='bbox 1861 526 2198 601; x_wconf 72' lang='lat' dir='ltr'><strong>&#39;racitatem,</strong></span> <span class='ocrx_word' id='word_1_12' title='bbox 2219 534 2276 590; x_wconf 89' lang='lat' dir='ltr'><strong>et</strong></span> <span class='ocrx_word' id='word_1_13' title='bbox 2293 534 2731 597; x_wconf 81' lang='lat' dir='ltr'><strong>veracissimam</strong></span> <span class='ocrx_word' id='word_1_14' title='bbox 2755 539 3217 613; x_wconf 86' lang='lat' dir='ltr'><strong>mordacitatem,</strong></span> <span class='ocrx_word' id='word_1_15' title='bbox 3237 542 3529 606; x_wconf 83' lang='lat' dir='ltr'><strong>lactucam</strong></span> 
     </span>
    </p>
   </div>
   <div class='ocr_carea' id='block_1_4' title="bbox 92 600 1748 709">
    <p class='ocr_par' dir='ltr' id='par_1_4' title="bbox 92 600 1748 709">
     <span class='ocr_line' id='line_1_4' title="bbox 92 600 1748 709; baseline 0.004 -52"><span class='ocrx_word' id='word_1_16' title='bbox 92 600 450 709; x_wconf 71' lang='lat' dir='ltr'><strong>promisso?</strong></span> <span class='ocrx_word' id='word_1_17' title='bbox 478 600 732 705; x_wconf 78' lang='lat' dir='ltr'><strong>Veniant</strong></span> <span class='ocrx_word' id='word_1_18' title='bbox 755 604 813 660; x_wconf 89' lang='lat' dir='ltr'><strong>et</strong></span> <span class='ocrx_word' id='word_1_19' title='bbox 836 602 999 678; x_wconf 71' lang='lat' dir='ltr'><strong>ipsis,</strong></span> <span class='ocrx_word' id='word_1_20' title='bbox 1025 611 1281 691; x_wconf 85' lang='lat' dir='ltr'><strong>purgent</strong></span> <span class='ocrx_word' id='word_1_21' title='bbox 1301 606 1611 665; x_wconf 80' lang='lat' dir='ltr'><strong>rheumata</strong></span> <span class='ocrx_word' id='word_1_22' title='bbox 1637 607 1748 664; x_wconf 92' lang='lat' dir='ltr'><strong>den</strong></span> 
     </span>
    </p>
   </div>
   <div class='ocr_carea' id='block_1_5' title="bbox 1861 600 3532 709">
    <p class='ocr_par' dir='ltr' id='par_1_5' title="bbox 1880 600 3532 709">
     <span class='ocr_line' id='line_1_5' title="bbox 1880 600 3532 709; baseline 0.013 -36"><span class='ocrx_word' id='word_1_23' title='bbox 1880 618 2106 691; x_wconf 87' lang='lat' dir='ltr'><strong>appello</strong></span> <span class='ocrx_word' id='word_1_24' title='bbox 2149 628 2457 697; x_wconf 82' lang='lat' dir='ltr'><strong>agrestem,</strong></span> <span class='ocrx_word' id='word_1_25' title='bbox 2492 645 2619 702; x_wconf 63' lang='lat' dir='ltr'><strong>qua</strong></span> <span class='ocrx_word' id='word_1_26' title='bbox 2668 630 2890 704; x_wconf 83' lang='lat' dir='ltr'><strong>utique,</strong></span> <span class='ocrx_word' id='word_1_27' title='bbox 2923 600 3141 709; x_wconf 76' lang='lat' dir='ltr'><strong>ﬂagito,</strong></span> 
     </span>
    </p>
   </div>
   <div class='ocr_carea' id='block_1_6' title="bbox 90 689 3533 802">
    <p class='ocr_par' dir='ltr' id='par_1_6' title="bbox 90 689 3533 802">
     <span class='ocr_line' id='line_1_6' title="bbox 90 689 3533 802; baseline 0.006 -40"><span class='ocrx_word' id='word_1_28' title='bbox 90 690 281 802; x_wconf 39' lang='lat' dir='ltr'><strong>tium:-</strong></span> <span class='ocrx_word' id='word_1_29' title='bbox 304 689 1008 802; x_wconf 44' lang='grc' dir='ltr'><strong>Ῑιοοξεξξιίξηρθάίωξηῒᾶ</strong></span> <span class='ocrx_word' id='word_1_30' title='bbox 1037 696 1109 751; x_wconf 95' lang='lat' dir='ltr'><strong>de</strong></span> <span class='ocrx_word' id='word_1_31' title='bbox 1138 695 1463 797; x_wconf 68' lang='lat' dir='ltr'><strong>facinorum</strong></span> <span class='ocrx_word' id='word_1_32' title='bbox 1503 697 1772 802; x_wconf 60' lang='lat' dir='ltr'><strong>congerie</strong></span> <span class='ocrx_word' id='word_1_33' title='bbox 1879 723 2186 781; x_wconf 83' lang='lat' dir='ltr'><strong>corporum</strong></span> <span class='ocrx_word' id='word_1_34' title='bbox 2220 689 2577 788; x_wconf 78' lang='lat' dir='ltr'><strong>nostrorum,</strong></span> <span class='ocrx_word' id='word_1_35' title='bbox 2609 689 2856 793; x_wconf 68' lang='lat' dir='ltr'><strong>spiritali</strong></span> <span class='ocrx_word' id='word_1_36' title='bbox 2885 689 3062 796; x_wconf 51' lang='lat' dir='ltr'><strong>gustu</strong></span> <span class='ocrx_word' id='word_1_37' title='bbox 3094 689 3533 802; x_wconf 45' lang='lat' dir='ltr'><strong>p’ercepta,qua-</strong></span> 
     </span>
    </p>
   </div>
   <div class='ocr_carea' id='block_1_7' title="bbox 90 780 3527 890">
    <p class='ocr_par' dir='ltr' id='par_1_7' title="bbox 90 780 3527 890">
     <span class='ocr_line' id='line_1_7' title="bbox 90 780 3527 890; baseline 0.007 -39"><span class='ocrx_word' id='word_1_38' title='bbox 90 780 400 890; x_wconf 57' lang='lat' dir='ltr'><strong>flentium</strong></span> <span class='ocrx_word' id='word_1_39' title='bbox 434 781 651 890; x_wconf 45' lang='lat'><strong>(15811.);</strong></span> <span class='ocrx_word' id='word_1_40' title='bbox 698 784 999 890; x_wconf 62' lang='grc' dir='ltr'><strong>(ξοηξθάθτθ</strong></span> <span class='ocrx_word' id='word_1_41' title='bbox 1056 784 1157 890; x_wconf 43' lang='lat' dir='ltr'><strong>qui</strong></span> <span class='ocrx_word' id='word_1_42' title='bbox 1217 786 1459 842; x_wconf 68' lang='lat' dir='ltr'><strong>veniunt</strong></span> <span class='ocrx_word' id='word_1_43' title='bbox 1512 788 1768 890; x_wconf 53' lang='grc' dir='ltr'><strong>Αξξὶυῑῐξν</strong></span> <span class='ocrx_word' id='word_1_44' title='bbox 1875 780 2057 863; x_wconf 80' lang='lat' dir='ltr'><strong>tatem</strong></span> <span class='ocrx_word' id='word_1_45' title='bbox 2088 807 2443 863; x_wconf 85' lang='lat' dir='ltr'><strong>commutet:</strong></span> <span class='ocrx_word' id='word_1_46' title='bbox 2478 780 2577 875; x_wconf 72' lang='lat' dir='ltr'><strong>cor</strong></span> <span class='ocrx_word' id='word_1_47' title='bbox 2604 780 2974 870; x_wconf 49' lang='lat' dir='ltr'><strong>videlicethd</strong></span> <span class='ocrx_word' id='word_1_48' title='bbox 3007 780 3285 887; x_wconf 68' lang='lat' dir='ltr'><strong>suspiria:</strong></span> <span class='ocrx_word' id='word_1_49' title='bbox 3315 780 3527 890; x_wconf 38' lang='lat' dir='ltr'><strong>co&#39;rlpus</strong></span> 
     </span>
    </p>
   </div>
   <div class='ocr_carea' id='block_1_8' title="bbox 89 869 3526 974">
    <p class='ocr_par' dir='ltr' id='par_1_8' title="bbox 89 869 3526 974">
     <span class='ocr_line' id='line_1_8' title="bbox 89 869 3526 974; baseline 0.004 -50"><span class='ocrx_word' id='word_1_50' title='bbox 89 869 280 925; x_wconf 82' lang='lat' dir='ltr'><strong>ﬂuere</strong></span> <span class='ocrx_word' id='word_1_51' title='bbox 324 886 397 925; x_wconf 90' lang='lat' dir='ltr'><strong>ex</strong></span> <span class='ocrx_word' id='word_1_52' title='bbox 434 869 631 971; x_wconf 44' lang='lat' dir='ltr'><strong>.oculis</strong></span> <span class='ocrx_word' id='word_1_53' title='bbox 677 871 896 928; x_wconf 83' lang='lat' dir='ltr'><strong>rivulos</strong></span> <span class='ocrx_word' id='word_1_54' title='bbox 951 878 1164 946; x_wconf 83' lang='lat' dir='ltr'><strong>cogant</strong></span> <span class='ocrx_word' id='word_1_55' title='bbox 1222 892 1529 947; x_wconf 89' lang='lat' dir='ltr'><strong>aquarum.</strong></span> <span class='ocrx_word' id='word_1_56' title='bbox 1562 877 1681 931; x_wconf 85' lang='lat' dir='ltr'><strong>Non</strong></span> <span class='ocrx_word' id='word_1_57' title='bbox 1710 876 1772 929; x_wconf 87' lang='lat' dir='ltr'><strong>in</strong></span> <span class='ocrx_word' id='word_1_58' title='bbox 1877 884 2020 941; x_wconf 79' lang='lat' dir='ltr'><strong>dum</strong></span> <span class='ocrx_word' id='word_1_59' title='bbox 2050 896 2325 959; x_wconf 64' lang='lat' dir='ltr'><strong>provocat</strong></span> <span class='ocrx_word' id='word_1_60' title='bbox 2366 895 2437 950; x_wconf 69' lang='lat' dir='ltr'>ad</span> <span class='ocrx_word' id='word_1_61' title='bbox 2487 870 3038 974; x_wconf 47' lang='lat' dir='ltr'><strong>lamentamtmque</strong></span> 
     </span>
    </p>
   </div>
   <div class='ocr_carea' id='block_1_9' title="bbox 89 958 3525 1065">
    <p class='ocr_par' dir='ltr' id='par_1_9' title="bbox 89 958 3525 1065">
     <span class='ocr_line' id='line_1_9' title="bbox 89 958 3525 1065; baseline 0.008 -45"><span class='ocrx_word' id='word_1_62' title='bbox 89 958 644 1065; x_wconf 38' lang='lat' dir='ltr'><strong>fermelzto,‘inqt1‘it,</strong></span> <span class='ocrx_word' id='word_1_63' title='bbox 668 961 1011 1065; x_wconf 40' lang='grc' dir='ltr'><strong>Βθιξνίηξοο</strong></span> <span class='ocrx_word' id='word_1_64' title='bbox 1056 967 1164 1065; x_wconf 51' lang='lat' dir='ltr'><strong>est,</strong></span> <span class='ocrx_word' id='word_1_65' title='bbox 1194 962 1494 1065; x_wconf 50' lang='lat' dir='ltr'><strong>ipﬂatione</strong></span> <span class='ocrx_word' id='word_1_66' title='bbox 1525 963 1772 1065; x_wconf 23' lang='lat' dir='ltr'><strong>ainteri‘q-</strong></span> <span class='ocrx_word' id='word_1_67' title='bbox 1874 973 2192 1065; x_wconf 77' lang='lat' dir='ltr'><strong>voluntatis</strong></span> <span class='ocrx_word' id='word_1_68' title='bbox 2221 981 2607 1055; x_wconf 87' lang='lat' dir='ltr'><strong>relinquenda</strong></span> <span class='ocrx_word' id='word_1_69' title='bbox 2635 958 2961 1045; x_wconf 53' lang='lat' dir='ltr'><strong>molimina:</strong></span> <span class='ocrx_word' id='word_1_70' title='bbox 2981 991 3143 1055; x_wconf 89' lang='lat' dir='ltr'><strong>Quod</strong></span> <span class='ocrx_word' id='word_1_71' title='bbox 3165 993 3388 1065; x_wconf 86' lang='lat' dir='ltr'><strong>absque</strong></span> 
     </span>
    </p>
   </div>
   <div class='ocr_carea' id='block_1_10' title="bbox 88 1046 1748 1152">
    <p class='ocr_par' dir='ltr' id='par_1_10' title="bbox 88 1046 1743 1131">
     <span class='ocr_line' id='line_1_10' title="bbox 88 1046 1743 1131; baseline 0.004 -31"><span class='ocrx_word' id='word_1_72' title='bbox 88 1046 179 1129; x_wconf 81' lang='lat' dir='ltr'><strong>ris</strong></span> <span class='ocrx_word' id='word_1_73' title='bbox 204 1047 461 1131; x_wconf 80' lang='lat' dir='ltr'><strong>peccati,</strong></span> <span class='ocrx_word' id='word_1_74' title='bbox 493 1047 583 1104; x_wconf 90' lang='lat' dir='ltr'><strong>vel</strong></span> <span class='ocrx_word' id='word_1_75' title='bbox 625 1050 834 1105; x_wconf 76' lang='lat' dir='ltr'><strong>affectu</strong></span> <span class='ocrx_word' id='word_1_76' title='bbox 872 1049 1029 1106; x_wconf 90' lang='lat' dir='ltr'><strong>idem</strong></span> <span class='ocrx_word' id='word_1_77' title='bbox 1059 1051 1149 1108; x_wconf 88' lang='lat' dir='ltr'><strong>vel</strong></span> <span class='ocrx_word' id='word_1_78' title='bbox 1181 1052 1339 1109; x_wconf 87' lang='lat' dir='ltr'><strong>aliud</strong></span> <span class='ocrx_word' id='word_1_79' title='bbox 1373 1052 1743 1126; x_wconf 90' lang='lat' dir='ltr'><strong>perpetrandi</strong></span> 
     </span>
    </p>
   </div>
   <div class='ocr_carea' id='block_1_11' title="bbox 1861 1046 3523 1152">
    <p class='ocr_par' dir='ltr' id='par_1_11' title="bbox 1874 1046 3523 1152">
     <span class='ocr_line' id='line_1_11' title="bbox 2388 1046 3495 1065; baseline 0.002 -10"><span class='ocrx_word' id='word_1_80' title='bbox 2388 1046 2408 1055; x_wconf 88' lang='lat'><strong>-</strong></span> <span class='ocrx_word' id='word_1_81' title='bbox 2598 1046 2603 1047; x_wconf 38' lang='grc' dir='ltr'><em>κ</em></span> <span class='ocrx_word' id='word_1_82' title='bbox 2988 1046 3019 1055; x_wconf 48' lang='grc' dir='ltr'><strong>τ</strong></span> <span class='ocrx_word' id='word_1_83' title='bbox 3256 1046 3262 1047; x_wconf 35' lang='grc' dir='ltr'><em>γ</em></span> <span class='ocrx_word' id='word_1_84' title='bbox 3295 1046 3311 1065; x_wconf 67' lang='grc' dir='ltr'><strong><em>ι</em></strong></span> <span class='ocrx_word' id='word_1_85' title='bbox 3332 1046 3347 1047; x_wconf 57' lang='grc' dir='ltr'>η</span> <span class='ocrx_word' id='word_1_86' title='bbox 3368 1046 3382 1050; x_wconf 78' lang='grc'><strong><em>-</em></strong></span> <span class='ocrx_word' id='word_1_87' title='bbox 3426 1046 3495 1049; x_wconf 47' lang='grc' dir='ltr'><strong>κ-</strong></span> 
     </span>
     <span class='ocr_line' id='line_1_12' title="bbox 1874 1060 3523 1152; baseline 0.013 -36"><span class='ocrx_word' id='word_1_88' title='bbox 1874 1060 1969 1139; x_wconf 87' lang='lat' dir='ltr'><strong>bio</strong></span> <span class='ocrx_word' id='word_1_89' title='bbox 1998 1066 2291 1125; x_wconf 86' lang='lat' dir='ltr'><strong>credimus</strong></span> <span class='ocrx_word' id='word_1_90' title='bbox 2323 1078 2760 1145; x_wconf 89' lang='lat' dir='ltr'><strong>proventurum,</strong></span> <span class='ocrx_word' id='word_1_91' title='bbox 2786 1078 2834 1132; x_wconf 90' lang='lat' dir='ltr'><strong>si</strong></span> <span class='ocrx_word' id='word_1_92' title='bbox 2859 1078 3035 1134; x_wconf 89' lang='lat' dir='ltr'><strong>etiam</strong></span> <span class='ocrx_word' id='word_1_93' title='bbox 3063 1082 3218 1152; x_wconf 91' lang='lat' dir='ltr'><strong>quod</strong></span> <span class='ocrx_word' id='word_1_94' title='bbox 3240 1082 3523 1138; x_wconf 86' lang='lat' dir='ltr'><strong>Dominus</strong></span> 
     </span>
    </p>
   </div>
   <div class='ocr_carea' id='block_1_12' title="bbox 87 1134 3521 1230">
    <p class='ocr_par' dir='ltr' id='par_1_12' title="bbox 87 1134 3521 1230">
     <span class='ocr_line' id='line_1_13' title="bbox 87 1134 3521 1230; baseline 0.011 -39"><span class='ocrx_word' id='word_1_95' title='bbox 87 1134 292 1230; x_wconf 66' lang='lat' dir='ltr'><strong>idest,</strong></span> <span class='ocrx_word' id='word_1_96' title='bbox 326 1140 397 1192; x_wconf 88' lang='lat' dir='ltr'><strong>ut</strong></span> <span class='ocrx_word' id='word_1_97' title='bbox 444 1154 518 1193; x_wconf 92' lang='lat' dir='ltr'><strong>ne</strong></span> <span class='ocrx_word' id='word_1_98' title='bbox 561 1138 830 1230; x_wconf 84' lang='lat' dir='ltr'><strong>ejusdem</strong></span> <span class='ocrx_word' id='word_1_99' title='bbox 857 1139 983 1195; x_wconf 86' lang='lat' dir='ltr'><strong>vitii</strong></span> <span class='ocrx_word' id='word_1_100' title='bbox 1031 1139 1205 1197; x_wconf 86' lang='lat' dir='ltr'><strong>hodie</strong></span> <span class='ocrx_word' id='word_1_101' title='bbox 1253 1142 1405 1209; x_wconf 86' lang='lat' dir='ltr'><strong>sitis,</strong></span> <span class='ocrx_word' id='word_1_102' title='bbox 1437 1143 1592 1215; x_wconf 92' lang='lat' dir='ltr'><strong>quod</strong></span> <span class='ocrx_word' id='word_1_103' title='bbox 1642 1141 1767 1230; x_wconf 64' lang='lat' dir='ltr'><strong>heri</strong></span> <span class='ocrx_word' id='word_1_104' title='bbox 1872 1136 1974 1222; x_wconf 81' lang='lat' dir='ltr'><strong>per</strong></span> <span class='ocrx_word' id='word_1_105' title='bbox 2003 1153 2270 1230; x_wconf 87' lang='lat' dir='ltr'><strong>Decalogi</strong></span> <span class='ocrx_word' id='word_1_106' title='bbox 2320 1134 2488 1225; x_wconf 71' lang='lat' dir='ltr'><strong>nobis</strong></span> <span class='ocrx_word' id='word_1_107' title='bbox 2536 1134 2776 1221; x_wconf 69' lang='lat' dir='ltr'><strong>mandat</strong></span> <span class='ocrx_word' id='word_1_108' title='bbox 2804 1168 2875 1225; x_wconf 89' lang='lat' dir='ltr'><strong>de</strong></span> <span class='ocrx_word' id='word_1_109' title='bbox 2907 1134 3129 1225; x_wconf 41' lang='lat' dir='ltr'><strong>Pasch‘a</strong></span> 
     </span>
    </p>
   </div>
   <div class='ocr_carea' id='block_1_13' title="bbox 86 1220 3563 1327">
    <p class='ocr_par' dir='ltr' id='par_1_13' title="bbox 86 1220 3563 1327">
     <span class='ocr_line' id='line_1_14' title="bbox 86 1220 3563 1327; baseline 0.011 -48"><span class='ocrx_word' id='word_1_110' title='bbox 86 1224 314 1327; x_wconf 75' lang='lat' dir='ltr'><strong>fuistis.</strong></span> <span class='ocrx_word' id='word_1_111' title='bbox 340 1230 531 1327; x_wconf 50' lang='lat' dir='ltr'><strong>pieque</strong></span> <span class='ocrx_word' id='word_1_112' title='bbox 638 1230 906 1327; x_wconf 49' lang='lat' dir='ltr'><strong>{armento</strong></span> <span class='ocrx_word' id='word_1_113' title='bbox 931 1231 1167 1327; x_wconf 71' lang='lat' dir='ltr'><strong>malitiae</strong></span> <span class='ocrx_word' id='word_1_114' title='bbox 1192 1236 1245 1327; x_wconf 71' lang='lat' dir='ltr'><strong>et</strong></span> <span class='ocrx_word' id='word_1_115' title='bbox 1267 1234 1566 1327; x_wconf 64' lang='lat' dir='ltr'><strong>nequitiae,-</strong></span> <span class='ocrx_word' id='word_1_116' title='bbox 1597 1220 1767 1304; x_wconf 81' lang='lat' dir='ltr'><strong>quasi</strong></span> <span class='ocrx_word' id='word_1_117' title='bbox 1871 1220 2326 1311; x_wconf 52' lang='lat' dir='ltr'><strong>ministrandhm</strong></span> <span class='ocrx_word' id='word_1_118' title='bbox 2353 1250 2433 1320; x_wconf 85' lang='lat' dir='ltr'><strong>[id</strong></span> <span class='ocrx_word' id='word_1_119' title='bbox 2460 1256 2541 1307; x_wconf 88' lang='lat' dir='ltr'><strong>est</strong></span> <span class='ocrx_word' id='word_1_120' title='bbox 2568 1220 3520 1327; x_wconf 28' lang='lat' dir='ltr'><strong>Moysen]—,vadﬂna—turani</strong></span> <span class='ocrx_word' id='word_1_121' title='bbox 3558 1316 3563 1321; x_wconf 88' lang='grc'><strong>,</strong></span> 
     </span>
    </p>
   </div>
   <div class='ocr_carea' id='block_1_14' title="bbox 86 1314 3518 1418">
    <p class='ocr_par' dir='ltr' id='par_1_14' title="bbox 86 1314 3518 1418">
     <span class='ocr_line' id='line_1_15' title="bbox 86 1314 3518 1418; baseline 0.005 -31"><span class='ocrx_word' id='word_1_122' title='bbox 86 1314 488 1418; x_wconf 47' lang='grc' dir='ltr'><strong>υῗτίίῖιξῇἀίοδῗ</strong></span> <span class='ocrx_word' id='word_1_123' title='bbox 506 1315 826 1418; x_wconf 35' lang='lat' dir='ltr'><strong>amantia“!</strong></span> <span class='ocrx_word' id='word_1_124' title='bbox 849 1318 1205 1418; x_wconf 46' lang='lat' dir='ltr'><strong>Prff‘f‘itfim</strong></span> <span class='ocrx_word' id='word_1_125' title='bbox 1221 1320 1489 1418; x_wconf 44' lang='grc' dir='ltr'><strong>Ρῗηίξθῒεξ</strong></span> <span class='ocrx_word' id='word_1_126' title='bbox 1509 1326 1760 1418; x_wconf 46' lang='grc' dir='ltr'><strong>πηρωθῇ</strong></span> <span class='ocrx_word' id='word_1_127' title='bbox 1869 1327 2003 1385; x_wconf 80' lang='lat' dir='ltr'><strong>dem</strong></span> <span class='ocrx_word' id='word_1_128' title='bbox 2034 1332 2247 1403; x_wconf 69' lang='lat' dir='ltr'><strong>referre</strong></span> <span class='ocrx_word' id='word_1_129' title='bbox 2294 1314 2620 1412; x_wconf 71' lang='lat' dir='ltr'><strong>satagimus</strong></span> <span class='ocrx_word' id='word_1_130' title='bbox 2646 1314 3030 1405; x_wconf 39' lang='lat' dir='ltr'><strong>l&#39;actuc&#39;arum.</strong></span> <span class='ocrx_word' id='word_1_131' title='bbox 3059 1347 3148 1402; x_wconf 90' lang='lat' dir='ltr'><strong>Sic</strong></span> <span class='ocrx_word' id='word_1_132' title='bbox 3193 1314 3518 1418; x_wconf 80' lang='lat' dir='ltr'><strong>autem,in-</strong></span> 
     </span>
    </p>
   </div>
   <div class='ocr_carea' id='block_1_15' title="bbox 86 1402 1762 1482">
    <p class='ocr_par' dir='ltr' id='par_1_15' title="bbox 86 1402 1762 1482">
     <span class='ocr_line' id='line_1_16' title="bbox 86 1402 1762 1482; baseline 0.005 -23"><span class='ocrx_word' id='word_1_133' title='bbox 86 1404 426 1477; x_wconf 86' lang='lat' dir='ltr'><strong>nequitiam</strong></span> <span class='ocrx_word' id='word_1_134' title='bbox 457 1402 791 1477; x_wconf 89' lang='lat' dir='ltr'><strong>relinquite,</strong></span> <span class='ocrx_word' id='word_1_135' title='bbox 816 1405 866 1461; x_wconf 89' lang='lat' dir='ltr'><strong>si</strong></span> <span class='ocrx_word' id='word_1_136' title='bbox 898 1408 1052 1464; x_wconf 79' lang='lat'><strong>609</strong></span> <span class='ocrx_word' id='word_1_137' title='bbox 1086 1408 1234 1482; x_wconf 89' lang='lat' dir='ltr'><strong>Agni</strong></span> <span class='ocrx_word' id='word_1_138' title='bbox 1279 1409 1379 1465; x_wconf 92' lang='lat' dir='ltr'><strong>Dei</strong></span> <span class='ocrx_word' id='word_1_139' title='bbox 1412 1411 1530 1480; x_wconf 89' lang='lat' dir='ltr'><strong>[al.,</strong></span> <span class='ocrx_word' id='word_1_140' title='bbox 1568 1411 1762 1467; x_wconf 91' lang='lat' dir='ltr'><strong>Domi-</strong></span> 
     </span>
    </p>
   </div>
   <div class='ocr_carea' id='block_1_16' title="bbox 85 1494 1760 1575">
    <p class='ocr_par' dir='ltr' id='par_1_16' title="bbox 85 1494 1760 1575">
     <span class='ocr_line' id='line_1_17' title="bbox 85 1494 1760 1575; baseline 0.005 -27"><span class='ocrx_word' id='word_1_141' title='bbox 85 1494 227 1565; x_wconf 90' lang='lat' dir='ltr'><strong>nici]</strong></span> <span class='ocrx_word' id='word_1_142' title='bbox 259 1494 729 1575; x_wconf 17' lang='lat' dir='ltr'><strong>carnem‘vultis</strong></span> <span class='ocrx_word' id='word_1_143' title='bbox 778 1498 1098 1565; x_wconf 89' lang='lat' dir='ltr'><strong>comedere,</strong></span> <span class='ocrx_word' id='word_1_144' title='bbox 1132 1502 1191 1553; x_wconf 92' lang='lat' dir='ltr'><strong>et</strong></span> <span class='ocrx_word' id='word_1_145' title='bbox 1238 1500 1365 1572; x_wconf 86' lang='lat' dir='ltr'><strong>ejus</strong></span> <span class='ocrx_word' id='word_1_146' title='bbox 1411 1500 1760 1573; x_wconf 89' lang='lat' dir='ltr'><strong>sanguinem</strong></span> 
     </span>
    </p>
   </div>
   <div class='ocr_carea' id='block_1_17' title="bbox 86 1580 1759 1663">
    <p class='ocr_par' dir='ltr' id='par_1_17' title="bbox 86 1580 1759 1663">
     <span class='ocr_line' id='line_1_18' title="bbox 86 1580 1759 1663; baseline 0.004 -24"><span class='ocrx_word' id='word_1_147' title='bbox 86 1580 317 1639; x_wconf 86' lang='lat' dir='ltr'><strong>bibere.</strong></span> <span class='ocrx_word' id='word_1_148' title='bbox 344 1584 662 1657; x_wconf 86' lang='lat' dir='ltr'><strong>Sequitur:</strong></span> <span class='ocrx_word' id='word_1_149' title='bbox 690 1584 781 1642; x_wconf 86' lang='lat' dir='ltr'><strong>sed</strong></span> <span class='ocrx_word' id='word_1_150' title='bbox 802 1587 862 1640; x_wconf 87' lang='lat' dir='ltr'><strong>in</strong></span> <span class='ocrx_word' id='word_1_151' title='bbox 888 1589 1100 1663; x_wconf 60' lang='lat' dir='ltr'><strong>azymis</strong></span> <span class='ocrx_word' id='word_1_152' title='bbox 1125 1589 1459 1645; x_wconf 77' lang='lat' dir='ltr'><strong>sinceritatis</strong></span> <span class='ocrx_word' id='word_1_153' title='bbox 1479 1597 1532 1645; x_wconf 85' lang='lat' dir='ltr'><strong>et</strong></span> <span class='ocrx_word' id='word_1_154' title='bbox 1559 1591 1759 1647; x_wconf 80' lang='lat' dir='ltr'><strong>verita-</strong></span> 
     </span>
    </p>
   </div>
   <div class='ocr_carea' id='block_1_18' title="bbox 85 1671 1758 1751">
    <p class='ocr_par' dir='ltr' id='par_1_18' title="bbox 85 1671 1758 1751">
     <span class='ocr_line' id='line_1_19' title="bbox 85 1671 1758 1751; baseline 0.004 -24"><span class='ocrx_word' id='word_1_155' title='bbox 85 1673 181 1728; x_wconf 89' lang='lat' dir='ltr'><strong>tis.</strong></span> <span class='ocrx_word' id='word_1_156' title='bbox 214 1671 564 1748; x_wconf 82' lang='lat' dir='ltr'><strong>Intelligite,</strong></span> <span class='ocrx_word' id='word_1_157' title='bbox 588 1673 815 1745; x_wconf 81' lang='lat' dir='ltr'><strong>fratres,</strong></span> <span class='ocrx_word' id='word_1_158' title='bbox 848 1675 971 1730; x_wconf 92' lang='lat' dir='ltr'><strong>imo</strong></span> <span class='ocrx_word' id='word_1_159' title='bbox 1008 1675 1315 1750; x_wconf 87' lang='lat' dir='ltr'><strong>intelligite</strong></span> <span class='ocrx_word' id='word_1_160' title='bbox 1336 1677 1539 1751; x_wconf 76' lang='lat' dir='ltr'><strong>(M82),</strong></span> <span class='ocrx_word' id='word_1_161' title='bbox 1574 1679 1623 1734; x_wconf 90' lang='lat' dir='ltr'><strong>si</strong></span> <span class='ocrx_word' id='word_1_162' title='bbox 1657 1679 1758 1751; x_wconf 87' lang='lat' dir='ltr'><strong>qui</strong></span> 
     </span>
    </p>
   </div>
   <div class='ocr_carea' id='block_1_19' title="bbox 84 1761 1754 1840">
    <p class='ocr_par' dir='ltr' id='par_1_19' title="bbox 84 1761 1754 1840">
     <span class='ocr_line' id='line_1_20' title="bbox 84 1761 1754 1840; baseline 0.004 -23"><span class='ocrx_word' id='word_1_163' title='bbox 84 1761 181 1817; x_wconf 87' lang='lat' dir='ltr'><strong>hic</strong></span> <span class='ocrx_word' id='word_1_164' title='bbox 213 1761 471 1837; x_wconf 80' lang='lat' dir='ltr'><strong>forsitan</strong></span> <span class='ocrx_word' id='word_1_165' title='bbox 505 1761 637 1839; x_wconf 21' lang='lat' dir='ltr'><strong>mei.</strong></span> <span class='ocrx_word' id='word_1_166' title='bbox 667 1762 808 1819; x_wconf 87' lang='lat' dir='ltr'><strong>estis</strong></span> <span class='ocrx_word' id='word_1_167' title='bbox 838 1763 1194 1839; x_wconf 88' lang='lat' dir='ltr'><strong>consimiles,</strong></span> <span class='ocrx_word' id='word_1_168' title='bbox 1228 1764 1504 1823; x_wconf 82' lang='lat' dir='ltr'><strong>malitiosi</strong></span> <span class='ocrx_word' id='word_1_169' title='bbox 1528 1768 1754 1840; x_wconf 85' lang='lat' dir='ltr'><strong>utique,</strong></span> 
     </span>
    </p>
   </div>
   <div class='ocr_carea' id='block_1_20' title="bbox 1869 1418 3515 1509">
    <p class='ocr_par' dir='ltr' id='par_1_20' title="bbox 1869 1418 3515 1509">
     <span class='ocr_line' id='line_1_21' title="bbox 1869 1418 3515 1509; baseline 0.014 -37"><span class='ocrx_word' id='word_1_170' title='bbox 1869 1418 2016 1489; x_wconf 87' lang='lat' dir='ltr'><strong>quit,</strong></span> <span class='ocrx_word' id='word_1_171' title='bbox 2058 1423 2344 1491; x_wconf 76' lang='lat' dir='ltr'><strong>comedetis</strong></span> <span class='ocrx_word' id='word_1_172' title='bbox 2386 1443 2561 1509; x_wconf 84' lang='lat' dir='ltr'><strong>eum:</strong></span> <span class='ocrx_word' id='word_1_173' title='bbox 2588 1448 2744 1488; x_wconf 83' lang='lat' dir='ltr'><strong>renes</strong></span> <span class='ocrx_word' id='word_1_174' title='bbox 2795 1437 2991 1490; x_wconf 82' lang='lat' dir='ltr'><strong>vestros</strong></span> <span class='ocrx_word' id='word_1_175' title='bbox 3034 1438 3352 1507; x_wconf 86' lang='lat' dir='ltr'><strong>accingetis,</strong></span> <span class='ocrx_word' id='word_1_176' title='bbox 3399 1440 3515 1495; x_wconf 88' lang='lat' dir='ltr'><strong>cal-</strong></span> 
     </span>
    </p>
   </div>
   <div class='ocr_carea' id='block_1_21' title="bbox 1865 1511 3518 1597">
    <p class='ocr_par' dir='ltr' id='par_1_21' title="bbox 1865 1511 3518 1597">
     <span class='ocr_line' id='line_1_22' title="bbox 1865 1511 3518 1597; baseline 0.014 -36"><span class='ocrx_word' id='word_1_177' title='bbox 1865 1518 2146 1566; x_wconf 87' lang='lat' dir='ltr'><strong>ceamenta</strong></span> <span class='ocrx_word' id='word_1_178' title='bbox 2169 1511 2435 1597; x_wconf 89' lang='lat' dir='ltr'><strong>habebitis</strong></span> <span class='ocrx_word' id='word_1_179' title='bbox 2455 1520 2515 1573; x_wconf 84' lang='lat' dir='ltr'><strong>in</strong></span> <span class='ocrx_word' id='word_1_180' title='bbox 2530 1520 2778 1590; x_wconf 76' lang='lat' dir='ltr'><strong>pedibus,</strong></span> <span class='ocrx_word' id='word_1_181' title='bbox 2803 1528 3041 1589; x_wconf 77' lang='lat' dir='ltr'><strong>tenentes</strong></span> <span class='ocrx_word' id='word_1_182' title='bbox 3072 1526 3286 1582; x_wconf 78' lang='lat' dir='ltr'><strong>buculos</strong></span> <span class='ocrx_word' id='word_1_183' title='bbox 3314 1529 3377 1582; x_wconf 88' lang='lat' dir='ltr'><strong>in</strong></span> <span class='ocrx_word' id='word_1_184' title='bbox 3402 1546 3518 1583; x_wconf 84' lang='lat' dir='ltr'><strong>ma-</strong></span> 
     </span>
    </p>
   </div>
   <div class='ocr_carea' id='block_1_22' title="bbox 1863 1596 3514 1689">
    <p class='ocr_par' dir='ltr' id='par_1_22' title="bbox 1863 1596 3514 1689">
     <span class='ocr_line' id='line_1_23' title="bbox 1863 1596 3514 1689; baseline 0.013 -39"><span class='ocrx_word' id='word_1_185' title='bbox 1863 1596 2140 1689; x_wconf 22' lang='lat' dir='ltr'><strong>nibus,.‘et</strong></span> <span class='ocrx_word' id='word_1_186' title='bbox 2179 1603 2479 1675; x_wconf 19' lang='lat' dir='ltr'><strong>comedetis,</strong></span> <span class='ocrx_word' id='word_1_187' title='bbox 2504 1609 3055 1689; x_wconf 75' lang='lat' dir='ltr'><strong>festinantes(Exod.</strong></span> <span class='ocrx_word' id='word_1_188' title='bbox 3086 1631 3187 1681; x_wconf 84' lang='lat' dir='ltr'><strong>xn,</strong></span> <span class='ocrx_word' id='word_1_189' title='bbox 3216 1614 3327 1684; x_wconf 82' lang='grc' dir='ltr'><strong>Η).</strong></span> <span class='ocrx_word' id='word_1_190' title='bbox 3363 1616 3514 1680; x_wconf 87' lang='lat' dir='ltr'><strong>Quid</strong></span> 
     </span>
    </p>
   </div>
   <div class='ocr_carea' id='block_1_23' title="bbox 1865 1684 3518 1779">
    <p class='ocr_par' dir='ltr' id='par_1_23' title="bbox 1865 1684 3518 1779">
     <span class='ocr_line' id='line_1_24' title="bbox 1865 1684 3518 1779; baseline 0.013 -41"><span class='ocrx_word' id='word_1_191' title='bbox 1865 1686 2179 1779; x_wconf 67' lang='lat' dir='ltr'><strong>austerius,</strong></span> <span class='ocrx_word' id='word_1_192' title='bbox 2211 1689 2443 1761; x_wconf 78' lang='lat' dir='ltr'><strong>fratres,</strong></span> <span class='ocrx_word' id='word_1_193' title='bbox 2499 1684 2639 1768; x_wconf 81' lang='lat' dir='ltr'><strong>quid</strong></span> <span class='ocrx_word' id='word_1_194' title='bbox 2691 1684 2846 1771; x_wconf 62' lang='grc' dir='ltr'><strong>θιφ</strong></span> <span class='ocrx_word' id='word_1_195' title='bbox 2902 1700 3097 1762; x_wconf 87' lang='lat' dir='ltr'><strong>acrius</strong></span> <span class='ocrx_word' id='word_1_196' title='bbox 3156 1702 3269 1779; x_wconf 89' lang='lat' dir='ltr'><strong>dici</strong></span> <span class='ocrx_word' id='word_1_197' title='bbox 3326 1704 3518 1775; x_wconf 88' lang='lat' dir='ltr'><strong>potuit</strong></span> 
     </span>
    </p>
   </div>
   <div class='ocr_carea' id='block_1_24' title="bbox 1862 1772 3516 1862">
    <p class='ocr_par' dir='ltr' id='par_1_24' title="bbox 1862 1772 3516 1862">
     <span class='ocr_line' id='line_1_25' title="bbox 1862 1772 3516 1862; baseline 0.014 -36"><span class='ocrx_word' id='word_1_198' title='bbox 1862 1772 1969 1841; x_wconf 88' lang='lat' dir='ltr'><strong>illi,</strong></span> <span class='ocrx_word' id='word_1_199' title='bbox 1996 1776 2093 1847; x_wconf 90' lang='lat' dir='ltr'><strong>qui</strong></span> <span class='ocrx_word' id='word_1_200' title='bbox 2125 1776 2243 1834; x_wconf 91' lang='lat' dir='ltr'><strong>ista</strong></span> <span class='ocrx_word' id='word_1_201' title='bbox 2271 1780 2623 1856; x_wconf 87' lang='lat' dir='ltr'><strong>intelligens,</strong></span> <span class='ocrx_word' id='word_1_202' title='bbox 2658 1787 2880 1855; x_wconf 83' lang='lat' dir='ltr'><strong>Pascha</strong></span> <span class='ocrx_word' id='word_1_203' title='bbox 2909 1774 3266 1862; x_wconf 75' lang='lat' dir='ltr'><strong>praeteritum</strong></span> <span class='ocrx_word' id='word_1_204' title='bbox 3302 1772 3364 1847; x_wconf 73' lang='lat' dir='ltr'><strong>se</strong></span> <span class='ocrx_word' id='word_1_205' title='bbox 3394 1808 3516 1848; x_wconf 89' lang='lat' dir='ltr'><strong>me-</strong></span> 
     </span>
    </p>
   </div>
   <div class='ocr_carea' id='block_1_25' title="bbox 84 1834 3517 1954">
    <p class='ocr_par' dir='ltr' id='par_1_25' title="bbox 84 1834 3517 1954">
     <span class='ocr_line' id='line_1_26' title="bbox 84 1834 3517 1954; baseline 0.009 -49"><span class='ocrx_word' id='word_1_206' title='bbox 84 1851 357 1927; x_wconf 81' lang='lat' dir='ltr'><strong>nequitia</strong></span> <span class='ocrx_word' id='word_1_207' title='bbox 385 1850 563 1954; x_wconf 71' lang='lat' dir='ltr'><strong>pleni.</strong></span> <span class='ocrx_word' id='word_1_208' title='bbox 583 1851 640 1905; x_wconf 92' lang='lat' dir='ltr'><strong>Si</strong></span> <span class='ocrx_word' id='word_1_209' title='bbox 669 1851 852 1953; x_wconf 76' lang='lat' dir='ltr'><strong>vultis</strong></span> <span class='ocrx_word' id='word_1_210' title='bbox 894 1851 1210 1953; x_wconf 72' lang='lat' dir='ltr'><strong>salubriter</strong></span> <span class='ocrx_word' id='word_1_211' title='bbox 1244 1855 1520 1927; x_wconf 86' lang='lat' dir='ltr'><strong>gaudere,</strong></span> <span class='ocrx_word' id='word_1_212' title='bbox 1550 1855 1612 1911; x_wconf 91' lang='lat' dir='ltr'><strong>in</strong></span> <span class='ocrx_word' id='word_1_213' title='bbox 1642 1856 1753 1917; x_wconf 91' lang='lat' dir='ltr'><strong>Do-</strong></span> <span class='ocrx_word' id='word_1_214' title='bbox 1781 1862 2034 1954; x_wconf 76' lang='lat' dir='ltr'><strong>B’minit</strong></span> <span class='ocrx_word' id='word_1_215' title='bbox 2072 1866 2295 1933; x_wconf 85' lang='lat' dir='ltr'><strong>eisdem</strong></span> <span class='ocrx_word' id='word_1_216' title='bbox 2322 1834 2668 1935; x_wconf 43' lang='lat' dir='ltr'><strong>,ohsejrvat’is</strong></span> <span class='ocrx_word' id='word_1_217' title='bbox 2702 1834 2876 1933; x_wconf 54' lang='lat' dir='ltr'><strong>bullo</strong></span> <span class='ocrx_word' id='word_1_218' title='bbox 2909 1834 3101 1937; x_wconf 33' lang='lat' dir='ltr'><strong>Iimodo</strong></span> <span class='ocrx_word' id='word_1_219' title='bbox 3150 1878 3517 1939; x_wconf 87' lang='lat' dir='ltr'><strong>celebrasse?</strong></span> 
     </span>
    </p>
   </div>
   <div class='ocr_carea' id='block_1_26' title="bbox 84 1939 3513 2029">
    <p class='ocr_par' dir='ltr' id='par_1_26' title="bbox 84 1939 3513 2029">
     <span class='ocr_line' id='line_1_27' title="bbox 84 1939 3513 2029; baseline 0.009 -34"><span class='ocrx_word' id='word_1_220' title='bbox 84 1940 251 2029; x_wconf 80' lang='lat' dir='ltr'><strong>mino</strong></span> <span class='ocrx_word' id='word_1_221' title='bbox 283 1940 558 2029; x_wconf 84' lang='lat' dir='ltr'><strong>gaudete,</strong></span> <span class='ocrx_word' id='word_1_222' title='bbox 585 1957 698 1996; x_wconf 92' lang='lat' dir='ltr'><strong>non</strong></span> <span class='ocrx_word' id='word_1_223' title='bbox 730 1939 789 1996; x_wconf 88' lang='lat' dir='ltr'><strong>in</strong></span> <span class='ocrx_word' id='word_1_224' title='bbox 813 1941 966 2012; x_wconf 90' lang='lat' dir='ltr'><strong>jocis</strong></span> <span class='ocrx_word' id='word_1_225' title='bbox 990 1942 1326 2015; x_wconf 87' lang='lat' dir='ltr'><strong>superﬂuis,</strong></span> <span class='ocrx_word' id='word_1_226' title='bbox 1351 1961 1468 2000; x_wconf 91' lang='lat' dir='ltr'><strong>non</strong></span> <span class='ocrx_word' id='word_1_227' title='bbox 1499 1944 1560 1999; x_wconf 92' lang='lat' dir='ltr'><strong>in</strong></span> <span class='ocrx_word' id='word_1_228' title='bbox 1594 1944 1754 2001; x_wconf 87' lang='lat' dir='ltr'><strong>fabu-</strong></span> <span class='ocrx_word' id='word_1_229' title='bbox 1781 1939 1830 1954; x_wconf 80' lang='grc'>”</span> <span class='ocrx_word' id='word_1_230' title='bbox 1860 1939 1968 2023; x_wconf 79' lang='lat' dir='ltr'><strong>Qui</strong></span> <span class='ocrx_word' id='word_1_231' title='bbox 1999 1953 2153 2029; x_wconf 89' lang='lat' dir='ltr'><strong>enim</strong></span> <span class='ocrx_word' id='word_1_232' title='bbox 2184 1974 2300 2029; x_wconf 85' lang='lat' dir='ltr'><strong>non</strong></span> <span class='ocrx_word' id='word_1_233' title='bbox 2333 1960 2632 2018; x_wconf 90' lang='lat' dir='ltr'><strong>obaudivit</strong></span> <span class='ocrx_word' id='word_1_234' title='bbox 2668 1964 2994 2027; x_wconf 70' lang='lat' dir='ltr'><strong>Psalmistse</strong></span> <span class='ocrx_word' id='word_1_235' title='bbox 3025 1968 3241 2027; x_wconf 88' lang='lat' dir='ltr'><strong>dicenti</strong></span> <span class='ocrx_word' id='word_1_236' title='bbox 3275 1985 3287 2023; x_wconf 88' lang='lat'><strong>:</strong></span> <span class='ocrx_word' id='word_1_237' title='bbox 3321 1971 3513 2026; x_wconf 87' lang='lat' dir='ltr'><strong>Accin-</strong></span> 
     </span>
    </p>
   </div>
   <div class='ocr_carea' id='block_1_27' title="bbox 84 2027 1752 2107">
    <p class='ocr_par' dir='ltr' id='par_1_27' title="bbox 84 2027 1752 2107">
     <span class='ocr_line' id='line_1_28' title="bbox 84 2027 1752 2107; baseline 0.004 -24"><span class='ocrx_word' id='word_1_238' title='bbox 84 2027 159 2084; x_wconf 91' lang='lat' dir='ltr'><strong>lis</strong></span> <span class='ocrx_word' id='word_1_239' title='bbox 188 2028 424 2097; x_wconf 86' lang='lat' dir='ltr'><strong>otiosis,</strong></span> <span class='ocrx_word' id='word_1_240' title='bbox 464 2046 586 2101; x_wconf 85' lang='lat' dir='ltr'><strong>non</strong></span> <span class='ocrx_word' id='word_1_241' title='bbox 617 2030 677 2107; x_wconf 89' lang='lat' dir='ltr'><strong>in</strong></span> <span class='ocrx_word' id='word_1_242' title='bbox 708 2029 1088 2104; x_wconf 89' lang='lat' dir='ltr'><strong>turpiloquiis</strong></span> <span class='ocrx_word' id='word_1_243' title='bbox 1140 2032 1348 2100; x_wconf 84' lang='lat' dir='ltr'><strong>noxiis,</strong></span> <span class='ocrx_word' id='word_1_244' title='bbox 1382 2050 1497 2088; x_wconf 89' lang='lat' dir='ltr'><strong>non</strong></span> <span class='ocrx_word' id='word_1_245' title='bbox 1545 2032 1606 2089; x_wconf 91' lang='lat' dir='ltr'><strong>in</strong></span> <span class='ocrx_word' id='word_1_246' title='bbox 1636 2037 1752 2090; x_wconf 87' lang='lat' dir='ltr'><strong>tac-</strong></span> 
     </span>
    </p>
   </div>
   <div class='ocr_carea' id='block_1_28' title="bbox 88 2109 1751 2199">
    <p class='ocr_par' dir='ltr' id='par_1_28' title="bbox 88 2109 1751 2199">
     <span class='ocr_line' id='line_1_29' title="bbox 88 2109 1751 2199; baseline 0.004 -26"><span class='ocrx_word' id='word_1_247' title='bbox 88 2109 249 2174; x_wconf 85' lang='lat' dir='ltr'><strong>tibus</strong></span> <span class='ocrx_word' id='word_1_248' title='bbox 283 2116 664 2191; x_wconf 75' lang='lat' dir='ltr'><strong>illecebrosis,</strong></span> <span class='ocrx_word' id='word_1_249' title='bbox 697 2136 813 2175; x_wconf 90' lang='lat' dir='ltr'><strong>non</strong></span> <span class='ocrx_word' id='word_1_250' title='bbox 854 2120 914 2174; x_wconf 93' lang='lat' dir='ltr'><strong>in</strong></span> <span class='ocrx_word' id='word_1_251' title='bbox 946 2119 1186 2197; x_wconf 85' lang='lat' dir='ltr'><strong>crapula</strong></span> <span class='ocrx_word' id='word_1_252' title='bbox 1214 2124 1272 2177; x_wconf 93' lang='lat' dir='ltr'><strong>et</strong></span> <span class='ocrx_word' id='word_1_253' title='bbox 1301 2121 1611 2199; x_wconf 78' lang='lat' dir='ltr'><strong>ebrietate,</strong></span> <span class='ocrx_word' id='word_1_254' title='bbox 1634 2140 1751 2179; x_wconf 89' lang='lat' dir='ltr'><strong>non</strong></span> 
     </span>
    </p>
   </div>
   <div class='ocr_carea' id='block_1_29' title="bbox 1855 2030 3509 2129">
    <p class='ocr_par' dir='ltr' id='par_1_29' title="bbox 1855 2030 3509 2129">
     <span class='ocr_line' id='line_1_30' title="bbox 1855 2030 3509 2129; baseline 0.011 -34"><span class='ocrx_word' id='word_1_255' title='bbox 1855 2030 1981 2111; x_wconf 81' lang='lat' dir='ltr'><strong>gere</strong></span> <span class='ocrx_word' id='word_1_256' title='bbox 2006 2042 2190 2115; x_wconf 82' lang='lat' dir='ltr'><strong>gladio</strong></span> <span class='ocrx_word' id='word_1_257' title='bbox 2212 2038 2303 2114; x_wconf 76' lang='lat' dir='ltr'><strong>tuo</strong></span> <span class='ocrx_word' id='word_1_258' title='bbox 2330 2064 2493 2121; x_wconf 85' lang='lat' dir='ltr'><strong>super</strong></span> <span class='ocrx_word' id='word_1_259' title='bbox 2513 2054 2696 2123; x_wconf 82' lang='lat' dir='ltr'><strong>femur</strong></span> <span class='ocrx_word' id='word_1_260' title='bbox 2724 2062 2899 2124; x_wconf 86' lang='lat' dir='ltr'><strong>tuum,</strong></span> <span class='ocrx_word' id='word_1_261' title='bbox 2927 2040 3308 2127; x_wconf 81' lang='lat' dir='ltr'><strong>potentissime</strong></span> <span class='ocrx_word' id='word_1_262' title='bbox 3336 2058 3509 2129; x_wconf 88' lang='lat' dir='ltr'><strong>(Psal.</strong></span> 
     </span>
    </p>
   </div>
   <div class='ocr_carea' id='block_1_30' title="bbox 1858 2130 3508 2208">
    <p class='ocr_par' dir='ltr' id='par_1_30' title="bbox 1858 2130 3508 2208">
     <span class='ocr_line' id='line_1_31' title="bbox 1858 2130 3508 2208; baseline 0.011 -24"><span class='ocrx_word' id='word_1_263' title='bbox 1858 2146 1974 2197; x_wconf 79' lang='lat' dir='ltr'><strong>xu,</strong></span> <span class='ocrx_word' id='word_1_264' title='bbox 1994 2130 2069 2201; x_wconf 81' lang='grc'>4),</span> <span class='ocrx_word' id='word_1_265' title='bbox 2095 2133 2154 2189; x_wconf 91' lang='lat' dir='ltr'><strong>id</strong></span> <span class='ocrx_word' id='word_1_266' title='bbox 2204 2139 2293 2200; x_wconf 85' lang='lat' dir='ltr'><strong>est</strong></span> <span class='ocrx_word' id='word_1_267' title='bbox 2333 2137 2585 2208; x_wconf 87' lang='lat' dir='ltr'><strong>fortiter;</strong></span> <span class='ocrx_word' id='word_1_268' title='bbox 2620 2142 2721 2199; x_wconf 86' lang='lat' dir='ltr'><strong>sed</strong></span> <span class='ocrx_word' id='word_1_269' title='bbox 2761 2143 3046 2202; x_wconf 88' lang='lat' dir='ltr'><strong>enerviter</strong></span> <span class='ocrx_word' id='word_1_270' title='bbox 3090 2161 3239 2201; x_wconf 84' lang='lat' dir='ltr'><strong>sese</strong></span> <span class='ocrx_word' id='word_1_271' title='bbox 3265 2146 3508 2202; x_wconf 69' lang='lat' dir='ltr'><strong>luxuriae</strong></span> 
     </span>
    </p>
   </div>
   <div class='ocr_carea' id='block_1_31' title="bbox 85 2194 1786 2293">
    <p class='ocr_par' dir='ltr' id='par_1_31' title="bbox 85 2194 1786 2289">
     <span class='ocr_line' id='line_1_32' title="bbox 85 2194 1786 2289; baseline 0.004 -27"><span class='ocrx_word' id='word_1_272' title='bbox 85 2207 145 2263; x_wconf 89' lang='lat' dir='ltr'><strong>in</strong></span> <span class='ocrx_word' id='word_1_273' title='bbox 180 2211 487 2281; x_wconf 76' lang='lat' dir='ltr'><strong>cantuum</strong></span> <span class='ocrx_word' id='word_1_274' title='bbox 534 2206 809 2264; x_wconf 85' lang='lat' dir='ltr'><strong>vanitate.</strong></span> <span class='ocrx_word' id='word_1_275' title='bbox 844 2208 905 2289; x_wconf 88' lang='lat' dir='ltr'><strong>Si</strong></span> <span class='ocrx_word' id='word_1_276' title='bbox 959 2194 1174 2283; x_wconf 88' lang='lat' dir='ltr'><strong>cupitis</strong></span> <span class='ocrx_word' id='word_1_277' title='bbox 1221 2208 1534 2279; x_wconf 88' lang='lat' dir='ltr'><strong>exsultare,</strong></span> <span class='ocrx_word' id='word_1_278' title='bbox 1555 2194 1786 2269; x_wconf 23' lang='lat' dir='ltr'><strong>serviteﬁ</strong></span> 
     </span>
    </p>
   </div>
   <div class='ocr_carea' id='block_1_32' title="bbox 86 2298 1746 2379">
    <p class='ocr_par' dir='ltr' id='par_1_32' title="bbox 86 2298 1746 2379">
     <span class='ocr_line' id='line_1_33' title="bbox 86 2298 1746 2379; baseline 0.004 -28"><span class='ocrx_word' id='word_1_279' title='bbox 86 2298 329 2352; x_wconf 85' lang='lat' dir='ltr'><strong>Domino</strong></span> <span class='ocrx_word' id='word_1_280' title='bbox 357 2298 420 2351; x_wconf 86' lang='lat' dir='ltr'><strong>in</strong></span> <span class='ocrx_word' id='word_1_281' title='bbox 449 2298 662 2373; x_wconf 82' lang='lat' dir='ltr'><strong>timore,</strong></span> <span class='ocrx_word' id='word_1_282' title='bbox 685 2300 737 2353; x_wconf 85' lang='lat' dir='ltr'><strong>et</strong></span> <span class='ocrx_word' id='word_1_283' title='bbox 763 2299 1035 2354; x_wconf 77' lang='lat' dir='ltr'><strong>exsultate</strong></span> <span class='ocrx_word' id='word_1_284' title='bbox 1061 2301 1115 2355; x_wconf 91' lang='lat' dir='ltr'><strong>ei</strong></span> <span class='ocrx_word' id='word_1_285' title='bbox 1142 2315 1267 2377; x_wconf 87' lang='lat' dir='ltr'><strong>cum</strong></span> <span class='ocrx_word' id='word_1_286' title='bbox 1296 2307 1529 2379; x_wconf 83' lang='lat' dir='ltr'><strong>tremore</strong></span> <span class='ocrx_word' id='word_1_287' title='bbox 1550 2301 1660 2374; x_wconf 92' lang='lat' dir='ltr'><strong>(Ps.</strong></span> <span class='ocrx_word' id='word_1_288' title='bbox 1685 2319 1746 2369; x_wconf 77' lang='grc' dir='ltr'><strong>ιι,</strong></span> 
     </span>
    </p>
   </div>
   <div class='ocr_carea' id='block_1_33' title="bbox 89 2385 1785 2469">
    <p class='ocr_par' dir='ltr' id='par_1_33' title="bbox 89 2385 1785 2469">
     <span class='ocr_line' id='line_1_34' title="bbox 89 2385 1785 2469; baseline 0.001 -27"><span class='ocrx_word' id='word_1_289' title='bbox 89 2385 293 2469; x_wconf 44' lang='lat' dir='ltr'><strong>{ipsi</strong></span> <span class='ocrx_word' id='word_1_290' title='bbox 323 2385 675 2443; x_wconf 86' lang='lat' dir='ltr'><strong>desideratis</strong></span> <span class='ocrx_word' id='word_1_291' title='bbox 721 2387 940 2461; x_wconf 89' lang='lat' dir='ltr'><strong>pascha</strong></span> <span class='ocrx_word' id='word_1_292' title='bbox 985 2386 1313 2462; x_wconf 87' lang='lat' dir='ltr'><strong>legitimum</strong></span> <span class='ocrx_word' id='word_1_293' title='bbox 1345 2388 1658 2457; x_wconf 88' lang='lat' dir='ltr'><strong>celebrare,</strong></span> <span class='ocrx_word' id='word_1_294' title='bbox 1689 2390 1748 2445; x_wconf 92' lang='lat' dir='ltr'><strong>in</strong></span> <span class='ocrx_word' id='word_1_295' title='bbox 1780 2394 1785 2399; x_wconf 78' lang='grc'><em>’</em></span> 
     </span>
    </p>
   </div>
   <div class='ocr_carea' id='block_1_34' title="bbox 1858 2217 3543 2307">
    <p class='ocr_par' dir='ltr' id='par_1_34' title="bbox 1858 2217 3543 2307">
     <span class='ocr_line' id='line_1_35' title="bbox 1858 2217 3543 2307; baseline 0.011 -34"><span class='ocrx_word' id='word_1_296' title='bbox 1858 2217 2096 2288; x_wconf 89' lang='lat' dir='ltr'><strong>dedens,</strong></span> <span class='ocrx_word' id='word_1_297' title='bbox 2130 2225 2201 2279; x_wconf 90' lang='lat' dir='ltr'><strong>ad</strong></span> <span class='ocrx_word' id='word_1_298' title='bbox 2231 2225 2377 2298; x_wconf 88' lang='lat' dir='ltr'><strong>Agni</strong></span> <span class='ocrx_word' id='word_1_299' title='bbox 2410 2226 2512 2283; x_wconf 93' lang='lat' dir='ltr'><strong>Dei</strong></span> <span class='ocrx_word' id='word_1_300' title='bbox 2549 2229 2647 2300; x_wconf 84' lang='grc' dir='ltr'><strong>[αι.</strong></span> <span class='ocrx_word' id='word_1_301' title='bbox 2674 2229 2876 2303; x_wconf 89' lang='lat' dir='ltr'><strong>divini]</strong></span> <span class='ocrx_word' id='word_1_302' title='bbox 2905 2233 3261 2293; x_wconf 83' lang='lat' dir='ltr'><strong>sumendum</strong></span> <span class='ocrx_word' id='word_1_303' title='bbox 3294 2251 3507 2307; x_wconf 90' lang='lat' dir='ltr'><strong>corpus</strong></span> <span class='ocrx_word' id='word_1_304' title='bbox 3538 2286 3543 2291; x_wconf 88' lang='lat'><strong>.</strong></span> 
     </span>
    </p>
   </div>
   <div class='ocr_carea' id='block_1_35' title="bbox 1859 2310 3506 2402">
    <p class='ocr_par' dir='ltr' id='par_1_35' title="bbox 1859 2310 3506 2402">
     <span class='ocr_line' id='line_1_36' title="bbox 1859 2310 3506 2402; baseline 0.011 -40"><span class='ocrx_word' id='word_1_305' title='bbox 1859 2310 1916 2362; x_wconf 92' lang='lat' dir='ltr'><strong>et</strong></span> <span class='ocrx_word' id='word_1_306' title='bbox 1943 2311 2291 2384; x_wconf 91' lang='lat' dir='ltr'><strong>sanguinem</strong></span> <span class='ocrx_word' id='word_1_307' title='bbox 2322 2319 2412 2371; x_wconf 89' lang='lat' dir='ltr'><strong>est</strong></span> <span class='ocrx_word' id='word_1_308' title='bbox 2438 2333 2622 2374; x_wconf 89' lang='lat' dir='ltr'><strong>ausus</strong></span> <span class='ocrx_word' id='word_1_309' title='bbox 2651 2320 2951 2402; x_wconf 83' lang='lat' dir='ltr'><strong>accedere;</strong></span> <span class='ocrx_word' id='word_1_310' title='bbox 2987 2322 3087 2394; x_wconf 91' lang='lat' dir='ltr'><strong>qui</strong></span> <span class='ocrx_word' id='word_1_311' title='bbox 3119 2339 3235 2378; x_wconf 91' lang='lat' dir='ltr'><strong>non</strong></span> <span class='ocrx_word' id='word_1_312' title='bbox 3266 2327 3506 2380; x_wconf 87' lang='lat' dir='ltr'><strong>secutus</strong></span> 
     </span>
    </p>
   </div>
   <div class='ocr_carea' id='block_1_36' title="bbox 91 2474 1765 2561">
    <p class='ocr_par' dir='ltr' id='par_1_36' title="bbox 91 2474 1765 2561">
     <span class='ocr_line' id='line_1_37' title="bbox 91 2474 1765 2561; baseline 0.003 -31"><span class='ocrx_word' id='word_1_313' title='bbox 91 2474 318 2548; x_wconf 78' lang='lat' dir='ltr'><strong>azymis</strong></span> <span class='ocrx_word' id='word_1_314' title='bbox 354 2474 660 2555; x_wconf 85' lang='lat' dir='ltr'><strong>celebrate.</strong></span> <span class='ocrx_word' id='word_1_315' title='bbox 678 2478 818 2547; x_wconf 64' lang='lat' dir='ltr'><strong>Quae</strong></span> <span class='ocrx_word' id='word_1_316' title='bbox 849 2479 988 2533; x_wconf 88' lang='lat' dir='ltr'><strong>sunt</strong></span> <span class='ocrx_word' id='word_1_317' title='bbox 1028 2494 1164 2549; x_wconf 86' lang='lat' dir='ltr'><strong>vero</strong></span> <span class='ocrx_word' id='word_1_318' title='bbox 1197 2477 1245 2534; x_wconf 89' lang='lat' dir='ltr'><strong>si</strong></span> <span class='ocrx_word' id='word_1_319' title='bbox 1276 2478 1587 2551; x_wconf 88' lang='lat' dir='ltr'><strong>requiratis</strong></span> <span class='ocrx_word' id='word_1_320' title='bbox 1619 2496 1765 2561; x_wconf 27' lang='lat' dir='ltr'><strong>azy-l</strong></span> 
     </span>
    </p>
   </div>
   <div class='ocr_carea' id='block_1_37' title="bbox 91 2565 1748 2639">
    <p class='ocr_par' dir='ltr' id='par_1_37' title="bbox 91 2565 1748 2639">
     <span class='ocr_line' id='line_1_38' title="bbox 91 2565 1748 2639; baseline 0.002 -20"><span class='ocrx_word' id='word_1_321' title='bbox 91 2581 223 2632; x_wconf 85' lang='lat' dir='ltr'><strong>ma;</strong></span> <span class='ocrx_word' id='word_1_322' title='bbox 254 2565 568 2620; x_wconf 88' lang='lat' dir='ltr'><strong>sinceritas</strong></span> <span class='ocrx_word' id='word_1_323' title='bbox 597 2565 920 2638; x_wconf 88' lang='lat' dir='ltr'><strong>respondeo</strong></span> <span class='ocrx_word' id='word_1_324' title='bbox 948 2565 1070 2637; x_wconf 82' lang='lat' dir='ltr'><strong>[al.,</strong></span> <span class='ocrx_word' id='word_1_325' title='bbox 1099 2567 1478 2639; x_wconf 90' lang='lat' dir='ltr'><strong>respondebo]</strong></span> <span class='ocrx_word' id='word_1_326' title='bbox 1512 2570 1570 2625; x_wconf 90' lang='lat' dir='ltr'><strong>et</strong></span> <span class='ocrx_word' id='word_1_327' title='bbox 1596 2567 1748 2623; x_wconf 90' lang='lat' dir='ltr'><strong>veri-</strong></span> 
     </span>
    </p>
   </div>
   <div class='ocr_carea' id='block_1_38' title="bbox 90 2653 1748 2726">
    <p class='ocr_par' dir='ltr' id='par_1_38' title="bbox 90 2653 1748 2726">
     <span class='ocr_line' id='line_1_39' title="bbox 90 2653 1748 2726; baseline 0.002 -16"><span class='ocrx_word' id='word_1_328' title='bbox 90 2658 203 2710; x_wconf 85' lang='lat' dir='ltr'><strong>tas.</strong></span> <span class='ocrx_word' id='word_1_329' title='bbox 225 2654 608 2710; x_wconf 89' lang='lat' dir='ltr'><strong>Fermentum</strong></span> <span class='ocrx_word' id='word_1_330' title='bbox 649 2653 806 2709; x_wconf 91' lang='lat' dir='ltr'><strong>enim</strong></span> <span class='ocrx_word' id='word_1_331' title='bbox 847 2655 1172 2726; x_wconf 90' lang='lat' dir='ltr'><strong>pessimum</strong></span> <span class='ocrx_word' id='word_1_332' title='bbox 1220 2659 1309 2712; x_wconf 89' lang='lat' dir='ltr'><strong>est</strong></span> <span class='ocrx_word' id='word_1_333' title='bbox 1355 2655 1748 2713; x_wconf 87' lang='lat' dir='ltr'><strong>simulationis</strong></span> 
     </span>
    </p>
   </div>
   <div class='ocr_carea' id='block_1_39' title="bbox 89 2741 1783 2829">
    <p class='ocr_par' dir='ltr' id='par_1_39' title="bbox 89 2741 1783 2829">
     <span class='ocr_line' id='line_1_40' title="bbox 89 2741 1783 2829; baseline 0.003 -31"><span class='ocrx_word' id='word_1_334' title='bbox 89 2741 437 2829; x_wconf 73' lang='lat' dir='ltr'><strong>duplicitas;</strong></span> <span class='ocrx_word' id='word_1_335' title='bbox 497 2743 849 2825; x_wconf 81' lang='lat' dir='ltr'><strong>fermentum</strong></span> <span class='ocrx_word' id='word_1_336' title='bbox 908 2744 1146 2800; x_wconf 90' lang='lat' dir='ltr'><strong>noxium</strong></span> <span class='ocrx_word' id='word_1_337' title='bbox 1193 2749 1283 2800; x_wconf 89' lang='lat' dir='ltr'><strong>est</strong></span> <span class='ocrx_word' id='word_1_338' title='bbox 1330 2744 1601 2801; x_wconf 87' lang='lat' dir='ltr'><strong>falsitatis</strong></span> <span class='ocrx_word' id='word_1_339' title='bbox 1648 2763 1783 2803; x_wconf 63' lang='lat' dir='ltr'><strong>vo-,</strong></span> 
     </span>
    </p>
   </div>
   <div class='ocr_carea' id='block_1_40' title="bbox 88 2820 1745 2908">
    <p class='ocr_par' dir='ltr' id='par_1_40' title="bbox 88 2820 1745 2908">
     <span class='ocr_line' id='line_1_41' title="bbox 88 2820 1745 2908; baseline 0.002 -21"><span class='ocrx_word' id='word_1_340' title='bbox 88 2820 315 2908; x_wconf 54' lang='lat' dir='ltr'><strong>lu&#39;ptas.</strong></span> <span class='ocrx_word' id='word_1_341' title='bbox 347 2820 723 2888; x_wconf 85' lang='lat' dir='ltr'><strong>Fermentum</strong></span> <span class='ocrx_word' id='word_1_342' title='bbox 768 2831 924 2889; x_wconf 89' lang='lat' dir='ltr'><strong>enim</strong></span> <span class='ocrx_word' id='word_1_343' title='bbox 974 2850 1110 2889; x_wconf 90' lang='lat' dir='ltr'><strong>cum</strong></span> <span class='ocrx_word' id='word_1_344' title='bbox 1140 2851 1174 2889; x_wconf 89' lang='lat' dir='ltr'><strong>a</strong></span> <span class='ocrx_word' id='word_1_345' title='bbox 1202 2834 1421 2890; x_wconf 87' lang='lat' dir='ltr'><strong>fervore</strong></span> <span class='ocrx_word' id='word_1_346' title='bbox 1450 2835 1528 2889; x_wconf 89' lang='lat' dir='ltr'><strong>sit</strong></span> <span class='ocrx_word' id='word_1_347' title='bbox 1557 2834 1745 2890; x_wconf 89' lang='lat' dir='ltr'><strong>nomi-</strong></span> 
     </span>
    </p>
   </div>
   <div class='ocr_carea' id='block_1_41' title="bbox 91 2916 1783 2999">
    <p class='ocr_par' dir='ltr' id='par_1_41' title="bbox 91 2916 1783 2999">
     <span class='ocr_line' id='line_1_42' title="bbox 91 2916 1783 2999; baseline 0.004 -22"><span class='ocrx_word' id='word_1_348' title='bbox 91 2916 331 2999; x_wconf 74' lang='lat' dir='ltr'><strong>natum;</strong></span> <span class='ocrx_word' id='word_1_349' title='bbox 363 2920 559 2993; x_wconf 87' lang='lat' dir='ltr'><strong>ipsam</strong></span> <span class='ocrx_word' id='word_1_350' title='bbox 599 2921 908 2989; x_wconf 80' lang='lat' dir='ltr'><strong>malitiam,</strong></span> <span class='ocrx_word' id='word_1_351' title='bbox 939 2920 1128 2995; x_wconf 89' lang='lat' dir='ltr'><strong>ipsam</strong></span> <span class='ocrx_word' id='word_1_352' title='bbox 1178 2923 1522 2995; x_wconf 86' lang='lat' dir='ltr'><strong>nequitiam,</strong></span> <span class='ocrx_word' id='word_1_353' title='bbox 1554 2922 1744 2996; x_wconf 88' lang='lat' dir='ltr'><strong>ipsam</strong></span> <span class='ocrx_word' id='word_1_354' title='bbox 1776 2978 1783 2983; x_wconf 88' lang='lat'><strong>.</strong></span> 
     </span>
    </p>
   </div>
   <div class='ocr_carea' id='block_1_42' title="bbox 87 3010 1747 3083">
    <p class='ocr_par' dir='ltr' id='par_1_42' title="bbox 87 3010 1747 3083">
     <span class='ocr_line' id='line_1_43' title="bbox 87 3010 1747 3083; baseline 0.002 -18"><span class='ocrx_word' id='word_1_355' title='bbox 87 3010 303 3066; x_wconf 86' lang='lat' dir='ltr'><strong>veteris</strong></span> <span class='ocrx_word' id='word_1_356' title='bbox 348 3010 484 3065; x_wconf 84' lang='lat' dir='ltr'><strong>Adae</strong></span> <span class='ocrx_word' id='word_1_357' title='bbox 537 3027 673 3066; x_wconf 91' lang='lat' dir='ltr'><strong>cum</strong></span> <span class='ocrx_word' id='word_1_358' title='bbox 726 3010 1060 3067; x_wconf 87' lang='lat' dir='ltr'><strong>universam</strong></span> <span class='ocrx_word' id='word_1_359' title='bbox 1110 3011 1401 3083; x_wconf 83' lang='lat' dir='ltr'><strong>nominari</strong></span> <span class='ocrx_word' id='word_1_360' title='bbox 1446 3011 1747 3069; x_wconf 87' lang='lat' dir='ltr'><strong>valeamus</strong></span> 
     </span>
    </p>
   </div>
   <div class='ocr_carea' id='block_1_43' title="bbox 90 3087 1746 3174">
    <p class='ocr_par' dir='ltr' id='par_1_43' title="bbox 90 3087 1746 3174">
     <span class='ocr_line' id='line_1_44' title="bbox 90 3087 1746 3174; baseline 0.002 -20"><span class='ocrx_word' id='word_1_361' title='bbox 90 3089 419 3173; x_wconf 76' lang='lat' dir='ltr'><strong>intelligere</strong></span> <span class='ocrx_word' id='word_1_362' title='bbox 458 3087 963 3170; x_wconf 58' lang='lat' dir='ltr'><strong>consuetudinem:</strong></span> <span class='ocrx_word' id='word_1_363' title='bbox 996 3100 1221 3157; x_wconf 90' lang='lat' dir='ltr'><strong>nullam</strong></span> <span class='ocrx_word' id='word_1_364' title='bbox 1266 3102 1453 3174; x_wconf 81' lang='lat' dir='ltr'><strong>magis</strong></span> <span class='ocrx_word' id='word_1_365' title='bbox 1483 3100 1746 3159; x_wconf 86' lang='lat' dir='ltr'><strong>valemus</strong></span> 
     </span>
    </p>
   </div>
   <div class='ocr_carea' id='block_1_44' title="bbox 90 3188 1781 3265">
    <p class='ocr_par' dir='ltr' id='par_1_44' title="bbox 90 3188 1781 3265">
     <span class='ocr_line' id='line_1_45' title="bbox 90 3188 1781 3265; baseline 0.001 -21"><span class='ocrx_word' id='word_1_366' title='bbox 90 3188 400 3265; x_wconf 76' lang='lat' dir='ltr'><strong>conjicere,</strong></span> <span class='ocrx_word' id='word_1_367' title='bbox 426 3204 606 3260; x_wconf 90' lang='lat' dir='ltr'><strong>quam</strong></span> <span class='ocrx_word' id='word_1_368' title='bbox 648 3189 999 3245; x_wconf 88' lang='lat' dir='ltr'><strong>contrariam</strong></span> <span class='ocrx_word' id='word_1_369' title='bbox 1057 3190 1377 3246; x_wconf 86' lang='lat' dir='ltr'><strong>sinceritati</strong></span> <span class='ocrx_word' id='word_1_370' title='bbox 1422 3194 1479 3247; x_wconf 90' lang='lat' dir='ltr'><strong>et</strong></span> <span class='ocrx_word' id='word_1_371' title='bbox 1517 3189 1745 3246; x_wconf 85' lang='lat' dir='ltr'><strong>veritati</strong></span> <span class='ocrx_word' id='word_1_372' title='bbox 1776 3246 1781 3265; x_wconf 21' lang='grc' dir='ltr'>ἶ</span> 
     </span>
    </p>
   </div>
   <div class='ocr_carea' id='block_1_45' title="bbox 89 3251 1819 3355">
    <p class='ocr_par' dir='ltr' id='par_1_45' title="bbox 89 3251 1819 3355">
     <span class='ocr_line' id='line_1_46' title="bbox 89 3251 1819 3355; baseline 0.002 -22"><span class='ocrx_word' id='word_1_373' title='bbox 89 3251 462 3351; x_wconf 47' lang='lat' dir='ltr'><strong>magistram-</strong></span> <span class='ocrx_word' id='word_1_374' title='bbox 494 3277 819 3350; x_wconf 84' lang='lat' dir='ltr'><strong>decipiendi</strong></span> <span class='ocrx_word' id='word_1_375' title='bbox 877 3278 1208 3355; x_wconf 84' lang='lat' dir='ltr'><strong>proximum</strong></span> <span class='ocrx_word' id='word_1_376' title='bbox 1255 3279 1579 3349; x_wconf 88' lang='lat' dir='ltr'><strong>fallaciam;</strong></span> <span class='ocrx_word' id='word_1_377' title='bbox 1630 3297 1747 3352; x_wconf 88' lang='lat' dir='ltr'><strong>qua</strong></span> <span class='ocrx_word' id='word_1_378' title='bbox 1775 3251 1819 3320; x_wconf 63' lang='grc' dir='ltr'>α</span> 
     </span>
    </p>
   </div>
   <div class='ocr_carea' id='block_1_46' title="bbox 91 3365 1747 3440">
    <p class='ocr_par' dir='ltr' id='par_1_46' title="bbox 91 3365 1747 3440">
     <span class='ocr_line' id='line_1_47' title="bbox 91 3365 1747 3440; baseline 0.001 -18"><span class='ocrx_word' id='word_1_379' title='bbox 91 3367 299 3438; x_wconf 90' lang='lat' dir='ltr'><strong>utique</strong></span> <span class='ocrx_word' id='word_1_380' title='bbox 319 3365 844 3440; x_wconf 84' lang='lat' dir='ltr'><strong>inextinguibiliter</strong></span> <span class='ocrx_word' id='word_1_381' title='bbox 862 3366 1365 3424; x_wconf 87' lang='lat' dir='ltr'><strong>fraudulentorum</strong></span> <span class='ocrx_word' id='word_1_382' title='bbox 1393 3372 1602 3425; x_wconf 61' lang='lat' dir='ltr'><strong>aestuat</strong></span> <span class='ocrx_word' id='word_1_383' title='bbox 1627 3369 1747 3424; x_wconf 88' lang='lat' dir='ltr'><strong>ani-</strong></span> 
     </span>
    </p>
   </div>
   <div class='ocr_carea' id='block_1_47' title="bbox 91 3440 1744 3530">
    <p class='ocr_par' dir='ltr' id='par_1_47' title="bbox 91 3440 1744 3530">
     <span class='ocr_line' id='line_1_48' title="bbox 91 3440 1744 3530; baseline 0.002 -20"><span class='ocrx_word' id='word_1_384' title='bbox 91 3440 246 3512; x_wconf 87' lang='lat' dir='ltr'><strong>mus.</strong></span> <span class='ocrx_word' id='word_1_385' title='bbox 302 3455 439 3528; x_wconf 86' lang='lat' dir='ltr'><strong>Ipsa</strong></span> <span class='ocrx_word' id='word_1_386' title='bbox 490 3444 690 3529; x_wconf 86' lang='lat' dir='ltr'><strong>itaque</strong></span> <span class='ocrx_word' id='word_1_387' title='bbox 746 3472 881 3530; x_wconf 85' lang='lat' dir='ltr'><strong>cum</strong></span> <span class='ocrx_word' id='word_1_388' title='bbox 942 3457 1194 3512; x_wconf 85' lang='lat' dir='ltr'><strong>maxime</strong></span> <span class='ocrx_word' id='word_1_389' title='bbox 1250 3457 1470 3512; x_wconf 86' lang='lat' dir='ltr'><strong>nitatur</strong></span> <span class='ocrx_word' id='word_1_390' title='bbox 1521 3457 1744 3513; x_wconf 91' lang='lat' dir='ltr'><strong>malum</strong></span> 
     </span>
    </p>
   </div>
   <div class='ocr_carea' id='block_1_48' title="bbox 92 3543 1787 3631">
    <p class='ocr_par' dir='ltr' id='par_1_48' title="bbox 92 3543 1787 3631">
     <span class='ocr_line' id='line_1_49' title="bbox 92 3543 1787 3631; baseline 0.002 -31"><span class='ocrx_word' id='word_1_391' title='bbox 92 3543 397 3627; x_wconf 84' lang='lat' dir='ltr'><strong>quodlibet</strong></span> <span class='ocrx_word' id='word_1_392' title='bbox 426 3545 799 3616; x_wconf 87' lang='lat' dir='ltr'><strong>perpetrandi</strong></span> <span class='ocrx_word' id='word_1_393' title='bbox 827 3544 1129 3613; x_wconf 90' lang='lat' dir='ltr'><strong>voluntas;</strong></span> <span class='ocrx_word' id='word_1_394' title='bbox 1162 3546 1452 3603; x_wconf 87' lang='lat' dir='ltr'><strong>abstineat</strong></span> <span class='ocrx_word' id='word_1_395' title='bbox 1479 3549 1642 3621; x_wconf 86' lang='lat' dir='ltr'><strong>tanto</strong></span> <span class='ocrx_word' id='word_1_396' title='bbox 1670 3547 1744 3603; x_wconf 90' lang='lat' dir='ltr'><strong>ab</strong></span> <span class='ocrx_word' id='word_1_397' title='bbox 1782 3626 1787 3631; x_wconf 17' lang='grc' dir='ltr'>ι</span> 
     </span>
    </p>
   </div>
   <div class='ocr_carea' id='block_1_49' title="bbox 90 3631 1740 3708">
    <p class='ocr_par' dir='ltr' id='par_1_49' title="bbox 90 3631 1740 3708">
     <span class='ocr_line' id='line_1_50' title="bbox 90 3631 1740 3708; baseline 0.002 -19"><span class='ocrx_word' id='word_1_398' title='bbox 90 3650 177 3703; x_wconf 90' lang='lat' dir='ltr'><strong>ea,</strong></span> <span class='ocrx_word' id='word_1_399' title='bbox 206 3631 266 3689; x_wconf 88' lang='lat' dir='ltr'><strong>id</strong></span> <span class='ocrx_word' id='word_1_400' title='bbox 300 3635 390 3689; x_wconf 85' lang='lat' dir='ltr'><strong>est</strong></span> <span class='ocrx_word' id='word_1_401' title='bbox 419 3631 671 3703; x_wconf 89' lang='lat' dir='ltr'><strong>fallacia,</strong></span> <span class='ocrx_word' id='word_1_402' title='bbox 713 3638 926 3703; x_wconf 89' lang='lat' dir='ltr'><strong>vestra,</strong></span> <span class='ocrx_word' id='word_1_403' title='bbox 960 3634 1355 3708; x_wconf 89' lang='lat' dir='ltr'><strong>suggerimus,</strong></span> <span class='ocrx_word' id='word_1_404' title='bbox 1388 3634 1740 3704; x_wconf 87' lang='lat' dir='ltr'><strong>fraternitas,</strong></span> 
     </span>
    </p>
   </div>
   <div class='ocr_carea' id='block_1_50' title="bbox 92 3720 1744 3797">
    <p class='ocr_par' dir='ltr' id='par_1_50' title="bbox 92 3720 1744 3797">
     <span class='ocr_line' id='line_1_51' title="bbox 92 3720 1744 3797; baseline 0.002 -20"><span class='ocrx_word' id='word_1_405' title='bbox 92 3725 325 3794; x_wconf 10' lang='lat' dir='ltr'><strong>quanto,</strong></span> <span class='ocrx_word' id='word_1_406' title='bbox 355 3720 469 3778; x_wconf 91' lang='lat' dir='ltr'><strong>hac</strong></span> <span class='ocrx_word' id='word_1_407' title='bbox 511 3722 715 3797; x_wconf 77' lang='lat' dir='ltr'><strong>magis</strong></span> <span class='ocrx_word' id='word_1_408' title='bbox 749 3722 1066 3778; x_wconf 72' lang='lat' dir='ltr'><strong>offenditur</strong></span> <span class='ocrx_word' id='word_1_409' title='bbox 1110 3723 1307 3779; x_wconf 85' lang='lat' dir='ltr'><strong>divina</strong></span> <span class='ocrx_word' id='word_1_410' title='bbox 1353 3725 1652 3797; x_wconf 88' lang='lat' dir='ltr'><strong>majestas,</strong></span> <span class='ocrx_word' id='word_1_411' title='bbox 1687 3727 1744 3781; x_wconf 89' lang='lat' dir='ltr'><strong>et</strong></span> 
     </span>
    </p>
   </div>
   <div class='ocr_carea' id='block_1_51' title="bbox 93 3809 1740 3883">
    <p class='ocr_par' dir='ltr' id='par_1_51' title="bbox 93 3809 1740 3883">
     <span class='ocr_line' id='line_1_52' title="bbox 93 3809 1740 3883; baseline 0.002 -16"><span class='ocrx_word' id='word_1_412' title='bbox 93 3812 438 3883; x_wconf 70' lang='lat' dir='ltr'><strong>deturpatiIr</strong></span> <span class='ocrx_word' id='word_1_413' title='bbox 467 3809 760 3883; x_wconf 88' lang='lat' dir='ltr'><strong>paschalis</strong></span> <span class='ocrx_word' id='word_1_414' title='bbox 788 3810 1086 3868; x_wconf 78' lang='lat' dir='ltr'><strong>honestas.</strong></span> <span class='ocrx_word' id='word_1_415' title='bbox 1113 3811 1425 3883; x_wconf 6' lang='lat' dir='ltr'><strong>Nisigenim</strong></span> <span class='ocrx_word' id='word_1_416' title='bbox 1457 3812 1540 3868; x_wconf 91' lang='lat' dir='ltr'><strong>ita</strong></span> <span class='ocrx_word' id='word_1_417' title='bbox 1567 3817 1740 3882; x_wconf 87' lang='lat' dir='ltr'><strong>esset,</strong></span> 
     </span>
    </p>
   </div>
   <div class='ocr_carea' id='block_1_52' title="bbox 94 3899 1742 3976">
    <p class='ocr_par' dir='ltr' id='par_1_52' title="bbox 94 3899 1742 3976">
     <span class='ocr_line' id='line_1_53' title="bbox 94 3899 1742 3976; baseline 0.002 -21"><span class='ocrx_word' id='word_1_418' title='bbox 94 3916 469 3974; x_wconf 87' lang='lat' dir='ltr'><strong>nequaquam</strong></span> <span class='ocrx_word' id='word_1_419' title='bbox 498 3900 838 3975; x_wconf 22' lang='lat' dir='ltr'><strong>,Apostolus</strong></span> <span class='ocrx_word' id='word_1_420' title='bbox 895 3904 953 3956; x_wconf 91' lang='lat' dir='ltr'><strong>et</strong></span> <span class='ocrx_word' id='word_1_421' title='bbox 1008 3899 1431 3957; x_wconf 88' lang='lat' dir='ltr'><strong>contrariorum</strong></span> <span class='ocrx_word' id='word_1_422' title='bbox 1483 3901 1742 3976; x_wconf 89' lang='lat' dir='ltr'><strong>prohibi-</strong></span> 
     </span>
    </p>
   </div>
   <div class='ocr_carea' id='block_1_53' title="bbox 94 3988 1745 4063">
    <p class='ocr_par' dir='ltr' id='par_1_53' title="bbox 94 3988 1745 4063">
     <span class='ocr_line' id='line_1_54' title="bbox 94 3988 1745 4063; baseline 0.002 -19"><span class='ocrx_word' id='word_1_423' title='bbox 94 3989 272 4055; x_wconf 91' lang='lat' dir='ltr'><strong>tione,</strong></span> <span class='ocrx_word' id='word_1_424' title='bbox 303 3993 362 4044; x_wconf 86' lang='lat' dir='ltr'><strong>et</strong></span> <span class='ocrx_word' id='word_1_425' title='bbox 389 3988 652 4062; x_wconf 87' lang='lat' dir='ltr'><strong>ipsarum</strong></span> <span class='ocrx_word' id='word_1_426' title='bbox 700 3990 1088 4063; x_wconf 76' lang='lat' dir='ltr'><strong>praeceptione</strong></span> <span class='ocrx_word' id='word_1_427' title='bbox 1127 3991 1362 4047; x_wconf 90' lang='lat' dir='ltr'><strong>easdem</strong></span> <span class='ocrx_word' id='word_1_428' title='bbox 1394 3991 1544 4047; x_wconf 88' lang='lat' dir='ltr'><strong>duas</strong></span> <span class='ocrx_word' id='word_1_429' title='bbox 1591 3992 1745 4047; x_wconf 84' lang='lat' dir='ltr'><strong>inso-</strong></span> 
     </span>
    </p>
   </div>
   <div class='ocr_carea' id='block_1_54' title="bbox 93 4077 1740 4151">
    <p class='ocr_par' dir='ltr' id='par_1_54' title="bbox 93 4077 1740 4151">
     <span class='ocr_line' id='line_1_55' title="bbox 93 4077 1740 4151; baseline 0.002 -17"><span class='ocrx_word' id='word_1_430' title='bbox 93 4078 303 4135; x_wconf 90' lang='lat' dir='ltr'><strong>lubiles</strong></span> <span class='ocrx_word' id='word_1_431' title='bbox 333 4077 602 4147; x_wconf 88' lang='lat' dir='ltr'><strong>virtutes,</strong></span> <span class='ocrx_word' id='word_1_432' title='bbox 634 4078 693 4134; x_wconf 92' lang='lat' dir='ltr'><strong>id</strong></span> <span class='ocrx_word' id='word_1_433' title='bbox 737 4083 847 4148; x_wconf 90' lang='lat' dir='ltr'><strong>est,</strong></span> <span class='ocrx_word' id='word_1_434' title='bbox 880 4078 1275 4151; x_wconf 87' lang='lat' dir='ltr'><strong>sinceritatem</strong></span> <span class='ocrx_word' id='word_1_435' title='bbox 1318 4084 1377 4135; x_wconf 92' lang='lat' dir='ltr'><strong>et</strong></span> <span class='ocrx_word' id='word_1_436' title='bbox 1416 4080 1740 4149; x_wconf 87' lang='lat' dir='ltr'><strong>veritatem,</strong></span> 
     </span>
    </p>
   </div>
   <div class='ocr_carea' id='block_1_55' title="bbox 92 4166 1741 4241">
    <p class='ocr_par' dir='ltr' id='par_1_55' title="bbox 92 4166 1741 4241">
     <span class='ocr_line' id='line_1_56' title="bbox 92 4166 1741 4241; baseline 0.002 -18"><span class='ocrx_word' id='word_1_437' title='bbox 92 4168 153 4224; x_wconf 89' lang='lat' dir='ltr'><strong>in</strong></span> <span class='ocrx_word' id='word_1_438' title='bbox 196 4166 493 4241; x_wconf 85' lang='lat' dir='ltr'><strong>paschalis</strong></span> <span class='ocrx_word' id='word_1_439' title='bbox 543 4167 677 4224; x_wconf 79' lang='lat' dir='ltr'><strong>festi</strong></span> <span class='ocrx_word' id='word_1_440' title='bbox 733 4168 923 4241; x_wconf 91' lang='lat' dir='ltr'><strong>epulis</strong></span> <span class='ocrx_word' id='word_1_441' title='bbox 977 4172 1279 4241; x_wconf 89' lang='lat' dir='ltr'><strong>tantopere</strong></span> <span class='ocrx_word' id='word_1_442' title='bbox 1337 4171 1741 4226; x_wconf 88' lang='lat' dir='ltr'><strong>commendas-</strong></span> 
     </span>
    </p>
   </div>
   <div class='ocr_carea' id='block_1_56' title="bbox 96 4246 1742 4335">
    <p class='ocr_par' dir='ltr' id='par_1_56' title="bbox 96 4246 1742 4335">
     <span class='ocr_line' id='line_1_57' title="bbox 96 4246 1742 4335; baseline 0.001 -21"><span class='ocrx_word' id='word_1_443' title='bbox 96 4260 201 4335; x_wconf 85' lang='lat' dir='ltr'><strong>set,</strong></span> <span class='ocrx_word' id='word_1_444' title='bbox 223 4255 471 4312; x_wconf 84' lang='lat' dir='ltr'><strong>diversis</strong></span> <span class='ocrx_word' id='word_1_445' title='bbox 509 4246 807 4313; x_wconf 79' lang='lat' dir='ltr'><strong>vocabulis</strong></span> <span class='ocrx_word' id='word_1_446' title='bbox 858 4258 1062 4313; x_wconf 90' lang='lat' dir='ltr'><strong>eadem</strong></span> <span class='ocrx_word' id='word_1_447' title='bbox 1106 4259 1419 4331; x_wconf 89' lang='lat' dir='ltr'><strong>repetendo</strong></span> <span class='ocrx_word' id='word_1_448' title='bbox 1449 4263 1621 4332; x_wconf 87' lang='lat' dir='ltr'><strong>atque</strong></span> <span class='ocrx_word' id='word_1_449' title='bbox 1653 4259 1742 4315; x_wconf 91' lang='lat' dir='ltr'><strong>di-</strong></span> 
     </span>
    </p>
   </div>
   <div class='ocr_carea' id='block_1_57' title="bbox 96 4346 1736 4421">
    <p class='ocr_par' dir='ltr' id='par_1_57' title="bbox 96 4346 1736 4421">
     <span class='ocr_line' id='line_1_58' title="bbox 96 4346 1736 4421; baseline 0 -18"><span class='ocrx_word' id='word_1_450' title='bbox 96 4346 273 4403; x_wconf 86' lang='lat' dir='ltr'><strong>cendo</strong></span> <span class='ocrx_word' id='word_1_451' title='bbox 308 4364 323 4402; x_wconf 89' lang='lat'>:</span> <span class='ocrx_word' id='word_1_452' title='bbox 358 4348 542 4418; x_wconf 85' lang='lat' dir='ltr'><strong>Itaque</strong></span> <span class='ocrx_word' id='word_1_453' title='bbox 581 4347 868 4419; x_wconf 86' lang='lat' dir='ltr'><strong>epulemur</strong></span> <span class='ocrx_word' id='word_1_454' title='bbox 902 4363 1012 4402; x_wconf 85' lang='lat' dir='ltr'><strong>non</strong></span> <span class='ocrx_word' id='word_1_455' title='bbox 1044 4349 1105 4402; x_wconf 88' lang='lat' dir='ltr'><strong>in</strong></span> <span class='ocrx_word' id='word_1_456' title='bbox 1131 4349 1395 4421; x_wconf 80' lang='lat' dir='ltr'><strong>fermento</strong></span> <span class='ocrx_word' id='word_1_457' title='bbox 1422 4350 1610 4417; x_wconf 83' lang='lat' dir='ltr'><strong>veteri,</strong></span> <span class='ocrx_word' id='word_1_458' title='bbox 1642 4365 1736 4403; x_wconf 88' lang='lat' dir='ltr'><strong>ne-</strong></span> 
     </span>
    </p>
   </div>
   <div class='ocr_carea' id='block_1_58' title="bbox 94 4424 1741 4509">
    <p class='ocr_par' dir='ltr' id='par_1_58' title="bbox 94 4424 1741 4509">
     <span class='ocr_line' id='line_1_59' title="bbox 94 4424 1741 4509; baseline 0.001 -18"><span class='ocrx_word' id='word_1_459' title='bbox 94 4424 195 4509; x_wconf 88' lang='lat' dir='ltr'><strong>que</strong></span> <span class='ocrx_word' id='word_1_460' title='bbox 222 4436 282 4490; x_wconf 86' lang='lat' dir='ltr'><strong>in</strong></span> <span class='ocrx_word' id='word_1_461' title='bbox 308 4435 576 4506; x_wconf 85' lang='lat' dir='ltr'><strong>fermento</strong></span> <span class='ocrx_word' id='word_1_462' title='bbox 622 4437 862 4493; x_wconf 69' lang='lat' dir='ltr'><strong>malitiae</strong></span> <span class='ocrx_word' id='word_1_463' title='bbox 895 4440 946 4491; x_wconf 90' lang='lat' dir='ltr'><strong>et</strong></span> <span class='ocrx_word' id='word_1_464' title='bbox 972 4438 1254 4509; x_wconf 63' lang='lat' dir='ltr'><strong>nequitiae,</strong></span> <span class='ocrx_word' id='word_1_465' title='bbox 1284 4437 1379 4493; x_wconf 83' lang='lat' dir='ltr'><strong>sed</strong></span> <span class='ocrx_word' id='word_1_466' title='bbox 1421 4439 1483 4493; x_wconf 86' lang='lat' dir='ltr'><strong>in</strong></span> <span class='ocrx_word' id='word_1_467' title='bbox 1529 4439 1741 4509; x_wconf 68' lang='lat' dir='ltr'><strong>azymis</strong></span> 
     </span>
    </p>
   </div>
   <div class='ocr_carea' id='block_1_59' title="bbox 94 4525 1739 4599">
    <p class='ocr_par' dir='ltr' id='par_1_59' title="bbox 94 4525 1739 4599">
     <span class='ocr_line' id='line_1_60' title="bbox 94 4525 1739 4599; baseline 0.001 -18"><span class='ocrx_word' id='word_1_468' title='bbox 94 4525 424 4595; x_wconf 72' lang='lat' dir='ltr'><strong>sinceritatis</strong></span> <span class='ocrx_word' id='word_1_469' title='bbox 478 4532 530 4580; x_wconf 90' lang='lat' dir='ltr'><strong>et</strong></span> <span class='ocrx_word' id='word_1_470' title='bbox 581 4526 834 4597; x_wconf 68' lang='lat' dir='ltr'><strong>ueritatis</strong></span> <span class='ocrx_word' id='word_1_471' title='bbox 880 4525 928 4597; x_wconf 95' lang='grc' dir='ltr'><strong>(Ι</strong></span> <span class='ocrx_word' id='word_1_472' title='bbox 953 4528 1078 4582; x_wconf 82' lang='lat' dir='ltr'><strong>Cor.</strong></span> <span class='ocrx_word' id='word_1_473' title='bbox 1106 4543 1161 4593; x_wconf 92' lang='lat' dir='ltr'><strong>v,</strong></span> <span class='ocrx_word' id='word_1_474' title='bbox 1187 4526 1266 4599; x_wconf 88' lang='lat'><strong>7).</strong></span> <span class='ocrx_word' id='word_1_475' title='bbox 1307 4527 1534 4582; x_wconf 90' lang='lat' dir='ltr'><strong>Nedum</strong></span> <span class='ocrx_word' id='word_1_476' title='bbox 1583 4527 1739 4583; x_wconf 91' lang='lat' dir='ltr'><strong>enim</strong></span> 
     </span>
    </p>
   </div>
   <div class='ocr_carea' id='block_1_60' title="bbox 1857 2400 3506 2480">
    <p class='ocr_par' dir='ltr' id='par_1_60' title="bbox 1857 2400 3506 2480">
     <span class='ocr_line' id='line_1_61' title="bbox 1857 2400 3506 2480; baseline 0.01 -28"><span class='ocrx_word' id='word_1_477' title='bbox 1857 2400 1946 2452; x_wconf 89' lang='lat' dir='ltr'><strong>est</strong></span> <span class='ocrx_word' id='word_1_478' title='bbox 1974 2400 2237 2473; x_wconf 87' lang='lat' dir='ltr'><strong>exempla</strong></span> <span class='ocrx_word' id='word_1_479' title='bbox 2267 2408 2602 2462; x_wconf 87' lang='lat' dir='ltr'><strong>sanctorum</strong></span> <span class='ocrx_word' id='word_1_480' title='bbox 2633 2400 2731 2480; x_wconf 84' lang='lat' dir='ltr'><strong>qui</strong></span> <span class='ocrx_word' id='word_1_481' title='bbox 2747 2408 2873 2480; x_wconf 90' lang='lat' dir='ltr'><strong>jam</strong></span> <span class='ocrx_word' id='word_1_482' title='bbox 2896 2411 2955 2464; x_wconf 93' lang='lat' dir='ltr'><strong>in</strong></span> <span class='ocrx_word' id='word_1_483' title='bbox 2979 2410 3208 2467; x_wconf 89' lang='lat' dir='ltr'><strong>Christo</strong></span> <span class='ocrx_word' id='word_1_484' title='bbox 3234 2412 3506 2469; x_wconf 90' lang='lat' dir='ltr'><strong>obierunt</strong></span> 
     </span>
    </p>
   </div>
   <div class='ocr_carea' id='block_1_61' title="bbox 1858 2485 3507 2572">
    <p class='ocr_par' dir='ltr' id='par_1_61' title="bbox 1858 2485 3507 2572">
     <span class='ocr_line' id='line_1_62' title="bbox 1858 2485 3507 2572; baseline 0.01 -33"><span class='ocrx_word' id='word_1_485' title='bbox 1858 2485 2125 2556; x_wconf 89' lang='lat' dir='ltr'><strong>Patrum;</strong></span> <span class='ocrx_word' id='word_1_486' title='bbox 2176 2492 2289 2572; x_wconf 33' lang='lat' dir='ltr'><strong>qui,</strong></span> <span class='ocrx_word' id='word_1_487' title='bbox 2332 2510 2446 2549; x_wconf 90' lang='lat' dir='ltr'><strong>non</strong></span> <span class='ocrx_word' id='word_1_488' title='bbox 2506 2513 2568 2552; x_wconf 91' lang='lat' dir='ltr'><strong>se</strong></span> <span class='ocrx_word' id='word_1_489' title='bbox 2622 2497 2829 2555; x_wconf 88' lang='lat' dir='ltr'><strong>baculo</strong></span> <span class='ocrx_word' id='word_1_490' title='bbox 2890 2500 3194 2572; x_wconf 88' lang='lat' dir='ltr'><strong>regiminis</strong></span> <span class='ocrx_word' id='word_1_491' title='bbox 3249 2501 3507 2561; x_wconf 87' lang='lat' dir='ltr'><strong>defendit</strong></span> 
     </span>
    </p>
   </div>
   <div class='ocr_carea' id='block_1_62' title="bbox 1857 2570 3545 2667">
    <p class='ocr_par' dir='ltr' id='par_1_62' title="bbox 1857 2570 3545 2667">
     <span class='ocr_line' id='line_1_63' title="bbox 1857 2570 3545 2667; baseline 0.011 -39"><span class='ocrx_word' id='word_1_492' title='bbox 1857 2578 2060 2632; x_wconf 87' lang='lat' dir='ltr'><strong>contra</strong></span> <span class='ocrx_word' id='word_1_493' title='bbox 2085 2570 2411 2652; x_wconf 83' lang='lat' dir='ltr'><strong>rugientem</strong></span> <span class='ocrx_word' id='word_1_494' title='bbox 2442 2582 2699 2657; x_wconf 75' lang='lat' dir='ltr'><strong>leonem,</strong></span> <span class='ocrx_word' id='word_1_495' title='bbox 2714 2586 2771 2641; x_wconf 93' lang='lat' dir='ltr'><strong>id</strong></span> <span class='ocrx_word' id='word_1_496' title='bbox 2801 2590 2907 2653; x_wconf 89' lang='lat' dir='ltr'><strong>est,</strong></span> <span class='ocrx_word' id='word_1_497' title='bbox 2932 2570 3285 2660; x_wconf 66' lang='lat' dir='ltr'><strong>quaerentem</strong></span> <span class='ocrx_word' id='word_1_498' title='bbox 3318 2608 3380 2647; x_wconf 90' lang='lat' dir='ltr'><strong>se</strong></span> <span class='ocrx_word' id='word_1_499' title='bbox 3410 2591 3507 2646; x_wconf 92' lang='lat' dir='ltr'><strong>de-</strong></span> <span class='ocrx_word' id='word_1_500' title='bbox 3538 2662 3545 2667; x_wconf 28' lang='grc'><strong><em>1</em></strong></span> 
     </span>
    </p>
   </div>
   <div class='ocr_carea' id='block_1_63' title="bbox 1855 2666 3504 2749">
    <p class='ocr_par' dir='ltr' id='par_1_63' title="bbox 1855 2666 3504 2749">
     <span class='ocr_line' id='line_1_64' title="bbox 1855 2666 3504 2749; baseline 0.01 -32"><span class='ocrx_word' id='word_1_501' title='bbox 1855 2679 2057 2735; x_wconf 87' lang='lat' dir='ltr'><strong>vorare</strong></span> <span class='ocrx_word' id='word_1_502' title='bbox 2086 2666 2416 2741; x_wconf 88' lang='lat' dir='ltr'><strong>diabolum;</strong></span> <span class='ocrx_word' id='word_1_503' title='bbox 2452 2674 2552 2745; x_wconf 88' lang='lat' dir='ltr'><strong>qui</strong></span> <span class='ocrx_word' id='word_1_504' title='bbox 2594 2674 2689 2746; x_wconf 92' lang='lat' dir='ltr'><strong>pio</strong></span> <span class='ocrx_word' id='word_1_505' title='bbox 2721 2676 3010 2732; x_wconf 91' lang='lat' dir='ltr'><strong>desiderio</strong></span> <span class='ocrx_word' id='word_1_506' title='bbox 3043 2694 3158 2733; x_wconf 89' lang='lat' dir='ltr'><strong>non</strong></span> <span class='ocrx_word' id='word_1_507' title='bbox 3190 2678 3504 2749; x_wconf 86' lang='lat' dir='ltr'><strong>festinavit,</strong></span> 
     </span>
    </p>
   </div>
   <div class='ocr_carea' id='block_1_64' title="bbox 1856 2751 3513 2841">
    <p class='ocr_par' dir='ltr' id='par_1_64' title="bbox 1856 2751 3513 2841">
     <span class='ocr_line' id='line_1_65' title="bbox 1856 2751 3513 2841; baseline 0.011 -35"><span class='ocrx_word' id='word_1_508' title='bbox 1856 2751 1914 2806; x_wconf 91' lang='lat' dir='ltr'><strong>id</strong></span> <span class='ocrx_word' id='word_1_509' title='bbox 1940 2758 2047 2823; x_wconf 80' lang='lat' dir='ltr'><strong>est,</strong></span> <span class='ocrx_word' id='word_1_510' title='bbox 2082 2772 2197 2823; x_wconf 87' lang='lat' dir='ltr'><strong>non</strong></span> <span class='ocrx_word' id='word_1_511' title='bbox 2248 2760 2467 2841; x_wconf 88' lang='lat' dir='ltr'><strong>optavit</strong></span> <span class='ocrx_word' id='word_1_512' title='bbox 2497 2762 2737 2825; x_wconf 85' lang='lat' dir='ltr'><strong>dissolvi</strong></span> <span class='ocrx_word' id='word_1_513' title='bbox 2781 2768 2837 2819; x_wconf 90' lang='lat' dir='ltr'><strong>et</strong></span> <span class='ocrx_word' id='word_1_514' title='bbox 2883 2782 3011 2821; x_wconf 90' lang='lat' dir='ltr'><strong>esse</strong></span> <span class='ocrx_word' id='word_1_515' title='bbox 3041 2783 3174 2821; x_wconf 90' lang='lat' dir='ltr'><strong>cum</strong></span> <span class='ocrx_word' id='word_1_516' title='bbox 3226 2766 3453 2825; x_wconf 87' lang='lat' dir='ltr'><strong>Christo</strong></span> <span class='ocrx_word' id='word_1_517' title='bbox 3489 2784 3513 2825; x_wconf 73' lang='grc' dir='ltr'><strong>εΔ</strong></span> 
     </span>
    </p>
   </div>
   <div class='ocr_carea' id='block_1_65' title="bbox 1856 2842 3505 2927">
    <p class='ocr_par' dir='ltr' id='par_1_65' title="bbox 1856 2842 3505 2927">
     <span class='ocr_line' id='line_1_66' title="bbox 1856 2842 3505 2927; baseline 0.01 -32"><span class='ocrx_word' id='word_1_518' title='bbox 1856 2842 2326 2927; x_wconf 26' lang='grc' dir='ltr'><strong>ειυβῌίθιυνὴοάίθ</strong></span> <span class='ocrx_word' id='word_1_519' title='bbox 2369 2847 2495 2906; x_wconf 91' lang='lat' dir='ltr'><strong>sine</strong></span> <span class='ocrx_word' id='word_1_520' title='bbox 2523 2852 2745 2925; x_wconf 88' lang='lat' dir='ltr'><strong>gemitu</strong></span> <span class='ocrx_word' id='word_1_521' title='bbox 2779 2857 2953 2926; x_wconf 89' lang='lat' dir='ltr'><strong>atque</strong></span> <span class='ocrx_word' id='word_1_522' title='bbox 3003 2854 3255 2927; x_wconf 89' lang='lat' dir='ltr'><strong>suspirio</strong></span> <span class='ocrx_word' id='word_1_523' title='bbox 3296 2872 3505 2927; x_wconf 89' lang='lat' dir='ltr'><strong>corpus</strong></span> 
     </span>
    </p>
   </div>
   <div class='ocr_carea' id='block_1_66' title="bbox 1855 2933 3505 3015">
    <p class='ocr_par' dir='ltr' id='par_1_66' title="bbox 1855 2933 3505 3015">
     <span class='ocr_line' id='line_1_67' title="bbox 1855 2933 3505 3015; baseline 0.013 -30"><span class='ocrx_word' id='word_1_524' title='bbox 1855 2934 1913 2985; x_wconf 89' lang='lat' dir='ltr'><strong>et</strong></span> <span class='ocrx_word' id='word_1_525' title='bbox 1942 2933 2289 3007; x_wconf 84' lang='lat' dir='ltr'><strong>sanguinem</strong></span> <span class='ocrx_word' id='word_1_526' title='bbox 2329 2938 2558 3003; x_wconf 84' lang='lat' dir='ltr'><strong>Domini</strong></span> <span class='ocrx_word' id='word_1_527' title='bbox 2602 2946 2922 3015; x_wconf 69' lang='lat' dir='ltr'><strong>praesumat</strong></span> <span class='ocrx_word' id='word_1_528' title='bbox 2964 2942 3242 3015; x_wconf 83' lang='lat' dir='ltr'><strong>accipere,</strong></span> <span class='ocrx_word' id='word_1_529' title='bbox 3276 2962 3390 3001; x_wconf 91' lang='lat' dir='ltr'><strong>non</strong></span> <span class='ocrx_word' id='word_1_530' title='bbox 3420 2944 3505 3005; x_wconf 73' lang='lat' dir='ltr'><strong>Vi-</strong></span> 
     </span>
    </p>
   </div>
   <div class='ocr_carea' id='block_1_67' title="bbox 1855 3018 3503 3107">
    <p class='ocr_par' dir='ltr' id='par_1_67' title="bbox 1855 3018 3503 3107">
     <span class='ocr_line' id='line_1_68' title="bbox 1855 3018 3503 3107; baseline 0.01 -34"><span class='ocrx_word' id='word_1_531' title='bbox 1855 3018 1989 3087; x_wconf 84' lang='lat' dir='ltr'><strong>deo;</strong></span> <span class='ocrx_word' id='word_1_532' title='bbox 2022 3020 2137 3077; x_wconf 90' lang='lat' dir='ltr'><strong>nisi</strong></span> <span class='ocrx_word' id='word_1_533' title='bbox 2170 3023 2308 3095; x_wconf 85' lang='lat' dir='ltr'><strong>quia</strong></span> <span class='ocrx_word' id='word_1_534' title='bbox 2339 3030 2441 3091; x_wconf 87' lang='lat' dir='ltr'><strong>aut</strong></span> <span class='ocrx_word' id='word_1_535' title='bbox 2470 3027 2871 3100; x_wconf 88' lang='lat' dir='ltr'><strong>desperatione</strong></span> <span class='ocrx_word' id='word_1_536' title='bbox 2918 3032 3217 3107; x_wconf 84' lang='lat' dir='ltr'><strong>mortifera</strong></span> <span class='ocrx_word' id='word_1_537' title='bbox 3264 3032 3503 3101; x_wconf 88' lang='lat' dir='ltr'><strong>indura-</strong></span> 
     </span>
    </p>
   </div>
   <div class='ocr_carea' id='block_1_68' title="bbox 1853 3106 3502 3195">
    <p class='ocr_par' dir='ltr' id='par_1_68' title="bbox 1853 3106 3502 3195">
     <span class='ocr_line' id='line_1_69' title="bbox 1853 3106 3502 3195; baseline 0.009 -34"><span class='ocrx_word' id='word_1_538' title='bbox 1853 3106 2126 3179; x_wconf 86' lang='lat' dir='ltr'><strong>tum,_aut</strong></span> <span class='ocrx_word' id='word_1_539' title='bbox 2155 3112 2303 3175; x_wconf 88' lang='lat' dir='ltr'><strong>falsa</strong></span> <span class='ocrx_word' id='word_1_540' title='bbox 2328 3132 2431 3187; x_wconf 85' lang='lat' dir='ltr'><strong>spe</strong></span> <span class='ocrx_word' id='word_1_541' title='bbox 2461 3117 2767 3190; x_wconf 86' lang='lat' dir='ltr'><strong>deceptum</strong></span> <span class='ocrx_word' id='word_1_542' title='bbox 2798 3118 3139 3195; x_wconf 83' lang='lat' dir='ltr'><strong>hujusmodi</strong></span> <span class='ocrx_word' id='word_1_543' title='bbox 3172 3122 3363 3176; x_wconf 90' lang='lat' dir='ltr'><strong>credo.</strong></span> <span class='ocrx_word' id='word_1_544' title='bbox 3390 3122 3502 3176; x_wconf 90' lang='lat' dir='ltr'><strong>Sed</strong></span> 
     </span>
    </p>
   </div>
   <div class='ocr_carea' id='block_1_69' title="bbox 1830 3196 3501 3280">
    <p class='ocr_par' dir='ltr' id='par_1_69' title="bbox 1830 3196 3501 3280">
     <span class='ocr_line' id='line_1_70' title="bbox 1830 3196 3501 3280; baseline 0.009 -31"><span class='ocrx_word' id='word_1_545' title='bbox 1830 3212 1927 3279; x_wconf 71' lang='lat' dir='ltr'><strong>.ne</strong></span> <span class='ocrx_word' id='word_1_546' title='bbox 1955 3196 2129 3263; x_wconf 87' lang='lat' dir='ltr'><strong>faciat</strong></span> <span class='ocrx_word' id='word_1_547' title='bbox 2174 3217 2449 3275; x_wconf 82' lang='lat' dir='ltr'><strong>suggero;</strong></span> <span class='ocrx_word' id='word_1_548' title='bbox 2484 3221 2557 3260; x_wconf 92' lang='lat' dir='ltr'><strong>ne</strong></span> <span class='ocrx_word' id='word_1_549' title='bbox 2586 3222 2649 3271; x_wconf 84' lang='lat' dir='ltr'><strong>se</strong></span> <span class='ocrx_word' id='word_1_550' title='bbox 2676 3206 2943 3280; x_wconf 88' lang='lat' dir='ltr'><strong>desperet</strong></span> <span class='ocrx_word' id='word_1_551' title='bbox 2980 3223 3213 3277; x_wconf 84' lang='lat' dir='ltr'><strong>moneo;</strong></span> <span class='ocrx_word' id='word_1_552' title='bbox 3250 3224 3322 3263; x_wconf 94' lang='lat' dir='ltr'><strong>ne</strong></span> <span class='ocrx_word' id='word_1_553' title='bbox 3353 3208 3501 3264; x_wconf 87' lang='lat' dir='ltr'><strong>falsa</strong></span> 
     </span>
    </p>
   </div>
   <div class='ocr_carea' id='block_1_70' title="bbox 1857 3290 3500 3371">
    <p class='ocr_par' dir='ltr' id='par_1_70' title="bbox 1857 3290 3500 3371">
     <span class='ocr_line' id='line_1_71' title="bbox 1857 3290 3500 3371; baseline 0.009 -30"><span class='ocrx_word' id='word_1_554' title='bbox 1857 3303 1959 3359; x_wconf 91' lang='lat' dir='ltr'><strong>spe</strong></span> <span class='ocrx_word' id='word_1_555' title='bbox 1988 3304 2116 3371; x_wconf 86' lang='lat' dir='ltr'><strong>sese</strong></span> <span class='ocrx_word' id='word_1_556' title='bbox 2144 3290 2395 3365; x_wconf 81' lang='lat' dir='ltr'><strong>decipiat</strong></span> <span class='ocrx_word' id='word_1_557' title='bbox 2437 3294 2693 3368; x_wconf 88' lang='lat' dir='ltr'><strong>amplius</strong></span> <span class='ocrx_word' id='word_1_558' title='bbox 2734 3313 2893 3369; x_wconf 88' lang='lat' dir='ltr'><strong>rogo.</strong></span> <span class='ocrx_word' id='word_1_559' title='bbox 2918 3296 3187 3355; x_wconf 88' lang='lat' dir='ltr'><strong>Intendat</strong></span> <span class='ocrx_word' id='word_1_560' title='bbox 3215 3297 3371 3370; x_wconf 89' lang='lat' dir='ltr'><strong>quod</strong></span> <span class='ocrx_word' id='word_1_561' title='bbox 3404 3314 3500 3354; x_wconf 80' lang='lat' dir='ltr'><strong>se-</strong></span> 
     </span>
    </p>
   </div>
   <div class='ocr_carea' id='block_1_71' title="bbox 1855 3375 3501 3458">
    <p class='ocr_par' dir='ltr' id='par_1_71' title="bbox 1855 3375 3501 3458">
     <span class='ocr_line' id='line_1_72' title="bbox 1855 3375 3501 3458; baseline 0.008 -29"><span class='ocrx_word' id='word_1_562' title='bbox 1855 3375 2074 3447; x_wconf 83' lang='lat' dir='ltr'><strong>quitur,</strong></span> <span class='ocrx_word' id='word_1_563' title='bbox 2097 3380 2353 3454; x_wconf 89' lang='lat' dir='ltr'><strong>suspiret</strong></span> <span class='ocrx_word' id='word_1_564' title='bbox 2398 3386 2456 3438; x_wconf 90' lang='lat' dir='ltr'><strong>et</strong></span> <span class='ocrx_word' id='word_1_565' title='bbox 2500 3387 2694 3457; x_wconf 85' lang='lat' dir='ltr'><strong>gemat</strong></span> <span class='ocrx_word' id='word_1_566' title='bbox 2730 3386 2867 3447; x_wconf 68' lang='lat' dir='ltr'><strong>:,Est</strong></span> <span class='ocrx_word' id='word_1_567' title='bbox 2891 3388 3040 3441; x_wconf 85' lang='lat' dir='ltr'><strong>enim</strong></span> <span class='ocrx_word' id='word_1_568' title='bbox 3091 3385 3280 3458; x_wconf 86' lang='lat' dir='ltr'><strong>phase,</strong></span> <span class='ocrx_word' id='word_1_569' title='bbox 3312 3387 3370 3442; x_wconf 88' lang='lat' dir='ltr'><strong>id</strong></span> <span class='ocrx_word' id='word_1_570' title='bbox 3420 3393 3501 3443; x_wconf 83' lang='lat' dir='ltr'><strong>est</strong></span> 
     </span>
    </p>
   </div>
   <div class='ocr_carea' id='block_1_72' title="bbox 1854 3458 3499 3553">
    <p class='ocr_par' dir='ltr' id='par_1_72' title="bbox 1854 3458 3499 3553">
     <span class='ocr_line' id='line_1_73' title="bbox 1854 3458 3499 3553; baseline 0.009 -34"><span class='ocrx_word' id='word_1_571' title='bbox 1854 3458 2120 3537; x_wconf 83' lang='lat' dir='ltr'><strong>transitus</strong></span> <span class='ocrx_word' id='word_1_572' title='bbox 2148 3470 2386 3553; x_wconf 68' lang='lat' dir='ltr'><strong>Domini,</strong></span> <span class='ocrx_word' id='word_1_573' title='bbox 2419 3472 2595 3537; x_wconf 84' lang='lat' dir='ltr'><strong>Quasi</strong></span> <span class='ocrx_word' id='word_1_574' title='bbox 2622 3473 2865 3553; x_wconf 84' lang='lat' dir='ltr'><strong>dixisset</strong></span> <span class='ocrx_word' id='word_1_575' title='bbox 2897 3493 2909 3530; x_wconf 92' lang='lat'><strong>:</strong></span> <span class='ocrx_word' id='word_1_576' title='bbox 2938 3475 3173 3532; x_wconf 88' lang='lat' dir='ltr'><strong>Transit</strong></span> <span class='ocrx_word' id='word_1_577' title='bbox 3203 3492 3237 3530; x_wconf 89' lang='lat' dir='ltr'><strong>a</strong></span> <span class='ocrx_word' id='word_1_578' title='bbox 3267 3475 3499 3533; x_wconf 88' lang='lat' dir='ltr'><strong>diabolo</strong></span> 
     </span>
    </p>
   </div>
   <div class='ocr_carea' id='block_1_73' title="bbox 1853 3550 3500 3638">
    <p class='ocr_par' dir='ltr' id='par_1_73' title="bbox 1853 3550 3500 3638">
     <span class='ocr_line' id='line_1_74' title="bbox 1853 3550 3500 3638; baseline 0.007 -30"><span class='ocrx_word' id='word_1_579' title='bbox 1853 3555 1925 3609; x_wconf 87' lang='lat' dir='ltr'><strong>ad</strong></span> <span class='ocrx_word' id='word_1_580' title='bbox 1971 3550 2284 3630; x_wconf 78' lang='lat' dir='ltr'><strong>Chrisium,</strong></span> <span class='ocrx_word' id='word_1_581' title='bbox 2310 3559 2410 3632; x_wconf 92' lang='lat' dir='ltr'><strong>qui</strong></span> <span class='ocrx_word' id='word_1_582' title='bbox 2458 3578 2625 3619; x_wconf 89' lang='lat' dir='ltr'><strong>renes</strong></span> <span class='ocrx_word' id='word_1_583' title='bbox 2666 3580 2701 3618; x_wconf 88' lang='lat' dir='ltr'><strong>a</strong></span> <span class='ocrx_word' id='word_1_584' title='bbox 2746 3550 2978 3631; x_wconf 70' lang='lat' dir='ltr'><strong>luXuria</strong></span> <span class='ocrx_word' id='word_1_585' title='bbox 3033 3563 3365 3638; x_wconf 86' lang='lat' dir='ltr'><strong>restringit;</strong></span> <span class='ocrx_word' id='word_1_586' title='bbox 3398 3564 3500 3637; x_wconf 89' lang='lat' dir='ltr'><strong>qui</strong></span> 
     </span>
    </p>
   </div>
   <div class='ocr_carea' id='block_1_74' title="bbox 1853 3648 3503 3726">
    <p class='ocr_par' dir='ltr' id='par_1_74' title="bbox 1853 3648 3503 3726">
     <span class='ocr_line' id='line_1_75' title="bbox 1853 3648 3503 3726; baseline 0.007 -30"><span class='ocrx_word' id='word_1_587' title='bbox 1853 3648 2207 3726; x_wconf 87' lang='lat' dir='ltr'><strong>sanctorum</strong></span> <span class='ocrx_word' id='word_1_588' title='bbox 2235 3648 2516 3722; x_wconf 88' lang='lat' dir='ltr'><strong>exemplis</strong></span> <span class='ocrx_word' id='word_1_589' title='bbox 2561 3668 2801 3724; x_wconf 89' lang='lat' dir='ltr'><strong>gressus</strong></span> <span class='ocrx_word' id='word_1_590' title='bbox 2831 3670 3073 3725; x_wconf 88' lang='lat' dir='ltr'><strong>operum</strong></span> <span class='ocrx_word' id='word_1_591' title='bbox 3118 3653 3343 3722; x_wconf 88' lang='lat' dir='ltr'><strong>munit;</strong></span> <span class='ocrx_word' id='word_1_592' title='bbox 3400 3654 3503 3726; x_wconf 91' lang='lat' dir='ltr'><strong>qui</strong></span> 
     </span>
    </p>
   </div>
   <div class='ocr_carea' id='block_1_75' title="bbox 1852 3724 3506 3819">
    <p class='ocr_par' dir='ltr' id='par_1_75' title="bbox 1852 3724 3506 3819">
     <span class='ocr_line' id='line_1_76' title="bbox 1852 3724 3506 3819; baseline 0.008 -34"><span class='ocrx_word' id='word_1_593' title='bbox 1852 3730 2059 3789; x_wconf 90' lang='lat' dir='ltr'><strong>baculo</strong></span> <span class='ocrx_word' id='word_1_594' title='bbox 2090 3724 2392 3809; x_wconf 85' lang='lat' dir='ltr'><strong>regiminis</strong></span> <span class='ocrx_word' id='word_1_595' title='bbox 2424 3756 2457 3794; x_wconf 90' lang='lat' dir='ltr'><strong>a</strong></span> <span class='ocrx_word' id='word_1_596' title='bbox 2488 3739 2718 3819; x_wconf 86' lang='lat' dir='ltr'><strong>diabolo</strong></span> <span class='ocrx_word' id='word_1_597' title='bbox 2745 3724 2885 3801; x_wconf 16' lang='lat' dir='ltr'><strong>sese,</strong></span> <span class='ocrx_word' id='word_1_598' title='bbox 2905 3742 3192 3810; x_wconf 87' lang='lat' dir='ltr'><strong>defendit;</strong></span> <span class='ocrx_word' id='word_1_599' title='bbox 3226 3744 3324 3815; x_wconf 91' lang='lat' dir='ltr'><strong>qui</strong></span> <span class='ocrx_word' id='word_1_600' title='bbox 3358 3724 3506 3801; x_wconf 75' lang='lat' dir='ltr'><strong>desi-</strong></span> 
     </span>
    </p>
   </div>
   <div class='ocr_carea' id='block_1_76' title="bbox 1853 3819 3508 3905">
    <p class='ocr_par' dir='ltr' id='par_1_76' title="bbox 1853 3819 3508 3905">
     <span class='ocr_line' id='line_1_77' title="bbox 1853 3819 3508 3905; baseline 0.008 -31"><span class='ocrx_word' id='word_1_601' title='bbox 1853 3819 2109 3879; x_wconf 90' lang='lat' dir='ltr'><strong>derando</strong></span> <span class='ocrx_word' id='word_1_602' title='bbox 2154 3824 2391 3905; x_wconf 80' lang='lat' dir='ltr'><strong>festinat</strong></span> <span class='ocrx_word' id='word_1_603' title='bbox 2420 3828 2490 3883; x_wconf 91' lang='lat' dir='ltr'><strong>ad</strong></span> <span class='ocrx_word' id='word_1_604' title='bbox 2523 3830 2775 3901; x_wconf 85' lang='lat' dir='ltr'><strong>patriam</strong></span> <span class='ocrx_word' id='word_1_605' title='bbox 2819 3830 3111 3887; x_wconf 75' lang='lat' dir='ltr'><strong>cmlestem</strong></span> <span class='ocrx_word' id='word_1_606' title='bbox 3154 3831 3508 3905; x_wconf 70' lang='lat' dir='ltr'><strong>pertingere,</strong></span> 
     </span>
    </p>
   </div>
   <div class='ocr_carea' id='block_1_77' title="bbox 1851 3908 3507 3985">
    <p class='ocr_par' dir='ltr' id='par_1_77' title="bbox 1851 3908 3507 3985">
     <span class='ocr_line' id='line_1_78' title="bbox 1851 3908 3507 3985; baseline 0.007 -21"><span class='ocrx_word' id='word_1_607' title='bbox 1851 3908 2000 3965; x_wconf 89' lang='lat' dir='ltr'><strong>Huic</strong></span> <span class='ocrx_word' id='word_1_608' title='bbox 2030 3911 2230 3985; x_wconf 87' lang='lat' dir='ltr'><strong>itaque</strong></span> <span class='ocrx_word' id='word_1_609' title='bbox 2279 3914 2389 3971; x_wconf 90' lang='lat' dir='ltr'><strong>soli</strong></span> <span class='ocrx_word' id='word_1_610' title='bbox 2438 3917 2778 3975; x_wconf 88' lang='lat' dir='ltr'><strong>conceditur</strong></span> <span class='ocrx_word' id='word_1_611' title='bbox 2806 3919 3031 3975; x_wconf 87' lang='lat' dir='ltr'><strong>Pascha</strong></span> <span class='ocrx_word' id='word_1_612' title='bbox 3076 3919 3309 3975; x_wconf 90' lang='lat' dir='ltr'><strong>Domini</strong></span> <span class='ocrx_word' id='word_1_613' title='bbox 3357 3919 3507 3975; x_wconf 89' lang='lat' dir='ltr'><strong>cele-</strong></span> 
     </span>
    </p>
   </div>
   <div class='ocr_carea' id='block_1_78' title="bbox 1852 3998 3505 4080">
    <p class='ocr_par' dir='ltr' id='par_1_78' title="bbox 1852 3998 3505 4080">
     <span class='ocr_line' id='line_1_79' title="bbox 1852 3998 3505 4080; baseline 0.007 -28"><span class='ocrx_word' id='word_1_614' title='bbox 1852 3998 2039 4067; x_wconf 89' lang='lat' dir='ltr'><strong>brare,</strong></span> <span class='ocrx_word' id='word_1_615' title='bbox 2064 4004 2122 4056; x_wconf 90' lang='lat' dir='ltr'><strong>et</strong></span> <span class='ocrx_word' id='word_1_616' title='bbox 2149 4004 2345 4060; x_wconf 89' lang='lat' dir='ltr'><strong>tamen</strong></span> <span class='ocrx_word' id='word_1_617' title='bbox 2381 4021 2487 4060; x_wconf 90' lang='lat' dir='ltr'><strong>nec</strong></span> <span class='ocrx_word' id='word_1_618' title='bbox 2534 4005 2673 4062; x_wconf 92' lang='lat' dir='ltr'><strong>huic</strong></span> <span class='ocrx_word' id='word_1_619' title='bbox 2704 4007 2831 4064; x_wconf 90' lang='lat' dir='ltr'><strong>sine</strong></span> <span class='ocrx_word' id='word_1_620' title='bbox 2860 4007 3101 4063; x_wconf 89' lang='lat' dir='ltr'><strong>lactucis</strong></span> <span class='ocrx_word' id='word_1_621' title='bbox 3151 4008 3505 4080; x_wconf 87' lang='lat' dir='ltr'><strong>agrestibus,</strong></span> 
     </span>
    </p>
   </div>
   <div class='ocr_carea' id='block_1_79' title="bbox 1850 4086 3508 4164">
    <p class='ocr_par' dir='ltr' id='par_1_79' title="bbox 1850 4086 3508 4164">
     <span class='ocr_line' id='line_1_80' title="bbox 1850 4086 3508 4164; baseline 0.005 -23"><span class='ocrx_word' id='word_1_622' title='bbox 1850 4086 1910 4141; x_wconf 90' lang='lat' dir='ltr'><strong>id</strong></span> <span class='ocrx_word' id='word_1_623' title='bbox 1937 4092 2026 4143; x_wconf 90' lang='lat' dir='ltr'><strong>est</strong></span> <span class='ocrx_word' id='word_1_624' title='bbox 2069 4091 2353 4147; x_wconf 90' lang='lat' dir='ltr'><strong>memoria</strong></span> <span class='ocrx_word' id='word_1_625' title='bbox 2400 4093 2829 4164; x_wconf 66' lang='lat' dir='ltr'><strong>praeteritorum</strong></span> <span class='ocrx_word' id='word_1_626' title='bbox 2874 4095 3221 4163; x_wconf 87' lang='lat' dir='ltr'><strong>facinorum,</strong></span> <span class='ocrx_word' id='word_1_627' title='bbox 3255 4097 3311 4150; x_wconf 90' lang='lat' dir='ltr'><strong>et</strong></span> <span class='ocrx_word' id='word_1_628' title='bbox 3362 4096 3508 4150; x_wconf 80' lang='lat' dir='ltr'><strong>effu-</strong></span> 
     </span>
    </p>
   </div>
   <div class='ocr_carea' id='block_1_80' title="bbox 1852 4175 2805 4255">
    <p class='ocr_par' dir='ltr' id='par_1_80' title="bbox 1852 4175 2805 4255">
     <span class='ocr_line' id='line_1_81' title="bbox 1852 4175 2805 4255; baseline 0.006 -24"><span class='ocrx_word' id='word_1_629' title='bbox 1852 4175 2016 4232; x_wconf 89' lang='lat' dir='ltr'><strong>sione</strong></span> <span class='ocrx_word' id='word_1_630' title='bbox 2046 4177 2365 4236; x_wconf 89' lang='lat' dir='ltr'><strong>utilissima</strong></span> <span class='ocrx_word' id='word_1_631' title='bbox 2393 4181 2805 4255; x_wconf 86' lang='lat' dir='ltr'><strong>lacrymarum.</strong></span> 
     </span>
    </p>
   </div>
   <div class='ocr_carea' id='block_1_81' title="bbox 1920 4266 3509 4343">
    <p class='ocr_par' dir='ltr' id='par_1_81' title="bbox 1920 4266 3509 4343">
     <span class='ocr_line' id='line_1_82' title="bbox 1920 4266 3509 4343; baseline 0.004 -23"><span class='ocrx_word' id='word_1_632' title='bbox 1920 4266 1974 4320; x_wconf 88' lang='lat'><strong>5.</strong></span> <span class='ocrx_word' id='word_1_633' title='bbox 2002 4266 2112 4337; x_wconf 84' lang='lat' dir='ltr'><strong>Sed</strong></span> <span class='ocrx_word' id='word_1_634' title='bbox 2130 4268 2258 4339; x_wconf 90' lang='lat' dir='ltr'><strong>jam</strong></span> <span class='ocrx_word' id='word_1_635' title='bbox 2288 4286 2446 4325; x_wconf 92' lang='lat' dir='ltr'><strong>nunc</strong></span> <span class='ocrx_word' id='word_1_636' title='bbox 2480 4271 2550 4325; x_wconf 90' lang='lat' dir='ltr'><strong>ad</strong></span> <span class='ocrx_word' id='word_1_637' title='bbox 2576 4270 2922 4343; x_wconf 90' lang='lat' dir='ltr'><strong>Apostolum</strong></span> <span class='ocrx_word' id='word_1_638' title='bbox 2961 4271 3349 4338; x_wconf 88' lang='lat' dir='ltr'><strong>redeundum,</strong></span> <span class='ocrx_word' id='word_1_639' title='bbox 3379 4275 3509 4328; x_wconf 89' lang='lat' dir='ltr'><strong>tan-</strong></span> 
     </span>
    </p>
   </div>
   <div class='ocr_carea' id='block_1_82' title="bbox 1849 4354 3511 4433">
    <p class='ocr_par' dir='ltr' id='par_1_82' title="bbox 1849 4354 3511 4433">
     <span class='ocr_line' id='line_1_83' title="bbox 1849 4354 3511 4433; baseline 0.005 -25"><span class='ocrx_word' id='word_1_640' title='bbox 1849 4356 1975 4408; x_wconf 88' lang='lat' dir='ltr'><strong>tum</strong></span> <span class='ocrx_word' id='word_1_641' title='bbox 2006 4354 2107 4426; x_wconf 91' lang='lat' dir='ltr'><strong>qui</strong></span> <span class='ocrx_word' id='word_1_642' title='bbox 2134 4356 2404 4412; x_wconf 84' lang='lat' dir='ltr'><strong>conﬁciat</strong></span> <span class='ocrx_word' id='word_1_643' title='bbox 2430 4359 2584 4430; x_wconf 91' lang='lat' dir='ltr'><strong>quod</strong></span> <span class='ocrx_word' id='word_1_644' title='bbox 2605 4361 3042 4432; x_wconf 90' lang='lat' dir='ltr'><strong>proposuimus,</strong></span> <span class='ocrx_word' id='word_1_645' title='bbox 3061 4359 3222 4416; x_wconf 89' lang='lat' dir='ltr'><strong>obliti</strong></span> <span class='ocrx_word' id='word_1_646' title='bbox 3242 4361 3511 4433; x_wconf 90' lang='lat' dir='ltr'><strong>impossi-</strong></span> 
     </span>
    </p>
   </div>
   <div class='ocr_carea' id='block_1_83' title="bbox 1852 4442 3507 4521">
    <p class='ocr_par' dir='ltr' id='par_1_83' title="bbox 1852 4442 3507 4521">
     <span class='ocr_line' id='line_1_84' title="bbox 1852 4442 3507 4521; baseline 0.004 -24"><span class='ocrx_word' id='word_1_647' title='bbox 1852 4442 2100 4499; x_wconf 87' lang='lat' dir='ltr'><strong>bilitatis</strong></span> <span class='ocrx_word' id='word_1_648' title='bbox 2143 4446 2482 4518; x_wconf 81' lang='lat' dir='ltr'><strong>nostrae,qui</strong></span> <span class='ocrx_word' id='word_1_649' title='bbox 2505 4446 2657 4503; x_wconf 89' lang='lat' dir='ltr'><strong>valet</strong></span> <span class='ocrx_word' id='word_1_650' title='bbox 2675 4449 2897 4521; x_wconf 89' lang='lat' dir='ltr'><strong>utique,</strong></span> <span class='ocrx_word' id='word_1_651' title='bbox 2917 4449 3212 4521; x_wconf 89' lang='lat' dir='ltr'><strong>negotium</strong></span> <span class='ocrx_word' id='word_1_652' title='bbox 3238 4467 3251 4505; x_wconf 91' lang='lat'><strong>:</strong></span> <span class='ocrx_word' id='word_1_653' title='bbox 3274 4451 3507 4518; x_wconf 79' lang='lat' dir='ltr'><strong>Pascha,</strong></span> 
     </span>
    </p>
   </div>
   <div class='ocr_carea' id='block_1_84' title="bbox 1858 4530 3508 4606">
    <p class='ocr_par' dir='ltr' id='par_1_84' title="bbox 1858 4530 3508 4606">
     <span class='ocr_line' id='line_1_85' title="bbox 1858 4530 3508 4606; baseline 0.007 -21"><span class='ocrx_word' id='word_1_654' title='bbox 1858 4530 2052 4603; x_wconf 89' lang='lat' dir='ltr'><strong>inquit</strong></span> <span class='ocrx_word' id='word_1_655' title='bbox 2075 4533 2280 4605; x_wconf 72' lang='grc'>(1484),</span> <span class='ocrx_word' id='word_1_656' title='bbox 2303 4536 2503 4606; x_wconf 83' lang='lat' dir='ltr'><strong>pascha</strong></span> <span class='ocrx_word' id='word_1_657' title='bbox 2532 4539 2779 4592; x_wconf 84' lang='lat' dir='ltr'><strong>nostrum</strong></span> <span class='ocrx_word' id='word_1_658' title='bbox 2809 4539 3121 4594; x_wconf 82' lang='lat' dir='ltr'><strong>immolatus</strong></span> <span class='ocrx_word' id='word_1_659' title='bbox 3142 4542 3222 4594; x_wconf 87' lang='lat' dir='ltr'><strong>est</strong></span> <span class='ocrx_word' id='word_1_660' title='bbox 3243 4537 3508 4599; x_wconf 84' lang='lat' dir='ltr'><strong>Christus.</strong></span> 
     </span>
    </p>
   </div>
   <div class='ocr_carea' id='block_1_85' title="bbox 98 4610 3510 4700">
    <p class='ocr_par' dir='ltr' id='par_1_85' title="bbox 98 4610 3510 4700">
     <span class='ocr_line' id='line_1_86' title="bbox 98 4610 3510 4700; baseline 0.004 -30"><span class='ocrx_word' id='word_1_661' title='bbox 98 4612 426 4700; x_wconf 84' lang='lat' dir='ltr'><strong>paschalem</strong></span> <span class='ocrx_word' id='word_1_662' title='bbox 452 4610 675 4683; x_wconf 86' lang='lat' dir='ltr'><strong>nullam</strong></span> <span class='ocrx_word' id='word_1_663' title='bbox 697 4614 950 4671; x_wconf 89' lang='lat' dir='ltr'><strong>celebrat</strong></span> <span class='ocrx_word' id='word_1_664' title='bbox 969 4614 1474 4689; x_wconf 88' lang='lat' dir='ltr'><strong>festivitatem,qui</strong></span> <span class='ocrx_word' id='word_1_665' title='bbox 1494 4614 1553 4670; x_wconf 92' lang='lat' dir='ltr'><strong>in</strong></span> <span class='ocrx_word' id='word_1_666' title='bbox 1573 4616 1744 4673; x_wconf 87' lang='lat' dir='ltr'><strong>corde</strong></span> <span class='ocrx_word' id='word_1_667' title='bbox 1782 4623 1828 4689; x_wconf 87' lang='lat' dir='ltr'><strong>D</strong></span> <span class='ocrx_word' id='word_1_668' title='bbox 1859 4618 2020 4683; x_wconf 85' lang='lat' dir='ltr'><strong>Quod</strong></span> <span class='ocrx_word' id='word_1_669' title='bbox 2054 4619 2164 4676; x_wconf 88' lang='lat' dir='ltr'><strong>fuit</strong></span> <span class='ocrx_word' id='word_1_670' title='bbox 2188 4622 2491 4695; x_wconf 85' lang='lat' dir='ltr'><strong>utique,ut</strong></span> <span class='ocrx_word' id='word_1_671' title='bbox 2520 4641 2737 4697; x_wconf 89' lang='lat' dir='ltr'><strong>remur,</strong></span> <span class='ocrx_word' id='word_1_672' title='bbox 2761 4626 2978 4683; x_wconf 86' lang='lat' dir='ltr'><strong>dixisse</strong></span> <span class='ocrx_word' id='word_1_673' title='bbox 3003 4645 3015 4682; x_wconf 90' lang='lat'><strong>:</strong></span> <span class='ocrx_word' id='word_1_674' title='bbox 3039 4626 3172 4683; x_wconf 91' lang='lat' dir='ltr'><strong>Ideo</strong></span> <span class='ocrx_word' id='word_1_675' title='bbox 3206 4644 3308 4700; x_wconf 90' lang='lat' dir='ltr'><strong>pro</strong></span> <span class='ocrx_word' id='word_1_676' title='bbox 3340 4628 3510 4686; x_wconf 91' lang='lat' dir='ltr'><strong>nobis</strong></span> 
     </span>
    </p>
   </div>
   <div class='ocr_carea' id='block_1_86' title="bbox 100 4694 1746 4777">
    <p class='ocr_par' dir='ltr' id='par_1_86' title="bbox 100 4694 1746 4777">
     <span class='ocr_line' id='line_1_87' title="bbox 100 4694 1746 4777; baseline 0.001 -18"><span class='ocrx_word' id='word_1_677' title='bbox 100 4694 332 4773; x_wconf 49' lang='lat' dir='ltr'><strong>malam&#39;</strong></span> <span class='ocrx_word' id='word_1_678' title='bbox 362 4700 540 4777; x_wconf 89' lang='lat' dir='ltr'><strong>habet</strong></span> <span class='ocrx_word' id='word_1_679' title='bbox 584 4702 977 4774; x_wconf 88' lang='lat' dir='ltr'><strong>voluntatem;</strong></span> <span class='ocrx_word' id='word_1_680' title='bbox 1010 4704 1112 4760; x_wconf 90' lang='lat' dir='ltr'><strong>sed</strong></span> <span class='ocrx_word' id='word_1_681' title='bbox 1157 4720 1264 4759; x_wconf 88' lang='lat' dir='ltr'><strong>nec</strong></span> <span class='ocrx_word' id='word_1_682' title='bbox 1289 4703 1473 4777; x_wconf 86' lang='grc'>(1483)</span> <span class='ocrx_word' id='word_1_683' title='bbox 1500 4702 1746 4777; x_wconf 89' lang='lat' dir='ltr'><strong>gloriam</strong></span> 
     </span>
    </p>
   </div>
   <div class='ocr_carea' id='block_1_87' title="bbox 100 4782 1750 4870">
    <p class='ocr_par' dir='ltr' id='par_1_87' title="bbox 100 4782 1750 4870">
     <span class='ocr_line' id='line_1_88' title="bbox 100 4782 1750 4870; baseline 0 -22"><span class='ocrx_word' id='word_1_684' title='bbox 187 4790 435 4870; x_wconf 28' lang='lat' dir='ltr'><strong>excelsis.</strong></span> <span class='ocrx_word' id='word_1_685' title='bbox 458 4808 592 4870; x_wconf 86' lang='lat' dir='ltr'><strong>cum</strong></span> <span class='ocrx_word' id='word_1_686' title='bbox 625 4792 759 4863; x_wconf 90' lang='lat' dir='ltr'><strong>Deo,</strong></span> <span class='ocrx_word' id='word_1_687' title='bbox 785 4808 892 4849; x_wconf 90' lang='lat' dir='ltr'><strong>nec</strong></span> <span class='ocrx_word' id='word_1_688' title='bbox 911 4808 1107 4849; x_wconf 90' lang='lat' dir='ltr'><strong>veram</strong></span> <span class='ocrx_word' id='word_1_689' title='bbox 1138 4793 1198 4848; x_wconf 92' lang='lat' dir='ltr'><strong>in</strong></span> <span class='ocrx_word' id='word_1_690' title='bbox 1222 4795 1379 4849; x_wconf 87' lang='lat' dir='ltr'><strong>terra</strong></span> <span class='ocrx_word' id='word_1_691' title='bbox 1398 4809 1533 4849; x_wconf 91' lang='lat' dir='ltr'><strong>cum</strong></span> <span class='ocrx_word' id='word_1_692' title='bbox 1563 4792 1750 4850; x_wconf 91' lang='lat' dir='ltr'><strong>homi-</strong></span> 
     </span>
    </p>
   </div>
   <div class='ocr_carea' id='block_1_88' title="bbox 102 4868 1749 4955">
    <p class='ocr_par' dir='ltr' id='par_1_88' title="bbox 102 4868 1749 4955">
     <span class='ocr_line' id='line_1_89' title="bbox 102 4868 1749 4955; baseline 0.001 -18"><span class='ocrx_word' id='word_1_693' title='bbox 102 4868 269 4938; x_wconf 86' lang='lat' dir='ltr'><strong>nibus</strong></span> <span class='ocrx_word' id='word_1_694' title='bbox 288 4868 434 4953; x_wconf 82' lang='lat' dir='ltr'><strong>quis</strong></span> <span class='ocrx_word' id='word_1_695' title='bbox 462 4868 640 4937; x_wconf 88' lang='lat' dir='ltr'><strong>habet</strong></span> <span class='ocrx_word' id='word_1_696' title='bbox 677 4898 902 4954; x_wconf 88' lang='lat' dir='ltr'><strong>pacem,</strong></span> <span class='ocrx_word' id='word_1_697' title='bbox 935 4881 1051 4938; x_wconf 90' lang='lat' dir='ltr'><strong>nisi</strong></span> <span class='ocrx_word' id='word_1_698' title='bbox 1096 4882 1195 4955; x_wconf 92' lang='lat' dir='ltr'><strong>qui</strong></span> <span class='ocrx_word' id='word_1_699' title='bbox 1238 4882 1453 4939; x_wconf 90' lang='lat' dir='ltr'><strong>bonam</strong></span> <span class='ocrx_word' id='word_1_700' title='bbox 1485 4883 1749 4955; x_wconf 90' lang='lat' dir='ltr'><strong>possidet</strong></span> 
     </span>
    </p>
   </div>
   <div class='ocr_carea' id='block_1_89' title="bbox 102 4968 729 5033">
    <p class='ocr_par' dir='ltr' id='par_1_89' title="bbox 102 4968 729 5033">
     <span class='ocr_line' id='line_1_90' title="bbox 102 4968 729 5033; baseline -0.002 -9"><span class='ocrx_word' id='word_1_701' title='bbox 102 4968 480 5027; x_wconf 85' lang='lat' dir='ltr'><strong>voluntatem.</strong></span> <span class='ocrx_word' id='word_1_702' title='bbox 718 5024 729 5033; x_wconf 43' lang='lat'><strong>,</strong></span> 
     </span>
    </p>
   </div>
   <div class='ocr_carea' id='block_1_90' title="bbox 169 5057 1746 5128">
    <p class='ocr_par' dir='ltr' id='par_1_90' title="bbox 169 5057 1746 5128">
     <span class='ocr_line' id='line_1_91' title="bbox 169 5057 1746 5128; baseline 0.001 -13"><span class='ocrx_word' id='word_1_703' title='bbox 169 5060 220 5115; x_wconf 84' lang='grc'>4.</span> <span class='ocrx_word' id='word_1_704' title='bbox 249 5058 431 5128; x_wconf 88' lang='lat' dir='ltr'><strong>Hanc,</strong></span> <span class='ocrx_word' id='word_1_705' title='bbox 465 5057 674 5115; x_wconf 89' lang='lat' dir='ltr'><strong>fratres</strong></span> <span class='ocrx_word' id='word_1_706' title='bbox 713 5058 1072 5126; x_wconf 87' lang='lat' dir='ltr'><strong>charissimi,</strong></span> <span class='ocrx_word' id='word_1_707' title='bbox 1106 5057 1615 5118; x_wconf 89' lang='lat' dir='ltr'><strong>mordacissimam</strong></span> <span class='ocrx_word' id='word_1_708' title='bbox 1649 5076 1746 5117; x_wconf 90' lang='lat' dir='ltr'><strong>ve-</strong></span> 
     </span>
    </p>
   </div>
   <div class='ocr_carea' id='block_1_91' title="bbox 170 5199 1749 5276">
    <p class='ocr_par' dir='ltr' id='par_1_91' title="bbox 170 5199 1749 5276">
     <span class='ocr_line' id='line_1_92' title="bbox 170 5199 1749 5276; baseline 0.003 -20"><span class='ocrx_word' id='word_1_709' title='bbox 170 5199 350 5276; x_wconf 67' lang='grc'>(1489)</span> <span class='ocrx_word' id='word_1_710' title='bbox 379 5201 710 5259; x_wconf 86' lang='lat' dir='ltr'><strong>Construe:</strong></span> <span class='ocrx_word' id='word_1_711' title='bbox 745 5202 847 5259; x_wconf 88' lang='lat' dir='ltr'><strong>Sed</strong></span> <span class='ocrx_word' id='word_1_712' title='bbox 892 5202 1025 5276; x_wconf 85' lang='lat' dir='ltr'><strong>quid</strong></span> <span class='ocrx_word' id='word_1_713' title='bbox 1068 5205 1325 5276; x_wconf 84' lang='lat' dir='ltr'><strong>facimus,</strong></span> <span class='ocrx_word' id='word_1_714' title='bbox 1355 5203 1484 5274; x_wconf 81' lang='lat' dir='ltr'><strong>ﬁlii,</strong></span> <span class='ocrx_word' id='word_1_715' title='bbox 1513 5203 1577 5260; x_wconf 91' lang='lat' dir='ltr'><strong>de</strong></span> <span class='ocrx_word' id='word_1_716' title='bbox 1619 5219 1749 5276; x_wconf 87' lang='lat' dir='ltr'><strong>pro-</strong></span> 
     </span>
    </p>
   </div>
   <div class='ocr_carea' id='block_1_92' title="bbox 102 5273 1175 5344">
    <p class='ocr_par' dir='ltr' id='par_1_92' title="bbox 102 5273 1175 5344">
     <span class='ocr_line' id='line_1_93' title="bbox 102 5273 1175 5344; baseline 0 -15"><span class='ocrx_word' id='word_1_717' title='bbox 102 5274 260 5329; x_wconf 85' lang='lat' dir='ltr'><strong>misso</strong></span> <span class='ocrx_word' id='word_1_718' title='bbox 292 5273 631 5329; x_wconf 82' lang='lat' dir='ltr'><strong>lactucarum</strong></span> <span class='ocrx_word' id='word_1_719' title='bbox 662 5273 1010 5344; x_wconf 77' lang='lat' dir='ltr'><strong>agrestium?</strong></span> <span class='ocrx_word' id='word_1_720' title='bbox 1068 5273 1075 5276; x_wconf 76' lang='grc'><strong><em>“</em></strong></span> <span class='ocrx_word' id='word_1_721' title='bbox 1170 5296 1175 5301; x_wconf 91' lang='grc'><strong>·</strong></span> 
     </span>
    </p>
   </div>
   <div class='ocr_carea' id='block_1_93' title="bbox 170 5345 1755 5429">
    <p class='ocr_par' dir='ltr' id='par_1_93' title="bbox 170 5345 1755 5429">
     <span class='ocr_line' id='line_1_94' title="bbox 170 5345 1755 5429; baseline 0.002 -29"><span class='ocrx_word' id='word_1_722' title='bbox 170 5345 349 5429; x_wconf 75' lang='grc'>(1481)</span> <span class='ocrx_word' id='word_1_723' title='bbox 382 5345 449 5401; x_wconf 88' lang='lat' dir='ltr'><strong>Id</strong></span> <span class='ocrx_word' id='word_1_724' title='bbox 492 5350 601 5413; x_wconf 87' lang='lat' dir='ltr'><strong>est,</strong></span> <span class='ocrx_word' id='word_1_725' title='bbox 632 5346 1025 5419; x_wconf 85' lang='lat' dir='ltr'><strong>impedimenta</strong></span> <span class='ocrx_word' id='word_1_726' title='bbox 1067 5348 1340 5403; x_wconf 82' lang='lat' dir='ltr'><strong>mentium</strong></span> <span class='ocrx_word' id='word_1_727' title='bbox 1389 5347 1456 5403; x_wconf 90' lang='lat' dir='ltr'><strong>de</strong></span> <span class='ocrx_word' id='word_1_728' title='bbox 1501 5347 1755 5417; x_wconf 81' lang='lat' dir='ltr'><strong>congerie</strong></span> 
     </span>
    </p>
   </div>
   <div class='ocr_carea' id='block_1_94' title="bbox 129 5432 433 5472">
    <p class='ocr_par' dir='ltr' id='par_1_94' title="bbox 129 5432 433 5472">
     <span class='ocr_line' id='line_1_95' title="bbox 129 5432 433 5472; baseline -0.003 0"><span class='ocrx_word' id='word_1_729' title='bbox 129 5432 433 5472; x_wconf 73' lang='lat' dir='ltr'><strong>acinorum.</strong></span> 
     </span>
    </p>
   </div>
   <div class='ocr_carea' id='block_1_95' title="bbox 104 5419 1757 5563">
    <p class='ocr_par' dir='ltr' id='par_1_95' title="bbox 104 5419 1757 5563">
     <span class='ocr_line' id='line_1_96' title="bbox 104 5419 433 5489; baseline -0.003 -17"><span class='ocrx_word' id='word_1_730' title='bbox 104 5419 433 5489; x_wconf 73' lang='lat' dir='ltr'><strong>facinorum.</strong></span> 
     </span>
     <span class='ocr_line' id='line_1_97' title="bbox 170 5487 1757 5563; baseline 0 -19"><span class='ocrx_word' id='word_1_731' title='bbox 170 5488 348 5563; x_wconf 78' lang='grc'>(1482)</span> <span class='ocrx_word' id='word_1_732' title='bbox 397 5487 526 5563; x_wconf 68' lang='lat' dir='ltr'><strong>Non</strong></span> <span class='ocrx_word' id='word_1_733' title='bbox 582 5487 1150 5563; x_wconf 84' lang='lat' dir='ltr'><strong>male__novissimus</strong></span> <span class='ocrx_word' id='word_1_734' title='bbox 1208 5489 1508 5563; x_wconf 88' lang='lat' dir='ltr'><strong>Spicilegii</strong></span> <span class='ocrx_word' id='word_1_735' title='bbox 1565 5489 1757 5546; x_wconf 90' lang='lat' dir='ltr'><strong>editor</strong></span> 
     </span>
    </p>
   </div>
   <div class='ocr_carea' id='block_1_96' title="bbox 104 5558 1757 5631">
    <p class='ocr_par' dir='ltr' id='par_1_96' title="bbox 104 5558 1757 5631">
     <span class='ocr_line' id='line_1_98' title="bbox 104 5558 1757 5631; baseline 0.001 -16"><span class='ocrx_word' id='word_1_736' title='bbox 104 5558 528 5616; x_wconf 84' lang='lat' dir='ltr'><strong>restituendum</strong></span> <span class='ocrx_word' id='word_1_737' title='bbox 561 5559 825 5630; x_wconf 88' lang='lat' dir='ltr'><strong>credidit,</strong></span> <span class='ocrx_word' id='word_1_738' title='bbox 857 5562 967 5617; x_wconf 89' lang='lat' dir='ltr'><strong>imo</strong></span> <span class='ocrx_word' id='word_1_739' title='bbox 997 5558 1310 5631; x_wconf 55' lang='grc' dir='ltr'><strong>ἐπειὶὶθίᾱέ</strong></span> <span class='ocrx_word' id='word_1_740' title='bbox 1344 5580 1358 5618; x_wconf 91' lang='lat'>:</span> <span class='ocrx_word' id='word_1_741' title='bbox 1391 5558 1492 5617; x_wconf 77' lang='lat' dir='ltr'><strong>sed</strong></span> <span class='ocrx_word' id='word_1_742' title='bbox 1530 5566 1757 5617; x_wconf 86' lang='lat' dir='ltr'><strong>textum</strong></span> 
     </span>
    </p>
   </div>
   <div class='ocr_carea' id='block_1_97' title="bbox 106 5630 1757 5690">
    <p class='ocr_par' dir='ltr' id='par_1_97' title="bbox 106 5630 1757 5690">
     <span class='ocr_line' id='line_1_99' title="bbox 106 5630 1757 5690; baseline 0.002 -4"><span class='ocrx_word' id='word_1_743' title='bbox 106 5630 415 5688; x_wconf 87' lang='lat' dir='ltr'><strong>immutare</strong></span> <span class='ocrx_word' id='word_1_744' title='bbox 445 5649 625 5688; x_wconf 86' lang='lat' dir='ltr'><strong>ausus</strong></span> <span class='ocrx_word' id='word_1_745' title='bbox 657 5650 773 5689; x_wconf 90' lang='lat' dir='ltr'><strong>non</strong></span> <span class='ocrx_word' id='word_1_746' title='bbox 813 5638 924 5689; x_wconf 88' lang='lat' dir='ltr'><strong>est.</strong></span> <span class='ocrx_word' id='word_1_747' title='bbox 958 5633 1140 5689; x_wconf 86' lang='lat' dir='ltr'><strong>Multo</strong></span> <span class='ocrx_word' id='word_1_748' title='bbox 1171 5630 1370 5690; x_wconf 87' lang='lat' dir='ltr'><strong>minus</strong></span> <span class='ocrx_word' id='word_1_749' title='bbox 1402 5651 1507 5690; x_wconf 92' lang='lat' dir='ltr'><strong>nos</strong></span> <span class='ocrx_word' id='word_1_750' title='bbox 1538 5634 1757 5689; x_wconf 90' lang='lat' dir='ltr'><strong>immu-</strong></span> 
     </span>
    </p>
   </div>
   <div class='ocr_carea' id='block_1_98' title="bbox 108 5703 1760 5779">
    <p class='ocr_par' dir='ltr' id='par_1_98' title="bbox 108 5703 1760 5779">
     <span class='ocr_line' id='line_1_100' title="bbox 108 5703 1760 5779; baseline 0.001 -19"><span class='ocrx_word' id='word_1_751' title='bbox 108 5703 377 5772; x_wconf 86' lang='lat' dir='ltr'><strong>tavimus,</strong></span> <span class='ocrx_word' id='word_1_752' title='bbox 409 5720 546 5762; x_wconf 90' lang='lat' dir='ltr'><strong>cum</strong></span> <span class='ocrx_word' id='word_1_753' title='bbox 575 5708 632 5762; x_wconf 89' lang='lat' dir='ltr'><strong>et</strong></span> <span class='ocrx_word' id='word_1_754' title='bbox 673 5705 852 5761; x_wconf 84' lang='lat' dir='ltr'><strong>codex</strong></span> <span class='ocrx_word' id='word_1_755' title='bbox 894 5704 1146 5779; x_wconf 88' lang='lat' dir='ltr'><strong>Frising.</strong></span> <span class='ocrx_word' id='word_1_756' title='bbox 1198 5705 1465 5778; x_wconf 70' lang='lat' dir='ltr'><strong>praeferat</strong></span> <span class='ocrx_word' id='word_1_757' title='bbox 1510 5708 1620 5762; x_wconf 91' lang='lat' dir='ltr'><strong>imo</strong></span> <span class='ocrx_word' id='word_1_758' title='bbox 1669 5706 1760 5762; x_wconf 86' lang='lat' dir='ltr'><strong>in-</strong></span> 
     </span>
    </p>
   </div>
   <div class='ocr_carea' id='block_1_99' title="bbox 1857 4707 3512 4788">
    <p class='ocr_par' dir='ltr' id='par_1_99' title="bbox 1857 4707 3512 4788">
     <span class='ocr_line' id='line_1_101' title="bbox 1857 4707 3512 4788; baseline 0.008 -26"><span class='ocrx_word' id='word_1_759' title='bbox 1857 4707 2199 4765; x_wconf 89' lang='lat' dir='ltr'><strong>immolatus</strong></span> <span class='ocrx_word' id='word_1_760' title='bbox 2232 4713 2321 4766; x_wconf 88' lang='lat' dir='ltr'><strong>est</strong></span> <span class='ocrx_word' id='word_1_761' title='bbox 2346 4711 2631 4783; x_wconf 88' lang='lat' dir='ltr'><strong>Christus,</strong></span> <span class='ocrx_word' id='word_1_762' title='bbox 2656 4718 2721 4769; x_wconf 90' lang='lat' dir='ltr'><strong>ut</strong></span> <span class='ocrx_word' id='word_1_763' title='bbox 2749 4714 2875 4788; x_wconf 87' lang='lat' dir='ltr'><strong>ipse</strong></span> <span class='ocrx_word' id='word_1_764' title='bbox 2904 4718 3104 4772; x_wconf 89' lang='lat' dir='ltr'><strong>noster</strong></span> <span class='ocrx_word' id='word_1_765' title='bbox 3132 4720 3289 4773; x_wconf 89' lang='lat' dir='ltr'><strong>esset</strong></span> <span class='ocrx_word' id='word_1_766' title='bbox 3318 4721 3512 4776; x_wconf 87' lang='lat' dir='ltr'><strong>trans-</strong></span> 
     </span>
    </p>
   </div>
   <div class='ocr_carea' id='block_1_100' title="bbox 1855 4795 3511 4874">
    <p class='ocr_par' dir='ltr' id='par_1_100' title="bbox 1855 4795 3511 4874">
     <span class='ocr_line' id='line_1_102' title="bbox 1855 4795 3511 4874; baseline 0.007 -23"><span class='ocrx_word' id='word_1_767' title='bbox 1855 4795 1976 4852; x_wconf 91' lang='lat' dir='ltr'><strong>itus</strong></span> <span class='ocrx_word' id='word_1_768' title='bbox 2005 4796 2076 4852; x_wconf 92' lang='lat' dir='ltr'><strong>ad</strong></span> <span class='ocrx_word' id='word_1_769' title='bbox 2105 4797 2389 4871; x_wconf 90' lang='lat' dir='ltr'><strong>seipsum,</strong></span> <span class='ocrx_word' id='word_1_770' title='bbox 2419 4805 2476 4858; x_wconf 91' lang='lat' dir='ltr'><strong>et</strong></span> <span class='ocrx_word' id='word_1_771' title='bbox 2506 4801 2631 4874; x_wconf 91' lang='lat' dir='ltr'><strong>ipse</strong></span> <span class='ocrx_word' id='word_1_772' title='bbox 2661 4806 2929 4861; x_wconf 90' lang='lat' dir='ltr'><strong>nostrum</strong></span> <span class='ocrx_word' id='word_1_773' title='bbox 2959 4808 3114 4861; x_wconf 91' lang='lat' dir='ltr'><strong>esset</strong></span> <span class='ocrx_word' id='word_1_774' title='bbox 3143 4804 3511 4863; x_wconf 90' lang='lat' dir='ltr'><strong>solummodo</strong></span> 
     </span>
    </p>
   </div>
   <div class='ocr_carea' id='block_1_101' title="bbox 1859 4885 3519 4967">
    <p class='ocr_par' dir='ltr' id='par_1_101' title="bbox 1859 4885 3519 4967">
     <span class='ocr_line' id='line_1_103' title="bbox 1859 4885 3519 4967; baseline 0.003 -27"><span class='ocrx_word' id='word_1_775' title='bbox 1859 4885 2163 4958; x_wconf 87' lang='lat' dir='ltr'><strong>gaudium.</strong></span> <span class='ocrx_word' id='word_1_776' title='bbox 2181 4887 2276 4943; x_wconf 92' lang='lat' dir='ltr'><strong>Sic</strong></span> <span class='ocrx_word' id='word_1_777' title='bbox 2298 4904 2455 4962; x_wconf 90' lang='lat' dir='ltr'><strong>ergo,</strong></span> <span class='ocrx_word' id='word_1_778' title='bbox 2480 4890 2564 4946; x_wconf 87' lang='lat' dir='ltr'><strong>sic</strong></span> <span class='ocrx_word' id='word_1_779' title='bbox 2590 4892 3000 4966; x_wconf 87' lang='lat' dir='ltr'><strong>unusquisque</strong></span> <span class='ocrx_word' id='word_1_780' title='bbox 3019 4898 3287 4951; x_wconf 89' lang='lat' dir='ltr'><strong>nostrum</strong></span> <span class='ocrx_word' id='word_1_781' title='bbox 3318 4898 3519 4967; x_wconf 83' lang='lat' dir='ltr'><strong>postu.</strong></span> 
     </span>
    </p>
   </div>
   <div class='ocr_carea' id='block_1_102' title="bbox 1860 4974 3517 5054">
    <p class='ocr_par' dir='ltr' id='par_1_102' title="bbox 1860 4974 3517 5054">
     <span class='ocr_line' id='line_1_104' title="bbox 1860 4974 3517 5054; baseline 0.005 -25"><span class='ocrx_word' id='word_1_782' title='bbox 1860 4974 1959 5044; x_wconf 90' lang='lat' dir='ltr'><strong>let,</strong></span> <span class='ocrx_word' id='word_1_783' title='bbox 1990 4990 2241 5048; x_wconf 88' lang='lat' dir='ltr'><strong>suggero</strong></span> <span class='ocrx_word' id='word_1_784' title='bbox 2276 4994 2288 5033; x_wconf 93' lang='lat'>:</span> <span class='ocrx_word' id='word_1_785' title='bbox 2321 4979 2671 5037; x_wconf 70' lang='lat' dir='ltr'><strong>Exsultemus</strong></span> <span class='ocrx_word' id='word_1_786' title='bbox 2709 4988 2762 5037; x_wconf 88' lang='lat' dir='ltr'><strong>et</strong></span> <span class='ocrx_word' id='word_1_787' title='bbox 2792 4983 3041 5040; x_wconf 63' lang='lat' dir='ltr'><strong>testemur</strong></span> <span class='ocrx_word' id='word_1_788' title='bbox 3068 4985 3130 5038; x_wconf 86' lang='lat' dir='ltr'><strong>in</strong></span> <span class='ocrx_word' id='word_1_789' title='bbox 3158 4999 3239 5040; x_wconf 89' lang='lat' dir='ltr'><strong>eo.</strong></span> <span class='ocrx_word' id='word_1_790' title='bbox 3270 4983 3400 5054; x_wconf 89' lang='lat' dir='ltr'><strong>Ipse</strong></span> <span class='ocrx_word' id='word_1_791' title='bbox 3428 4984 3517 5038; x_wconf 89' lang='lat' dir='ltr'><strong>est</strong></span> 
     </span>
    </p>
   </div>
   <div class='ocr_carea' id='block_1_103' title="bbox 1858 5060 3515 5144">
    <p class='ocr_par' dir='ltr' id='par_1_103' title="bbox 1858 5060 3515 5144">
     <span class='ocr_line' id='line_1_105' title="bbox 1858 5060 3515 5144; baseline 0.004 -26"><span class='ocrx_word' id='word_1_792' title='bbox 1858 5062 2015 5119; x_wconf 93' lang='lat' dir='ltr'><strong>enim</strong></span> <span class='ocrx_word' id='word_1_793' title='bbox 2047 5080 2159 5137; x_wconf 85' lang='lat' dir='ltr'><strong>pax</strong></span> <span class='ocrx_word' id='word_1_794' title='bbox 2188 5070 2407 5136; x_wconf 90' lang='lat' dir='ltr'><strong>nostra,</strong></span> <span class='ocrx_word' id='word_1_795' title='bbox 2438 5067 2563 5140; x_wconf 89' lang='lat' dir='ltr'><strong>ipse</strong></span> <span class='ocrx_word' id='word_1_796' title='bbox 2594 5069 2712 5141; x_wconf 88' lang='lat' dir='ltr'><strong>lux,</strong></span> <span class='ocrx_word' id='word_1_797' title='bbox 2746 5071 2872 5144; x_wconf 89' lang='lat' dir='ltr'><strong>ipse</strong></span> <span class='ocrx_word' id='word_1_798' title='bbox 2901 5072 3037 5139; x_wconf 90' lang='lat' dir='ltr'><strong>dux,</strong></span> <span class='ocrx_word' id='word_1_799' title='bbox 3063 5072 3189 5144; x_wconf 88' lang='lat' dir='ltr'><strong>ipse</strong></span> <span class='ocrx_word' id='word_1_800' title='bbox 3219 5060 3366 5138; x_wconf 86' lang='lat' dir='ltr'><strong>dies,</strong></span> <span class='ocrx_word' id='word_1_801' title='bbox 3390 5070 3515 5143; x_wconf 93' lang='lat' dir='ltr'><strong>ipse</strong></span> 
     </span>
    </p>
   </div>
   <div class='ocr_carea' id='block_1_104' title="bbox 1861 5207 2115 5263">
    <p class='ocr_par' dir='ltr' id='par_1_104' title="bbox 1861 5207 2115 5263">
     <span class='ocr_line' id='line_1_106' title="bbox 1861 5207 2115 5263; baseline -0.008 0"><span class='ocrx_word' id='word_1_802' title='bbox 1861 5207 2115 5263; x_wconf 85' lang='lat' dir='ltr'><strong>telliaite.</strong></span> 
     </span>
    </p>
   </div>
   <div class='ocr_carea' id='block_1_105' title="bbox 1933 5224 3518 5356">
    <p class='ocr_par' dir='ltr' id='par_1_105' title="bbox 1933 5224 3518 5356">
     <span class='ocr_line' id='line_1_107' title="bbox 1933 5224 3518 5356; baseline 0.004 -23"><span class='ocrx_word' id='word_1_803' title='bbox 2149 5277 2235 5335; x_wconf 87' lang='lat' dir='ltr'><strong>Ita</strong></span> <span class='ocrx_word' id='word_1_804' title='bbox 2264 5296 2396 5336; x_wconf 90' lang='lat' dir='ltr'><strong>cum</strong></span> <span class='ocrx_word' id='word_1_805' title='bbox 2441 5285 2642 5356; x_wconf 81' lang='lat' dir='ltr'><strong>nostro</strong></span> <span class='ocrx_word' id='word_1_806' title='bbox 2684 5297 2795 5338; x_wconf 91' lang='lat' dir='ltr'><strong>ms.</strong></span> <span class='ocrx_word' id='word_1_807' title='bbox 2830 5282 3078 5356; x_wconf 83' lang='lat' dir='ltr'><strong>Frising.</strong></span> <span class='ocrx_word' id='word_1_808' title='bbox 3111 5283 3279 5356; x_wconf 90' lang='lat' dir='ltr'><strong>Apud</strong></span> <span class='ocrx_word' id='word_1_809' title='bbox 3332 5282 3518 5340; x_wconf 89' lang='lat' dir='ltr'><strong>Ache-</strong></span> 
     </span>
    </p>
   </div>
   <div class='ocr_carea' id='block_1_106' title="bbox 1862 5349 2719 5410">
    <p class='ocr_par' dir='ltr' id='par_1_106' title="bbox 1862 5349 2719 5410">
     <span class='ocr_line' id='line_1_108' title="bbox 1862 5349 2719 5410; baseline 0.004 -5"><span class='ocrx_word' id='word_1_810' title='bbox 1862 5349 2018 5406; x_wconf 90' lang='lat' dir='ltr'><strong>rium</strong></span> <span class='ocrx_word' id='word_1_811' title='bbox 2046 5367 2173 5408; x_wconf 90' lang='lat' dir='ltr'><strong>cum</strong></span> <span class='ocrx_word' id='word_1_812' title='bbox 2198 5368 2314 5409; x_wconf 87' lang='lat' dir='ltr'><strong>nec.</strong></span> <span class='ocrx_word' id='word_1_813' title='bbox 2354 5395 2367 5408; x_wconf 92' lang='lat'><strong>.</strong></span> <span class='ocrx_word' id='word_1_814' title='bbox 2405 5394 2417 5407; x_wconf 96' lang='lat'><strong>.</strong></span> <span class='ocrx_word' id='word_1_815' title='bbox 2457 5394 2468 5406; x_wconf 94' lang='lat'><strong>.</strong></span> <span class='ocrx_word' id='word_1_816' title='bbox 2503 5352 2719 5410; x_wconf 87' lang='lat' dir='ltr'><strong>habeat.</strong></span> 
     </span>
    </p>
   </div>
   <div class='ocr_carea' id='block_1_107' title="bbox 1936 5421 3519 5497">
    <p class='ocr_par' dir='ltr' id='par_1_107' title="bbox 1936 5421 3519 5497">
     <span class='ocr_line' id='line_1_109' title="bbox 1936 5421 3519 5497; baseline 0.004 -20"><span class='ocrx_word' id='word_1_817' title='bbox 1936 5421 2121 5497; x_wconf 75' lang='grc'>(1484)</span> <span class='ocrx_word' id='word_1_818' title='bbox 2150 5421 2339 5497; x_wconf 86' lang='lat' dir='ltr'><strong>Codex</strong></span> <span class='ocrx_word' id='word_1_819' title='bbox 2370 5424 2617 5496; x_wconf 89' lang='lat' dir='ltr'><strong>Frising.</strong></span> <span class='ocrx_word' id='word_1_820' title='bbox 2652 5425 2882 5497; x_wconf 85' lang='lat' dir='ltr'><strong>ignorat</strong></span> <span class='ocrx_word' id='word_1_821' title='bbox 2908 5441 3076 5482; x_wconf 86' lang='lat' dir='ltr'><strong>nunc.</strong></span> <span class='ocrx_word' id='word_1_822' title='bbox 3107 5425 3391 5483; x_wconf 88' lang='lat' dir='ltr'><strong>Construe</strong></span> <span class='ocrx_word' id='word_1_823' title='bbox 3418 5442 3519 5483; x_wconf 86' lang='lat' dir='ltr'><strong>ve-</strong></span> 
     </span>
    </p>
   </div>
   <div class='ocr_carea' id='block_1_108' title="bbox 1866 5493 3520 5583">
    <p class='ocr_par' dir='ltr' id='par_1_108' title="bbox 1866 5493 3520 5583">
     <span class='ocr_line' id='line_1_110' title="bbox 1866 5493 3520 5583; baseline 0 0"><span class='ocrx_word' id='word_1_824' title='bbox 1866 5510 1930 5583; x_wconf 65' lang='lat'><strong>129</strong></span> <span class='ocrx_word' id='word_1_825' title='bbox 1947 5493 1977 5583; x_wconf 61' lang='lat'><strong>&#39;.=,</strong></span> <span class='ocrx_word' id='word_1_826' title='bbox 2003 5493 2253 5583; x_wconf 52' lang='grc' dir='ltr'><em>βεάάιψξ</em></span> <span class='ocrx_word' id='word_1_827' title='bbox 2270 5512 2420 5583; x_wconf 65' lang='lat' dir='ltr'><strong>me</strong></span> <span class='ocrx_word' id='word_1_828' title='bbox 2445 5493 2781 5583; x_wconf 62' lang='grc' dir='ltr'><strong>νθςίέίιηάῖιηι</strong></span> <span class='ocrx_word' id='word_1_829' title='bbox 2804 5496 2879 5583; x_wconf 68' lang='grc' dir='ltr'><strong>ξιά</strong></span> <span class='ocrx_word' id='word_1_830' title='bbox 2903 5498 3243 5583; x_wconf 47' lang='lat' dir='ltr'><strong>Aeetam,</strong></span> <span class='ocrx_word' id='word_1_831' title='bbox 3276 5500 3520 5583; x_wconf 56' lang='lat' dir='ltr'><strong>aeteae-</strong></span> 
     </span>
    </p>
   </div>
   <div class='ocr_carea' id='block_1_109' title="bbox 1866 5565 3522 5643">
    <p class='ocr_par' dir='ltr' id='par_1_109' title="bbox 1866 5565 3522 5643">
     <span class='ocr_line' id='line_1_111' title="bbox 1866 5565 3522 5643; baseline 0.004 -24"><span class='ocrx_word' id='word_1_832' title='bbox 1866 5565 2018 5636; x_wconf 79' lang='lat' dir='ltr'><strong>ﬁciat</strong></span> <span class='ocrx_word' id='word_1_833' title='bbox 2064 5568 2350 5643; x_wconf 80' lang='lat' dir='ltr'><strong>negotium</strong></span> <span class='ocrx_word' id='word_1_834' title='bbox 2401 5570 2634 5643; x_wconf 82' lang='lat' dir='ltr'><strong>tantum,</strong></span> <span class='ocrx_word' id='word_1_835' title='bbox 2674 5569 2818 5643; x_wconf 80' lang='lat' dir='ltr'><strong>quod</strong></span> <span class='ocrx_word' id='word_1_836' title='bbox 2850 5565 3022 5643; x_wconf 10' lang='lat' dir='ltr'><strong>fobl&#39;iti</strong></span> <span class='ocrx_word' id='word_1_837' title='bbox 3062 5565 3522 5643; x_wconf 75' lang='lat' dir='ltr'><strong>impossibilitatis</strong></span> 
     </span>
    </p>
   </div>
   <div class='ocr_carea' id='block_1_110' title="bbox 1866 5640 3521 5715">
    <p class='ocr_par' dir='ltr' id='par_1_110' title="bbox 1866 5640 3521 5715">
     <span class='ocr_line' id='line_1_112' title="bbox 1866 5640 3521 5715; baseline 0.005 -24"><span class='ocrx_word' id='word_1_838' title='bbox 1866 5640 2490 5715; x_wconf 66' lang='lat' dir='ltr'><strong>nostrwproposuimus,</strong></span> <span class='ocrx_word' id='word_1_839' title='bbox 2522 5642 2618 5713; x_wconf 79' lang='lat' dir='ltr'><strong>qui</strong></span> <span class='ocrx_word' id='word_1_840' title='bbox 2647 5640 2926 5713; x_wconf 81' lang='lat' dir='ltr'><strong>Apostolus</strong></span> <span class='ocrx_word' id='word_1_841' title='bbox 2965 5640 3155 5715; x_wconf 81' lang='lat' dir='ltr'><strong>utique</strong></span> <span class='ocrx_word' id='word_1_842' title='bbox 3180 5644 3324 5699; x_wconf 83' lang='lat' dir='ltr'><strong>valet</strong></span> <span class='ocrx_word' id='word_1_843' title='bbox 3354 5645 3521 5714; x_wconf 82' lang='lat' dir='ltr'><strong>conﬁ-</strong></span> 
     </span>
    </p>
   </div>
   <div class='ocr_carea' id='block_1_111' title="bbox 1869 5709 2664 5782">
    <p class='ocr_par' dir='ltr' id='par_1_111' title="bbox 1869 5709 2664 5782">
     <span class='ocr_line' id='line_1_113' title="bbox 1869 5709 2664 5782; baseline 0.003 -17"><span class='ocrx_word' id='word_1_844' title='bbox 1869 5724 1985 5765; x_wconf 87' lang='lat' dir='ltr'><strong>cere</strong></span> <span class='ocrx_word' id='word_1_845' title='bbox 2016 5727 2033 5763; x_wconf 92' lang='lat'><strong><em>:</em></strong></span> <span class='ocrx_word' id='word_1_846' title='bbox 2061 5709 2293 5779; x_wconf 87' lang='lat' dir='ltr'><strong>Pascha,</strong></span> <span class='ocrx_word' id='word_1_847' title='bbox 2326 5709 2541 5782; x_wconf 58' lang='lat' dir='ltr'><strong>inquit;</strong></span> <span class='ocrx_word' id='word_1_848' title='bbox 2557 5715 2664 5769; x_wconf 87' lang='lat' dir='ltr'><strong>etc.</strong></span> 
     </span>
    </p>
   </div>
  </div>
