4052 6382
475 358 601 426 ’123

1401 356 1781 422 RATHERII
1823 352 2069 419 EPISC.
2115 349 2409 416 VERON.
2455 347 2629 413 OPP.
2673 345 2877 412 PARS
2922 347 3002 410 II.

3784 338 3922 431 ω

485 494 598 566 sol,
629 492 755 569 ipse
784 489 967 561 salus,
990 491 1116 566 ipse
1144 493 1280 560 vita,
1305 493 1430 565 ipse
1460 491 1827 557 resurrectio,
1851 491 1975 562 ipse
1994 506 2132 564 gau-
2158 487 2217 557 Α,
2244 501 2346 558 per
2373 481 2776 556 paenitentiam
2820 480 3139 568 mentibus,
3171 479 3445 569 sanctum
3491 476 3693 550 ipsum
3744 474 3920 531 diem

492 586 657 643 dium
682 598 907 649 verum,
935 583 1061 655 ipse
1090 583 1387 638 beatitudo
1416 586 1717 654 perpetua,
1741 581 1865 653 ipse
1894 579 2140 635 felicitas

493 671 874 744 aeterna,ipse
902 670 1102 727 laetitia
1131 670 1491 738 indeficiens,
1515 675 1808 743 postremo
1841 670 1965 741 ipse
1994 668 2141 735 dies,

500 779 677 836 quem
707 758 1141 833 gignendo,'non
1163 761 1455 831 operando
1484 760 1618 815 fecit
1644 759 2010 826 Dominus,“
2036 757 2148 812 hoc

496 849 871 908 ineii’abiliter
896 865 1052 915 vero,
1072 850 1405 905 exsultemus
1434 853 1488 905 et
1516 850 1765 904 lmiemur
1790 850 1848 903 in
1878 864 1957 902 eo.
1984 846 2146 902 Laeti-

498 938 586 996 tia
605 955 839 1011 quoque
859 954 1070 993 mense
1092 940 1304 993 nostra;
1326 938 1617 1009 pertingat
1635 938 1680 1007 (4
1694 938 1817 1010 485)
1841 937 1912 993 ad
1934 952 2147 1007 paupe-

499 1041 596 1085 res
626 1027 877 1083 Christi:
903 1029 1104 1082 nostra
1132 1027 1497 1083 abundantia
1536 1026 1771 1082 illorum
1801 1025 2146 1098 suppleatur

497 1115 715 1188 inopia.
736 1115 851 1188 Ipsi
872 1131 1105 1187 quoque
1126 1132 1409 1187 pauperes
1430 1130 1558 1171 sese
1580 1115 1826 1171 invicem
1844 1116 2142 1184 adjuvant.

500 1205 663 1271 Quod
694 1204 796 1260 uni
845 1205 1027 1273 deest,
1053 1205 1149 1260 det
1177 1204 1341 1271 alter,
1377 1204 1426 1260 si
1454 1205 1656 1274 habet;
1687 1204 1737 1260 si
1784 1222 1901 1260 non
1947 1204 2142 1271 habet,

495 1297 657 1371 optet
677 1294 883 1351 saltem
906 1294 1158 1361 dedisse,
1182 1298 1248 1349 ut
1270 1310 1374 1366 per
1398 1294 1596 1350 omnia
1614 1297 1673 1350 et
1699 1295 1759 1349 in
1781 1293 2055 1349 omnibus
2076 1293 2146 1348 de

497 1383 668 1439 nobis
701 1384 953 1456 gaudeat
982 1382 1083 1455 qui
1122 1383 1340 1457 pascha
1375 1387 1644 1440 nostrum
1673 1382 2013 1438 immolatus
2058 1386 2148 1437 est

496 1471 788 1529 Christus.
810 1472 882 1528 Et
910 1472 1033 1528 haec
1077 1473 1155 1528 sit
1200 1472 1326 1527 dies
1366 1472 1548 1545 (4486)
1580 1487 1759 1544 quam
1786 1471 1921 1527 fecit
1949 1469 2146 1526 Domi-

497 1578 633 1631 nus,
657 1564 725 1617 ut
749 1564 807 1617 et
835 1578 943 1617 nos
963 1560 1255 1616 exsultare
1284 1564 1343 1615 et
1372 1560 1551 1615 laetari
1582 1560 1641 1614 in
1673 1577 1741 1616 ea
1769 1576 1924 1616 nunc
1945 1564 2001 1615 et
2021 1560 2148 1615 sine

496 1651 615 1705 ﬁne
642 1650 971 1722 possimus;
1003 1665 1215 1720 corpus
1259 1665 1491 1721 quoque
1530 1654 1587 1705 et
1615 1650 1763 1705 6“
1799 1649 2146 1721 sanguinem

497 1737 689 1812 ipsius
717 1738 800 1793 ita
826 1737 1143 1810 percipere,
1166 1741 1233 1793 ut
1261 1755 1378 1793 non
1414 1737 1485 1794 ad
1509 1738 1803 1809 judicium
1834 1738 1877 1805 (4
1890 1739 2036 1806 487),
2060 1740 2144 1805 ut,

499 1824 647 1922 proh
670 1825 842 1922 nefas
856 1825 884 1922 !_
896 1824 1126 1922 multis,
1150 1826 1267 1922 sed.
1280 1826 1358 1922 ad
1371 1826 1693 1881 remedium
1725 1825 2149 1922 sempiternum
2174 1856 2225 1922 Β

500 1913 694 1983 nobis,
721 1918 788 1970 ut
814 1913 1078 1971 felicibus
1109 1913 1316 1982 evenit,
1344 1915 1454 1971 hoc
1500 1915 1799 1987 provenire
1828 1914 2144 1988 contingat.

498 2003 749 2075 Adjuvet
777 2005 847 2060 ad
879 2004 989 2059 hoc
1028 2003 1384 2059 desiderium
1423 2008 1713 2073 nostrum,
1738 2007 1796 2059 et
1822 2004 2150 2060 sanctiﬁcet

496 2095 714 2161 aetum,
740 2091 839 2165 qui
870 2109 975 2166 pro
997 2092 1244 2148 nobisin
1266 2095 1451 2149 morte
1472 2093 1635 2149 dedit
1666 2092 1905 2149 unicum
1937 2093 2147 2149 Filium

495 2196 692 2249 suum,
718 2179 820 2253 qui
849 2196 985 2236 cum
1016 2181 1142 2253 ipso
1164 2184 1222 2237 et
1243 2179 1463 2252 Spiritu
1485 2183 1685 2237 sancto
1703 2180 1845 2237 vivit
1865 2184 1921 2237 et
1944 2184 2150 2253 regnat

492 2268 555 2328 in
586 2268 797 2327 saecula
825 2270 1194 2327 saeculorum.
1227 2271 1432 2326 Amen.

1044 2376 1289 2433 SERMO
1326 2375 1375 2429 v
1404 2374 1611 2447 (4488).

1121 2465 1191 2503 DE
1221 2463 1438 2503 PASCHA
1465 2464 1505 2502 II
1514 2488 1526 2501 .

538 2538 621 2617 _l.
653 2539 801 2595 Cum
847 2553 1053 2593 omnes
1100 2537 1160 2590 in
1205 2536 1316 2592 hac
1372 2536 1465 2591 die
1522 2535 1809 2617 Propheta
1860 2536 2148 2594 exsultare

495 2614 760 2700 praecipit
787 2629 963 2698 atque
989 2624 1170 2680 laetari
1201 2626 1374 2697 (Psal.
1403 2614 1573 2691 cxvn,
1604 2623 1721 2692 24),
1753 2624 2149 2697 reprehensio-

497 2713 592 2771 nis
624 2731 741 2770 non
771 2730 981 2786 parum
1024 2717 1218 2769 metuo
1260 2717 1481 2778 notam,
1517 2712 1565 2769 si
1599 2729 1759 2769 more
1810 2730 1937 2770 meo
1964 2715 2146 2771 tristi-

497 2801 594 2859 tiae
626 2802 884 2874 aliquam
923 2800 1179 2857 sermoni
1229 2818 1357 2859 meo
1414 2802 1717 2874 interpono
1775 2803 2143 2875 particulam.

497 2891 614 2949 Sed
644 2891 799 2949 absit
827 2891 1238 2965 reprehensor;
1267 2907 1402 2946 nam
1433 2906 1526 2947 me
1559 2908 1670 2947 non
1700 2891 1920 2948 tristari
1952 2893 2148 2950 consi-

2251 557 2533 630 novorum
2554 572 2747 628 videre
2767 574 2824 627 et
2844 557 2979 626 cum
3010 568 3224 643 gaudio
3247 567 3539 625 celebrare
3560 579 3921 639 possemus;

2250 678 2386 719 cum
2416 661 2526 717 hoc
2559 659 2800 715 minime
2831 657 3166 725 fecerimus,
3188 656 3362 728 quale
3390 655 3698 729 gaudium,
3727 669 3925 727 quam

2251 749 2721 815 exsultationem,
2747 764 2923 819 quam
2954 747 3218 801 laetitiam
3240 745 3457 801 habere
3483 742 3799 801 valemus?
3822 741 3927 798 Ait

2251 839 2408 895 enim
2433 837 2492 893 in
2524 835 3094 892 commendationem
3115 834 3383 905 ejusdem
3413 831 3614 906 gaudii
3642 835 3923 897 sanctus,

2252 932 2319 984 ut
2350 927 2463 1000 legi
2495 924 2763 992 audistis,
2788 922 3101 995 Apostolus
3131 924 3353 994 :Itaque
3382 922 3670 994 epulemur
3700 921 3749 993 (1
3789 919 3922 976 Cor.

2250 1034 2306 1085 v,
2328 1018 2405 1085 7).
2431 1015 2580 1080 Quid
2603 1012 2784 1069 dixit?
2816 1012 3018 1084 Itaque
3044 1028 3258 1083 corpus
3289 1010 3442 1068 612
3473 1013 3529 1066 et
3557 1008 3924 1081 sanguinem

2252 1103 2461 1177 ipsius,
2485 1102 2585 1174 qui
2630 1118 2734 1174 pro
2782 1100 2952 1156 nobis
3002 1099 3344 1156 immolatus
3375 1102 3482 1165 est,
3507 1097 3725 1154 Christi
3775 1112 3921 1153 cum

2253 1191 2639 1248 exsultatione
2670 1204 2999 1245 sumamus.
3034 1187 3341 1244 Faciamus
3371 1202 3530 1261 ergo.

2320 1284 2376 1336 2.
2402 1280 2514 1336 Sed
2548 1278 2686 1351 quid
2718 1277 2847 1342 erit,
2874 1276 2926 1333 si
2968 1276 3155 1332 facere
3185 1276 3360 1349 digne
3390 1292 3456 1332 ac
3491 1276 3653 1348 juste
3684 1273 3921 1348 nequi-

2254 1368 2429 1425 mus?
2467 1366 2782 1439 Subjungit
2811 1381 3066 1437 namque
3097 1363 3304 1436 (4490),
3327 1366 3384 1420 et
3411 1362 3493 1419 ait
3519 1379 3533 1418 :
3564 1364 3685 1419 Non
3714 1364 3779 1419 in
3805 1365 3925 1434 fer-

2252 1464 2432 1513 mento
2461 1457 2649 1524 veteri,
2672 1454 2730 1509 id
2759 1457 2866 1522 est,
2892 1456 3121 1509 tumore
3143 1450 3451 1509 anterioris
3472 1451 3717 1523 peccati,
3738 1466 3927 1522 neque

2254 1547 2315 1601 in
2333 1548 2599 1617 fermento
2616 1544 2874 1610 malitiae,
2892 1540 3127 1598 malitiae
3149 1541 3353 1613 utique
3372 1540 3548 1597 alicui
3567 1538 3913 1597 Christiano

2257 1633 2481 1691 malum
2513 1633 2728 1689 inferre
2758 1630 3050 1704 cupiendi,
3075 1629 3351 1702 nequitias
3381 1628 3490 1685 hoc
3518 1629 3705 1685 facere
3734 1628 3926 1685 etiam

2253 1722 2470 1795 injuste
2496 1720 2764 1777 conandi.
2789 1720 2898 1775 Sed
2932 1717 3219 1790 qualiter?
3249 1719 3313 1775 In
3339 1718 3550 1789 azymis
3578 1718 3929 1773 sinceritatis

2254 1819 2305 1866 et
2347 1811 2619 1865 veritatis.
2652 1807 3014 1864 Sinceritatis
3063 1822 3196 1862 vero
3243 1805 3471 1877 puritas
3520 1808 3629 1874 est,
3663 1804 3776 1861 hoe
3808 1809 3927 1875 est,

2258 1900 2414 1973 quod
2448 1896 2595 1953 nihil
2625 1897 2821 1961 habet,
2856 1895 2969 1951 nisi
2999 1895 3157 1967 quod
3197 1898 3507 1951 monstrat.
3525 1892 3754 1951 Veritas
3782 1911 3928 1950 vero

2258 1987 2400 2059 quid
2420 1990 2576 2043 esset
2596 2002 2729 2041 cum
2753 1984 2973 2041 Pilatus
2996 1984 3416 2057 interrogasset
3433 1983 3611 2055 (Joan.
3625 1999 3787 2054 xvui,
3802 1982 3925 2053 38),

2256 2093 2373 2133 non
2404 2074 2755 2148 exspectavit
2783 2072 3008 2139 audire,
3031 2072 3160 2128 ideo
3192 2072 3263 2128 de
3295 2070 3397 2128 illa
3428 2088 3543 2127 non
3574 2072 3792 2128 meruit
3823 2089 3926 2128 ex-

2257 2164 2495 2221 sultare.
2517 2163 2625 2228 Qui
2657 2178 2793 2235 ergo
2819 2177 2926 2218 nee
2956 2161 3015 2215 in
3047 2177 3145 2216 ore
3173 2160 3500 2230 veritatem,
3522 2176 3629 2216 nec
3652 2161 3710 2216 in
3743 2162 3928 2217 corde

2257 2253 2519 2326 possidet
2547 2251 2886 2324 puritatem,
2910 2249 3124 2306 Christi
3148 2250 3439 2321 quomodo
3466 2265 3649 2306 ausus
3669 2248 3748 2305 sit
3776 2266 3927 2321 pen-

2259 2343 2511 2399 sandum
2544 2340 2846 2397 comedere
2888 2354 3124 2395 carnem
3169 2336 3375 2410 (4494),
3409 2352 3545 2393 cum
3588 2337 3925 2410 praesertim

2256 2429 2570 2507 Apostolus
2594 2429 2853 2501 apertius
2873 2428 2982 2484 hoc
3014 2427 3345 2496 interdicat,
3369 2425 3534 2484 nulla
3557 2426 3777 2484 scilicet
3812 2427 3927 2483 cir—

2258 2518 2510 2576 cuitione
2546 2535 2712 2584 usus,
2736 2517 2981 2573 dicendo
3007 2533 3019 2571 :
3047 2516 3368 2588 Quicunque
3396 2515 3692 2571 manducat
3720 2531 3925 2588 corpus

2256 2610 2478 2665 Domini
2505 2607 2751 2679 indigne,
2789 2605 3070 2679 judicium
3113 2606 3223 2661 sibi
3268 2602 3564 2660 manducet
3610 2605 3659 2676 (I
3688 2603 3814 2661 Cor.
3837 2622 3919 2675 χι,

2254 2698 2369 2770 29).
2391 2699 2479 2766 Et,
2503 2697 2609 2754 ohl
2638 2713 2817 2770 quam
2846 2695 2998 2752 valet
3046 2694 3220 2751 hodie
3260 2692 3552 2751 exsultare
3600 2698 3657 2750 et
3703 2695 3917 2766 laetari,

2254 2788 2382 2844 loco
2408 2785 2616 2842 salutis
2647 2785 2940 2856 judicium
2984 2786 3351 2856 sumpturus,
3383 2782 3509 2839 loco
3539 2782 3669 2839 vita
3700 2783 3921 2840 interi-

2254 2874 2421 2933 tuml
2476 2874 2657 2943 Istud,
2693 2873 2873 2941 istud,
2922 2872 3189 2945 inquam,
3220 2875 3311 2928 est
3363 2871 3735 2944 istud,quod
3788 2875 3921 2930 tota

496 2980 703 3037 liarius
744 2958 911 3037 vetat
946 2979 1204 3036 interior.
1234 2980 1308 3036 Ut
1355 2980 1511 3035 enim
1542 2980 1755 3037 Tobias
1805 2981 2033 3055 angelo,
2065 2983 2148 3039 ita
2255 2964 2369 3055 ista
2406 2979 2553 3035 pene
2585 2960 3037 3055 quadragesima
3085 2978 3177 3016 me
3208 2958 3513 3055 compulit
3540 2958 3817 3055 clamare.
3850 2964 3921 3016 ut

495 3069 738 3127 cuilibet
760 3086 853 3126 me
884 3068 1068 3125 laetari
1097 3068 1367 3125 suadenti
1398 3069 1746 3140 respondere
1775 3047 1917 3142 ipse
1929 3047 2035 3126 nec
2065 3070 2148 3125 in-
2253 3054 2573 3125 ἀθΡοηθηιεδ
2603 3068 2820 3143 om"???
2850 3051 3147 3143 Μαξίξίανην
3179 3065 3397 3143 (mlitem
3424 3047 3642 3143 d01mn,_
3654 3052 3915 3143 ξιξ-δίζητῆ-

491 3175 747 3233 congrue
771 3157 934 3215 valeo
963 3173 977 3213 ε
1003 3158 1174 3226 Quale
1212 3157 1374 3224 mihi,
1408 3137 1510 3213 αίίζ
1534 3158 1691 3213 enim
1739 3137 1856 3229 ill—9’
1882 3140 2146 3228 gaudium
2178 3220 2216 3233 Α
2255 3143 2534 3233 tationem,
2558 3148 2609 3197 et
2630 3139 2901 3233 invidiam
2921 3140 2968 3211 (Ι
2986 3140 3134 3195 Petr.
3155 3155 3217 3207 ιι,
3240 3137 3314 3211 4),
3339 3152 3545 3233 omnes
3574 3137 3645 3195 ad
3669 3137 3913 3207 Christi,

489 3220 639 3317 erit:
659 3248 756 3320 qui
784 3249 847 3303 in
877 3248 1112 3306 tenebris
1139 3246 1310 3314 sedeo,
1344 3254 1395 3303 et
1427 3246 1613 3302 lumen
1643 3247 1768 3303 cazli
1812 3262 1923 3303 non
1952 3247 2145 3304 video?

2255 3230 2314 3286 id
2355 3235 2464 3299 est,
2487 3245 2684 3286 veram
2738 3230 3111 3285 studeremus
3162 3243 3269 3283 nos
3318 3230 3651 3283 convertere
3704 3244 3914 3301 pacem

488 3314 632 3407 (Tob.
659 3314 714 3405 ἦν,
748 3336 862 3408 42.)
889 3336 963 3393 Ut
1011 3335 1169 3391 enim
1219 3335 1420 3391 lumen
1470 3335 1597 3391 οωΙί
1649 3336 1839 3408 ipsam
1881 3340 2145 3394 nostram
2256 3319 2459 3392 (“92):
2488 3323 2545 3374 et
2586 3317 2725 3390 qum
2752 3317 2862 3408 hoc
2893 3317 3080 3408 Ϊθιοβῐξθ
3128 3315 3369 3408 Plurimi
3414 3314 3705 3408 “scillle
3741 3317 3915 3389 Ἶυᾶεί

488 3404 782 3497 appellare
812 3404 930 3480 non
956 3423 1356 3480 disconveniat
1375 3404 1767 3489 festivitatem,
1796 3423 1866 3479 de
1888 3440 2005 3495 qua
2036 3427 2144 3491 sei-

2255 3423 2524 3464 normam
2563 3407 2884 3479 quamdam
2923 3406 3088 3462 vobis
3133 3404 3441 3477 przefigens
3484 3405 3915 3474 suadebam,ut

486 3493 625 3570 licet
653 3511 868 3568 dicitur
899 3528 912 3567 :
945 3514 1223 3568 Laztentur
1261 3514 1404 3579 caeli,
1438 3516 1487 3568 et
1517 3512 1751 3568 exsultet
1796 3493 2144 3591 terr—(1(Psal.
2383 3496 2640 3591 aliqua}?
2671 3513 2732 3591 δέ
2763 3493 2983 3551 Ῑεθδίεεθ
3013 3493 3913 3591 ωθῐηίοονιξηῖνιῗθοοτάέιξξδξηυΐ

483 3617 613 3669 xcv,
647 3600 736 3673 44)
762 3617 775 3656 :
806 3618 922 3657 non
951 3600 1053 3656 illa
1078 3618 1211 3657 vero
1255 3605 1431 3667 terra,
1463 3602 1533 3656 de
1577 3618 1692 3673 qua
1735 3581 2144 3673 serpenti-illi:

2255 3586 2499 3643 dicentis
2523 3602 2535 3641 :
2561 3585 2620 3641 Si
2643 3585 2803 3658 offers
2844 3601 3044 3639 munus
3072 3591 3226 3639 tuum
3274 3581 3345 3638 ad
3393 3582 3591 3650 altare,
3624 3587 3677 3638 et
3707 3583 3791 3639 ibi
3819 3601 3907 3639 re-

482 3670 726 3747 malitiag'
766 3689 1015 3757 ευαεοινί,
1048 3692 1137 3746 est
1178 3690 1400 3745 dictum
1435 3706 1448 3746 ε
1482 3670 1702 3746 Τενῆαηι
1730 3670 1969 3748 om“;
2000 3670 2137 3749 σηηζ
2250 3675 2497 3731 cordatus
2526 3674 2701 3745 fueris
2732 3672 2873 3744 quod
2890 3676 3066 3745 frater
3094 3676 3219 3728 tuus
3248 3670 3446 3727 habeat
3473 3672 3691 3744 aliquid
3718 3672 3909 3730 adver-

480 3780 585 3837 ctis
631 3778 820 3836 diebus
864 3781 996 3836 vitae
1024 3782 1135 3836 tum
1166 3778 1316 3851 (Gen.
1351 3793 1434 3847 ιιι,
1467 3778 1578 3849 44),
1613 3780 1714 3835 sed
1763 3778 1865 3835 illa
1916 3781 2135 3852 potius,

2255 3781 2372 3839 sum
2402 3768 2471 3830 te,
2502 3763 2755 3833 relinque
2783 3763 2863 3817 ibi
2890 3778 3090 3817 munus
3131 3769 3289 3817 tuum
3318 3768 3443 3817 ante
3471 3762 3669 3827 altare,
3691 3769 3743 3818 et
3773 3763 3907 3820 vade

477 3866 550 3924 de
580 3883 699 3940 qua
727 3866 951 3923 dictum
983 3870 1155 3923 antea
1178 3850 1374 3923 fuerat
1397 3885 1409 3922 :
1434 3866 1709 3924 Germinet
1732 3871 1880 3923 terra
1911 3850 2139 3927 herbam

2255 3856 2403 3926 prius
2450 3853 2800 3909 reconciliari
2845 3852 3017 3923 fratri
3045 3855 3155 3919 tuo,
3186 3854 3238 3906 et
3270 3857 3400 3905 tunc
3446 3850 3668 3906 veniens
3714 3852 3906 3923 oﬁeres

472 3958 739 4014 virentem
774 3955 928 4033 (Gen.
963 3974 999 4021 ι,
1037 3956 1146 4029 14),
1170 3960 1304 4023 ete.,
1329 3972 1457 4027 quae
1501 3957 1828 4012 secundum
1873 3956 2135 4016 litteram

470 4045 620 4103 satis
649 4050 789 4101 sunt
815 4046 990 4111 bona,
1014 4046 1339 4101 secundum
1364 4061 1496 4100 vero
1538 4044 1853 4118 mysticum
1904 4046 2132 4105 intelle-

470 4138 631 4191 ctum
661 4135 874 4208 oppido
906 4133 1168 4190 meliora.
1193 4134 1382 4206 Hujus
1412 4134 1525 4189 diei
1570 4134 1853 4207 gaudium
1894 4152 2012 4208 qua
2041 4141 2128 4193 te-

467 4207 862 4280 meritateme
890 4222 1002 4278 frui
1025 4223 1159 4294 jure
1189 4222 1523 4293 pronuntio,
1559 4221 1658 4294 qui
1694 4225 1888 4277 tamen
1922 4207 2123 4280 lumen
2242 4210 2506 4266 dimittite
2532 4211 2582 4265 si
2612 4208 2743 4281 quid
2769 4209 2980 4264 habetis
3000 4207 3254 4264 adversus
3275 4207 3536 4277 aliquem,
3564 4208 3625 4260 ut
3652 4210 3707 4262 et
3735 4212 3904 4263 Pater

465 4311 650 4385 (4489)
665 4311 886 4382 eceli,id
920 4311 1260 4384 est,ipsum,
1296 4311 1395 4382 qui
1415 4309 1626 4366 coelum
1664 4309 1979 4379 illuminat,
1996 4329 2131 4384 pec-
2242 4304 2412 4356 vester
2438 4300 2665 4355 caelestis
2697 4297 2940 4353 dimittat
2987 4297 3136 4352 vobis
3177 4303 3399 4367 peccata
3441 4304 3653 4359 vestra;
3683 4296 3824 4385 quod
3849 4299 3902 4353 si

464 4384 730 4458 Catorum
779 4401 995 4458 nebula
1044 4399 1499 4457 circumvallatis
1529 4399 1723 4456 videre
1770 4417 1888 4456 non
1919 4401 2123 4458 vales?
2238 4405 2328 4445 vos
2357 4405 2467 4444 non
2498 4388 2841 4454 dimiseritis,
2873 4403 2971 4442 nec
3001 4390 3167 4442 Pater
3198 4388 3375 4442 vester
3401 4385 3631 4441 caelestis
3659 4384 3897 4443 dimittet

459 4489 630 4558 Nam,
655 4491 797 4546 dum
818 4490 890 4547 ad
916 4490 1026 4545 hoc
1049 4489 1349 4545 institutos
1376 4488 1529 4555 illos,
1546 4488 1643 4561 qui
1659 4490 1786 4561 jam
1813 4506 2127 4561 praeesse-

2255 4482 2459 4533 ieccata
2486 4485 2664 4533 vestra
2696 4478 2880 4548 (Marc.
2914 4493 2990 4544 χι,
3023 4478 3099 4545 2).

459 4570 600 4634 runt
620 4579 1009 4651 quadraginta
1030 4577 1363 4634 noverimus
1388 4576 1531 4646 dies,
1560 4581 1623 4631 ut
1654 4577 1713 4632 in
1737 4577 1821 4634 eis
1852 4580 2121 4651 purgatis
2147 4589 2194 4655 1)
2310 4568 2363 4623 3-
2394 4567 2580 4639 Hujus
2602 4568 2724 4635 86d.
2750 4566 2895 4639 PPOh
2920 4564 3116 4622 C1010r1
3152 4563 3380 4621 GOHSilii
3407 4563 3466 4619 in
3498 4566 3730 4620 tantum
3757 4581 3894 4621 con-

552 4682 930 4755 4485)Χυ18.,
950 4684 1204 4755 pertinet.
1226 4681 1432 4739 Verior
1461 4682 1642 4738 nostri
1676 4682 1894 4755 codicis
1916 4681 2105 4755 lectio.
2224 4673 2443 4755 editor,
2466 4672 2851 4755 ejusdemque
2879 4670 3317 4755 emendationes
3348 4669 3679 4753 recepimus
3700 4686 3717 4755 ξ
3742 4670 3896 4755 sicut

549 4740 892 4825 4486)Ιᾲθῶ
918 4740 1119 4825 ’ᾖυιεη
1152 4754 1267 4809 dies
1315 4756 1523 4809 nostra.
1574 4753 2107 4825 Auctoritatelau-
2223 4740 2451 4825 etpost
2483 4740 2773 4825 ﬁQQDUUd
2800 4742 3102 4825 ουῐξξιξρδο
3149 4740 3504 4825 reﬂuum“?
3524 4741 3767 4825 Ροδςςίάθτ
3785 4759 3893 4825 ἕνειή

450 4813 573 4881 dati
604 4813 821 4880 codicis
861 4813 1182 4881 delevim'us
1230 4832 1432 4891 nostra,
1468 4829 1524 4879 et
1568 4841 1701 4881 mox
1746 4824 2107 4883 inseruimus
2218 4813 2468 4891 ritdtem,
2492 4815 2590 4871 ubi
2621 4815 2816 4887 prima
2847 4813 3024 4871 editio
3056 4830 3363 4886 perperam
3388 4813 3644 4869 habebat
3655 4813 3895 4885 possidet

446 4912 547 4954 nos
575 4900 714 4952 ante
742 4896 1040 4952 exsultare.
1420 4890 1423 4891 ⁷
2217 4890 2527 4944 veritatem.

517 4967 705 5041 (4487)
739 4966 1065 5041 Construe:
1104 4968 1165 5023 Ut
1193 4968 1476 5041 contingat
1514 4967 1610 5022 hoc
1632 4969 1921 5041 provenire
1947 4969 2104 5025 nobis
2290 4960 2333 5032 (4
2348 4958 2472 5041 494)
2503 4959 2855 5041 {hmani}
2901 4955 3250 5041 Ρβηδαηίίωη
3297 4955 3559 5029 σαθητθάθ
3605 4972 3775 5013 am
3819 4959 3891 5015 δίε

442 5028 557 5114 non
585 5040 655 5096 ad
674 5028 972 5114 judicium,
1006 5043 1087 5114 ut,
1136 5038 1275 5109 proh
1303 5028 1497 5114 nefas!
1545 5028 1720 5114 evenit
1768 5040 1979 5114 multis,
2012 5041 2103 5097 sed
2215 5028 2749 5114 σοήξιξίέῳξθξρνηρῃι
2781 5028 3005 5114 οῇνὶέρἰ.

442 5112 514 5168 ad
541 5098 844 5169 remedium
869 5098 1282 5183 senipiternum,
1315 5098 1382 5163 ut
1398 5111 1581 5183 evenit
1607 5112 1882 5183 felicibus.
1967 5098 1977 5109 ’
2283 5102 2327 5183 (4
2342 5101 2464 5173 492)
2499 5100 2795 5183 Similiter
2815 5101 2874 5155 in
2897 5099 3177 5183 Discordia
3206 5098 3516 5155 lucubrata
3540 5099 3600 5154 in
3627 5098 3887 5164 Quadra-

512 5182 559 5254 (4
572 5185 696 5268 488)
718 5173 1038 5268 llic_sermo
1066 5173 1340 5268 vulgatus
1363 5173 1699 5268 ab‘Aclhe'rio
1726 5198 1927 5268 exnms.
1953 5183 2099 5268 Ifl‘au-
2208 5173 2435 5268 geSima
2466 5174 2607 5228 anni
2645 5173 2954 5268 968’num'.
2989 5174 3187 5268 7.nPer'
3225 5186 3408 5254 omnes
3436 5187 3570 5268 sane
3590 5187 3883 5255 sermones,

439 5242 711 5323 duhensi,
743 5255 979 5313 habitus
1010 5253 1121 5311 fuit
1160 5242 1255 5309 die
1299 5251 1599 5308 Paschalis
1632 5254 1770 5310 anni
1800 5253 1922 5309 968.
1958 5253 2093 5309 Con-
2205 5242 2416 5318 inquit,
2450 5260 2578 5315 quos
2610 5244 2846 5323 populo_
2879 5245 2998 5323 ista
3033 5242 3467 5323 Quadragesima
3501 5243 3634 5323 fagi,
3664 5258 3887 5323 monere

438 5323 527 5379 fer
555 5330 674 5381 not.
698 5315 861 5382 4492.
2202 5315 2415 5373 meeum
2443 5331 2629 5373 omnes
2649 5330 2778 5387 non
2812 5315 3018 5383 destiti,
3045 5322 3107 5371 ut
3134 5315 3315 5370 redire
3342 5330 3455 5371 non
3477 5315 3792 5387 diﬂ'eremus
3816 5315 3885 5387 ad

509 5395 693 5467 (4489)
723 5396 1135 5468 Supplevimus
1179 5396 1363 5451 lumen
1402 5412 1470 5449 ex
1514 5393 1863 5467 praecedenti
1895 5394 2088 5450 Tobize
2195 5406 2405 5468 pacem,
2436 5392 2573 5468 ete.,
2605 5385 2724 5468 ubi
2758 5387 2961 5468 eadem
3012 5386 3319 5468 sequentia
3360 5382 3881 5468 evangelicatesti-

433 5456 616 5538 textu,
651 5456 734 5538 ad
757 5456 929 5538 quem
961 5467 1083 5523 haec
1114 5467 1464 5522 referuntur.
1491 5456 1542 5538 A‘V
1773 5537 1777 5538 ν
1819 5536 1825 5538 _
2195 5456 2399 5517 monia
2441 5458 2670 5538 ingerit,
2702 5474 2736 5513 a
2776 5461 2971 5538 terum
3022 5456 3125 5538 pro
3153 5458 3271 5538 .iis_
3300 5458 3402 5530 qui
3447 5456 3741 5538 laeserunt.
3778 5458 3882 5514 ali-

506 5536 553 5607 (4
567 5528 692 5605 490)
723 5528 793 5592 In
814 5538 1000 5609 priori
1042 5538 1367 5594 Acheriana
1411 5536 1664 5593 editione
1698 5536 1867 5609 :_.Sibi
1896 5539 2085 5609 jungit
2199 5550 2397 5606 quem,
2434 5528 2679 5609 alterum
2717 5546 2837 5601 pro
2880 5529 2975 5598 iis,
3001 5528 3277 5609 quihlazsi
3316 5528 3483 5609 sunt.
3509 5532 3696 5609 Quare
3726 5528 3882 5586 hunc

429 5599 687 5679 namque,
719 5612 779 5680 et
806 5599 1178 5680 ihfratimore
1208 5610 1501 5665 anterioris
1524 5628 1544 5663 .·
1571 5625 1698 5680 qua:
1730 5599 1953 5680 librarii
1986 5599 2087 5664 aut
2197 5599 2527 5663 sermonem
2565 5599 2769 5657 eodem
2813 5618 2967 5659 anno
3000 5599 3317 5658 recitatum
3352 5599 3560 5673 liquet.

428 5679 779 5754 typographi
800 5679 1027 5739 incuria
1043 5680 1322 5738 accidisse
1332 5682 1355 5753 j
1367 5697 1467 5737 ure
1486 5679 1714 5738 censuit
1730 5679 2085 5739 novissimus

2244 3958 2447 3997 munus
2478 3944 2633 3995 tuum
2669 3939 2877 4017 (Matth.
2910 3955 2963 4008 v,
2996 3938 3086 4005 23,
3118 3936 3231 4010 24).
3256 3937 3365 4003 Qui
3410 3952 3545 3992 vero
3592 3937 3665 3992 ab
3705 3936 3902 4011 aliquo

2244 4030 2366 4087 lazsi
2400 4030 2668 4098 fuissent,
2692 4032 2749 4084 et
2797 4028 2894 4084 ille
2935 4027 3163 4083 veniam
3194 4026 3476 4082 veraciter
3523 4026 3901 4098 postulasset,

2245 4136 2361 4176 non
2383 4118 2866 4175 obliviscerentur
2884 4117 3163 4172 dicentis:
3186 4116 3322 4173 Cum
3335 4116 3493 4171 statis
3517 4114 3587 4170 ad
3612 4116 3900 4189 orandum,
