4052 6386
110 377 231 446 725

1610 382 2051 456 SERMONES.

109 516 441 590 temptores
471 515 759 591 quosdam
804 516 1097 594 conspexi,
1133 521 1190 577 et
1233 516 1457 578 utinam
1489 537 1605 579 non
1637 521 1770 581 illos
1797 525 1853 595 Α
1882 529 2178 584 momento
2204 525 2335 601 quis
2356 526 2567 587 transit
2587 529 2862 590 adiabolo
2885 534 2958 591 ad
2974 532 3294 604 Christum,
3319 553 3353 593 a
3373 536 3531 595 vitiis

106 606 408 680 praecipue
428 607 530 681 qui
549 607 870 665 debuerant
887 608 1019 667 aliis
1040 609 1259 666 bonum
1278 610 1609 685 exemplum
1631 629 1769 686 pra:-

105 696 263 764 bere,
297 699 369 751 ut
397 696 578 753 etiam
608 697 719 770 ipsi
751 698 935 773 (11193)
967 700 1066 771 qui
1109 716 1321 772 panem
1370 705 1637 757 sanctum
1683 703 1767 759 eis

105 784 381 841 mittebat
439 785 501 841 in
561 803 658 842 ore
714 787 981 857 dicendo,
1030 788 1215 861 (1494)
1276 789 1491 860 Corpus
1546 793 1769 848 Domini

102 875 297 930 nostri
325 879 468 931 Jesu
497 876 718 933 Christi
743 878 933 948 prosit
991 878 1098 933 tibi
1145 879 1206 934 in
1234 879 1409 935 vitam
1464 890 1762 950 aeternam,

104 964 259 1020 613
297 980 415 1019 non
449 968 747 1021 cessarent
773 965 1120 1038 perditionis
1141 966 1382 1040 laqueos
1424 970 1679 1037 tendere,
1708 975 1765 1026 et

104 1052 275 1125 quasi
333 1052 522 1110 Pilato
578 1053 784 1110 diebus
841 1055 1100 1111 eisdem:
1150 1057 1449 1127 Grueiﬁge,
1488 1062 1766 1131 cruciﬁge

103 1147 298 1212 (Joan.
350 1160 470 1212 XIX,
501 1143 580 1214 6),
635 1142 923 1215 clamare;
958 1161 1073 1200 non
1131 1146 1419 1202 recordati
1475 1148 1759 1205 dicentis:

106 1237 202 1290 Vae
231 1232 422 1302 impio
447 1231 761 1302 proditori,
813 1250 890 1288 vaa
943 1233 1330 1306 complicibus
1386 1235 1673 1308 hodieque
1699 1238 1759 1293 in

102 1320 362 1377 Ecclesia
390 1322 542 1394 ejus.
564 1324 820 1388 Quorum
854 1322 1211 1395 quibusdam
1242 1323 1413 1379 hodie
1444 1342 1547 1397 per
1573 1326 1757 1382 vicem

100 1411 333 1467 Domini
357 1410 544 1467 nostri
577 1411 872 1478 mandavi,
909 1415 975 1467 ut
1004 1412 1114 1468 hoc
1144 1413 1335 1487 facere
1356 1414 1755 1485 quiescerent;

101 1503 157 1557 et
186 1499 237 1556 si
292 1499 558 1569 fecerint,
594 1500 978 1573 sibimetipsis
1027 1501 1261 1558 faciant.
1304 1502 1454 1558 Dicit
1482 1504 1639 1560 enim
1671 1522 1761 1561 sa-

103 1588 517 1662 pientissimus
541 1588 834 1663 perlepide
867 1590 1283 1664 Hieronymus:
1310 1592 1500 1649 Semel
1532 1609 1757 1649 errasse

108 1677 185 1735 sit
212 1694 392 1735 casus
417 1695 431 1747 ;
464 1695 570 1735 cur
598 1680 920 1751 prudenter
950 1684 1195 1748 erratur,
1230 1685 1286 1736 et
1318 1683 1518 1737 crebro
1538 1683 1566 1737 ‘t
1608 1683 1754 1739 Nam

105 1766 220 1823 nisi
258 1768 539 1836 caverint,
589 1768 906 1824 verendum
959 1786 1032 1825 ne
1089 1766 1208 1825 illis
1253 1770 1553 1844 contingat
1598 1773 1755 1843 quod

101 1855 238 1924 illis,
271 1857 344 1912 de
367 1856 587 1929 quibus
617 1858 837 1913 dictum
870 1861 977 1927 est,
1012 1858 1292 1933 contigit:
1345 1861 1556 1917 Adhuc
1611 1876 1756 1919 esca?
1786 1898 1834 1964 Β

99 1960 304 2001 eorum
320 1951 494 2002 erant
508 1947 570 2002 in
586 1963 688 2004 ore
703 1948 983 2016 ipsorum,
1000 1957 1055 2004 et
1069 1948 1164 2004 ira
1182 1948 1285 2004 Dei
1302 1950 1565 2006 ascendit
1581 1965 1755 2023 super

98 2050 195 2092 eos
216 2033 415 2107 (Psal.
440 2052 644 2103 Lxxvn,
668 2035 789 2107 30):
815 2039 872 2091 et
890 2037 1046 2108 quod
1069 2036 1256 2109 pridie
1277 2038 1347 2094 de
1362 2038 1394 2094 J
1402 2039 1518 2095 uda
1537 2037 1752 2095 lectum

100 2123 335 2182 Domini
367 2127 460 2181 est
512 2124 813 2193 traditore,
865 2125 1037 2197 cujus
1095 2126 1422 2184 imitatores
1471 2128 1660 2185 adhuc
1691 2128 1750 2184 in

96 2213 356 2271 Ecclesia
387 2228 538 2281 esse,
591 2218 833 2270 sanctus
866 2214 984 2282 ille,
1017 2215 1193 2287 cujus,
1216 2216 1393 2272 verba
1425 2218 1598 2273 modo
1639 2233 1755 2275 me-

97 2303 408 2370 minimus,
431 2319 547 2358 non
565 2302 849 2358 dubitavit
870 2303 1155 2376 proferre:
1181 2307 1258 2360 Et
1276 2315 1402 2375 post
1426 2305 1752 2363 buccellam

99 2398 235 2449 tunc
250 2392 526 2449 introivit
547 2392 609 2447 in
626 2408 758 2447 eum
787 2392 1039 2449 Satanas
1058 2394 1243 2465 (Joan.
1268 2410 1391 2465 xm,
1416 2398 1527 2464 27),
1553 2397 1751 2470 utique

99 2498 204 2555 per
229 2479 397 2554 pravi
431 2480 624 2553 operis
653 2481 945 2548 effectum,
970 2482 1069 2554 qui
1093 2482 1220 2554 jam
1252 2483 1311 2538 in
1343 2499 1409 2539 eo
1452 2501 1556 2557 per
1585 2485 1753 2542 mali-

99 2587 228 2644 gnte
256 2568 583 2627 voluntatis
614 2573 739 2626 erat
768 2571 1063 2626 affectum.
1095 2570 1241 2626 Cum
1273 2572 1477 2645 utique
1523 2574 1572 2628 si
1601 2576 1752 2647 Apo-

97 2660 248 2716 stolo
280 2658 675 2715 credidissent
729 2658 945 2715 dicenti
972 2677 985 2715 :
1017 2659 1231 2715 Probet
1276 2666 1472 2717 autem
1500 2663 1753 2735 seipsum

94 2750 281 2815 homo,
305 2757 361 2804 et
376 2748 459 2804 sic
475 2748 541 2804 de
558 2765 708 2819 pane
730 2747 839 2804 illo
851 2748 1004 2818 edat,
1028 2753 1085 2804 et
1104 2749 1368 2807 decalz'ce
1380 2751 1598 2824 bibat(l
1617 2755 1752 2810 Cor.

95 2854 178 2904 xx,
209 2837 327 2908 28),
361 2836 473 2891 hoc
502 2840 610 2904 est,
644 2835 921 2891 discutiat
950 2835 1006 2890 in
1031 2853 1147 2908 qua
1178 2836 1255 2892 sit
1281 2837 1596 2904 voluntate,
1630 2854 1757 2911 pec-

99 2928 273 2984 candi
307 2925 530 2999 utique,
564 2942 638 2982 an
687 2925 1059 2993 emendandi,
1090 2927 1338 2983 nocendi
1371 2926 1648 2999 aliquem,
1683 2946 1756 2984 an

112 3014 523 3089 adjuvandi,in
547 3016 698 3082 odio,
713 3033 785 3071 an
808 3016 866 3071 in
890 3031 1086 3072 amore
1106 3016 1389 3073 fraterno:
1415 3016 1756 3090 si,inquam,

110 3104 255 3162 talia
285 3103 602 3161 salubriter
632 3104 1003 3178 cogitassent,
1037 3105 1107 3161 de
1139 3122 1315 3161 manu
1348 3105 1553 3162 saltem
1577 3106 1760 3175 illius,

1879 615 1952 671 ad
1980 616 2244 686 virtutes,
2278 617 2350 675 de
2376 618 2635 677 tenebris
2668 622 2740 677 ad
2775 620 2989 694 lucem,
3021 623 3356 697 paschalem
3410 626 3531 701 agit

1874 705 2158 761 veraciter
2205 706 2659 765 solemnitatem.
2714 710 2951 768 Dicente
3008 714 3165 770 enim
3215 714 3532 772 Psalmista

1876 792 2123 850 Domino
2149 812 2161 849 :
2182 796 2425 869 Reliqua
2446 798 2817 868 cogitationis
2833 801 2986 858 diem
3001 804 3212 875 festum
3233 812 3404 874 agent
3426 807 3531 861 tibi

1874 882 2053 953 (Psal.
2105 900 2269 950 Lxxv,
2330 886 2438 955 11),
2499 886 2756 943 solemne
2814 891 3058 947 Domino
3116 892 3337 950 Pascha
3394 894 3526 966 qui-

1874 969 2016 1027 libet
2046 972 2184 1045 agit,
2211 973 2309 1045 qui
2333 973 2670 1047 relinquens
2691 979 2847 1049 quod
2873 978 3025 1035 male
3052 981 3347 1053 cogitavit,
3376 982 3522 1039 illud

1872 1076 2043 1132 agere
2071 1063 2285 1135 satagit
2305 1064 2460 1136 quod
2491 1064 2646 1122 Deus
2676 1065 2802 1139 ipse
2830 1071 3126 1142 praecepit.

2418 1172 2573 1227 614
2602 1172 2839 1229 SERMO
2869 1175 2964 1230 VI.

2261 1240 2445 1314 (1495)
2479 1259 2548 1299 DE
2597 1260 2828 1301 ocravrs
2876 1263 3128 1305 pascuae.

1941 1327 1992 1381 1.
2015 1331 2329 1399 Antequam
2352 1332 2652 1388 comedam
2669 1334 2899 1403 suspiro
2918 1336 3070 1408 (Job.
3090 1354 3174 1406 III,
3192 1338 3308 1411 24),
3325 1340 3429 1397 Job
3447 1340 3524 1397 le-

1867 1414 2027 1488 gitur
2052 1417 2261 1473 beatus
2277 1418 2517 1476 dixisse.
2543 1421 2734 1478 Causa
2764 1425 3108 1496 subjuncta:
3138 1428 3291 1498 Quia
3318 1430 3519 1500 timor,

1866 1503 2160 1576 inquiens,
2180 1523 2341 1577 quem
2356 1507 2837 1582 timebam,evenit
2850 1516 3017 1585 mihi,
3033 1525 3088 1571 et
3098 1518 3252 1589 quod
3262 1521 3511 1575 verebar

1864 1594 2075 1650 accidit
2096 1595 2264 1663 (Ibid.
2288 1596 2399 1667 25).
2425 1597 2587 1661 Quod
2611 1602 2677 1654 ut
2694 1600 2765 1654 ad
2797 1616 2890 1657 me
2911 1603 3156 1659 referam
3177 1610 3406 1662 tantum
3436 1608 3508 1663 ab

1865 1681 2280 1755 illo,quantum
2299 1702 2512 1741 aereum
2535 1687 2607 1741 ab
2629 1688 2874 1745 aetherei)
2897 1690 3077 1747 distat
3102 1694 3267 1763 coelo,
3290 1695 3511 1751 distan-

1864 1775 2005 1838 tem,
2031 1772 2196 1828 doleo
2209 1777 2470 1829 vestrum
2489 1775 2808 1846 nonnullis,
2830 1778 3032 1848 fateor,
3054 1782 3519 1855 accidisse,quod

1864 1860 2048 1934 (1496)
2103 1860 2319 1917 timens
2378 1863 2682 1920 Dominica
2728 1866 2946 1937 protuli
2991 1868 3104 1924 die.
3159 1870 3520 1935 Quibusdam

1863 1949 2039 2018 enim,
2050 1950 2194 2022 proh
2217 1950 2410 2006 dolor!
2434 1953 2750 2027 contigisse
2768 1957 3036 2012 nonnihil
3059 1959 3330 2027 formido,
3365 1962 3520 2034 quod

1860 2037 2175 2094 Psalmista
2197 2038 2269 2094 de
2290 2039 2510 2095 Judaais
2533 2039 2672 2096 olim
2696 2047 3047 2114 cantaverat,
3068 2044 3297 2103 dicens:
3319 2049 3520 2107 Adhuc

1859 2142 2005 2185 escae
2023 2141 2224 2184 eorum
2246 2136 2415 2185 erant
2436 2129 2494 2185 in
2515 2145 2618 2185 ore
2638 2132 2922 2199 ipsarum,
2942 2142 2998 2189 ct
3020 2132 3116 2190 ira
3137 2136 3241 2191 Dei
3259 2138 3520 2195 ascendit

1858 2232 2035 2286 super
2078 2232 2172 2274 eos
2212 2218 2388 2290 (Psal.
2452 2235 2657 2287 Lxxvn,
2689 2220 2803 2292 30).
2859 2220 3007 2287 Quia
3062 2222 3330 2281 videlicet
3380 2242 3515 2282 cum

1860 2308 1993 2379 post
2018 2304 2343 2361 buccellam
2367 2306 2667 2363 introisset
2698 2308 2758 2363 in
2789 2325 2888 2365 eos
2917 2313 3162 2367 Satanas
3183 2329 3287 2385 per
3310 2330 3508 2386 opera-

1858 2394 2076 2451 tionem
2100 2394 2440 2468 malignam,
2465 2395 2564 2467 qui
2589 2401 2723 2452 ante
2752 2396 2812 2453 in
2838 2398 2923 2454 eis
2936 2400 3168 2471 jamdiu
3192 2418 3296 2473 per
3316 2403 3512 2460 inten-

1858 2483 2077 2539 tionem
2110 2484 2296 2540 fuerat
2323 2484 2665 2557 pessimam,
2720 2488 2891 2558 quasi
2945 2490 3251 2546 audissent
3297 2493 3370 2547 ab
3417 2509 3505 2562 eo,

1814 2566 1819 2573 ’
1861 2572 1963 2644 qui
1981 2572 2067 2629 eis
2094 2573 2359 2629 eamdem
2391 2579 2725 2646 porrexerat
2752 2576 3074 2633 buccellam
3100 2595 3113 2633 :
3146 2581 3311 2651 Quod
3336 2581 3507 2655 facis,

1858 2662 1961 2732 fac
2003 2661 2174 2717 citius
2194 2663 2377 2730 (Joan.
2425 2677 2549 2733 xm,
2581 2664 2701 2732 27);
2734 2662 2948 2720 abhinc
2978 2683 3095 2723 non
3134 2674 3508 2725 cessaverunt

1863 2749 2212 2821 quantocius
2240 2750 2499 2822 exsequi,
2526 2753 2679 2823 quod
2703 2753 2830 2823 jam
2854 2758 3042 2822 antea,
3076 2757 3365 2830 prmcipue
3386 2762 3509 2815 tota

1863 2838 3063 2912 istaQuadragesima,fuerantmachinati:
3082 2845 3266 2915 (1467)
3280 2849 3527 2918 quando

1867 2927 2086 2983 scilicet
2118 2927 2233 2983 Deo
2255 2933 2311 2984 et
2340 2928 2495 2985 laesis
2527 2930 2807 2986 fratribus
2828 2931 3211 3001 reconciliari,
3234 2939 3290 2990 et
3310 2952 3519 2993 recon-

1868 3016 2051 3072 ciliari
2107 3017 2388 3072 veraciter
2442 3022 2711 3090 optantes
2767 3036 2884 3074 non
2944 3023 3267 3092 aspernari,
3339 3026 3514 3081 verbo

1870 3109 2043 3178 atque
2055 3104 2317 3178 exemplo
2330 3106 2618 3162 instanter
2631 3107 2861 3163 fuerant
2878 3109 3084 3164 moniti
3101 3128 3114 3178 ;
3133 3110 3264 3167 illos
3283 3112 3512 3183 saltem,

110 3210 290 3268 quem
320 3193 582 3264 oderant,
618 3210 784 3250 sacra
827 3209 1061 3250 sumere
1091 3194 1465 3261 devitassent,
1499 3212 1570 3251 ne
1597 3196 1761 3252 Judaa
1805 3267 1829 3270 ,Α
1872 3195 1971 3268 qui
1999 3211 2111 3250 non
2141 3195 2201 3250 in
2234 3195 2329 3251 die
2372 3195 2523 3269 festo
2552 3196 2778 3267 (Matth.
2802 3214 2916 3264 xxv,
2944 3197 2996 3259 2)
3033 3200 3333 3270 quondam
3364 3201 3518 3257 dixe-

107 3267 335 3341 scilicet
357 3285 478 3338 tam
510 3281 729 3355 publici
756 3282 1079 3339 imitatores
1110 3284 1426 3340 existerent
1478 3284 1589 3341 Sed
1623 3284 1762 3357 quia
1788 3267 1832 3335 (ἶ
1872 3267 2021 3353 rant,
2055 3300 2171 3339 non
2202 3267 2417 3339 imitari
2440 3283 2682 3358 dignati,
2717 3290 2919 3341 contra
2957 3267 3229 3343 eumdem
3271 3289 3514 3357 scilicet,

107 3372 266 3446 apud
298 3371 485 3427 Deum
518 3387 633 3428 non
683 3375 770 3427 est
816 3371 1075 3429 difﬁcilis
1106 3376 1207 3429 aut
1236 3374 1405 3428 tarda
1435 3374 1756 3443 conversio,

107 3478 226 3517 non
248 3476 310 3516 se
333 3460 602 3533 desperet
620 3459 776 3529 talis,
803 3477 1033 3530 moneo,
1052 3460 1358 3517 hominum
1381 3462 1597 3534 portio;
1623 3480 1762 3536 quo-

107 3549 272 3607 niam
292 3548 534 3622 quidem
550 3549 888 3606 Judteorum
901 3549 1127 3607 Pascha
1138 3554 1293 3606 certo
1306 3551 1759 3623 tempore,Chri-

107 3638 440 3696 stianorum
472 3637 631 3694 omni
663 3642 752 3693 est
779 3643 1065 3712 tempore,
1088 3638 1377 3711 praecipue
1405 3655 1538 3695 vero
1570 3640 1628 3695 in
1654 3640 1763 3695 Do-

107 3726 351 3795 minica,
413 3726 964 3783 communicationis
1013 3731 1190 3799 atque
1237 3728 1632 3784 conversionis
1687 3730 1759 3784 ad

107 3815 353 3873 meliora
391 3815 463 3871 de
493 3816 790 3889 pejoribus
822 3816 935 3872 die.
971 3815 1193 3872 Pascha
1217 3816 1373 3871 enim
1405 3834 1538 3872 cum
1569 3820 1759 3873 trans-

104 3906 228 3962 itus
247 3904 688 3978 interpretetur,
713 3920 1083 3978 quocumque
1104 3908 1387 3977 tempore,
1412 3923 1761 3979 quacunque

108 3995 223 4064 die,
259 4010 612 4068 quacunque
662 3994 824 4064 hora,
870 4010 1222 4067 quocunque
1272 3995 1346 4051 ad
1392 3999 1759 4068 postremum

156 4154 372 4239 (1593)
398 4158 456 4212 Is
471 4158 571 4239 est
593 4154 925 4239 Batherius,
949 4155 1121 4227 cujus
1143 4155 1528 4239 perditionem
1550 4156 1610 4212 in
1633 4158 1760 4230 ipso

108 4226 205 4310 die
235 4226 424 4310 Cgente
470 4227 723 4310 Domini,
774 4244 889 4310 quo
920 4226 1062 4310 suos
1098 4226 1460 4285 adversarios
1492 4226 1760 4285 commu-

109 4299 347 4367 nicavit,
378 4315 495 4355 non
526 4298 835 4355 cessabant
873 4298 1085 4355 moliri.

155 4369 378 4454 (149(1)
395 4370 679 4454 thabilis
697 4375 790 4454 est
808 4370 932 4427 haec
962 4369 1275 4454 peculiaris
1290 4370 1558 4454 .formula
1580 4370 1761 4427 admi-

109 4441 432 4499 nistrandas
461 4442 860 4509 Eucharistiae,
907 4441 1084 4514 quam
1123 4442 1333 4513 repetit
1364 4458 1633 4498 sermone
1665 4458 1760 4498 se-

108 4513 502 4594 quentinum.
523 4512 1005 4594 _2,cuiqpqaffipis
1024 4517 1114 4569 est
1134 4512 1235 4594 illa
1254 4514 1327 4569 ab
1344 4513 1469 4594 ipso
1485 4513 1758 4594 Ratberio

110 4584 292 4642 allata
311 4584 373 4639 in
395 4585 566 4657 epist.
608 4603 646 4651 ι,
677 4584 749 4641 ad
781 4584 1073 4640 Patricum
1099 4602 1112 4640 :
1155 4584 1382 4654 Corpus
1406 4586 1631 4641 Domini
1657 4601 1758 4640 no-

107 4657 222 4739 stri
248 4657 1012 4739 Jesu‘gbrgtipropitietur
1039 4657 1436 4739 tibiirgpitam
1449 4663 1757 4739 aeternam.

112 4728 176 4785 In
231 4727 477 4785 concilio
528 4727 986 4800 Rothomagensi
1034 4728 1170 4783 anni
1205 4729 1332 4796 650,
1368 4745 1417 4783 c.
1448 4731 1519 4797 2;
1552 4728 1609 4783 in
1643 4729 1759 4784 Tu—

112 4798 351 4855 ronensi
408 4800 560 4855 apud
631 4799 989 4855 Reginonem
1048 4797 1149 4855 lib.
1208 4815 1248 4855 ι.
1304 4816 1354 4855 c.
1418 4800 1540 4855 199.
1595 4803 1651 4855 et
1698 4800 1757 4854 in

112 4800 351 4882 ropensi
406 4800 560 4881 apud
631 4800 989 4882 Reginonem
1048 4800 1160 4881 lib:
1208 4815 1248 4866 ι,
1304 4816 1354 4880 c.
1418 4800 1540 4865 199,
1595 4803 1651 4855 et
1698 4800 1757 4854 in

112 4887 298 4955 missa
329 4871 484 4927 edita
535 4870 606 4927 ab
636 4871 902 4955 Alllyrico,
933 4887 1086 4955 quae.
1123 4870 1437 4955 litui-gnam.
1470 4872 1761 4955 Romano-

114 4941 477 5016 Gallicanam
510 4942 759 5016 praefert,
795 4941 1043 5016 amplior
1071 4941 1203 5016 haec,
1227 4941 1480 5016 formula
1508 4942 1756 5015 legitur:

116 5015 335 5086 Corpus
362 5022 420 5071 et
446 5013 681 5086 sanguis
710 5013 932 5071 Domini
960 5015 1147 5070 nostri
1174 5015 1305 5071 Jesu
1327 5013 1542 5070 Christi
1569 5013 1763 5084 prosit

115 5086 221 5143 tibi
249 5085 311 5141 in
340 5085 738 5144 remissionem
767 5090 1134 5157 peccatorum
1169 5090 1226 5141 et
1274 5086 1361 5142 ad
1388 5086 1563 5142 vitam
1594 5092 1763 5144 aeter-

112 5173 372 5311 Ὕαίέωβ)
398 5228 509 5310 _Hic
538 5243 730 5285 sermo
761 5229 1053 5311 ex‘eode‘m
1077 5226 1453 5311 L'audunensi
1474 5229 1672 5311 codice
1695 5230 1765 5285 ab

112 5300 364 5374 Acherio
395 5300 740 5373 impressus,
763 5304 820 5356 et
841 5300 1080 5357 habitus
1101 5301 1304 5357 eodem
1329 5317 1481 5356 anno
1500 5302 1626 5368 968,
1652 5318 1766 5374 quo

111 5373 473 5446 praecedens.
1676 5373 1685 5374 “

170 5441 370 5517 ’(4496)
401 5444 570 5527 Hune
600 5448 824 5527 metum
858 5443 1002 5527 satis
1026 5442 1534 5527 spei-tenindicavit
1557 5442 1616 5527 in
1648 5460 1767 5501 ser-

119 5514 673 5602 mon‘e-prtecedenti
703 5533 867 5602 num.
899 5521 949 5585 3,
983 5514 1085 5602 ubi
1115 5517 1186 5572 de
1217 5515 1289 5572 iis
1321 5515 1421 5602 qui
1455 5520 1656 5601 contra
1709 5532 1770 5602 se

119 5587 633 5655 machinabantur,
667 5589 781 5643 ait:
817 5588 1137 5644 Verendum
1189 5604 1261 5642 ne
1310 5589 1433 5643 illis
1477 5587 1771 5657 contingat

112 5659 267 5731 quod
295 5657 423 5715 illis
451 5660 521 5717 de
549 5662 753 5733 quibus
783 5661 998 5733 dictum
1017 5665 1138 5733 est:
1167 5660 1367 5733 Adhuc
1387 5674 1523 5733 esca
1551 5674 1769 5733 eorum,

113 5734 252 5815 (για,
279 5739 336 5786 et
355 5733 510 5815 quod
524 5731 719 5815 pridie
828 5731 981 5815 Iuda
1006 5731 1213 5815 lectum
1235 5731 1464 5815 Domini
1476 5736 1557 5786 est
1579 5731 1771 5815 tradi-

115 5811 311 5862 tore...
342 5803 415 5863 Bt
431 5803 561 5876 post
584 5805 893 5864 buccellam
909 5809 1046 5862 tunc
1075 5803 1345 5861 introivit
1370 5803 1427 5859 in
1448 5818 1580 5859 eum
1601 5804 1776 5862 Sata-

1869 3389 2045 3445 quem
2069 3389 2161 3428 me
2175 3372 2293 3427 fore
2314 3389 2483 3429 nemo
2500 3373 2724 3429 utinam
2744 3373 3143 3443 sciret,omnia
3164 3376 3516 3434 insidiarum

1869 3461 2192 3529 molimina,
2218 3476 2420 3517 omnes
2442 3461 2792 3519 falsissimas
2814 3464 3289 3523 concinnationes
3324 3467 3384 3522 in
3415 3484 3516 3541 pa-

1866 3551 1985 3607 lam
2014 3568 2116 3623 per
2144 3567 2523 3622 quoscunque
2550 3550 2859 3608 valuerunt
2902 3553 3226 3622 mittentes,
3262 3555 3519 3628 taliaque

1869 3640 1941 3696 de
1962 3656 2028 3695 eo
2049 3640 2356 3712 ﬁngentes,
2382 3638 2578 3710 qualia
2604 3656 2774 3696 nemo
2796 3646 2994 3713 posset
3013 3644 3265 3712 credere,
3290 3644 3404 3701 nisi
3426 3645 3517 3700 cui

1869 3733 1969 3784 aut
2000 3729 2224 3793 eadem,
2259 3730 2361 3783 aut
2408 3727 2625 3784 similia
2664 3728 2852 3786 multa
2878 3731 3221 3804 contigisset
3270 3734 3515 3790 fecisse:

1869 3817 2158 3890 corruptis
2180 3833 2413 3889 quoque
2438 3818 2889 3890 pecunia(1498)
2921 3820 3151 3878 duabus
3183 3822 3381 3895 patriae
3415 3824 3516 3878 do-

1869 3906 2252 3973 minantibus,
2285 3910 2350 3962 ut
2370 3906 2574 3973 fertur,
2600 3907 2865 3979 personis
2887 3910 3161 3983 (quarum
3185 3910 3368 3982 (1499)
3400 3929 3520 3968 una

1869 3995 2190 4062 nobilitate,
2223 3999 2281 4051 et
2310 3995 2547 4052 nomine
2569 3995 2793 4051 utinam
2823 4001 2980 4052 esset
3006 3997 3125 4066 illa,
3159 3998 3231 4053 de
3261 4016 3377 4071 qua
3389 4000 3516 4070 jam

1866 4174 1992 4225 nas,
2020 4157 2216 4229 utique
2243 4171 2348 4226 per
2374 4156 2545 4229 pravi
2573 4156 2764 4229 operis
2793 4157 3080 4229 affectum,
3107 4156 3205 4229 qui
3207 4158 3342 4227 jam
3364 4159 3426 4213 in
3451 4173 3519 4229 eo

1864 4227 2269 4301 perimat‘ignaz
2299 4227 2634 4301 uoluntatis
2663 4236 2795 4301 erat
2823 4228 3101 4301 effectum.
3120 4227 3198 4284 ’Si
3229 4231 3425 4285 autem
3456 4228 3516 4284 id

1869 4298 2102 4372 accidit,
2164 4298 2318 4370 quod
2372 4298 2467 4372 die
2484 4370 2491 4372 ξ
2522 4298 2820 4354 Paschatis
2872 4298 3133 4372 timebat,
3196 4315 3333 4372 ergo
3384 4304 3517 4372 post

1869 4370 2204 4444 PaschaLet
2253 4373 2386 4425 ante
2439 4370 2591 4444 diem
2642 4374 2851 4444 octavae
2883 4370 2943 4424 in
2974 4370 3245 4425 effectum
3266 4370 3513 4444 “prodiit,

1868 4443 2023 4514 quod
2056 4440 2140 4496 illi
2173 4445 2344 4496 antea
2373 4440 2568 4497 animo
2613 4441 2937 4508 volvebant,
2980 4446 3036 4497 et
3066 4440 3516 4499 affectu—molie-

1874 4515 2113 4570 bantur.

1940 4586 2128 4654 (1497)
2157 4586 2465 4640 Coustrue:
2490 4583 2728 4654 Quando
2745 4582 2965 4640 scilicet
2982 4586 3151 4641 verbo
3180 4595 3236 4643 et
3256 4588 3519 4655 exemplo

1789 4642 1837 4708 D
1868 4642 2152 4713 instanter
2168 4656 2406 4726 fuerant
2423 4642 2628 4729 mdniti
2642 4656 3012 4729 reconciliari
3027 4661 3142 4715 Deo
3156 4668 3209 4716 et
3220 4642 3518 4729 fratribus

1870 4729 2093 4797 ltrsis,et
2107 4743 2221 4782 non
2232 4727 2534 4799 aspernari
2543 4734 2801 4799 optantes
2816 4728 3110 4786 veraciter
3121 4727 3430 4787 reconcilia
3437 4731 3520 4796 ri;

1866 4799 2242 4887 non-dignati
2266 4800 2508 4887 iqtitqri
2528 4798 2910 4887 saltemillos,
2936 4802 3037 4887 qui
3054 4803 3338 4887 quondam
3357 4803 3519 4858 dixe-

1867 4881 2031 4927 runt:
2058 4870 2181 4926 Non
2206 4870 2266 4925 in
2289 4870 2382 4945 die
2405 4871 2569 4938 festo,
2590 4872 2651 4925 in
2668 4872 2861 4942 palam
2879 4870 3088 4930 scilicet
3109 4875 3394 4931 mittentes
3410 4891 3520 4945 per

1869 4959 2234 5017 quoscunque
2248 4942 2558 5017 valuerunt
2572 4952 2775 5017 contra
2790 4945 3071 5017 eumdem,
3105 4962 3269 5016 quem
3288 4942 3520 5017 utin—am

1869 5014 2038 5072 nemo
2080 5015 2258 5069 sciret
2300 5028 2392 5067 me
2425 5014 2677 5087 fore(id
2699 5018 2788 5070 est
2815 5014 2951 5087 esse)
2982 5014 3186 5071 omnia
3211 5016 3519 5070 molimina

1870 5087 2492 5157 insidiarumyomnes
2542 5086 2883 5155 falsissimas
2927 5087 3414 5157 concinnationes,
3461 5094 3516 5140 et

1871 5159 2148 5233 ﬁngentes
2177 5156 2324 5211 talia
2350 5155 2419 5211 de
2452 5172 2537 5222 eo,
2571 5161 2679 5233 etc.

1946 5230 2126 5299 (1498)
2147 5234 2280 5283 Duae
2304 5242 2563 5299 personae
2586 5227 2785 5300 patriae
2807 5227 3331 5300 dominantes,quze
3352 5244 3520 5300 pecu-

1875 5298 1975 5359 nia
2004 5301 2282 5357 dicuntur
2306 5298 2613 5371 corruptae,
2651 5298 2889 5354 fuerunt
2918 5316 3045 5371 una,
3064 5298 3270 5355 Nanno
3302 5298 3519 5371 cdmes,
3572 5324 3581 5329 ε

1878 5380 1945 5430 ut
1973 5390 2042 5429 ex
2072 5371 2338 5444 sequenti
2384 5370 2678 5427 notatione
2725 5371 2968 5442 patebit,
2999 5370 3117 5427 alia
3172 5372 3320 5427 forte
3368 5370 3521 5428 vice-

1879 5462 2096 5503 comes.

1948 5515 2133 5587 (1499)
2155 5514 2285 5587 Ηῷο
2305 5529 2422 5587 una
2442 5530 2689 5587 persona
2715 5516 2803 5587 est
2820 5513 3022 5587 Nanno
3046 5514 3285 5569 Veronae
3306 5530 3522 5587 comes,

1881 5584 2191 5661 cujusloco
2215 5584 2507 5661 desiderat
2538 5585 2719 5661 fuisse
2749 5584 2936 5651 illum,
2970 5586 3041 5641 de
3070 5602 3185 5658 quo
3208 5587 3333 5661 jam
3367 5586 3525 5661 dixe-

1881 5657 2009 5716 rat:
2046 5658 2161 5731 Qui
2213 5657 2480 5731 liberavit
2519 5658 2813 5731 _Israelem
2862 5661 2933 5713 de
2960 5657 3521 5731 manujharaonis,

1887 5728 2090 5787 liberet
2121 5730 2461 5785 Itatherium
2491 5729 2559 5801 de
2588 5743 2764 5784 manu
2792 5730 3088 5787 Bucconis.
3120 5728 3265 5785 Vide
3285 5730 3453 5801 epist.
3470 5729 3523 5793 2,

1881 5803 1942 5860 in
1961 5820 2078 5875 qua
2097 5801 2253 5859 hunc
2275 5805 2498 5858 textum
2526 5800 2822 5874 integrum
2840 5802 3117 5860 invenies.
3135 5800 3384 5858 Nomina
3399 5800 3523 5855 Nan

3410 382 3643 470 πθ.
