4052 6382
110 380 245 451 146.

1612 379 1936 449 ΞΕΒΜΒΝ
1942 382 2056 445 ES.

3426 383 3550 491 3‘?

110 510 417 585 adjutorio
448 509 569 571 nisi
596 507 873 575 festinare
903 511 1233 571 contendite
1260 529 1273 579 ;
1307 511 1525 568 instare
1563 513 1764 569 horam
1796 512 1855 587 Α
1883 513 2310 587 praestolamur,
2342 517 2503 571 Dona
2534 482 3551 588 nimirum,divisionesgratiarum,

107 602 279 659 vobis
314 605 420 657 aut
440 599 582 657 illuc
602 601 1156 670 conscendendi,aut
1177 600 1782 670 deorsumruendi,hic

104 708 243 752 vero
275 707 396 748 non
420 689 644 746 diutius
676 689 947 747 morandi
977 689 1183 747 sedulo
1208 689 1555 763 eogitate,ne
1585 706 1653 745 ex
1672 691 1780 745 im-

106 780 538 856 proviso,quod
570 778 855 850 absit,vos
884 778 1012 853 rapi
1044 780 1370 852 contingat,
1404 782 1461 836 et
1489 778 1626 835 illuc
1651 795 1780 851 per-

104 867 408 939 trahi,ubi
436 883 611 925 nemo
641 868 809 925 vobis
839 867 1031 924 valeat
1062 867 1521 932 auxiliari.Quod
1548 885 1581 923 a
1610 868 1779 923 nobis

108 957 398 1017 omnibus
415 957 690 1031 dignetur
703 958 1084 1031 avertere,qui
1099 957 1157 1013 in
1174 957 1333 1013 hunc
1350 957 1635 1014 mundum
1650 973 1779 1029 pec-

104 1052 336 1105 catores
371 1047 529 1104 venit
553 1045 746 1105 salvos
776 1046 985 1115 facere,
1002 1046 1175 1103 Jesus
1203 1045 1470 1103 Christus
1494 1044 1775 1101 Dominus

102 1142 330 1207 noster,
369 1135 472 1209 qui
505 1152 642 1192 cum
670 1136 837 1193 Patre
865 1139 922 1192 et
953 1135 1174 1208 Spiritu
1204 1139 1405 1191 sancto
1435 1133 1575 1191 vivit
1605 1138 1662 1190 et
1682 1150 1770 1191 re-

102 1230 246 1305 gnat
269 1225 432 1283 Deus
465 1225 527 1281 in
556 1224 772 1282 saecula
796 1223 1166 1283 saeculorum.
1199 1227 1403 1281 Amen.

767 1331 1009 1388 SERMO
1048 1331 1114 1388 X.

483 1419 556 1459 DE
591 1418 764 1459 FES'I‘O
803 1418 1185 1459 PENTECOSTES
1226 1402 1412 1475 (1553)

175 1496 230 1551 1.
262 1493 370 1557 Eia
399 1491 541 1567 quid
568 1490 734 1562 facio,
772 1491 1031 1551 fratres?
1061 1491 1121 1549 Si
1170 1494 1353 1560 taceo,
1393 1490 1606 1562 reipsa,
1638 1506 1766 1563 quae

106 1599 209 1657 per
228 1596 326 1639 me
358 1583 592 1639 fuerant
612 1581 1333 1654 dispensanda,defraudo;
1356 1580 1521 1636 vobis
1541 1579 1765 1635 fraudis

102 1673 375 1747 ejusdem
404 1687 541 1729 reus
566 1670 769 1740 existo,
785 1674 843 1727 et
870 1687 998 1742 quae
1023 1670 1099 1726 sit
1119 1669 1244 1725 dies
1266 1668 1494 1735 ista,vel
1521 1672 1760 1740 quanta,

104 1760 252 1819 mihi
285 1759 402 1834 ipsi
435 1774 671 1835 quoque
692 1757 1196 1831 abscondo.Loqui
1227 1758 1276 1813 si
1307 1756 1513 1830 gestio,
1534 1756 1761 1830 magni-

1890 601 2249 659 charismata
2279 603 2716 661 beatitudinum
2747 605 3035 663 omnium.
3070 604 3205 669 Quae
3240 607 3383 663 sunt
3412 619 3547 660 vero

1891 689 2034 745 illa?
2062 691 2375 763 Depromat
2423 692 2743 765 Apostolus
2793 708 2807 749 :
2861 693 3133 762 Charitas,
3182 691 3402 766 inquit,
3450 692 3551 747 Dei

1888 778 2089 851 diﬁusa
2115 784 2193 836 est
2218 782 2279 835 in
2307 781 2560 837 cordibus
2588 783 2791 840 nostris
2819 799 2922 855 per
2953 782 3224 852 Spiritum
3268 784 3548 848 sanctum,

1885 868 2173 965 quiAdqt-ns
2202 873 2283 965 egi
2316 873 2475 965 nobis
2506 872 2678 942 (Rom.
2710 889 2767 939 v,
2796 871 2875 965 5).
2910 871 3022 929 Sed
3054 871 3142 965 ad
3186 867 3328 943 quid
3375 870 3549 926 datus

1884 961 1974 1014 est
1994 957 2022 1013 ?
2053 957 2322 1032 Pigno'ris
2351 959 2575 1033 absque
2605 960 2782 1017 dubio
2811 959 2958 1017 loco.
3009 958 3173 1017 Sicut
3220 960 3378 1017 enim
3428 975 3547 1017 non

1884 1043 2173 1103 habemus
2203 1046 2298 1103 hic
2321 1053 2655 1105 manentem
2678 1048 3003 1119 civitatem;
3036 1048 3121 1104 ita
3141 1063 3247 1105 nec
3276 1062 3543 1105 securam

1882 1134 2330 1193 heatitudinem.
2364 1136 2526 1194 Unde
2559 1142 2756 1194 autem
2789 1137 3253 1210 novimus,quod
3279 1136 3541 1211 pignoris

1880 1222 2007 1279 loco
2038 1224 2322 1297 Spiritum
2356 1230 2624 1283 sanctum
2659 1226 3102 1300 acceperimus?
3122 1224 3358 1283 Dicente
3386 1226 3549 1283 vide-

1879 1310 2017 1368 licet
2043 1313 2316 1386 Apostolo
2350 1332 2363 1371 ε
2399 1316 2506 1383 Qui
2542 1316 2690 1372 dedit
2734 1318 2893 1373 nobis
2933 1317 3136 1388 pignus
3189 1317 3420 1389 spiritus
3467 1317 3542 1386 (Π

1880 1401 2000 1456 Cor.
2033 1418 2088 1469 v,
2111 1402 2190 1472 5),
2211 1416 2342 1458 ecce
2362 1402 2711 1460 habebimus
2734 1405 2805 1461 de
2826 1405 3067 1478 pignore
3088 1407 3344 1477 accepto.
3371 1404 3537 1469 Quod

1879 1487 2057 1545 hodie
2088 1488 2239 1546 illud
2272 1491 2692 1563 acceperimus,
2722 1493 3014 1566 quomodo
3046 1492 3267 1549 scimus
3286 1492 3315 1548 ‘l
3343 1492 3536 1549 Histo-

1879 1578 2228 1653 riographus
2274 1580 2449 1651 dicat,
2510 1580 2695 1637 Lucas
2751 1580 3015 1638 medicus
3067 1581 3368 1638 fateatur:
3400 1581 3537 1638 Cum

1872 1668 2295 1739 complerentur,
2326 1668 2539 1741 inquit,
2582 1670 2696 1726 dies
2738 1672 3096 1739 Pentecostes,
3143 1673 3304 1726 erant
3348 1687 3536 1727 omnes

1870 1757 2131 1828 discipuli
2179 1760 2397 1831 pariter
2436 1760 2507 1839 [in
2556 1759 2741 1815 eodem
2770 1760 2882 1817 loco
2914 1761 3048 1829 (Act.
3083 1775 3146 1831 II,
3178 1758 3256 1832 1).
3288 1758 3353 1815 In
3417 1775 3533 1832 quo

103 1848 298 1913 tudini
327 1849 411 1907 rei
440 1847 649 1923 ipsius,
669 1848 740 1904 de
763 1864 879 1921 qua
904 1846 1066 1921 loqui
1096 1846 1247 1913 volo,
1270 1862 1342 1903 ne
1373 1846 1756 1901 succumbam
1790 1875 1841 1945 B
1870 1845 1993 1902 loco
2013 1846 2042 1903 ‘?
2071 1847 2310 1919 Cumque
2341 1849 2695 1905 intuerentur
2739 1850 2801 1903 in
2843 1849 3043 1905 ewlum
3096 1855 3317 1905 euntem
3372 1848 3538 1905 illum

104 1937 382 1999 formido.
410 1937 522 1993 Sed
555 1936 702 1994 facio
735 1936 890 2010 quod
922 1952 1167 2008 possum
1203 1952 1216 1991 :
1247 1934 1565 1990 debitorem
1603 1934 1761 1990 enim

103 2027 365 2102 amplius
396 2026 704 2083 considero
754 2024 1005 2081 nullum.
1042 2025 1403 2082 Pentecostcs
1446 2022 1771 2095 completur

107 2117 477 2186 hodie,088
499 2115 726 2175 fratres.
753 2114 901 2181 Quid
933 2113 1081 2172 dixi?
1102 2113 1599 2186 Quinquagesima
1624 2112 1765 2168 Pas-

108 2208 228 2264 cha:
259 2205 434 2262 hodie
462 2204 833 2263 terminatur.
867 2202 1015 2270 Quid
1044 2202 1228 2257 inde?
1257 2202 1422 2258 Dicat
1448 2201 1548 2275 qui
1577 2201 1762 2256 novit:

107 2298 301 2357 Melior
324 2299 422 2365 est,
447 2296 549 2364 ait,
573 2296 701 2366 ﬁnis
723 2295 988 2352 orationis
1019 2310 1184 2365 quam
1201 2293 1542 2365 principium
1572 2292 1764 2363 (Eccle.

112 2404 211 2458 vn,
240 2386 321 2458 9).
357 2383 629 2442 Intendat
657 2382 755 2456 qui
783 2382 935 2438 valet
969 2399 981 2437 :
1011 2383 1116 2451 Qui
1144 2382 1291 2439 enim
1319 2381 1763 2452 perseveraverit,

118 2476 202 2535 ait
230 2473 547 2544 Dominus,
576 2488 745 2546 usque
769 2473 825 2527 in
852 2471 1038 2542 ﬁnem,
1072 2471 1160 2527 hic
1187 2471 1368 2526 salvus
1391 2471 1496 2525 erit
1545 2468 1763 2540 (Matth.

107 2576 163 2633 χ,
182 2563 527 2637 22).Felices
550 2561 649 2635 qui
670 2561 776 2617 hos
799 2559 1227 2634 quinquaginta
1248 2559 1394 2627 dies,
1437 2561 1504 2613 ut
1540 2557 1768 2613 colendi

109 2657 272 2724 sunt,
307 2650 714 2717 coluerunt,ab
741 2649 974 2705 alleluia
994 2648 1199 2705 morali
1223 2646 1558 2703 nullatenus
1580 2663 1768 2704 cessa-

110 2741 704 2812 verunt,dormientes
729 2754 962 2812 quoque
979 2754 1108 2794 eam
1128 2736 1370 2793 minime
1391 2735 1762 2792 dimiserunt.

110 2832 271 2893 Salvi
290 2811 497 2889 tamen
510 2827 658 2885 tales
678 2827 728 2884 si
748 2811 992 2902 eupinnt
1013 2843 1159 2894 esse,
1186 2825 1360 2882 hodie
1401 2825 1765 2880 devotionem

115 2919 561 2996 perseverantiae
582 2919 1005 2985 demonstrent,
1024 2931 1294 2989 suggero,
1310 2932 1449 2970 suae.
1468 2913 1766 2986 Quinqua-

115 3011 343 3087 gesima
370 3014 462 3066 est
491 3006 665 3069 hodie
695 3005 817 3063 dies
859 3022 894 3060 a
923 3004 1362 3061 Resurrectione
1406 3001 1661 3073 Domini,
1693 3002 1765 3058 ab

116 3100 474 3159 Ascensione
502 3095 749 3155 decima.
772 3094 1051 3167 Magnum
1081 3092 1510 3167 mysterium,et
1534 3091 1765 3147 inenar-

1877 1934 2231 2007 (przetulerat
2256 1936 2434 2007 idem)
2463 1954 2582 1993 ecce
2612 1938 2716 1995 duo
2748 1938 2864 1993 viri
2891 1938 3187 1994 astiterunt
3206 1938 3364 2009 justa
3408 1938 3535 1993 illos

1878 2026 1937 2079 in
1966 2026 2200 2081 vestibus
2229 2025 2394 2092 albis,
2423 2027 2519 2096 qui
2550 2031 2600 2080 et
2630 2027 2895 2082 diluerunt
2926 2043 2939 2082 :
2976 2027 3094 2081 Viri
3123 2025 3365 2096 Calilsei,
3401 2025 3533 2098 quid

1875 2115 2030 2169 statis
2060 2115 2381 2185 aspicientes
2412 2114 2470 2168 in
2499 2115 2698 2171 caelum
2716 2117 2741 2167 .9
2767 2114 2866 2169 Hic
2890 2116 3064 2183 Iesus,
3098 2116 3196 2187 qui
3221 2122 3532 2187 assumptus

1875 2205 1953 2256 est
1981 2218 2016 2257 a
2046 2201 2192 2257 vobis
2219 2202 2279 2256 in
2304 2202 2518 2268 caelum,
2571 2204 2651 2258 sic
2698 2205 2902 2273 veniet,
2950 2201 3405 2274 quemadmodum
3444 2204 3527 2258 vi-

1876 2289 2031 2346 distis
2059 2306 2185 2347 eum
2214 2298 2431 2346 euntem
2462 2293 2519 2346 in
2550 2293 2766 2347 caelum.
2813 2293 2956 2347 Tunc
3010 2294 3216 2349 reversi
3268 2299 3396 2348 sunt
3448 2294 3530 2349 Ie-

1875 2380 2207 2461 rosolymam
2230 2381 2299 2437 ad
2327 2389 2583 2451 montem,
2616 2384 2711 2454 qui
2752 2391 2971 2439 vocatur
3029 2382 3249 2448 Oliveti,
3299 2383 3393 2455 qui
3448 2391 3527 2439 est

1867 2469 2038 2539 juxta
2064 2470 2365 2527 Ierusalem
2394 2471 2622 2525 Sabbati
2650 2470 2855 2526 habens
2884 2472 2990 2526 iter
3008 2488 3028 2532 ,·
3049 2472 3205 2528 684
3224 2477 3276 2527 et
3300 2487 3424 2527 cum
3442 2473 3528 2526 in-

1877 2558 2129 2613 troissent
2157 2558 2218 2610 in
2246 2558 2610 2627 czenaculum,
2630 2557 2988 2615 ascenderunt
3017 2560 3073 2613 in
3104 2559 3408 2630 superiora,
3428 2558 3527 2613 ubi

1875 2646 2173 2701 manebant
2211 2647 2402 2702 Petrus
2456 2651 2507 2702 et
2562 2649 2817 2715 Joannes,
2870 2648 3097 2705 Iacobus
3150 2655 3203 2703 et
3257 2647 3524 2715 Andreas,

1875 2735 2165 2807 Philippus
2224 2743 2273 2790 et
2332 2736 2579 2803 Thomas,
2636 2736 3073 2794 Bartholonueus
3118 2740 3170 2792 et
3220 2736 3528 2808 Matthazus,

1872 2825 2095 2880 Iacobus
2124 2824 2341 2896 Alphaei
2366 2832 2417 2881 et
2471 2825 2658 2881 Simon
2717 2826 2943 2897 Zelotes,
3000 2833 3053 2882 et
3102 2825 3273 2883 Iudas
3320 2825 3526 2883 Jacobi.

1875 2915 1945 2969 Ili
1973 2928 2157 2968 omnes
2186 2917 2345 2968 erant
2369 2918 2777 2986 perseverantes
2822 2916 3165 2971 unanimiter
3194 2915 3255 2970 in
3284 2915 3531 2972 oratione

1873 3019 1997 3058 cum
2026 3002 2371 3070 mulieribus,
2417 3006 2467 3057 et
2524 3003 2699 3058 Maria
2748 3011 2926 3059 matre
2980 3005 3128 3073 Iesu,
3160 3010 3213 3059 et
3256 3004 3528 3073 fratribus

1875 3094 1991 3164 ejus
2022 3090 2155 3160 (Aet.
2190 3107 2229 3158 ι,
2262 3091 2373 3163 lO).
2408 3091 2553 3147 Cum
2584 3090 2764 3163 igitur
2791 3091 2850 3147 in
2884 3092 3088 3147 eodem
3130 3091 3257 3147 loco
3303 3095 3524 3163 essent,

116 3188 302 3246 rabile
322 3184 575 3244 donum!
600 3184 732 3245 Dies
753 3187 842 3240 est
856 3182 1029 3243 hodie
1051 3180 1630 3256 quinquagesima,ex
1650 3196 1766 3252 quo
1803 3246 1838 3256 _
1875 3183 2054 3253 factus
2080 3188 2157 3236 est
2185 3187 2406 3252 repente
2433 3180 2496 3236 de
2524 3180 2657 3235 caelo
2685 3197 2852 3236 sonus
2878 3184 3145 3252 tanquam
3183 3180 3526 3236 advenientis

116 3278 181 3338 in
208 3278 438 3338 Christo
469 3274 932 3342 resurreximus;
966 3246 1457 3345 decima,.exvquo
1486 3286 1621 3326 cum
1664 3246 1765 3325 illo
1795 3246 1840 3316 (ἶ
1875 3246 2102 3343 spiritus
2132 3246 2480 3336 vehementis,
2524 3277 2575 3325 et
2630 3269 2857 3341 replevit
2910 3246 3073 3326 letum
3130 3268 3368 3337 domum,
3427 3268 3528 3324 ubi

119 3366 296 3425 ctelos
326 3363 768 3423 concendimus.
791 3362 872 3420 De
897 3360 1113 3434 quibus
1144 3360 1317 3417 dico?
1346 3360 1427 3416 De
1450 3359 1568 3415 illis
1598 3359 1768 3415 nimi-

120 3454 501 3529 rum,quibus
536 3454 814 3510 audacter
840 3452 982 3509 dicit
1009 3450 1323 3523 Apostolus
1357 3466 1369 3504 :
1401 3451 1470 3506 Si
1491 3466 1769 3506 consurre-

120 3548 283 3604 xistis
337 3562 463 3603 cum
524 3542 756 3612 Christo,
789 3557 916 3615 quae
969 3558 1185 3599 sursum
1236 3547 1363 3597 sunt
1392 3541 1643 3613 quaerite,
1673 3540 1769 3595 ubi

124 3636 378 3695 Christus
404 3641 485 3692 est
516 3635 581 3693 in
606 3632 829 3690 dextera
859 3632 975 3699 Dei,
1009 3631 1066 3686 id
1095 3635 1186 3686 est
1215 3629 1563 3702 aequalitate,
1582 3630 1769 3684 Patris

120 3726 349 3795 sedem;
374 3739 500 3798 quae
527 3739 746 3780 sursum
771 3728 899 3778 sunt
925 3722 1118 3793 sapite,
1149 3736 1259 3777 non
1290 3735 1408 3791 quae
1454 3734 1616 3791 super
1663 3726 1768 3774 ter-

121 3832 265 3873 ram.
291 3814 490 3872 Mortui
517 3814 668 3869 enim
697 3813 846 3878 estis,
883 3807 1101 3884 peccati
1140 3807 1408 3863 videlicet
1451 3807 1767 3877 immunes,

125 3911 176 3963 el
204 3906 316 3962 vita
347 3910 520 3960 vestra
548 3901 861 3958 abscondita
884 3906 961 3955 est
986 3915 1111 3954 cum
1142 3897 1351 3954 Christo
1380 3899 1441 3952 in
1476 3899 1602 3952 Deo.
1636 3900 1772 3955 Cum

127 3997 276 4054 enim
307 3993 555 4050 Christus
580 3991 897 4064 apparuerit
924 3990 1043 4045 vita
1069 3994 1266 4055 vestra,
1300 3991 1429 4042 tunc
1456 3993 1507 4043 et
1548 4003 1637 4043 vos
1679 4004 1772 4059 ap-

124 4085 392 4158 parebitis
421 4099 543 4139 cum
575 4084 689 4154 ipso
721 4083 782 4137 in
809 4081 988 4151 gloria
1018 4078 1236 4150 (Coloss.
1279 4093 1363 4143 ιιι,
1411 4076 1483 4148 1).
1534 4075 1769 4143 Felices,

130 4174 231 4247 qui
261 4171 551 4246 ejusmodi
584 4173 762 4239 sunt;
798 4167 1204 4235 infelicissimi,
1252 4165 1351 4238 qui
1404 4166 1475 4221 ab
1525 4165 1773 4221 istorum

132 4263 376 4337 collegio
408 4259 828 4336 perpetualiter
857 4257 1163 4315 decidunt:
1188 4254 1269 4309 illi
1302 4255 1456 4310 enim
1498 4272 1611 4311 non
1638 4271 1772 4309 cum

131 4353 358 4410 Christo
389 4351 451 4410 in
478 4350 687 4424 gloria,
718 4348 817 4404 scd
850 4364 986 4404 cum
1025 4345 1255 4402 diabolo
1304 4345 1669 4418 apparebunt
1714 4344 1773 4399 in

131 4441 505 4501 damnatione
534 4441 835 4513 perpetua.

196 4536 253 4588 2.
288 4532 712 4588 Praesumentes
742 4530 937 4583 tamen
968 4542 1074 4582 nos
1108 4524 1297 4581 adhuc
1328 4525 1399 4580 de
1422 4522 1659 4580 illorum
1690 4539 1777 4579 so-

1874 3362 2033 3415 erant
2061 3357 2324 3424 sedentes,
2355 3366 2406 3414 et
2435 3360 2812 3430 apparuerunt
2843 3358 2957 3413 illis
2982 3357 3284 3430 dispertita
3313 3358 3525 3429 lingua

1875 3452 2142 3519 tanquam
2172 3448 2337 3517 ignis,
2366 3447 2608 3519 seditque
2630 3462 2793 3519 super
2818 3447 3061 3517 singulos
3090 3463 3278 3504 eorum
3294 3462 3318 3511 ,'
3346 3453 3399 3502 et
3434 3463 3522 3503 re-

1871 3538 2009 3610 pleti
2035 3540 2165 3592 sunt
2211 3552 2395 3592 omnes
2421 3536 2636 3608 Spiritu
2664 3540 2867 3605 sancto,
2883 3543 2934 3592 et
2959 3539 3219 3608 ceperunt
3249 3536 3399 3609 loqui
3424 3552 3521 3592 va-

1876 3628 1978 3683 riis
2009 3626 2239 3696 linguis,
2267 3633 2431 3697 prout
2460 3626 2701 3698 Spiritus
2730 3632 2947 3682 sanctus
2977 3625 3142 3682 dabat
3186 3626 3369 3700 eloqui
3411 3626 3527 3683 illis

1877 3720 2025 3787 (Act.
2058 3733 2119 3783 ιι,
2151 3718 2187 3769 2
2214 3714 2371 3787 seq.).

1949 3806 2001 3861 3.
2037 3804 2080 3860 Ο
2110 3821 2286 3877 quam
2313 3803 2406 3859 hic
2439 3804 2688 3876 abyssus
2718 3803 2944 3863 Veteris
2975 3803 3333 3861 Testamenti
3366 3805 3533 3878 abys-

1880 3910 2012 3951 sum
2043 3893 2272 3947 invocat
2293 3891 2425 3947 novi
2448 3891 2460 3946 ι
2485 3892 2528 3947 Ο
2554 3907 2729 3964 quam
2755 3891 3091 3965 antiquiora
3111 3893 3533 3955 recentioribus

1880 3980 2215 4039 concinuntl
2232 3980 2726 4052 Quinquagesimo
2744 3980 2837 4035 die
2855 3983 2986 4053 post
3007 3980 3355 4036 occisionem
3374 3980 3533 4053 agni,

1879 4075 1937 4127 et
1966 4069 2146 4127 maris
2166 4068 2480 4124 transitum
2507 4066 2773 4131 Rubri,in
2789 4069 2929 4123 Sina
2947 4072 3142 4124 monte
3164 4067 3349 4140 Moysi
3372 4068 3537 4123 deca-

1882 4160 2054 4232 logus
2085 4159 2277 4214 datur.
2313 4156 2813 4228 Quinquagcsimo
2844 4160 2977 4228 post
3024 4156 3532 4213 Resurrectionem

1882 4247 2094 4303 Christi
2119 4246 2211 4301 die
2238 4244 2489 4317 Spiritus
2513 4248 2750 4300 sanctus
2773 4244 3055 4317 apostolis
3079 4244 3536 4310 mittitur.Quin-

1883 4335 2266 4410 quagesimus
2288 4333 2653 4390 remissionis
2675 4338 2764 4390 est
2785 4334 3131 4403 annus;dies
3152 4337 3351 4390 noster
3367 4334 3536 4407 quin-

1885 4422 2262 4499 quagesimus
2312 4421 2509 4495 gratia:
2536 4425 2625 4478 est
2653 4427 3047 4480 consecratus.
3100 4422 3204 4480 Illo
3254 4422 3349 4479 die
3378 4422 3532 4479 Deus

1880 4514 1983 4572 Dei
2009 4512 2189 4569 Filius
2213 4511 2272 4566 in
2300 4515 2497 4567 monte
2520 4510 2820 4568 descendit
2844 4530 2858 4580 ;
2882 4512 2994 4569 isto
3018 4513 3119 4569 sed
3144 4515 3345 4568 nostro
3379 4510 3535 4568 Deus

134 4623 338 4678 cietate
389 4618 633 4676 existere
672 4617 873 4687 (Nescit
925 4615 1083 4671 enim
1142 4614 1318 4684 homo,
1378 4614 1459 4669 ait
1515 4613 1776 4685 quidam,
1810 4617 1857 4684 1)
1890 4603 2075 4661 Patris
2098 4600 2293 4657 etFilii
2310 4598 2565 4687 Spiritus
2582 4605 2821 4657 sanctus
2843 4600 3032 4675 igneis
3049 4600 3273 4675 linquis
3296 4600 3540 4657 demon-

138 4716 326 4768 utrum
355 4709 479 4768 adio
510 4726 583 4763 an
612 4723 796 4763 amore
822 4706 1025 4776 dignus
1080 4706 1168 4772 sit,
1229 4703 1321 4758 sed
1379 4704 1523 4758 omia
1580 4704 1638 4756 in
1691 4703 1781 4773 fu-

138 4812 321 4858 turum
352 4806 643 4857 servantur
667 4798 877 4853 incerta
906 4795 1097 4867 (Bede.
1134 4810 1211 4860 ιχ,
1250 4792 1343 4863 1]),
1378 4792 1643 4848 dicamus
1667 4808 1782 4847 non

136 4892 514 4963 desperantes
544 4888 615 4943 de
645 4885 980 4958 nobis,quia
1008 4882 1279 4939 hodieest
1296 4881 1785 4953 quinquagesima

144 4979 284 5049 dies,
319 4995 390 5035 ex
419 4994 536 5050 quo
568 4976 630 5031 in
659 4974 888 5031 Christo
947 4970 1406 5038 resurreximus;
1440 4970 1684 5038 decima,
1718 4986 1787 5027 ex

140 5085 251 5143 quo
282 5084 419 5126 cum
449 5066 680 5124 Christo
724 5064 899 5122 caelos
952 5062 1343 5120 ascendimus.
1404 5060 1586 5116 Hodie
1643 5059 1785 5132 quid

206 5282 399 5357 (1553)
430 5279 870 5357 Inter_Rat_herii
902 5293 1202 5357 sermones
1234 5274 1654 5357 Fulcuinusmc.
1712 5276 1786 5357 .24

139 5346 434 5412 memorat
459 5355 522 5410 in
567 5353 656 5409 die
698 5354 1052 5408 Pentecostes.
1103 5348 1387 5404 Acherius
1434 5348 1495 5403 in
1538 5346 1787 5403 Elencho

140 5427 280 5485 tomi
300 5426 353 5483 II
370 5423 664 5499 Spicilegii
683 5422 985 5499 opusculis
998 5420 1254 5477 Ratherii
1267 5419 1503 5476 ineditis
1524 5436 1693 5499 accen
1702 5422 1790 5474 set

138 5490 434 5557 sermnes'
468 5490 619 5553 ἀιιοῖ
662 5490 1077 5561 ἀεῬε-ηιθοοδιε,
1111 5507 1316 5549 eorum
1348 5490 1689 5563 exemplum,
1720 5507 1789 5546 ex

141 5588 249 5628 ms.
285 5568 559 5627 Lobiensi
588 5584 652 5624 se
698 5567 992 5639 accepisse
1022 5563 1220 5639 tradit
1246 5563 1306 5618 in
1338 5562 1558 5639 monito
1581 5563 1653 5619 ad
1673 5562 1787 5618 Ra-

136 5642 307 5725 therii
337 5656 537 5725 opera.
560 5639 722 5725 Licet
739 5635 1014 5725 vero‘eqs‘
1046 5653 1108 5725 sp
1144 5635 1291 5725 ‘alias
1326 5635 1623 5725 editurum
1654 5650 1790 5725 spp-

141 5704 431 5796 ponderi't,
463 5729 582 5769 non
610 5716 808 5769 tamen
837 5709 1041 5769 edidit.
1063 5707 1379 5767 Lobienses
1408 5707 1637 5767 codices
1666 5704 1793 5766 dili-

461 5839 731 5911 ΡΑι-ιωι..
773 5836 1093 5907 CXXXVI.

1890 4695 2110 4750 stratus
2141 4685 2656 4762 advenit.Utraque
2687 4707 2819 4747 vero
2849 4691 2964 4747 ista
2983 4690 3240 4749 Trinitas
3261 4690 3542 4765 adimple-

1886 4783 1990 4848 vit,
2022 4781 2191 4835 Pater
2237 4778 2355 4834 illic
2405 4778 2615 4836 Filium
2668 4780 2852 4854 Moysi
2899 4780 3253 4850 destinavit;
3286 4780 3539 4854 Spiritus

1892 4874 2131 4928 sanctus
2162 4886 2197 4924 a
2227 4868 2391 4924 Patre
2421 4872 2478 4923 et
2520 4868 2663 4923 Filio
2712 4868 2933 4926 missus
2980 4874 3156 4943 atque
3202 4870 3541 4943 precedens,

1893 4958 2174 5033 apostolis
2195 4956 2369 5013 isthic
2399 4960 2685 5029 potestate
2706 4962 3029 5031 spontanee.
3056 4976 3185 5017 sese
3212 4956 3545 5014 infuditJbi

1878 5049 2157 5106 tonitrua
2182 5039 2240 5103 et
2267 5060 2634 5115 voces,mons
2654 5064 2886 5121 quoque
2908 5049 3175 5116 fumans;
3200 5047 3294 5103 hic
3314 5046 3544 5101 inﬂam-

1894 5269 2097 5340 genter
2116 5261 2976 5340 expendendoscuravimusmt
2992 5261 3053 5317 hi
3076 5276 3307 5340 quoque
3318 5275 3539 5340 sermo-

1894 5332 1998 5395 nes
2023 5351 2156 5393 cum
2186 5332 2318 5417 aliis
2342 5333 2579 5417 ineditis
2608 5333 2680 5417 in
2719 5333 3023 5417 publicum
3043 5332 3363 5417 prodirent.
3385 5333 3538 5417 Qua:

1894 5424 2131 5491 cunque
2157 5411 2352 5491 antem
2383 5404 2683 5491 diligentia
2707 5403 2970 5461 adhibita
2999 5403 3144 5490 nihil
3186 5403 3545 5491 t‘ale_potuit

1895 5477 2156 5554 reperiri.
2189 5477 2384 5534 Unum
2418 5481 2647 5533 tantum
2698 5493 3027 5533 sermonem
3073 5477 3135 5533 in
3188 5477 3548 5549 Frisingensi

1895 5552 2091 5609 codice
2122 5549 2379 5604 invenire
2403 5548 2585 5615 licuit,
2619 5565 2792 5620 quem
2842 5565 3000 5606 nunc
3047 5547 3284 5620 edituri,
3309 5563 3541 5604 sumus.

1896 5625 1999 5684 Hic
2032 5621 2267 5679 habitus
2297 5623 2385 5675 est
2415 5635 2567 5689 anno
2599 5618 2726 5679 963.
2748 5620 2893 5680 Vide
2924 5625 3045 5680 not.
3082 5621 3242 5689 1438,
3271 5618 3333 5677 in
3364 5634 3544 5679 serm.

1968 5696 2062 5772 ,de
2092 5686 2569 5768 Quadragesima.

3162 5820 3245 5892 24
