4052 6382
496 422 617 486 747

1397 412 1774 476 RATHERII
1817 411 2061 473 EPISC.
2106 402 2396 515 νΕβοΝ.
2441 408 2614 471 ΟΡΡ.
2659 409 2858 470 PARS
2901 406 3007 469 ΙΙΙ.

3792 399 3929 464 ⁸148

504 552 647 610 mati
678 550 894 625 linguis
923 549 1102 607 variis
1132 548 1421 617 homines,
1455 545 1702 619 apostoli
1732 553 1957 617 utique,
1989 545 2145 616 ignis
2173 542 2241 610 A‘
2257 546 2379 597 tam
2412 540 2564 614 pius,
2598 545 2719 597 tam
2746 539 3097 608 misericors,
3128 542 3250 594 tam
3281 541 3371 595 est
3395 535 3584 595 facilis
3621 537 3698 592 ad
3745 535 3925 608 igno-

505 642 684 699 divini
699 641 1010 697 ardoribus
1025 637 1451 696 aestuantesAd
1468 630 2149 709 postremumDominicae

504 729 948 787 resurrectionis
980 729 1089 785 iste
1119 730 1207 783 est
1238 724 1763 799 quinquagesimus
1795 723 1942 789 dies,
1974 738 2151 794 quem

497 818 842 893 patriarcha:
873 834 1075 875 omnes
1107 820 1281 888 atque
1311 814 1629 887 prephetaz,
1662 829 1797 868 cum
1848 830 1882 868 a
1930 810 2154 867 Pascha

500 924 689 981 usque
719 908 790 963 ad
823 908 1007 963 istum
1040 910 1274 961 czeteros
1306 920 1509 960 omnes
1537 901 1895 958 venerathni
1944 900 2152 955 debitae

502 997 872 1069 deputarent,
902 996 1082 1050 istum
1134 1010 1251 1066 prae
1302 992 1577 1047 omnibus
1626 990 1939 1047 celebrant.
1990 989 2154 1044 Mon-

506 1089 655 1141 strat
676 1085 784 1141 hoc
797 1084 1013 1141 Tobias
1036 1081 1485 1139 videntissimus
1507 1097 1693 1136 caecus
1709 1098 1722 1136 :
1738 1082 2027 1135 monstrat
2046 1078 2155 1133 hoc

507 1173 821 1247 Apostolus
842 1174 913 1229 ad
932 1172 1058 1229 ccsli
1082 1171 1240 1228 tertii
1257 1169 1601 1226 sublimiora
1612 1168 1937 1225 conductus
1950 1168 2153 1239 (4551:):

494 1247 683 1335 “Ibam,
714 1261 908 1336 inquit
931 1261 1030 1318 ille
1061 1262 1290 1334 [supple.
1325 1260 1415 1327 ad]
1442 1261 1776 1316 Pentecostes
1795 1259 1941 1315 diem
1959 1261 2161 1330 festum

514 1360 782 1422 nostrum,
811 1352 907 1422 qui
934 1360 1011 1407 est
1044 1358 1261 1406 sanctus
1292 1367 1327 1404 a
1354 1350 1673 1421 septimanis
1716 1348 1850 1421 (Act.
1902 1365 1997 1413 xx,
2048 1348 2158 1416 46).

516 1442 732 1498 Beatus
760 1456 894 1495 vero
922 1438 1139 1495 Paulus
1168 1439 1478 1494 festinasse
1517 1436 1731 1510 legitur
1776 1436 1932 1493 diem
1979 1435 2162 1491 istum

518 1527 902 1601 Jerosolymis
923 1526 1404 1597 celebrare,quod
1427 1525 1602 1581 sciret
1629 1524 1797 1580 illum
1830 1542 1943 1598 pra:
1975 1525 2164 1581 omni-

520 1620 634 1675 bus
664 1616 942 1673 eminere.
976 1616 1228 1680 Sanctus,
1268 1613 1485 1686 inquit,
1540 1629 1575 1669 a
1624 1616 1943 1686 septimanis
1970 1632 1991 1676 ;
2049 1631 2166 1669 non

523 1705 937 1779 perfunctorie,
972 1703 1236 1775 inquam,
1283 1706 1603 1776 computa:
1666 1719 1800 1758 nam
1858 1720 1892 1758 a
1946 1702 2170 1758 Pascha

526 1809 715 1866 usque
748 1791 820 1848 ad
850 1793 1194 1849 Pentecoten
1226 1791 1402 1848 istam
1436 1795 1692 1847 nostram
1734 1791 2168 1847 sanctissimam

527 1884 681 1939 diem
705 1899 821 1938 non
844 1881 957 1937 nisi
980 1885 1224 1953 septem,
1246 1879 1359 1935 nisi
1383 1878 1568 1947 fallor,
1593 1879 1990 1936 hebdomadas
2012 1880 2168 1936 inve-

527 1972 674 2028 nies.
711 1975 854 2044 Lege
900 1969 1265 2043 prophetam,
1325 1974 1380 2024 ct
1434 1968 1834 2041 septiformem
1888 1969 2173 2041 Spiritum

526 2077 707 2134 super
736 2060 938 2116 ﬂorem
970 2059 1042 2115 de
1073 2058 1267 2115 radice
1294 2058 1459 2115 Jesse
1504 2060 1915 2115 ascendentem
1947 2058 2173 2131 requie-

526 2150 681 2208 visse
710 2147 1032 2221 comperies
1057 2149 1181 2218 (Isa.
1215 2165 1254 2216 ι,
1288 2147 1363 2220 4).

599 2241 652 2295 li.
686 2239 827 2306 Quis
857 2241 948 2295 est
976 2242 1174 2293 autem
1221 2235 1317 2293 ille
1365 2236 1638 2310 Spiritus,
1687 2236 1800 2293 nisi
1848 2237 1947 2309 qui
1999 2254 2177 2310 super

529 2326 845 2382 Dominum
876 2325 937 2381 in
993 2324 1285 2394 columba,
1347 2342 1524 2397 super
1577 2325 1870 2398 apostolos
1925 2324 1985 2381 in
2045 2326 2177 2399 igne

533 2414 880 2472 descendit?
899 2416 1088 2481 Quare
1107 2431 1240 2470 vero
1267 2430 1444 2486 super
1464 2413 1779 2470 Dominum
1803 2414 1862 2470 in
1885 2413 2174 2483 columba,

533 2521 711 2576 super
740 2502 1035 2576 apostolos
1065 2518 1197 2557 vero
1228 2502 1289 2556 in
1320 2501 1453 2574 igne
1502 2502 1817 2575 apparuit?
1874 2503 1988 2558 nisi
2041 2503 2180 2575 quia

535 2596 879 2648 mansuetus
913 2591 1151 2646 veniens
1182 2590 1485 2658 Dominus,
1537 2594 1842 2647 mansueto
1899 2592 2065 2664 signo
2117 2609 2180 2649 se

535 2679 925 2736 demonstrari
954 2678 1140 2735 voluit
1168 2678 1847 2751 hominibus;apostolos
1868 2683 2180 2754 vorojudi-

535 2767 691 2824 cium
724 2783 897 2843 suum
930 2766 1379 2822 annuntiaturos
1406 2766 1697 2825 missurus
1725 2770 2077 2840 [subauditur
2090 2789 2184 2828 vo-

532 2855 643 2913 luit
674 2850 1118 2925 demonstrare],
1160 2871 1294 2910 cum
1316 2871 1431 2927 quo
1452 2858 1670 2913 terrore
1690 2858 2065 2929 judicaturus
2087 2862 2184 2918 ad-

532 2944 857 3011 veniet.Qui
878 2960 952 3001 ne
964 2944 1332 3015 judicaretur
1350 2951 1714 3015 mansuetus,
1729 2948 1962 3004 advenit
1983 2950 2181 3006 sonitu

532 3035 683 3093 685
723 3033 1159 3090 vehementiore
1215 3033 1672 3092 demonstratus.
1732 3037 1989 3112 Linguas
2046 3057 2181 3097 vero

532 3142 711 3198 quare
737 3124 940 3196 igneas
967 3122 1434 3180 demonstravit?
1460 3124 1572 3180 nisi
1604 3129 1669 3181 ut
1697 3143 1893 3183 servos
1943 3146 2082 3184 suos
2125 3134 2184 3185 et

532 3214 813 3271 charitate
843 3213 1147 3280 ferventes,
1180 3216 1237 3268 ct
1267 3230 1534 3269 sermone
1556 3216 2030 3287 promptissimos
2052 3218 2172 3273 fore

2260 630 2543 687 scendum
2566 630 2951 699 conversis,ut
2972 628 3305 685 noverimus
3326 644 3463 684 eum
3498 630 3768 684 nostram
3802 641 3928 681 non

2261 720 2393 777 odio
2424 720 2842 791 habere,quam
2870 718 3153 784 condidit,
3181 716 3705 782 substantiam,sed
3739 714 3929 771 mali-

2263 810 2544 883 gnitatem
2575 808 2860 866 exsecrari
2892 806 3089 881 potius
3121 810 3405 863 nostram.
3438 805 3601 872 Quod
3630 804 3680 862 si
3724 802 3928 877 ipsius

2264 898 2479 956 auxilio
2510 897 2811 954 immutari
2843 896 3130 970 gestimus
3154 914 3167 965 ;
3192 896 3509 969 probemus
3538 899 3598 951 et
3625 911 3760 962 nos,
3785 909 3927 949 cum

2265 988 2435 1045 nobis
2464 987 2713 1043 invicem
2743 1002 3182 1054 succensemus,
3216 1002 3330 1041 non
3362 1000 3470 1040 nos
3490 986 3806 1056 propterea
3831 983 3926 1038 in-

2266 1076 2451 1133 vicem
2482 1076 2806 1145 odisse,sed
2838 1074 3247 1147 malum,quod
3278 1074 3338 1129 in
3369 1072 3538 1129 nobis
3564 1071 3927 1129 alterutrum

2268 1164 2761 1238 recognoscimus,
2794 1180 3035 1220 exosum
3067 1162 3302 1219 habere.
3336 1161 3764 1219 Convertibiles
3813 1162 3927 1217 ita-

2270 1270 2383 1327 que
2413 1255 2486 1310 ad
2518 1254 2764 1310 invicem
2797 1270 2931 1309 cum
2967 1251 3151 1308 nostri
3182 1251 3302 1308 sint
3329 1268 3582 1321 amores,
3631 1256 3697 1308 ut
3744 1250 3927 1320 odia;

2271 1344 2456 1401 Deum
2487 1346 2647 1399 tanto
2677 1339 3178 1398 inconvertibilius
3207 1345 3265 1396 et
3294 1341 3766 1414 perseverantius
3798 1339 3934 1396 dili-

2273 1433 2489 1506 gimus,
2523 1436 2741 1504 quanto
2771 1431 3130 1488 voluntatem
3164 1429 3351 1502 ipsius
3381 1430 3537 1486 idem
3580 1446 3730 1502 esse,
3765 1430 3932 1503 quod

2273 1524 2469 1595 ipsum
2496 1524 2583 1594 [f.,
2616 1521 2761 1594 ipse,
2791 1526 2843 1577 et
2871 1520 3107 1576 subaudi
3129 1521 3261 1592 est],
3296 1520 3725 1593 cognoscimus.
3761 1520 3937 1577 Unde

2276 1612 2336 1668 in
2367 1611 2556 1684 ipsius
2585 1627 2782 1667 amare
2812 1609 2975 1665 nulla
3004 1608 3172 1665 nobis
3198 1609 3518 1681 imponitur
3546 1625 3850 1679 mensura;
3872 1608 3938 1665 in

2278 1705 2477 1757 nostro
2506 1717 2640 1756 vero
2667 1717 2734 1756 ea
2758 1698 2997 1771 ponitur
3033 1696 3312 1764 conditio,
3362 1701 3426 1753 ut
3473 1698 3559 1754 sic
3607 1698 3939 1772 diligamus

2280 1790 2595 1863 proximos,
2629 1789 2780 1843 sicut
2809 1786 3223 1860 nosmetipsos,
3257 1786 3315 1841 id
3356 1790 3447 1843 est
3484 1791 3548 1842 ut
3573 1790 3788 1860 praeter
3819 1786 3942 1843 alia

2282 1878 2485 1951 quales
2511 1894 2618 1933 nos
2643 1876 2887 1933 existere
2912 1875 3496 1943 debuissemus,tales
3525 1880 3583 1932 et
3610 1874 3742 1932 illos
3774 1875 3939 1933 desi-

2284 1969 2557 2029 deremus
2586 1967 2850 2023 existere.
2874 1963 3004 2021 Haec
3034 1964 3106 2020 de
3135 1963 3380 2021 lectione
3408 1966 3637 2021 tantum
3666 1965 3942 2039 tetigisse

2282 2056 2538 2114 sufﬁciat
2569 2054 2931 2128 Evangelica.

2351 2147 2407 2201 5.
2433 2145 2518 2200 Ad
2550 2142 2939 2201 solemnitatis
2969 2141 3261 2199 hodiernae
3293 2142 3579 2215 praeconia
3626 2147 3942 2200 converta-

2284 2251 2436 2290 mur.
2466 2234 2649 2301 Sicut,
2682 2232 2909 2303 fratres,
2953 2231 3257 2289 Canticum
3307 2232 3686 2301 canticorum,
3720 2236 3779 2289 et
3820 2233 3944 2290 Rex

2285 2324 2499 2379 dicitur
2528 2338 2762 2395 regum;
2816 2320 2899 2377 sic
2921 2322 3035 2376 ista
3052 2321 3177 2377 dies
3198 2320 3537 2379 solemnitas
3556 2325 3646 2379 est
3665 2320 3948 2378 solemni-

2285 2412 2586 2471 tatum.Ad
2617 2411 2725 2467 hoc
2741 2409 2900 2466 enim
2921 2409 3187 2467 Christus
3211 2414 3384 2467 natus
3405 2414 3586 2482 est,ut
3614 2416 3943 2484 pateretur;

2285 2502 2356 2559 ad
2389 2501 2498 2558 hoc
2529 2504 2817 2566 mortuus,
2853 2501 2919 2554 ut
2960 2502 3325 2572 resurgeret;
3360 2499 3432 2556 ad
3464 2499 3573 2556 hoc
3595 2501 3944 2567 resurrexit,

2288 2596 2353 2648 ut
2381 2606 2639 2658 carnem,
2672 2605 2849 2660 quam
2881 2588 2953 2643 de
2979 2587 3150 2644 nobis
3180 2605 3282 2661 pro
3314 2587 3482 2644 nobis
3513 2590 3944 2661 sumpserat,in

2288 2680 2501 2737 coalum
2533 2678 2784 2746 levaret;
2816 2677 2887 2733 ad
2919 2677 3028 2733 hoc
3060 2694 3188 2734 eam
3222 2676 3358 2734 illuc
3389 2676 3710 2746 transtulit,
3733 2683 3803 2735 ut
3832 2679 3946 2734 im-

2290 2767 2597 2827 mortalem
2628 2783 2975 2839 semperque
3008 2766 3236 2824 felicem
3268 2767 3539 2823 efficeret.
3586 2767 3746 2833 Quod
3803 2767 3946 2840 quia

2290 2859 2402 2916 nisi
2433 2860 2586 2914 dono
2615 2855 2865 2930 Spiritus
2911 2857 3064 2913 686
3124 2855 3311 2912 sancti
3363 2872 3479 2911 non
3530 2859 3759 2929 poterat
3817 2855 3946 2913 ﬁeri

2290 2950 2427 3022 (nisi
2457 2947 2615 3005 enim
2635 2945 2929 3019 baptismo
2958 2945 3281 3015 regenerati
3304 2943 3438 3001 novi
3458 2943 3729 3001 homines
3749 2945 3944 3002 effice-

2291 3054 2507 3104 remur,
2540 3036 2598 3091 in
2629 3038 2916 3091 vetustate
2964 3038 3270 3090 manentes
3327 3032 3540 3090 salvari
3597 3032 3939 3091 nullatenus

2290 3125 2686 3200 potuissemus
2719 3142 2733 3181 :
2766 3122 3048 3197 baptizari
3072 3139 3206 3179 vero
3263 3122 3425 3179 nullo
3483 3124 3656 3179 modo
3709 3123 3827 3179 nisi
3878 3123 3941 3180 in

2294 3215 2514 3288 Spiritu
2546 3218 2748 3271 sancto
2781 3214 2997 3277 (Matth.
3032 3230 3115 3280 III,
3151 3212 3237 3285 11)
3281 3216 3337 3269 et
3382 3212 3516 3286 igne
3561 3215 3943 3300 poteramus;

533 3305 743 3363 debere
774 3306 1174 3359 monstraret:
1223 3301 1321 3374 qui
1380 3283 1584 3375 utique
1641 3283 1822 3377 (quod
1881 3308 2054 3364 modo
2106 3326 2176 3364 ex
2204 3283 2247 3352 α
2292 3283 2578 3378 spiritum
2596 3283 3942 3375 sanctumnobishodieinlinguisigneismisit;

534 3391 846 3465 Evangelio
877 3391 1143 3447 auditum
1192 3391 1301 3463 est)
1351 3408 1421 3447 ea
1466 3392 1705 3449 veritate
1755 3395 2183 3467 depromerent,

540 3499 659 3555 qua
685 3480 907 3536 dictum
939 3484 1355 3552 cognoscerent
1385 3481 1548 3553 (quid
1580 3482 1689 3539 hoc
1732 3501 1865 3540 vero
1912 3489 2019 3554 est,
2069 3486 2185 3543 fra-

543 3576 663 3627 tres
683 3569 779 3639 ?):
826 3570 999 3635 Dixit,
1048 3568 1241 3639 inquit
1284 3570 1659 3642 evangelista,
1707 3574 1857 3629 Jesus
1896 3575 2188 3648 discipulis

543 3660 692 3715 suis:
710 3659 773 3714 Si
799 3658 919 3729 quis
947 3655 1130 3728 diligit
1159 3674 1573 3725 me,sermonem
1600 3677 1778 3717 meum
1806 3664 2183 3732 servabit,etc.

545 3752 737 3819 (Joan.
770 3762 884 3812 xxv,
906 3746 1022 3813 23).
1049 3745 1188 3809 Quis
1219 3745 1483 3819 linquam
1513 3747 1737 3805 habens
1767 3751 1998 3823 igneam
2028 3753 2185 3809 istud

542 3833 865 3910 sophistica
886 3835 1362 3907 tergiversatione
1383 3837 1737 3894 confundere
1758 3841 1996 3897 audeat?
2009 3844 2186 3915 Aper-

539 3931 665 3983 tum
700 3930 810 3993 est,
832 3928 1029 3997 aperte
1060 3923 1401 3980 disseratur.
1427 3926 1581 3981 Nihil
1615 3928 2029 3986 mcdium.Aut
2054 3931 2187 3987 dili-

536 4015 734 4090 gimus
765 4012 1103 4081 Dominum,
1136 4017 1239 4069 aut
1282 4031 1397 4070 non
1430 4014 1752 4089 diligimus.
1775 4018 1831 4072 Si
1862 4018 2187 4090 diligimus,

538 4104 695 4177 quod
720 4102 980 4176 praecipit
1011 4102 1277 4160 facimus.
1307 4104 1366 4159 Si
1400 4121 1514 4160 non
1545 4104 1870 4177 diligimus,
1896 4109 2053 4179 quod
2088 4111 2185 4181 ju-

534 4195 636 4249 bet
665 4191 906 4248 minime
937 4191 1322 4249 custodimus.
1357 4192 1416 4249 Si
1447 4193 1749 4267 diligimus
1790 4212 1946 4266 eum,
1998 4198 2071 4253 ab
2121 4215 2186 4256 eo

535 4281 841 4354 diligimur
874 4298 885 4337 :
921 4281 969 4337 si
1019 4298 1156 4352 non,
1206 4283 1478 4355 quamvis
1526 4300 1661 4339 eum
1710 4284 2189 4343 irrationabiliter

538 4370 718 4442 (4555)
752 4376 1105 4438 metuamus,
1156 4370 1322 4444 diligi
1352 4376 1548 4429 tamen
1580 4390 1695 4430 non
1722 4381 2188 4448 prazsumptuose

537 4463 834 4532 putemus.
867 4460 1029 4528 Quod
1057 4459 1243 4532 possit
1270 4478 1403 4517 vero
1434 4462 1579 4530 ﬂeri,
1626 4462 1869 4521 minime
1915 4467 2187 4538 despere-

540 4566 674 4605 mus
698 4550 903 4622 (1556(.
936 4550 1180 4605 Canitur
1208 4550 1365 4605 enim
1396 4551 1467 4607 de
1496 4568 1562 4607 eo
1598 4568 1610 4606 :
1660 4554 1868 4609 Miseris
1915 4557 2182 4625 omnium,

2295 3400 2361 3451 ut
2390 3393 2666 3467 baptizati
2697 3392 2938 3462 scilicet,
2971 3396 3029 3448 et
3057 3391 3361 3464 loquentes
3390 3392 3461 3448 de
3490 3391 3625 3460 Deo,
3658 3395 3716 3448 et
3744 3408 3946 3449 amore

2294 3483 2455 3540 illius
2479 3487 2536 3539 et
2565 3480 2812 3554 proximi
2837 3480 3249 3550 ferventes,illo
3281 3482 3633 3553 quandoque
3660 3482 3942 3538 transfer-

2296 3590 2513 3639 remur,
2546 3588 2661 3643 quo
2694 3570 2820 3627 sine
2862 3569 3144 3626 charitate
3192 3570 3494 3626 transferri
3548 3569 3708 3627 nullo
3767 3571 3942 3628 modo

2294 3662 2721 3735 poteramus.5i
2747 3661 2867 3732 quis
2897 3658 3076 3726 enim,
3109 3663 3174 3715 ut
3198 3659 3280 3715 ait
3306 3658 3637 3732 Apostolus,
3670 3660 3944 3733 Spiritum

2297 3752 2500 3809 Christi
2553 3766 2663 3807 non
2720 3750 2897 3815 habet,
2956 3749 3047 3804 hic
3084 3765 3193 3805 non
3221 3752 3303 3804 est
3332 3750 3466 3821 ejus.
3499 3751 3672 3819 (Rom.
3705 3767 3829 3822 VIII,
3860 3751 3937 3820 9).

2295 3841 2401 3906 Qui
2432 3843 2629 3896 autem
2659 3856 2774 3895 non
2804 3843 2893 3895 est
2921 3839 3069 3909 ejus,
3090 3854 3455 3910 consequens
3484 3843 3593 3906 est,
3627 3843 3693 3895 ut
3718 3856 3836 3895 non
3865 3840 3942 3896 sit

2294 3929 2586 4003 particeps
2629 3927 2791 4002 regni
2849 3926 3029 3983 illius.
3088 3927 3337 4000 Spiritus
3389 3931 3587 3984 autem
3644 3929 3939 4001 possessio

2297 4020 2629 4091 conjectura
2658 4034 2792 4073 cum
2822 4017 2900 4074 sit
2928 4016 3230 4074 charitatis
3261 4017 3600 4090 ipsa,(1557)
3621 4018 3824 4074 eodem
3855 4018 3941 4074 di-

2296 4113 2459 4165 cente
2489 4107 2786 4180 Apostolo,
2818 4106 2958 4178 quia
2994 4107 3234 4163 charitas
3274 4107 3368 4163 Dei
3394 4106 3596 4179 diﬁusa
3621 4110 3699 4164 est
3732 4108 3791 4163 in
3818 4123 3939 4163 cor-

2295 4198 2452 4253 dibus
2508 4198 2708 4253 nostris
2759 4212 2860 4267 per
2916 4196 3184 4267 Spiritum
3212 4200 3483 4264 sanetum,
3511 4197 3608 4268 qui
3650 4195 3811 4252 datus
3861 4204 3940 4253 est

2295 4287 2453 4344 nobis
2475 4286 2648 4359 (Rom.
2679 4303 2733 4354 v,
2765 4286 2856 4357 5);
2890 4288 3052 4341 tanto
3085 4284 3301 4341 certius
3320 4284 3391 4340 de
3414 4284 3936 4357 quodlibet,utrnm

2294 4375 2573 4448 Spiritum
2598 4377 2866 4432 sanctum
2888 4372 3308 4442 habeat,valem
3317 4391 3386 4430 us
3398 4389 3708 4447 agnoscam
3720 4377 3935 4447 quanto

2296 4466 2699 4521 ferventiorem
2730 4480 2859 4520 esse
2888 4463 3183 4520 cernimus
3210 4462 3270 4520 in
3301 4463 3603 4521 eharitate.
3638 4464 3745 4532 Qui
3782 4480 3933 4532 vero,

2296 4554 2377 4610 ait
2405 4552 2739 4626 Apostolus,
2772 4552 3025 4609 habuerit
3049 4554 3415 4609 substantiam
3442 4553 3711 4622 mundi,et
3740 4553 3936 4610 viderit

539 4637 783 4704 Domine,
814 4640 868 4693 ei
891 4639 1017 4693 nihi
1043 4638 1208 4695 odisti
1236 4655 1422 4695 eorum
1452 4657 1569 4713 quae
1623 4644 1823 4712 fecisti.
1877 4643 2033 4699 Nihil
2091 4661 2185 4701 ve-
2220 4656 2265 4723 ι)
2293 4646 2525 4716 fratrem
2553 4659 2718 4698 suum
2744 4658 2954 4698 necesse
2980 4642 3196 4709 habere,
3223 4646 3274 4699 et
3302 4643 3563 4699 clauserit
3599 4644 3807 4699 viscera
3832 4660 3935 4699 sua

416 4754 431 4763 κ
541 4724 683 4781 rius.
717 4724 842 4779 Non
875 4727 998 4780 odit
1026 4727 1315 4784 Dominus
1342 4728 1497 4800 quod
1524 4729 1583 4784 in
1615 4734 1670 4785 te
1701 4730 1856 4799 fecit,
1908 4733 2011 4787 sed
2064 4733 2188 4791 odit
2295 4734 2362 4790 ab
2392 4750 2471 4802 eo,
2502 4732 2764 4805 quomodo
2806 4731 3048 4787 eharitas
3092 4732 3190 4787 Dei
3215 4740 3402 4788 manet
3430 4732 3615 4789 ineo?
3643 4732 3815 4804 (Joan.
3847 4750 3933 4805 In,

540 4813 697 4888 quod
722 4816 781 4868 tu
807 4813 931 4885 ipse
951 4813 1010 4869 in
1036 4815 1120 4870 tui
1145 4816 1335 4888 ipsius
1357 4817 1762 4889 praejudicium
1786 4820 1956 4889 facis;
1981 4826 2038 4877 et
2059 4823 2185 4879 ideo

608 4946 791 5021 (1554)
818 4951 949 5021 Haec
992 4947 1161 5021 lectio
1192 4950 1497 5021 antiquam
1529 4952 1855 5008 versionem
1906 4954 2043 5010 libri
2075 4958 2185 5011 To-

522 5019 643 5078 bias
697 5019 779 5094 ea
821 5019 1015 5077 Graeco
1037 5092 1050 5094 Α
1072 5020 1322 5091 exhibet,
1337 5019 1479 5094 qua:
1508 5042 1541 5079 a
1570 5024 1631 5079 P.
1666 5023 1929 5085 Sabatier
1946 5042 2016 5085 ex
2035 5028 2190 5085 codi-

535 5094 704 5148 cibus
738 5092 911 5164 chio
941 5098 999 5147 et
1027 5092 1516 5165 Sangermanensi
1548 5096 1704 5151 edita
1732 5104 1841 5153 est.
1875 5103 1947 5154 At
1979 5117 2045 5155 ex
2078 5102 2185 5156 du-

533 5164 671 5236 plici
704 5168 862 5249 testu
896 5164 1417 5249 unum_Ratherius
1437 5168 2011 5249 cqrppegitNerbum
2037 5172 2188 5249 ibam

535 5235 791 5311 sumpsit
820 5252 887 5290 ex
914 5253 1042 5311 cap.
1076 5236 1129 5303 4,
1162 5254 1312 5311 vers.
1345 5238 1400 5304 6,
1434 5238 1532 5293 ubi
1566 5235 1833 5311 legitur:
1866 5241 1973 5311 Ego
2001 5247 2187 5298 autem

535 5253 791 5307 sumpsn
820 5253 887 5290 ex
914 5253 1042 5363 cap.
1076 5253 1129 5303 1,
1162 5254 1312 5292 vers.
1345 5253 1400 5304 o,
1434 5253 1532 5293 um
1566 5253 1781 5310 legitur
1820 5256 1833 5294 :
1866 5253 1973 5311 Ego
2001 5253 2181 5298 autem

532 5308 679 5386 solus
740 5307 887 5361 ibam
944 5326 974 5362 α
1005 5310 1234 5379 iquoties
1280 5311 1341 5386 in
1386 5310 1958 5386 Ilierusalemdiebus
1986 5314 2181 5383 festis;

538 5376 761 5451 reliqua
816 5392 965 5451 vero
1007 5376 1076 5433 ex
1131 5396 1258 5451 cap.
1310 5384 1363 5448 2,
1400 5398 1546 5437 vers.
1582 5382 1631 5446 1,
1665 5381 1765 5435 ubi
1795 5376 2043 5438 habetur
2076 5402 2087 5440 :
2121 5376 2186 5441 In

536 5448 883 5526 Pentecosten
910 5448 996 5526 die
1024 5454 1159 5526 [esto
1188 5448 1393 5526 nostro,
1426 5454 1523 5524 qui
1554 5456 1631 5526 est
1675 5456 1892 5508 sanctus
1924 5471 1973 5526 *α
2019 5459 2181 5526 septi-

537 5521 722 5597 manis
737 5534 767 5597 ‘:
798 5533 924 5597 qua;
954 5521 1199 5597 totidem
1225 5523 1413 5578 verbis
1433 5521 1773 5597 'recitantur
1830 5541 1899 5597 ag
1921 5521 2182 5585 Lucifero

530 5586 867 5659 .Calaritan’o
897 5589 955 5644 in
987 5590 1134 5646 libro
1164 5594 1238 5648 De
1265 5610 1375 5650 non
1428 5593 1696 5659 parcendo
1752 5597 1811 5650 in
1867 5595 2041 5652 Deum
2095 5599 2182 5655 de-

540 5611 867 5643 balurlluuu
898 5611 955 5644 ιιι
987 5611 1134 5646 llDl'O
1164 5611 1238 5648 ue
1265 5611 1375 5650 non
1465 5611 1696 5651 arcendo
1752 5612 1811 5650 ιη
1867 5611 2041 5652 Deum
2095 5611 2180 5655 de-

540 5659 927 5743 linqucntibus.
962 5661 1105 5743 \fide
1152 5611 1462 5743 tonium_{)
1499 5665 1825 5743 Bibliorum
1877 5684 2180 5743 sacrorum

536 5729 728 5792 latina:
757 5730 1041 5811 versionis
1069 5734 1320 5814 antiquae
1351 5736 1614 5811 ejusdem
1644 5738 1705 5797 P.
1737 5739 2002 5799 Sabatier
2029 5747 2176 5818 part.

2296 4821 2407 4893 l7.)
2438 4821 2600 4887 Quod
2632 4837 2765 4877 cum
2798 4820 2879 4876 ita
2910 4820 3007 4890 sit,
3039 4820 3304 4894 probatio
3335 4821 3556 4893 absque
3590 4820 3768 4878 dubio
3797 4821 3934 4878 cha-

2295 4954 2922 5111 E’(f§5g5)‘7}igverbium
2957 5028 3417 5111 irrationabiliter
3461 5044 3576 5111 quo
3616 5044 3813 5111 .sensu
3867 5047 3934 5111 ex

2297 5098 2554 5173 Ratherii
2582 5104 2773 5173 mente
2802 5098 2875 5154 sit
2900 5098 3325 5173 accipiendum,
3353 5098 3770 5173 explicavimus
3811 5106 3928 5159 not.

2292 5172 2399 5225 723
2428 5170 2485 5224 in
2517 5169 2865 5243 opusculum
2897 5171 2972 5243 De
2993 5169 3217 5243 proprio
3248 5171 3422 5243 lapsu.

2367 5241 2818 5313 (1556)’Canitur
2837 5241 2895 5296 in
2918 5241 3159 5315 introitu
3183 5241 3376 5315 misse
3396 5242 3548 5298 feriae
3581 5244 3615 5298 4
3640 5243 3926 5315 Cinerum,

2295 5318 2352 5441 et
2378 5311 2682 5440 ggmptum
2707 5317 2796 5369 est
2828 5328 2898 5368 ex
2925 5311 3075 5369 libro
3107 5314 3416 5387 Sapientiae
3446 5331 3572 5388 cap.
3604 5332 3685 5384 xx,
3712 5311 3930 5374 vers.2£

2295 5402 2323 5441 e
2454 5428 2466 5439 .

2292 5402 2350 5442 ϐῐ
2378 5402 2466 5440 ΖΟ.

2365 5457 2543 5531 (1557)
2576 5454 2859 5531 Construe
2884 5472 2919 5531 ε⁸
2938 5456 3072 5531 Cum
3099 5465 3283 5531 autem
3306 5459 3566 5531 possessio
3600 5461 3726 5531 ipsa
3752 5459 3926 5516 chari-

2291 5530 2418 5608 tatis
2436 5530 2530 5608 sit
2546 5528 2856 5608 conjectura
2884 5528 3125 5600 Spiritus
3144 5528 3448 5608 (videlicet
3475 5528 3926 5608 cum—possessio

2291 5599 2593 5674 charitatis
2623 5599 2698 5674 sit
2728 5599 2985 5674 signum,
3005 5602 3162 5674 quod
3194 5601 3327 5673 quis
3349 5599 3926 5674 Spiritum—sanetum

2290 5671 2520 5740 habeat)
2550 5670 2733 5729 eodem
2756 5670 3003 5746 Apostolo
3024 5670 3256 5744 dicente,
3289 5670 3398 5732 etc.
