4052 6442
144 448 163 511 '-
198 462 322 536 7&9

1685 452 2130 545 SEBMONES.

3444 446 3617 543 ἕτδο

198 608 396 668 ritatis
423 603 703 664 exhibitio
733 607 824 664 est
853 608 920 663 ut
951 604 1031 664 ait
1061 606 1396 683 Gregorius,
1447 610 1658 684 operis;
1692 612 1853 669 exhi-
1880 613 1937 682 Α
1963 619 2042 670 est
2067 614 2415 688 dilectione],
2447 576 2547 672 sed
2579 616 2710 672 odio
2744 614 3000 685 illorum,
3036 629 3163 687 quae
3195 610 3377 670 nollet
3403 614 3611 672 audire

197 698 346 755 bitio
375 712 512 753 vero
537 695 730 769 operis
768 700 859 753 est
915 697 1170 770 Spiritus
1218 698 1403 755 sancti
1453 701 1852 771 monstratrix,

200 804 379 861 quem
410 784 586 842 hodie
612 783 673 840 in
687 785 965 858 apostolis
991 786 1347 860 accepimus,
1366 790 1602 845 utestin
1626 789 1853 863 psalmo

196 877 282 933 ita
312 878 649 932 cantatum:
696 874 995 931 Ascendens
1039 878 1104 931 in
1134 878 1312 932 altum
1365 880 1638 950 captivam
1695 879 1855 935 drmit

196 965 575 1037 captivitatem
627 962 799 1035 (Psal.
858 981 1029 1034 van,
1102 964 1208 1036 19),
1269 965 1328 1021 id
1358 970 1449 1022 est
1501 967 1852 1039 captivatam

196 1054 500 1127 quondam
533 1069 569 1108 a
595 1051 825 1108 diabolo
855 1057 1119 1109 nostram
1151 1071 1287 1110 cum
1342 1055 1540 1111 anima
1570 1072 1807 1111 carnem
1835 1073 1848 1124 ;

195 1143 346 1200 dedit
372 1142 518 1198 dona
565 1140 877 1197 hominibus
923 1143 1138 1214 (Ephes.
1173 1160 1251 1209 Iv,
1303 1142 1358 1215 8)
1415 1142 1474 1199 id
1501 1147 1590 1199 est
1643 1144 1848 1217 (1558),

196 1231 561 1288 charismata
590 1229 777 1287 sancti
809 1230 1088 1303 apostolis
1119 1230 1292 1287 hodie
1308 1232 1851 1304 Spiritus,quicum

198 1319 370 1374 Patre
398 1322 456 1374 et
483 1318 688 1375 eodem
719 1316 940 1390 Spiritu
969 1321 1060 1375 est
1085 1334 1190 1391 per
1229 1318 1444 1375 saecula
1484 1319 1847 1376 benedictus.

196 1408 407 1464 Amen.

829 1495 1077 1552 SERMO
1094 1483 1213 1552 ’XI.

563 1585 647 1640 De
683 1599 865 1640 MARIA
902 1602 969 1640 ετ
1007 1602 1243 1641 ΜΑΒΤΗΑ
1281 1586 1490 1659 (1559).

273 1678 322 1731 1.
355 1673 673 1730 Reminisci
688 1673 913 1730 utinam
930 1674 1343 1747 dignaremini,
1364 1675 1600 1744 fratres,
1620 1678 1850 1748 praeter-

142 1786 147 1791 λ
194 1765 279 1821 ita
304 1767 521 1821 sanctae
552 1762 654 1819 Dei
683 1761 984 1835 genitricis
1013 1763 1209 1819 Maria:
1243 1762 1610 1820 solemnitate
1648 1763 1705 1820 in
1729 1765 1846 1820 oris

197 1852 386 1910 nostri
416 1851 765 1923 obsequium
793 1855 986 1907 vestro
1036 1851 1385 1923 persolvisse
1433 1851 1696 1926 collegio,
1730 1869 1844 1926 quo

194 1959 266 2000 ex
295 1940 628 2014 evangelica
654 1938 900 1996 lectione
934 1944 1422 2008 monstraremus,
1477 1958 1594 1996 non
1647 1941 1845 1997 minus

194 2032 380 2088 beatze
409 2029 509 2087 Dei
541 2027 816 2086 Genitrici
844 2028 991 2085 illud
1023 2030 1349 2097 convenire,
1386 2030 1540 2102 quod
1573 2030 1624 2085 ei
1647 2030 1728 2086 ita
1756 2036 1845 2087 est

193 2118 489 2194 prolatum
518 2118 578 2173 in
606 2117 754 2174 ﬁne:
790 2117 968 2174 Maria
994 2120 1258 2190 optimam
1283 2122 1499 2191 partem
1522 2120 1634 2175 sibi
1679 2120 1847 2189 elegit

194 2226 317 2283 quae
341 2224 454 2265 non
481 2208 768 2278 auferetur
795 2206 863 2263 ab
892 2223 1000 2268 ea:
1030 2224 1208 2279 quam
1225 2208 1297 2277 ei,
1332 2208 1425 2263 cui
1458 2207 1567 2263 hoc
1586 2225 1695 2264 vox
1714 2208 1846 2281 ipsa

193 2297 562 2372 deprompsit
590 2295 908 2353 Dominiea.
943 2296 1207 2369 Cumque
1248 2313 1318 2352 ex
1347 2297 1549 2357 eadem
1598 2314 1842 2370 evange-

192 2388 318 2445 lica:
338 2384 981 2444 serielectionisvestras
1000 2384 1519 2442 filiationisnostraa
1537 2386 1839 2455 facundiae,

195 2477 355 2551 quod
385 2476 533 2533 087
571 2474 778 2546 potuit,
811 2473 1156 2547 protulisset
1171 2474 1389 2546 inopia;
1425 2474 1591 2546 quasi
1614 2474 1696 2530 nil
1717 2492 1843 2547 pro-

192 2567 381 2623 latum
412 2564 622 2621 fuisset
639 2562 880 2632 austeri,
906 2563 989 2619 ita
1010 2562 1397 2619 incommotos
1426 2580 1547 2635 vos,
1577 2564 1721 2636 proh
1741 2580 1839 2620 ue-

192 2654 322 2710 fasl
380 2669 608 2721 omnes,
665 2651 1049 2708 consideratis
1116 2650 1507 2724 quorumdam
1579 2652 1841 2708 vultibus

186 2742 331 2800 vidi.
361 2741 517 2798 Nihil
546 2740 1080 2814 illiclacrymarum
1104 2744 1193 2797 est
1220 2741 1437 2808 visum,
1461 2740 1623 2797 nulla
1644 2741 1837 2815 suspi-

186 2833 299 2901 ria,
330 2835 633 2905 pectorum
668 2828 932 2885 contusio
963 2830 1161 2886 sonuit
1190 2828 1375 2885 nulla.
1408 2829 1728 2886 Verissime
1748 2847 1838 2886 ve-

185 2938 322 2978 rum
350 2924 492 2976 tunc
524 2917 795 2976 consistit
823 2917 966 2986 fore,
999 2918 1155 2991 quod
1173 2918 1834 2992 Augustinumlegimus

182 3027 304 3068 non
334 3008 516 3066 semel
543 3007 792 3064 dixisse:
830 3007 968 3080 quia
1019 3006 1288 3063 videlicet
1346 3008 1468 3063 Nisi
1525 3008 1716 3064 ardeat
1741 3011 1837 3081 qui

185 3100 366 3169 docet,
395 3096 691 3155 accendere
719 3094 1025 3153 auditorem
1055 3097 1270 3152 uimine
1316 3097 1494 3152 valet:
1537 3096 1836 3168 simulque

184 3189 329 3245 illuc
357 3188 501 3244 dum
531 3185 1051 3247 consideravimus.
1083 3202 1191 3241 nos
1211 3202 1329 3241 non
1347 3185 1602 3243 multum
1625 3186 1830 3255 amari,

184 3284 247 3336 et
268 3278 342 3335 ob
374 3277 483 3333 hoc
509 3273 812 3349 vilipendi,
844 3273 992 3330 illud
1013 3273 1391 3330 verissimum
1413 3275 1830 3348 perpendimus

1962 702 2084 758 ullo
2117 704 2310 760 modo.
2344 704 2388 760 Ο
2421 707 2616 760 autem
2676 703 2777 776 qui
2833 703 2981 760 tales
3012 705 3073 759 iu
3110 702 3275 759 vobis
3327 703 3609 772 existunt,

1962 791 2185 847 utinam
2217 797 2337 848 tam
2365 793 2624 866 captiose
2651 792 3026 848 intenderent
3055 792 3210 848 seria
3238 808 3415 864 quam
3447 791 3614 848 avide

1962 896 1996 934 a
2026 879 2196 936 nobis
2227 880 2454 953 prolata
2477 880 2810 951 intendunt,
2863 898 2978 937 non
3020 881 3195 937 modo
3251 879 3482 936 inutilia
3507 880 3611 936 sed

1961 967 2136 1024 etiam
2167 969 2359 1039 noxia;
2394 974 2451 1026 et
2480 974 2601 1026 tam
2632 971 2967 1027 animarum
2994 986 3239 1027 suarum
3258 969 3610 1042 profectum,

1961 1071 2139 1126 quam
2172 1055 2403 1112 illarum
2435 1056 2769 1126 intendunt,
2803 1059 2945 1114 dum
2986 1058 3363 1115 conniventes
3404 1057 3608 1130 utique

1959 1143 2077 1200 illis
2104 1143 2424 1217 loquimur,
2457 1147 2770 1202 damnum!

2031 1238 2084 1289 2.
2113 1235 2223 1290 Sed
2246 1235 2374 1305 jam
2431 1252 2587 1292 nunc
2642 1235 2979 1305 dicendum,
3032 1236 3174 1308 quid
3207 1252 3241 1292 a
3269 1234 3439 1291 nobis
3472 1232 3604 1306 illic

1961 1321 2136 1377 fuerit
2164 1323 2408 1379 dictum.
2441 1323 2516 1380 Ut
2545 1328 2680 1381 ante
2710 1342 2816 1381 nos
2866 1324 3079 1397 saepius
3125 1323 3239 1380 fuit
3286 1321 3603 1396 prolatum,

1959 1410 2075 1466 duo
2104 1410 2165 1466 in
2196 1411 2292 1467 his
2317 1412 2547 1469 duabus
2566 1413 2851 1469 matronis
2876 1412 3130 1468 diximus
3149 1411 3606 1485 vivendigenera

1958 1499 2281 1571 designata.
2315 1499 2531 1568 Unum,
2581 1501 2735 1573 quod
2775 1501 2849 1557 ab
2893 1506 3025 1557 actu
3071 1500 3285 1558 dicitur
3305 1510 3601 1575 πρακτικὴν,

1958 1586 2068 1643 hoc
2089 1591 2178 1644 est
2234 1588 2500 1657 actuale;
2563 1588 2835 1658 alterum,
2900 1590 3056 1662 quod
3087 1590 3304 1658 avisu,
3358 1589 3449 1646 vel
3487 1588 3603 1645 otio

1957 1684 2193 1749 θεωρικὴν
2222 1678 2362 1749 [otio
2391 1679 2618 1746 scilicet,
2643 1695 2746 1749 quo
2776 1681 2897 1750 quis
2926 1677 3216 1750 spectando
3246 1678 3492 1748 otiatur],
3542 1676 3604 1733 id

1956 1770 2046 1822 est
2075 1766 2590 1839 contemplativum
2616 1771 2874 1824 vocatur.
2908 1767 3201 1823 Nimirum
3232 1766 3390 1823 enim
3431 1780 3603 1822 nemo

1955 1846 2210 1927 amplius
2241 1855 2494 1911 videnda
2524 1856 2774 1912 interius
2804 1859 3134 1929 exaggerat,
3170 1871 3348 1927 quam
3398 1854 3499 1927 qui
3530 1854 3601 1910 ab

1956 1960 2127 2016 opere
2158 1943 2414 2017 amplius
2445 1948 2654 2000 cessat.
2689 1944 2874 2017 (I560)
2902 1944 3019 2001 Hos
3051 1947 3248 2001 autem
3281 1945 3428 1999 duos
3451 1943 3601 1999 ritus

1954 2033 2183 2089 vivendi
2214 2048 2349 2087 cum
2377 2037 2598 2089 veteres
2630 2038 2869 2089 secutus
2900 2034 3049 2090 duas
3070 2032 3178 2089 has
3202 2032 3403 2089 beatas
3422 2031 3605 2105 signi-

1952 2123 2124 2179 ﬁcare
2156 2121 2435 2178 dixissem
2466 2138 2714 2190 sorores;
2747 2121 2941 2177 innuit
2969 2121 3203 2178 illarum
3233 2120 3457 2177 devotio
3501 2136 3600 2178 ve-

1952 2211 2253 2267 rissimum
2278 2210 2418 2277 fore,
2450 2227 2585 2266 cum
2615 2228 2734 2266 una
2750 2214 3021 2282 satagere,
3052 2209 3111 2265 id
3134 2212 3223 2265 est
3252 2209 3487 2265 studere
3505 2207 3597 2265 vel

1951 2298 2213 2356 laborare
2235 2299 2390 2355 dicta
2420 2298 2496 2354 sit
2522 2300 2669 2354 circa
2697 2301 2954 2371 frequens
2983 2298 3379 2365 ministerium,
3412 2297 3472 2352 id
3504 2300 3595 2354 est

1951 2406 2067 2445 non
2095 2388 2250 2460 quod
2274 2391 2415 2443 tunc
2448 2386 3185 2460 primitusincmperit,sed
3198 2385 3598 2444 actuandifre-

1951 2477 2193 2551 quentia
2215 2476 2275 2532 in
2305 2492 2528 2533 morem
2559 2477 2924 2544 converterit;
2976 2475 3202 2532 scilicet
3231 2478 3296 2531 ut
3322 2474 3595 2547 Domino,

1950 2567 2035 2622 uti
2066 2565 2414 2622 multimode
2444 2567 2676 2632 iecerat,
2709 2566 2778 2621 de
2809 2582 2919 2621 sua
2938 2563 3281 2621 facultatula
3303 2562 3600 2620 ministra-

1950 2660 2057 2712 ret:
2093 2654 2277 2712 altera
2304 2654 2553 2727 pedibus
2566 2655 2822 2711 assidere
2844 2653 3072 2710 Domini
3098 2652 3378 2709 maluisse
3398 2669 3596 2710 narre-

1946 2749 2061 2812 tur,
2096 2762 2211 2801 non
2242 2743 2345 2799 illa
2374 2744 2667 2800 otiositate
2695 2748 2913 2812 tamen,
2940 2759 3067 2815 qua:
3097 2741 3340 2798 inimica
3361 2745 3451 2798 est
3473 2741 3598 2797 ani-

1947 2851 2076 2904 mae,
2110 2834 2212 2890 sed
2243 2832 2364 2904 illa,
2398 2834 2469 2888 de
2500 2849 2617 2905 qua
2645 2831 2859 2889 clamat
2876 2848 2981 2904 per
3001 2830 3371 2889 Psalmistam
3393 2828 3594 2886 Domi-

1945 2940 2058 2979 nus
2090 2922 2252 2995 ipse:
2291 2923 2480 2979 Vacate
2508 2930 2558 2976 et
2603 2921 2794 2987 videte,
2843 2922 3104 2992 quoniam
3148 2936 3243 2991 ego
3287 2935 3406 2974 sum
3452 2922 3596 2975 Deus

1944 3013 2053 3081 (Ps.
2080 3029 2208 3078 XLV,
2246 3012 2351 3078 lt);
2385 3009 2589 3065 sedula
2642 3025 2776 3065 vero
2802 3012 2859 3064 et
2887 3009 3030 3078 haec,
3076 3012 3142 3063 ut
3168 3007 3273 3063 illa
3318 3008 3379 3063 in
3410 3007 3590 3063 mini-

1943 3101 2204 3165 strando,
2231 3098 2384 3154 688
2410 3096 2493 3153 ita
2517 3097 2578 3152 in
2603 3096 3073 3168 audiendis,quaa
3103 3097 3283 3152 deore
3314 3097 3587 3168 procede-

1942 3191 2085 3245 bant
2113 3186 2438 3243 Dominico.
2476 3185 2543 3239 Et
2599 3200 2796 3239 revera
2851 3199 3022 3239 nemo
3052 3182 3113 3238 in
3167 3183 3425 3240 Ecclesia
3473 3183 3591 3241 nisi

1947 3278 2069 3333 haec
2099 3277 2214 3332 duo
2244 3274 2383 3347 agit,
2414 3290 2547 3329 cum
2571 3273 2724 3345 quod
2754 3273 2926 3328 debet
2956 3272 3142 3328 facere
3193 3269 3347 3327 facit.
3376 3271 3588 3330 Nullus

187 3370 315 3426 fore
340 3344 638 3439 Gregorii;
665 3364 902 3436 Difﬁcile
929 3371 1026 3433 est,
1051 3371 1113 3418 ut
1141 3365 1389 3435 quamvis
1404 3344 1551 3420 recta
1574 3364 1838 3436 praedicet
1868 3344 1912 3413 α
1949 3366 2044 3422 hic
2075 3344 2471 3421 fornicationis
2498 3344 2662 3417 locus
2694 3360 3049 3417 adulterium
3093 3358 3297 3433 procul
3343 3360 3594 3416 ebriosi-

188 3458 392 3523 doetor,
421 3457 517 3529 qui
544 3468 656 3511 non
675 3461 918 3523 amatur,
952 3452 1184 3508 libenter
1212 3451 1476 3508 audiatur
1503 3470 1518 3521 ;
1542 3453 1836 3524 itemque:

191 3547 363 3619 Cujus
405 3546 524 3602 vita
574 3543 891 3615 despicitur,
951 3545 1120 3597 restat
1162 3549 1221 3598 ut
1248 3549 1301 3597 et
1339 3541 1661 3613 praedicatio
1710 3557 1841 3597 eon-

189 3638 492 3694 temnatur.
525 3632 630 3690 Isti
663 3635 917 3689 attamen
949 3634 1159 3687 nostra:
1186 3629 1434 3703 querelae
1454 3630 1599 3686 illud
1619 3630 1689 3686 ad
1712 3647 1843 3702 pro-

192 3725 431 3800 phetam
461 3722 636 3796 longe
664 3721 933 3795 quamvis
961 3719 1479 3792 incompatibiliter
1506 3719 1727 3775 dictum
1757 3719 1841 3775 vi-

190 3816 393 3872 dimus
449 3811 785 3869 convenire:
843 3810 1046 3867 Domus
1094 3810 1264 3865 Israel
1303 3809 1500 3865 nolunt
1544 3808 1740 3864 audire
1768 3812 1838 3878 te,

187 3906 330 3978 quia
354 3904 555 3959 nolunt
583 3901 784 3957 audire
807 3915 895 3957 me
937 3898 1150 3972 (Επειδὴ.
1205 3915 1290 3965 In,
1320 3898 1412 3968 7):
1464 3901 1523 3954 et
1552 3897 1699 3953 illud
1731 3898 1841 3954 Do-

190 3993 376 4051 mini:
404 3992 466 4048 Si
511 4005 816 4047 sermonem
865 4005 1048 4045 meum
1101 3994 1474 4052 servaverunt,
1528 3993 1580 4042 et
1605 3990 1845 4043 vestrum

187 4081 483 4140 servabunt
540 4081 718 4148 (Joan.
777 4095 871 4147 xv,
903 4077 1015 4146 20),
1072 4081 1202 4144 Nos,
1260 4074 1435 4132 etiam
1494 4075 1575 4131 ait
1619 4074 1739 4142 ille,
1770 4076 1843 4131 ad

190 4173 361 4243 cujus
392 4166 839 4226 aestimationem
882 4183 997 4222 non
1029 4178 1345 4238 possumus
1399 4164 1675 4237 aspirare,
1722 4181 1840 4234 nos,

192 4262 461 4333 inquam,
494 4258 598 4324 ait,
630 4255 764 4329 quid
790 4260 1006 4312 sumus?
1038 4271 1137 4310 nec
1165 4262 1354 4311 contra
1376 4270 1474 4310 nos
1494 4261 1573 4310 est
1591 4270 1846 4309 murmur

190 4355 458 4420 vestrum,
515 4346 607 4403 sed
664 4349 856 4403 contra
911 4345 1211 4401 Dominum
1262 4342 1458 4415 (Exod.
1518 4360 1633 4412 xvr,
1679 4344 1733 4411 7,
1765 4344 1842 4412 8).

193 4440 343 4497 Cum
374 4437 532 4494 enim
565 4436 627 4491 in
650 4433 1001 4502 innumeris,
1034 4432 1181 4505 proh
1212 4424 1405 4488 dolor!
1442 4431 1630 4489 simus
1652 4448 1843 4503 repre-

192 4525 541 4595 hensibiles;
574 4525 717 4580 dum
748 4540 865 4579 non
894 4523 1190 4594 vituperat
1237 4519 1370 4593 quis
1398 4524 1676 4590 vestrum,
1719 4537 1845 4594 quas

196 4618 431 4673 fuerant
454 4615 592 4686 jure
622 4612 682 4668 in
714 4611 883 4669 nobis
913 4611 1226 4683 carpenda,
1252 4610 1354 4666 sed
1377 4609 1562 4682 carpit
1574 4610 1709 4682 jure
1728 4610 1849 4666 lau-

1945 3459 2037 3511 tas
2066 3453 2256 3526 longe,
2291 3450 2516 3507 falsitas
2549 3465 2866 3521 nusquam,
2892 3452 2970 3517 et,
3003 3465 3075 3504 ne
3104 3448 3164 3504 in
3186 3447 3483 3504 inﬁnitum
3499 3465 3599 3506 no-

1948 3548 2071 3599 stra
2095 3542 2370 3615 procedat
2398 3538 2633 3608 locutio,
2658 3537 2850 3595 omnis
2880 3555 2914 3593 a
2932 3536 3150 3594 talibus
3171 3539 3337 3595 abest
3357 3554 3596 3610 prorsus

1947 3631 2222 3705 nequitiae
2241 3628 2563 3702 plenitudo.
2581 3627 2693 3683 Sed
2717 3643 2903 3682 unum
2931 3625 3331 3696 saecularibus,
3348 3626 3598 3683 alterum

1949 3719 2219 3793 congruit
2242 3716 2626 3790 spiritalibus:
2660 3730 2842 3771 unum
2876 3714 3016 3785 illis,
3040 3715 3296 3788 quisunt
3314 3715 3595 3772 audituri:

1950 3833 1980 3862 α
2012 3809 2236 3887 Venite,
2269 3805 2560 3864 benedicti
2590 3804 2779 3861 Patris
2811 3804 2947 3873 mei,
2990 3804 3269 3878 percipite
3325 3821 3597 3878 regnum,

1950 3899 2105 3972 quod
2136 3896 2299 3953 vobis
2328 3898 2596 3968 paratum
2629 3897 2720 3949 est
2752 3894 2823 3950 ab
2855 3892 3081 3965 origine
3128 3893 3335 3948 mundi
3384 3893 3594 3965 (Matth.

1949 4006 2077 4056 xxv,
2108 3985 2258 4057 34),»
2292 3983 2392 4056 qui
2410 3982 2644 4048 esurivi,
2663 3981 2837 4048 sitivi,
2861 3979 3074 4052 hospes
3094 3980 3597 4049 fuit,inﬁrmus,et

1947 4078 2009 4133 in
2043 4090 2273 4132 carcere
2303 4072 2384 4145 (in
2414 4069 2695 4127 membris
2726 4072 2923 4125 tamen
2956 4068 3079 4123 hac
3105 4067 3305 4124 omnia
3334 4068 3595 4137 meis),et

1951 4164 2170 4222 similia
2198 4161 2387 4218 multa
2414 4175 2746 4233 perpessus,
2780 4161 2838 4213 et
2866 4174 2900 4212 a
2926 4155 3091 4212 vobis
3114 4173 3182 4212 su
3199 4173 3258 4211 m
3281 4154 3592 4215 relevatus:

1952 4254 2200 4312 alterum
2231 4251 2335 4319 eis,
2369 4248 2469 4321 qui
2481 4250 2607 4320 jam
2631 4245 2855 4318 inipsis
2886 4248 3091 4301 etcum
3117 4243 3263 4317 ipsis
3285 4243 3597 4302 audierunt

1952 4341 2257 4416 apostolis:
2298 4359 2326 4391 α
2353 4340 2535 4393 Amen
2567 4335 2695 4391 dico
2725 4333 2912 4405 vobis,
2944 4333 3101 4406 quod
3145 4350 3270 4403 vos,
3306 4333 3407 4405 qui
3455 4332 3598 4390 reli-

1953 4430 2164 4507 quistis
2195 4427 2411 4495 omnia,
2445 4429 2502 4481 et
2530 4424 2715 4481 secuti
2738 4423 2883 4480 estis
2914 4439 3026 4491 me,
3046 4423 3105 4477 in
3139 4421 3597 4495 regeneratione,

1954 4538 2087 4579 cum
2119 4517 2333 4576 sederit
2356 4514 2537 4571 Filius
2568 4511 2825 4569 hominis
2854 4511 2913 4566 in
2938 4511 3074 4567 sede
3095 4511 3422 4583 maiestatis
3453 4528 3601 4583 sum,

1954 4609 2233 4669 sedebitis
2263 4610 2321 4664 et
2349 4623 2450 4662 vos
2499 4619 2677 4676 super
2706 4602 2875 4659 sedes
2909 4599 3221 4657 duodecim
3262 4600 3599 4672 judicantes

195 4706 413 4775 danda;
449 4703 659 4777 probat
689 4718 751 4758 se
778 4701 889 4758 hoc
920 4717 1089 4775 agere
1120 4717 1236 4756 non
1261 4698 1506 4771 justitiee
1532 4699 1743 4757 dilecto
1774 4700 1855 4772 [id
1880 4715 1929 4782 D
1962 4698 2270 4759 duodecim
2301 4696 2491 4752 tribus
2521 4690 2699 4749 Israel
2729 4690 2948 4765 (Matth.
2974 4707 3089 4760 XIX,
3118 4689 3231 4764 28).
3264 4712 3293 4741 »

270 4871 457 4945 (I558)
487 4871 547 4945 Id
577 4879 654 4927 est
701 4870 970 4945 Christus
1011 4871 1337 4945 ascendens
1387 4868 1846 4945 in_altum‘dedzt

199 4941 360 5003 hodie
386 4941 726 5000 charismata
755 4942 992 5015 Spiritus
1021 4943 1203 5015 sancti
1230 4942 1511 5013 apostolis,
1543 4943 1639 5013 qui
1664 4941 1846 5015 (Chri-

199 5020 349 5085 stus)
379 5032 505 5070 cum
529 5016 694 5070 Patre
721 5013 985 5070 eteadem
1014 5014 1243 5085 Spiritu,
1279 5017 1389 5068 etc.

274 5083 657 5213 (1559))Huuc
689 5101 918 5158 quoque
936 5083 1265 5169 sermonem
1297 5101 1330 5139 a
1351 5083 1631 5167 Fulcuino
1654 5083 1853 5139 lauda-

276 5176 335 5213 m
367 5175 435 5213 su
509 5156 682 5213 titulo
712 5158 786 5213 De
844 5158 1132 5213 festivitate
1162 5157 1216 5211 S.
1265 5155 1476 5213 Mariae.
1527 5171 1627 5213 uul
1668 5156 1850 5211 Evan-

202 5154 335 5216 tum
367 5154 479 5214 sub
509 5156 682 5213 titulo
706 5154 786 5213 De
824 5154 1132 5227 Testim’tate
1162 5157 1216 5211 S.
1265 5155 1476 5227 Maria},
1524 5154 1627 5227 qui
1668 5156 1850 5211 Evan-

203 5231 427 5311 gelium
453 5226 1051 5311 festi'Assumptionis
1081 5228 1343 5311 ejusdem
1376 5226 1634 5307 Virginis
1681 5242 1853 5311 expo-

204 5298 315 5369 nit,
348 5318 416 5357 ex
441 5316 554 5356 ms.
588 5298 858 5356 Lobiensi
891 5298 1197 5371 acceperat
1215 5298 1660 5371 Acheriusqcum
1684 5298 1855 5371 titulo

156 5409 173 5421 ι
202 5376 280 5431 De
303 5367 483 5428 Maria
511 5379 564 5427 et
589 5370 819 5442 Martha,
844 5371 929 5443 uti
963 5367 1413 5443 in'Frisingensi
1445 5368 1620 5443 etiam
1660 5369 1857 5443 codice

202 5443 572 5512 inscribitur,
604 5439 814 5516 exque
845 5442 1014 5498 illum
1060 5459 1216 5516 nunc
1253 5439 1523 5516 primum
1571 5439 1857 5516 in_l_ucem

204 5516 583 5591 proferimus.
615 5512 734 5591 Hic:
749 5518 945 5571 autem
969 5530 1159 5591 sermo
1178 5512 1384 5591 Ott'one
1403 5512 1425 5568 Ι
1446 5513 1572 5591 jam
1587 5512 1659 5591 a_d
1681 5512 1860 5591 impe-

204 5584 364 5645 rium
396 5589 667 5660 provecto
697 5585 878 5660 (hunc
908 5585 1063 5642 enim
1082 5584 1576 5660 Caesarisnomine
1593 5584 1862 5660 designat

204 5676 374 5717 num.
397 5652 758 5730 '4)¥habitum
774 5658 955 5713 fuisse
968 5674 1121 5730 anno
1135 5658 1243 5730 966
1257 5661 1388 5730 post
1400 5656 1613 5730 festum
1626 5652 1863 5730 Ass'um-

246 5727 525 5788 tionis'B.
559 5730 636 5786 M.
669 5732 791 5786 not.
832 5730 967 5786 1017
996 5729 1055 5784 in
1086 5727 1459 5785 Itiner’arium
1481 5727 1860 5801 conjecimus.

206 5749 334 5877 δυο
365 5800 608 5877 quidem
636 5805 896 5877 tempore
916 5816 1053 5862 cum
1078 5798 1393 5872 tumultus,
1427 5799 1528 5877 qui
1557 5798 1619 5859 in
1648 5797 1860 5863 Ruthe-

260 5819 334 5865 uo
365 5800 608 5887 quidem
636 5805 896 5879 tempore
916 5816 1053 5862 cum
1078 5798 1393 5872 tumultus,
1427 5799 1528 5878 qui
1557 5797 1619 5859 in
1648 5797 1863 5863 Ruthe-

1954 4872 2109 4928 rium
2137 4867 2447 4939 eruperant
2479 4878 2630 4939 anno
2663 4861 3033 4939 praecedenti,
3062 4860 3256 4939 adhuc
3273 4864 3602 4939 serperent:

1957 4942 2172 4999 idcirco
2204 4933 2369 4993 num.
2428 4939 2446 4989 1
2481 4953 2493 4990 :
2540 4933 3041 5006 Consideravimus,
3095 4933 3309 5006 inquit,
3344 4933 3464 5006 nos
3490 4949 3605 4988 non

1944 5014 2193 5070 multum
2222 5008 2402 5064 amari
2431 5015 2480 5061 et
2509 5006 2572 5059 ob
2604 5005 2703 5061 hoc
2742 5005 3045 5076 vilipendz:
3080 5008 3137 5076 et
3169 5003 3285 5076 alia
3326 5004 3602 5076 deinceps

1961 5084 2224 5157 ejusdem
2245 5086 2359 5135 tem
2369 5077 2526 5157 ppris
2539 5073 3071 5157 indiciainspergit:
3086 5074 3295 5130 Confer
3305 5077 3425 5157 not.
3442 5073 3602 5129 1029.

1961 5144 2024 5214 Id
2056 5158 2250 5210 autem
2281 5144 2665 5207 conﬁrmatur
2694 5144 2883 5203 multd
2912 5144 3100 5218 magis
3130 5162 3199 5218 ex
3226 5144 3429 5218 ordine
3459 5160 3605 5218 cpu-

1964 5227 2284 5292 sculorum,
2335 5238 2463 5294 quae
2479 5219 2566 5294 in
2602 5218 2832 5294 seriem
2862 5215 3335 5294 chronologicam
3386 5215 3603 5272 deseri-

1964 5300 2185 5355 buntur
2215 5286 2279 5350 in
2308 5286 2419 5349 nis.
2478 5288 2866 5361 Frisingensi:
2929 5287 3017 5342 lbi
3048 5286 3224 5361 enim
3258 5286 3357 5361 hic
3412 5302 3607 5361 sermo

1966 5369 2272 5428 exhibetur
2303 5368 2433 5438 post
2463 5357 2833 5438 Synodicam,
2866 5376 2993 5438 qua:
3014 5358 3313 5438 editafuit
3341 5357 3403 5414 in
3455 5359 3609 5424 Qua-

1966 5429 2323 5514 dragesima-
2356 5429 2667 5514 anni—966.
2699 5431 2845 5487 Vide
2874 5429 2992 5487 not.
3027 5430 3160 5486 1429
3189 5429 3249 5487 in
3281 5446 3614 5489 sermonem

1968 5520 1990 5569 Ι
2023 5506 2107 5569 ἀέ
2125 5506 2599 5581 Quadragesima.

2042 5574 2226 5653 (1560)
2287 5574 2605 5653 Construe:
2669 5574 2805 5630 Cum
2863 5580 3049 5653 autem
3102 5576 3316 5653 secutus
3363 5578 3613 5653 peteres,

1971 5645 2233 5714 divisse-ru
2261 5654 2360 5706 has
2381 5650 2517 5705 duas
2541 5648 2723 5703 beatas
2750 5661 2963 5702 sorores
2992 5647 3313 5718 signiﬁcare
3356 5645 3451 5701 hos
3488 5645 3623 5702 duos

1970 5730 2111 5788 ritus
2140 5720 2395 5786 vivendi;
2425 5719 2631 5778 devotio
2660 5718 2893 5774 illarum
2932 5718 3121 5777 innuit
3150 5718 3207 5775 id
3262 5718 3620 5777 verissimum

1970 5802 2092 5878 fore
2121 5798 2207 5878 (id
2239 5799 2330 5857 est
2359 5793 2514 5867 esse),
2544 5806 2668 5851 cum
2696 5805 2831 5864 una,
2854 5791 2962 5864 etc.
