4052 6428
148 414 275 485 πθ

1646 418 2088 493 SERMONBS.

3453 412 3600 493 Μ..

145 569 285 638 cum
319 553 560 638 penitus
606 567 778 612 cerno
822 568 1090 635 aversos;
1124 570 1230 638 nec
1278 556 1597 617 monachos
1647 574 1812 619 meos
1840 566 1891 631 Α
1915 562 2018 634 jus
2045 559 2251 621 mundi
2282 557 2460 618 habet
2486 557 2547 617 in
2569 556 2740 618 nobis
2761 558 2981 634 multa;
3016 558 3117 620 sed
3138 564 3337 620 tamen
3368 562 3577 620 mortis

143 630 591 719 contemplandi
620 644 935 703 Dominum
966 632 1164 702 amore
1192 633 1229 703 a
1256 646 1449 704 saeculi
1482 648 1639 705 040
1667 649 1809 726 acti-

140 734 261 792 bus
293 748 358 791 se
386 734 576 790 facere
606 733 826 790 alienos
848 732 996 791 velle
1025 735 1144 791 ullo
1177 737 1350 793 modo
1380 737 1462 793 ita
1491 742 1663 795 tenus
1693 755 1813 795 cer-

140 836 241 892 no,
277 827 349 880 ut
395 823 640 895 insuper
686 822 887 893 istum,
916 823 1010 879 cui
1061 828 1348 894 astamus,
1398 826 1807 884 anachoretam

136 911 490 969 transitoria
518 903 883 968 considerem
916 906 1031 968 non
1058 913 1292 985 penitus
1324 900 1625 972 abdicasse
1659 932 1672 971 :
1706 916 1807 972 ubi

139 1001 466 1068 Martham,
493 1000 595 1056 ubi
625 1017 883 1057 sororem
909 1002 1037 1073 ejus
1068 1003 1337 1071 Mariam,
1362 1004 1460 1059 ubi
1495 1004 1681 1077 Liam,
1705 1005 1807 1060 ubi

140 1090 335 1146 miser
363 1089 553 1145 habeo
590 1088 920 1159 Rachelem,
946 1107 1081 1147 eum
1112 1108 1145 1146 a
1173 1107 1268 1147 me
1299 1092 1704 1149 infelicissimo
1734 1094 1806 1150 de

138 1180 315 1237 vobis
341 1177 618 1236 omnibus
650 1179 1043 1250 requisiturus
1071 1180 1133 1235 in
1163 1181 1258 1236 die
1272 1181 1483 1255 judicii
1511 1181 1588 1238 sit
1608 1181 1803 1238 Domi-

141 1285 281 1337 nus,
308 1271 510 1339 utpote
529 1258 599 1325 de
619 1266 953 1348 commissis
974 1268 1203 1337 ovibus,
1225 1270 1509 1327 rationem
1523 1271 1551 1326 ?
1576 1270 1685 1327 Ubi
1707 1271 1805 1329 ille

141 1361 449 1431 postremo
478 1350 540 1411 in
582 1355 676 1412 his
705 1350 929 1412 aedibus
973 1356 1189 1413 diaboli
1235 1363 1325 1415 est
1371 1359 1799 1432 supplantator,

141 1446 244 1519 qui
274 1445 424 1502 dum
471 1461 673 1511 unam,
705 1445 765 1499 id
796 1449 886 1502 est
933 1446 1464 1519 contemplativam,
1486 1449 1799 1519 desiderat,

138 1530 433 1608 utrasque
452 1526 713 1603 sortitur,
735 1535 820 1591 sic
839 1530 1068 1591 Christo
1095 1536 1483 1594 ministrando
1507 1536 1801 1595 transiens

138 1640 248 1698 per
277 1625 443 1681 bona“
465 1614 831 1697 temporalia,
846 1611 921 1680 ut
950 1641 1067 1681 non
1098 1625 1329 1683 amittat
1357 1627 1615 1683 aeterna?

207 1714 266 1769 5.
299 1715 552 1769 Austera
598 1712 849 1768 nimium
896 1712 1040 1783 haec,
1074 1716 1247 1787 atque
1277 1731 1312 1771 a
1348 1715 1525 1787 nobis
1564 1716 1800 1773 inventa

139 1798 585 1859 cavillatoribus
627 1801 816 1871 (1569)
864 1805 1127 1874 possent,
1157 1804 1260 1875 qui
1306 1802 1557 1860 nimium
1606 1804 1797 1861 abun-

139 1884 309 1975 dant,
356 1889 576 1947 nostris
616 1889 818 1958 videri,
866 1890 981 1947 nisi
1012 1890 1336 1949 austeriora
1371 1908 1440 1950 ex
1488 1893 1658 1951 dictis
1690 1894 1795 1950 ho-
1825 1918 1877 1994 Β

140 1971 235 2037 die
270 1978 608 2036 hausissem
651 1979 934 2059 Gregorii.
967 1979 1175 2046 Qualia
1219 1997 1354 2038 vero
1386 1981 1505 2039 sint
1551 1987 1609 2040 et
1661 1983 1793 2054 ista,

138 2074 203 2128 et‘
226 2066 334 2126 illa
380 2068 607 2125 utinam
639 2080 849 2124 sensus
878 2069 1065 2125 nostri
1103 2085 1308 2142 capere
1357 2075 1531 2144 atque
1578 2073 1796 2129 discer-

136 2148 281 2214 nere
310 2154 553 2215 ‘utilimr
595 2152 878 2211 valuisset
906 2155 1140 2214 duritia.
1175 2156 1284 2213 Ubi
1322 2158 1480 2215 enim
1538 2159 1636 2217 ille
1692 2178 1796 2217 no-

134 2250 326 2304 strax‘n
356 2245 644 2301 denotans
683 2243 765 2300 ait
806 2244 1124 2317 cohortem,
1158 2262 1311 2325 cum,
1342 2250 1579 2322 repente
1606 2249 1797 2306 conati

132 2329 464 2394 fuissemus
512 2324 717 2391 docere
763 2351 891 2407 quae
939 2335 1129 2409 magis
1176 2336 1575 2411 meditatione,
1617 2355 1796 2411 quam

134 2439 314 2499 opere
342 2423 777 2493 didieissemus,
809 2427 866 2480 et
911 2424 1023 2481 hoc
1067 2440 1236 2500 agere
1283 2426 1666 2498 opitulatione
1714 2427 1795 2485 a1-

133 2514 328 2573 tcrius
358 2512 677 2585 cujuslibet
718 2512 1101 2586 gestiremus;
1149 2514 1467 2573 incidimus
1519 2516 1578 2572 in
1629 2516 1795 2574 illum

134 2602 211 2659 de
251 2592 568 2674 Evangelio
610 2599 801 2673 ipsius
849 2616 1202 2668 sermonem,
1242 2602 1344 2658 ubi
1391 2603 1517 2660 visa
1565 2602 1797 2659 civitate

135 2689 492 2758 Jerusalem,
524 2687 773 2746 refertur
814 2688 1100 2745 Dominus
1152 2690 1378 2747 flevisse
1425 2695 1600 2764 atque
1646 2691 1796 2748 exci-

138 2780 311 2838 dium
343 2777 503 2835 illile
546 2778 923 2835 denuntiasse
955 2794 969 2834 :
1001 2788 1177 2850 quem
1209 2779 1294 2836 sic
1343 2795 1460 2836 non
1508 2780 1665 2854 piget
1708 2785 1795 2837 to-

139 2874 276 2926 tum
330 2880 691 2941 percurrere,
744 2871 810 2923 ut
862 2866 1064 2924 valens
1121 2869 1361 2925 omnino
1419 2869 1794 2942 perpendere,

143 2962 347 3015 utrum
378 2944 461 3012 illi
510 2955 940 3035 lugendumrsit
965 2973 1165 3036 necne,
1193 2957 1362 3014 nobis
1390 2958 1620 3014 desinat
1666 2975 1797 3014 suc-

137 3044 791 3105 censere.Considerata
811 3061 1021 3118 nempe
1051 3062 1156 3119 ego
1186 3051 1307 3103 tota
1338 3047 1626 3103 sermonis
1647 3048 1798 3119 ejus-

145 3136 281 3194 dem
308 3124 485 3202 serie,
506 3134 648 3189 dum
697 3132 830 3206 plus
859 3150 987 3190 eam
1019 3134 1382 3208 contemplor
1410 3135 1586 3205 aloes,
1620 3153 1798 3210 quam

145 3218 341 3281 mellis
372 3213 610 3289 habere,
632 3223 776 3295 coepi
825 3211 1111 3297 satagere,
1133 3241 1207 3280 an
1240 3224 1320 3280 ibi
1351 3224 1547 3298 aliqua
1595 3242 1798 3282 conso-

1921 654 2134 708 nostm
2164 653 2426 724 tempore
2448 651 2576 724 jam
2597 667 2706 708 nos
2735 668 2940 725 rapere
2960 669 3076 710 non
3099 651 3270 719 valet,
3285 653 3425 725 quia
3444 653 3574 725 ejus

1919 739 2185 795 membra
2204 738 2390 795 effecti
2408 756 2635 809 sumus,
2651 740 2711 795 in
2730 757 2845 815 quo
2864 758 2978 797 non
2995 741 3171 798 habet
3186 740 3570 814 quidquam.»

1918 828 2081 884 Istud
2093 828 2111 886 (
2116 828 2135 884 Ι
2146 828 2312 898 570)d
2320 845 2420 884 um
2433 828 2595 884 Pauli
2610 832 2949 902 putaveram
2963 830 3410 904 deceptissimus
3424 829 3571 886 mihi

1916 933 2033 973 non
2065 917 2292 973 modice
2335 917 2662 991 suil‘ragari,
2698 934 2831 974 cum
2864 919 3055 992 magis
3106 918 3204 975 ille
3251 919 3361 975 hoc
3407 920 3479 974 de
3509 936 3573 977 se

1917 1006 2157 1079 suisque
2180 1006 2395 1062 diceret
2414 1005 2709 1062 similibus
2729 1025 2743 1075 ;
2766 1008 2868 1063 sed
2888 1008 3031 1063 dum
3058 1008 3366 1080 sequentia
3386 1008 3432 1077 (i
3443 1009 3540 1065 574
3553 1009 3571 1080 )

1914 1093 2049 1168 legi,
2070 1095 2224 1151 idem
2247 1092 2393 1150 mihi
2415 1094 2677 1168 contigit,
2694 1095 2849 1169 quod
2871 1095 3016 1152 solet
3038 1113 3191 1169 saepe
3213 1096 3568 1169 contingere.

1914 1184 2060 1240 Nam
2095 1200 2229 1240 cum
2263 1183 2434 1240 audio
2453 1184 2720 1253 gaudium
2746 1199 2857 1240 esse
2884 1187 2943 1240 in
2969 1186 3101 1242 caelo
3120 1201 3284 1259 super
3306 1201 3416 1242 uno
3440 1202 3568 1258 pee-

1911 1277 2285 1345 catore,quam
2303 1289 2469 1345 supra
2490 1274 2796 1345 nonaginta
2814 1289 3006 1329 novem
3015 1275 3186 1346 justis
3200 1276 3351 1344 (Luc.
3371 1292 3464 1343 xv,
3487 1274 3564 1344 7);

1911 1362 1961 1418 si
1989 1361 2251 1418 absolute
2279 1360 2411 1432 hoc,
2443 1363 2508 1417 ut
2535 1360 2630 1416 hic
2660 1365 2750 1417 est
2783 1362 3061 1433 positum,
3097 1363 3332 1431 diceret,
3366 1363 3439 1419 ad
3470 1378 3564 1419 me

1910 1453 2180 1523 putarem
2212 1447 2431 1521 aliquid
2462 1449 2753 1521 pertinere
2781 1466 2795 1505 :
2821 1451 2922 1507 sed
2944 1450 3086 1505 dum
3110 1451 3272 1507 addit
3295 1452 3564 1523 paeniten-

1909 1541 2048 1595 tiam
2077 1542 2271 1608 agente
2300 1541 2588 1610 quantum
2609 1537 2844 1610 nigrum
2867 1539 2938 1594 ad
2965 1539 3306 1607 candidum,
3328 1542 3562 1596 tantum

1908 1627 2018 1684 hoc
2048 1629 2295 1684 attinere
2333 1627 2406 1683 ad
2451 1643 2545 1683 me
2591 1642 2765 1682 cerno
2809 1625 3206 1700 poenitentiam
3255 1644 3561 1700 nunquam

1909 1720 2199 1790 agentem,
2226 1731 2573 1789 semperque
2602 1715 2939 1788 paenitenda
2981 1720 3415 1772 coacervantem
3447 1714 3563 1771 mi-

1907 1805 2138 1863 sellum.
2164 1805 2251 1862 Ita
2267 1806 2327 1860 et
2346 1803 2441 1861 hic
2461 1803 2603 1860 dum
2625 1802 2780 1860 idem
2801 1803 2980 1861 infert
3000 1804 3411 1861 sanctissimus
3433 1804 3564 1862 doc-

1906 1897 2019 1971 tor,
2042 1892 2099 1950 et
2126 1893 2271 1949 dicit
2302 1908 2315 1949 :
2349 1891 2450 1949 Sed
2486 1892 2619 1964 quid
2650 1892 2888 1964 prodest,
2916 1894 2968 1947 si
2995 1892 3102 1966 ﬁde
3133 1892 3224 1948 illi
3242 1892 3559 1964 jungimur,

1905 1988 1958 2040 et
1987 1984 2054 2039 ab
2077 1999 2136 2039 eo
2154 1981 2401 2039 moribus
2420 1981 2832 2055 disjungimur?
2850 1978 3051 2051 (Gneo.
3071 1981 3172 2037 ubi
3188 1994 3376 2053 supra,
3400 1998 3457 2035 η.
3481 1980 3581 2050 9.)ί

1906 2072 2035 2145 Ipse
2066 2072 2223 2128 enim
2254 2067 2396 2127 dicit
2422 2086 2435 2125 :
2460 2069 2579 2126 Non
2607 2071 2786 2126 omnis
2814 2071 2915 2142 qui
2940 2069 3076 2125 dicit
3102 2068 3282 2125 mihi:
3310 2070 3583 2136 Domine,

1905 2161 2149 2218 Domine.
2181 2161 2413 2216 intrabit
2459 2160 2519 2214 in
2566 2173 2798 2230 regnum
2825 2158 3117 2235 caeterum;
3144 2158 3235 2214 sed
3283 2159 3381 2230 qui
3425 2157 3579 2227 facit.

1903 2251 2241 2307 voluntatem
2285 2248 2468 2304 Patris
2494 2249 2624 2317 mei,
2650 2247 2749 2321 qui
2789 2248 2854 2303 in
2883 2247 3032 2303 cretis
3059 2250 3157 2314 est,
3189 2246 3302 2318 ipse
3329 2244 3560 2301 intrabit

1905 2342 1969 2396 in
1995 2354 2227 2411 regnum
2267 2338 2523 2393 cistarum
2552 2335 2762 2406 (Matth.
2783 2353 2880 2404 vn,
2902 2334 3028 2408 2i);
3062 2352 3096 2391 a
3125 2351 3241 2391 non
3282 2335 3419 2408 jure
3449 2349 3558 2406 pa-

1904 2429 2090 2485 vendo
2122 2442 2215 2483 me
2245 2443 2486 2499 prorsus
2515 2429 2856 2482 extraneum
2887 2440 3060 2481 cerno
3089 2425 3136 2494 (l
3148 2424 3295 2496 572}.

1975 2519 2029 2573 6.
2054 2517 2188 2582 Quae
2219 2519 2308 2572 est
2337 2519 2532 2571 autem
2575 2512 2848 2571 voluntas
2875 2512 3085 2580 Patris,
3110 2513 3225 2569 nisi
3275 2512 3430 2584 quod
3459 2514 3560 2567 aut

1907 2604 2155 2674 Martha,
2170 2607 2273 2661 aut
2298 2603 2551 2660 faciebat
2571 2619 2736 2659 soror
2755 2598 2944 2675 ipsius
2975 2602 3196 2659 Maria?
3219 2600 3309 2657 Nil
3342 2601 3558 2673 quippe

1908 2694 2077 2752 nobis
2094 2693 2251 2750 aliud
2270 2691 2626 2765 praecipitur,
2642 2689 2756 2747 nisi
2773 2693 2840 2746 ut
2854 2693 2958 2746 aut
2976 2689 3382 2746 ministremus
3401 2686 3561 2745 Chri-

1906 2788 1996 2841 sto
2012 2783 2071 2839 in
2094 2780 2375 2838 membris
2393 2780 2602 2853 ipsius,
2619 2783 2720 2836 aut
2735 2778 3101 2835 assideamus
3113 2776 3341 2834 Christo
3357 2776 3418 2832 in
3430 2793 3565 2832 con-

1906 2862 2246 2945 temptanda
2272 2868 2571 2925 voluntate
2600 2869 2809 2941 ipsius.
2831 2867 2972 2924 Inde
3000 2865 3219 2938 aliquid
3243 2864 3293 2922 si
3315 2864 3562 2938 neglexi-

1907 2979 2062 3031 mus,
2081 2959 2470 3032 suspiremus,
2489 2955 2862 3031 plangamus,
2882 2959 3115 3029 pectora
3132 2958 3333 3010 nostra
3354 2955 3579 3010 tunda-'

1908 3066 2063 3117 mus,
2093 3046 2493 3122 paenitentiam
2536 3062 2804 3119 agamus,
2836 3044 3113 3117 frequens
3161 3042 3559 3098 ministerium

1907 3136 2139 3195 Domini
2171 3139 2272 3191 aut
2300 3138 2652 3207 repetamus,
2682 3137 2784 3188 aut
2810 3135 3082 3188 vacantes
3111 3128 3474 3186 orationibus
3501 3130 3577 3184 et

1909 3223 2216 3284 desideriis
2232 3222 2584 3291 coelestibus,
2600 3239 2635 3278 a
2652 3221 2902 3295 pedibus
2921 3217 3160 3292 benigni
3180 3218 3213 3274 J
3219 3233 3354 3274 esus
3376 3217 3563 3273 nulla-

144 3312 289 3371 latio
340 3310 590 3368 inveniri
639 3311 874 3384 valeret,
918 3296 1046 3386 quis
1092 3296 1467 3370 titubantem
1489 3314 1798 3371 formidine
1827 3296 1873 3366 α
1910 3320 2081 3374 tenus
2103 3311 2667 3378 divellamur,donec
2687 3309 2758 3366 ad
2782 3306 2926 3365 illud
2955 3324 3161 3376 unum,
3187 3306 3342 3379 quod
3365 3304 3558 3362 solum

146 3401 418 3476 quamvis
447 3399 664 3468 inutili,
696 3401 835 3474 quia
862 3401 1384 3472 inconvertibilem,
1415 3403 1678 3459 animum
1710 3419 1797 3460 re-

149 3493 389 3549 mveret.
411 3484 634 3564 Quippe
665 3507 798 3547 cum
829 3491 1225 3563 pervenissem
1251 3492 1321 3548 ad
1348 3491 1514 3549 illum
1545 3496 1798 3549 tremen-

148 3573 465 3639 dissimum
486 3578 700 3648 locum,
716 3580 815 3636 ubi
838 3580 1088 3636 habetur
1111 3580 1193 3637 ita
1211 3581 1572 3654 descriptum
1597 3581 1799 3655 (Cum.

149 3670 257 3727 lib.
292 3682 335 3726 II
366 3671 427 3726 in
454 3671 664 3740 Evang.
694 3668 856 3726 hom.
888 3670 977 3741 39,
1008 3687 1068 3725 n.
1101 3672 1157 3740 8)
1184 3689 1198 3728 :
1227 3694 1249 3725 ε
1282 3669 1445 3728 Unde
1478 3670 1804 3728 curandum

151 3758 325 3817 nobis
353 3762 463 3826 est,
477 3763 538 3815 et
563 3774 697 3815 cum
731 3748 965 3833 magnis
989 3759 1249 3832 quotidie
1279 3760 1514 3817 ﬂetibus
1544 3761 1805 3834 cogitan-
1853 3828 1857 3833 θ

156 3851 322 3917 dum,
339 3858 517 3921 quam
539 3863 795 3916 severus,
812 3864 989 3929 quam
1010 3848 1177 3913 liber,
1201 3865 1378 3922 quam
1400 3848 1680 3906 terribilis
1701 3867 1811 3907 sua

156 3939 216 3996 in
247 3937 421 3994 nobis
444 3946 629 4010 ‘opera
657 3937 958 4010 requirens
987 3938 1048 3993 in
1093 3938 1186 3994 die
1216 3939 1401 3995 nostri
1431 3939 1620 3996 exitus
1648 3940 1812 4012 prin-

159 4040 296 4100 ceps
316 4024 525 4082 mundi
553 4025 735 4097 hujus
764 4022 957 4083 veniet
973 4028 1151 4097 (Ioan.
1172 4044 1289 4098 xiv,
1311 4028 1423 4097 30),
1450 4028 1500 4085 si
1531 4028 1707 4085 etiam
1738 4030 1811 4084 ad

161 4116 479 4174 Dominum
510 4130 684 4172 carne
725 4115 1071 4172 morientem
1100 4116 1278 4185 venit,
1311 4120 1368 4173 et
1397 4117 1457 4172 in
1487 4116 1587 4174 illo
1635 4133 1812 4175 suum

162 4195 385 4278 aliquid
417 4194 707 4277 quaesivit,
739 4203 800 4259 in
834 4220 950 4277 quo
994 4204 1254 4261 invenire
1297 4205 1381 4260 nil
1425 4205 1631 4278 potuit.
1665 4206 1814 4272 Quid

1906 3408 1996 3475 est
2025 3402 2439 3468 necessarium,
2464 3398 2891 3473 perveniamus,
2910 3396 3020 3454 hoc
3040 3400 3130 3453 est
3150 3396 3443 3469 eumdem,
3458 3392 3559 3467 qui

1909 3493 2078 3550 nobis
2131 3490 2293 3547 solus
2339 3487 2575 3556 sufficit,
2621 3484 2954 3545 Dominum.
2990 3485 3143 3541 Dicis
3193 3488 3428 3541 econtra
3457 3482 3560 3556 (sic

1910 3578 2069 3640 enim
2100 3587 2189 3637 est
2217 3578 2578 3651 consuetudo
2603 3574 2895 3633 dicta......
2919 3574 3201 3647 humana)
3225 3589 3240 3629 :
3265 3572 3423 3629 Licet
3443 3588 3559 3627 non

1912 3676 2077 3729 tanta
2102 3670 2321 3743 quanta
2349 3668 2529 3724 debeo
2578 3665 2789 3722 iaciam
2831 3664 3007 3735 bona,
3044 3663 3194 3720 facio
3248 3661 3482 3734 aliqua;
3510 3662 3569 3716 et

1913 3760 2165 3834 perfecte
2189 3757 2249 3812 in
2276 3756 2462 3813 Deum
2490 3753 2754 3822 credens,
2777 3770 2947 3829 spem
2975 3770 3102 3826 quis
3128 3751 3414 3809 Dominus
3444 3748 3571 3806 suis

1918 3848 2190 3906 fidelibus
2220 3844 2492 3919 praecepit
2522 3844 2832 3917 speranda.
2865 3842 2912 3900 Ο
2941 3840 3169 3897 utinam
3205 3840 3327 3897 haec
3357 3840 3472 3896 duo
3503 3839 3572 3893 fi-

1919 3936 2114 3993 dercm
2144 3951 2223 4003 re,
2248 3932 2457 3989 fratres
2482 3934 2568 4004 [f.,
2592 3935 2667 3999 te,
2696 3931 2909 4002 frater],
2934 3927 3181 3985 habere!
3212 3929 3416 3984 Certus
3445 3941 3579 4001 pro-

1922 4026 2067 4082 feclo
2097 4023 2167 4079 de
2190 4026 2293 4078 tua
2312 4035 2502 4077 essem
2534 4019 2741 4084 salute,
2764 4016 3034 4073 videlicet
3061 4019 3126 4071 ut
3150 4015 3211 4070 in
3233 4016 3418 4070 Deum
3449 4028 3581 4085 pera

1922 4112 2069 4170 fecte
2125 4111 2410 4177 crederes,
2434 4114 2492 4164 et
2531 4106 2631 4162 illa
2672 4104 3104 4173 tantummodo,
3129 4114 3256 4175 quae
3304 4101 3580 4173 praecepit

1924 4198 2231 4275 speranda,
2260 4213 2548 4270 sperares.
2578 4195 2725 4250 Dicit
2770 4210 2903 4250 vero
2936 4191 3287 4248 Psalmista:
3319 4190 3488 4261 Spera
3517 4205 3577 4243 τη

161 4276 361 4368 itaque
400 4276 511 4350 nes
557 4291 759 4349 miseri
787 4276 1022 4361 dicturi,
1047 4293 1188 4365 quid
1237 4276 1683 4361 acturi—sumus,
1716 4294 1817 4366 qui
1925 4291 2152 4348 Domino
2183 4286 2353 4359 (Psal.
2377 4301 2566 4352 XXXVI,
2591 4283 2668 4355 3).
2693 4281 3053 4354 Respondes,
3077 4295 3266 4352 spero.
3292 4276 3580 4368 Fac_boni-

163 4364 477 4441 innumera
511 4380 668 4439 mala
697 4364 1146 4439 cummisimuis?
1176 4381 1323 4449 Quid
1367 4382 1683 4455 requirenti
1714 4364 1819 4438 ad-
1928 4383 2093 4436 tatem
2119 4375 2325 4449 (Ibid.),
2352 4374 2450 4430 sed
2479 4371 2622 4428 dicit
2649 4370 2767 4426 ille.
2796 4370 2858 4426 Si
2889 4386 3026 4441 ergo
3059 4383 3261 4441 speras
3292 4364 3581 4422 in‘Domi-

163 4471 439 4541 versario,
470 4474 529 4527 et
559 4470 748 4527 multa
793 4486 902 4526 sua
948 4470 1009 4526 in
1060 4470 1231 4527 nobis
1280 4469 1596 4527 invenienti
1645 4486 1822 4543 opera
1928 4483 2025 4536 no,
2050 4480 2300 4538 suggero
2326 4481 2338 4519 :
2360 4464 2467 4518 Fac
2506 4461 2819 4526 bonitatem,
2844 4463 2900 4514 et
2930 4474 3045 4513 non
3078 4455 3328 4511 inaniter
3355 4466 3578 4526 speras,

166 4562 451 4626 dicemus,
467 4559 582 4615 nisi
601 4552 791 4616 solum
811 4559 966 4631 quod
989 4558 1158 4615 nobis
1175 4561 1265 4615 est
1285 4563 1506 4615 certum
1529 4558 1820 4632 refugium
1928 4554 2223 4630 promitto.
2257 4553 2503 4641 Dicente
2540 4549 2696 4641 enim
2733 4547 2947 4603 Jacobo
2982 4544 3170 4641 :fQuid
3194 4543 3581 4641 prqdesgfra—

176 4655 236 4708 et
262 4648 459 4707 solida
481 4657 647 4736 Spes,
670 4646 810 4720 quia
840 4664 1023 4703 unum
1048 4664 1182 4704 cum
1215 4646 1314 4703 illo
1344 4648 1478 4703 facti
1511 4660 1741 4717 sumus,
1763 4648 1824 4704 in
1854 4666 1907 4736 Β
1935 4654 2062 4713 tres,
2084 4646 2133 4700 .ςὶ
2161 4643 2323 4736 ﬁdem
2343 4642 2465 4736 quis
2486 4639 2887 4736 habeat-opera
2909 4633 3159 4736 uerenini
3189 4633 3583 4736 habeat?‘h:un~

170 4754 287 4814 quo
307 4730 769 4811 princepshujus
785 4736 1249 4793 mundietsuum
1268 4736 1489 4809 aliquid
1503 4736 1825 4809 requisivit,
1854 4722 1900 4736 ”
1937 4736 2067 4809 quid
2092 4733 2289 4806 poterit
2320 4731 2436 4786 sola
2472 4729 2603 4801 ﬁdes
2641 4728 2856 4783 salvere
2893 4728 3052 4782 eum?
3079 4724 3301 4814 (lauru,
3324 4722 3441 4794 44.)
3462 4722 3591 4814 Una

169 4809 233 4888 ἐι
253 4809 781 4884 ἱΒῆθῖιὶιαθίωὶηἱηιθ
808 4825 1037 4898 potuit?
1059 4825 1340 4898 quoniam
1367 4825 1527 4883 solus
1558 4830 1647 4882 est
1674 4827 1826 4882 inter
1933 4824 2059 4882 sola
2089 4821 2276 4879 audiri
2309 4820 2389 4875 ita
2418 4820 2609 4891 potest
2657 4814 2964 4872 sententia.
2999 4814 3057 4871 Si
3100 4813 3352 4889 perfecte
3401 4809 3588 4867 credis

173 4921 438 4976 mortuus
478 4914 635 4972 liber
661 4914 830 4988 (Psat.
858 4931 1100 4983 Lxxxvu,
1120 4916 1198 4984 5).
1226 4916 1296 4971 Et
1343 4931 1378 4971 a
1419 4915 1639 4988 peccati
1673 4916 1820 4972 641
1936 4915 1996 4970 in
2026 4913 2231 4976 Deum,
2253 4912 2309 4965 et
2340 4907 2499 4964 aliud
2523 4923 2637 4962 non
2661 4920 3078 4978 speras,quam
3101 4902 3255 4976 quod
3276 4900 3445 4956 illete
3464 4915 3595 4969 spe-

170 5008 307 5080 jam
328 5003 569 5063 servitio
595 5004 787 5060 veraci
828 5003 1097 5060 libertate
1126 5002 1429 5071 solvimur,
1455 5003 1596 5076 quia
1621 5004 1694 5075 ei,
1728 5004 1830 5076 qui
1941 5019 2067 5060 rare
2098 4998 2388 5074 praecepit,
2410 4995 2678 5053 videlicet
2697 4994 2746 5052 si
2768 5011 2943 5068 opera
2970 4992 3151 5050 habes
3171 4991 3354 5056 bona;
3388 5001 3592 5042 conse-

172 5110 307 5155 uno
352 5097 443 5152 est
492 5090 661 5160 liber,
701 5092 962 5150 unimur.
987 5096 1225 5151 Constat
1270 5091 1447 5161 enim,
1472 5108 1577 5149 nec
1622 5109 1834 5167 negare
1941 5094 2187 5167 quenter
2210 5089 2281 5144 de
2325 5085 2818 5155 remuneratione,
2842 5085 2893 5141 si
2923 5083 3007 5140 ita
3035 5086 3232 5139 tamen
3263 5090 3594 5167 persevera-

178 5183 629 5262 possumus,sed
648 5180 931 5240 veraciter
958 5182 1259 5240 fatendum
1281 5180 1420 5256 quia
1441 5166 1839 5255 princepshu-
1940 5166 2114 5248 veris,
2144 5194 2262 5235 non
2294 5175 2447 5234 042
2477 5179 2566 5233 est
2614 5173 2723 5230 tibi
2776 5189 2924 5246 opus
2974 5169 3243 5227 dubitare
3294 5166 3594 5239 perpetua.

1945 5290 2173 5433 deici?"h
2214 5354 2526 5433 Sequfnii“:
2556 5352 2615 5433 ίίέ
2640 5354 2730 5407 θεῖ
2757 5348 2877 5418 illa,
2902 5346 3119 5433 (ίιὲφβο
3144 5340 3603 5433 (ἶφεοτῗῗῖθίίέζ

1947 5416 2059 5488 tim
2086 5434 2218 5504 post
2246 5416 2575 5504 recitatum
2599 5422 2793 5504 locum
2825 5416 3104 5504 'subjicit,
3131 5420 3189 5504 et
3230 5416 3315 5504 ab
3332 5490 3341 5504 ‘
3364 5416 3603 5504 auctore

253 5290 444 5367 (i569)
463 5292 576 5367 Eos
606 5289 971 5367 cavillatores
999 5289 1262 5367 respicit,
1280 5304 1531 5367 quorum
1561 5289 1842 5367 moresip-

183 5359 280 5443 res
308 5367 381 5443 et
396 5359 794 5443 c'alumniosas
823 5363 885 5418 in
915 5377 978 5443 se
1008 5359 1410 5443 accusationes
1440 5359 1750 5443 descripsit
1780 5361 1837 5416 in

178 5437 481 5507 omittatis
508 5436 823 5508 conjectura
845 5434 1018 5508 paulo
1039 5438 1176 5491 ante
1204 5433 1529 5501 luoubrata,
1556 5433 1837 5489 nimirum

845 5489 871 5508 ι
964 5489 975 5491 ⁷
996 5489 1007 5491 ⁷
1242 5489 1246 5490 7
1516 5489 1528 5501 ’
1947 5489 2292 5629 Ροειᾶωιθθ,
2322 5496 2658 5554 subdantur
2689 5510 2702 5550 :
2735 5492 2840 5550 Sed
2869 5489 3007 5566 quid
3026 5489 3264 5563 prodest,
3295 5490 3403 5544 ete.

248 5579 436 5629 (1570)
467 5578 613 5629 Istud
640 5578 827 5629 Pauli-
862 5577 1088 5629 scilicet
1135 5576 1360 5629 dictum
1405 5593 1439 5629 a
1478 5575 1658 5629 Paulo
1697 5591 1839 5629 ano-
2020 5574 2067 5629 (l
2150 5573 2207 5629 2)
2238 5573 2518 5627 Construe
2552 5586 2565 5624 :
2595 5567 2765 5624 Cerno
2811 5580 2898 5620 me
2949 5577 3172 5629 prorsus
3219 5567 3403 5616 extrui

248 5579 436 5653 (1570)
463 5578 613 5635 Istud
639 5566 827 5653 Pauli,
862 5577 1088 5653 scilicet
1135 5576 1360 5653 dictum
1405 5593 1439 5632 a
1470 5575 1658 5653 Paulo
1697 5591 1839 5648 apo-
1948 5566 1969 5577 ’
2020 5566 2207 5648 (15⁷72)
2238 5573 2518 5653 construe
2552 5586 2573 5649 τ’
2595 5567 2765 5653 gerito
2786 5580 2898 5650 .me
2945 5567 3608 5653 prqqsufmemtraneu‘mf

175 5632 330 5719 θεὸῙὸ
352 5632 662 5719 natiiis,
692 5632 838 5718 δέ
871 5632 1265 5715 etii—Corﬁni,
1299 5649 1395 5717 13;
1427 5652 1487 5705 et
1516 5632 1839 5720 Ephesﬂv,
1948 5632 2059 5703 non
2086 5632 2330 5720 pavendo
2348 5643 2481 5715 jure
2509 5658 2527 5693 :
2561 5639 2617 5695 id
2649 5642 2739 5695 est
2774 5637 2909 5709 jure
2939 5632 3083 5691 inihi
3114 5632 3445 5691 timendum
3477 5644 3606 5686 esse

174 5716 267 5810 46,
300 5723 403 5782 ubi
454 5738 563 5781 nos
615 5716 818 5781 omnes
846 5722 1061 5780 Christi
1117 5720 1323 5794 capitis
1382 5716 1647 5776 membra
1704 5716 1836 5777 esse
1949 5716 2261 5792 perspicio.
