4052 6386
460 374 587 447 ἽῈὸ

1066 372 1442 441 ΒΑΤΗΕΡιῙῙ
1484 369 1724 438 EPISC.
1770 368 2066 437 VERON.
2110 365 2141 432 ε

2254 367 2290 429 ⁵.
2334 365 2541 431 PARS
2582 362 2690 429 III.
2723 398 2801 411 —
2831 358 3272 428 SERMONES.

3758 356 3899 422 756
3918 380 3927 384 ‘

469 517 605 584 Quae
623 514 759 571 sunt
775 514 971 570 autem
985 512 1142 569 bona
1157 509 1474 584 opera,nisi
1496 508 1594 563 illa
1612 524 1736 579 qua:
1755 523 1823 562 ex
1838 503 2117 560 charitate
2150 501 2206 568 Α
2231 500 2525 557 voluntate
2556 500 2818 566 aberant,
2850 498 2982 555 odio
3008 494 3450 563 surdescebant,
3477 494 3620 552 dum
3650 492 3726 551 iis
3757 510 3902 567 quae

468 603 829 679 procedunt:
855 619 1036 674 quam
1082 600 1268 657 solam
1300 599 1347 654 si
1381 615 1495 652 non
1524 597 1725 662 habes,
1758 611 1864 649 nec
1897 592 1954 646 in
1986 592 2121 662 ﬁde,

468 692 600 751 dico
620 691 753 763 tibi,
775 691 1063 757 conﬁdas;
1088 705 1194 745 nec
1214 688 1367 761 quod
1394 685 1518 741 suis
1552 684 1821 757 promisit
1843 681 2123 737 Dominus

468 780 765 848 fidelibus,
789 795 1009 852 speres.
1049 778 1203 833 Fides
1232 776 1389 832 enim
1438 777 1488 830 si
1538 791 1647 829 non
1697 773 1891 827 habeat
1939 785 2122 841 Opera,

470 878 693 928 mortua
714 876 793 924 est
814 870 876 923 in
894 869 1175 938 semetipsa
1196 866 1337 939 (Jac.
1362 881 1423 931 ιι,
1449 865 1565 932 17);
1591 866 1647 917 et
1671 879 1683 917 :
1710 861 1833 932 Spes
1861 875 1968 915 non
2000 874 2125 913 con-

472 958 681 1033 fundit,
714 957 845 1029 quia
873 955 1114 1011 charitas
1158 956 1268 1009 Dei
1295 953 1497 1024 diffusa
1524 955 1599 1005 est
1646 952 1705 1004 in
1750 947 2001 1004 cordibus
2029 961 2127 1001 no—

472 1050 606 1106 stris
630 1063 731 1118 per
757 1045 1027 1117 Spiritum
1053 1047 1321 1108 sanctum,
1344 1042 1439 1113 qui
1467 1040 1624 1095 datus
1662 1046 1737 1093 est
1766 1037 1921 1093 nobis
1952 1036 2126 1107 (Rom.

473 1154 533 1205 ν,
554 1136 632 1204 5).
657 1135 718 1190 Si
750 1150 885 1206 ergo
915 1131 1262 1188 charitatem
1296 1130 1354 1184 in
1391 1129 1562 1185 corde
1595 1144 1709 1182 non
1739 1127 1940 1193 habes,
1966 1139 2130 1196 spem

476 1223 764 1282 inutiliter
793 1222 997 1277 habes.
1030 1221 1091 1276 Si
1137 1219 1419 1291 Spiritum
1460 1220 1730 1273 sanctum
1780 1231 1896 1269 non
1927 1212 2128 1278 habes,

479 1311 693 1370 Christi
715 1327 832 1367 non
854 1327 943 1376 es;
968 1309 1182 1377 dicitur
1199 1306 1356 1363 enim
1381 1322 1393 1361 :
1418 1307 1480 1361 Si
1500 1306 1622 1377 quis
1641 1304 1909 1376 Spiritum
1930 1300 2136 1357 Christi

479 1418 594 1458 non
624 1400 803 1466 habet,
837 1397 927 1454 hic
954 1413 1065 1453 non
1094 1400 1172 1452 est
1200 1398 1313 1468 ejus
1342 1397 1514 1464 (Rom.
1537 1409 1659 1460 vm,
1691 1392 1765 1464 9).
1791 1393 1975 1456 Quam
1999 1404 2134 1444 vero
2182 1450 2191 1465 1

481 1488 660 1546 habet
687 1503 825 1561 erga
863 1485 1180 1541 Dominum
1212 1482 1421 1539 saltem
1461 1497 1617 1536 nunc
1658 1478 1937 1551 temporis
1964 1475 2136 1548 quili-

481 1576 584 1634 bet
613 1576 978 1641 charitatem,
1005 1589 1139 1628 cum
1184 1587 1257 1626 ne
1307 1570 1499 1625 dicam
1530 1568 1791 1641 diligere,
1824 1565 2031 1623 saltem
2062 1564 2136 1620 ti-

486 1681 645 1722 mere
694 1679 830 1718 eum
879 1660 1217 1715 nullatenus
1266 1659 1563 1731 probetur,
1589 1658 1729 1712 dum
1759 1672 1825 1712 eo
1855 1657 2139 1727 praesente

489 1770 610 1813 non
638 1752 808 1807 timet
838 1748 1192 1805 adulterium
1225 1751 1313 1815 (ut
1341 1747 1450 1802 hoc
1495 1746 1685 1802 solum
1718 1762 1786 1801 ex
1813 1743 2140 1799 innumeris

2231 588 2578 645 dicebantur
2620 588 2946 645 consentire
2997 585 3292 642 nolebant.
3326 585 3489 651 Quod
3533 584 3643 641 etsi
3693 583 3910 640 admi-

2234 678 2439 745 randa,
2464 678 2618 733 648
2645 675 3070 749 amplectenda,
3085 679 3143 731 et
3163 674 3546 748 glorificantia
3563 678 3655 730 est
3674 672 3916 747 patien-

2232 767 2326 821 tiae
2382 765 2798 838 longanimitas
2859 765 2989 834 Dei,
3039 763 3346 820 tremenda
3400 766 3598 818 tamen
3658 768 3915 835 propter

2237 854 2405 922 illud,
2424 855 2577 926 quod
2604 855 2675 909 de
2700 870 2769 909 ea
2791 853 2933 908 dicit
2955 851 3292 925 Apostolus,
3316 867 3422 907 nec
3452 851 3768 917 irritanda,
3791 867 3911 907 nec

2238 944 2309 999 ad
2341 943 2705 998 iracundiam
2734 942 3118 1015 provocanda,
3142 941 3405 1014 roganda
3422 957 3554 996 vero
3585 944 3644 996 et
3671 939 3907 1012 impor-

2239 1032 2549 1088 tunissime
2580 1031 3003 1105 supplicanda:
3032 1047 3102 1087 ex
3131 1046 3194 1085 se
3223 1045 3478 1101 namque
3506 1029 3754 1084 metitur
3784 1033 3911 1084 Uo-

2240 1121 2385 1177 mini
2417 1122 2587 1187 iram,
2615 1120 2716 1193 qui
2747 1124 3057 1193 postquam
3090 1135 3226 1175 eum
3256 1118 3601 1192 gravissime
3631 1117 3909 1185 oﬂ'endit,

2241 1214 2307 1265 ut
2336 1227 2441 1265 nos
2473 1209 2672 1264 miseri
2700 1226 2871 1282 saepe,
2896 1209 3066 1264 timet
3096 1209 3168 1263 ad
3198 1207 3369 1263 illum
3400 1206 3771 1263 laudandum
3803 1223 3910 1262 ac-

2242 1299 2481 1353 cedere:
2507 1297 2707 1370 procul
2741 1297 2919 1353 dubio
2947 1296 3102 1352 enim
3134 1296 3215 1352 ita
3245 1300 3301 1352 et
3328 1296 3453 1369 ipse
3483 1296 3918 1369 dedignaretur

2244 1387 2315 1443 ab
2345 1404 2431 1454 eo,
2457 1387 2556 1459 qui
2587 1402 2721 1443 eum
2748 1385 3212 1453 dehonestasset,
3237 1386 3440 1441 eadem
3470 1385 3616 1441 hora
3644 1385 3915 1441 laudari.

2243 1476 2351 1531 Sed
2388 1492 2505 1531 non
2537 1474 2869 1531 faciendum
2919 1475 3128 1531 suadet
3158 1473 3257 1546 qui
3306 1474 3483 1530 dicit:
3508 1474 3569 1530 Si
3595 1474 3920 1531 ascenderit

2243 1581 2407 1637 super
2436 1573 2486 1620 te
2513 1566 2740 1635 spiritus
2775 1571 3093 1635 potestatem
3135 1563 3383 1618 habentis
3413 1563 3604 1634 (Eccle.
3645 1580 3701 1631 x,
3732 1563 3815 1634 4),
3852 1563 3916 1619 id

2247 1658 2336 1709 est
2356 1653 2453 1709 ille
2475 1654 2574 1709 Dei
2599 1654 2811 1725 [supple
2834 1652 3078 1725 spiritus
3100 1652 3335 1719 malus],
3355 1652 3454 1724 qui
3478 1651 3715 1709 Saulem
3739 1669 3919 1715 vexa-

2246 1743 2348 1798 bat
2387 1743 2434 1815 (I
2466 1744 2595 1812 Reg.
2628 1759 2790 1809 xvm,
2827 1743 2938 1812 10),
2988 1740 3434 1814 ρῐιωνειθεοθηιθ
3479 1740 3752 1798 videlicet
3801 1743 3917 1797 tibi

491 1838 809 1916 proferam)
829 1838 1199 1911 perpetrare?
1226 1836 1285 1893 Si
1316 1835 1471 1891 enim
1496 1838 1841 1907 praesentem
1863 1849 1998 1888 eum
2022 1849 2138 1887 non
2168 1866 2219 1932 B
2248 1830 2435 1904 ipsius
2461 1847 2648 1903 usque
2674 1831 2746 1886 ad
2777 1829 3144 1886 mortiferum
3168 1846 3519 1886 consensum
3541 1829 3921 1886 calidissima

493 1929 700 1997 credit,
725 1927 1015 2001 quomodo
1067 1926 1127 1981 in
1171 1941 1303 1982 eum
1360 1925 1578 1979 nedum
1627 1922 1818 1978 dicam
1868 1921 2140 1993 perfecte,

493 2018 704 2077 saltem
734 2014 1164 2089 aliquantulum
1201 2013 1424 2069 credit?
1446 2013 1506 2070 Si
1536 2016 1731 2068 autem
1779 2011 1890 2068 hoc
1937 2008 2141 2076 credit,

390 2147 414 2163 ς
493 2122 687 2165 nonne
722 2104 967 2162 Domino
995 2101 1301 2176 perspicue
1345 2100 1578 2159 rebellis
1624 2098 1840 2168 existit,
1863 2098 1923 2153 in
1974 2099 2145 2169 cujus

494 2198 812 2268 conspectu
854 2195 1185 2265 perpetrare
1236 2194 1359 2247 tam
1389 2190 1544 2246 foeda
1589 2188 1768 2244 miser
1795 2191 1854 2243 et
1882 2186 1974 2243 sui
1998 2186 2146 2242 inte-

498 2287 757 2356 remptor
798 2281 985 2356 ipsius
1015 2279 1356 2353 praesumit?
1393 2278 1541 2346 Quid
1595 2277 1666 2333 ad
1716 2277 1827 2332 hoc
1877 2280 2147 2331 nostrum

503 2373 722 2444 aliquis
753 2371 929 2428 dicit?
950 2370 1123 2437 Perit,
1150 2370 1297 2437 dico,
1323 2367 1500 2440 perit;
1536 2367 1606 2423 ad
1632 2366 1761 2437 ejus
1792 2364 1946 2421 illico
1973 2364 2147 2420 mise-

502 2461 818 2518 ricordiam
844 2474 977 2515 vere
1014 2456 1345 2530 pmnitendo
1379 2454 1492 2510 nisi
1536 2454 1683 2510 forte
1726 2453 2006 2525 confugit.
2041 2452 2150 2508 Re-

503 2550 762 2608 centiora
790 2547 947 2605 enim
978 2546 1153 2602 citius
1184 2560 1361 2617 quam
1392 2543 1709 2599 vetustiora
1735 2541 1978 2597 vulnera
2009 2558 2152 2596 usus

504 2639 673 2695 docet
702 2635 913 2704 curari,
932 2635 1088 2707 quod
1115 2634 1358 2689 innuere
1380 2631 1603 2688 scilicet
1622 2632 1829 2704 probat
1849 2631 1948 2704 qui
1973 2630 2147 2686 dicit:

504 2726 597 2787 Sol
626 2742 737 2783 non
764 2724 973 2782 occidat
999 2739 1163 2795 super
1200 2721 1550 2778 iracundiam
1580 2727 1816 2777 vestram
1839 2720 2049 2792 (Ephes.
2074 2737 2148 2788 ιν,

502 2815 616 2888 26).
642 2815 769 2870 Mea
798 2812 944 2868 forte
981 2811 1101 2866 haec
1129 2827 1257 2883 qua:
1302 2809 1457 2865 dicat
1495 2808 1782 2865 existere?
1813 2808 1946 2873 Quae
1975 2808 2151 2865 Jacob

504 2903 647 2962 dicit
675 2906 731 2959 et
760 2899 998 2968 Paulus,
1034 2903 1192 2967 sunt,
1226 2897 1577 2966 charissimi,
1612 2898 1778 2955 mea?

572 2994 627 3048 7.
661 2991 772 3047 Sed
804 3007 876 3046 ne
903 2989 1051 3045 forte
1080 2989 1151 3043 ad
1200 2987 1664 3060 desperationem
1696 3004 1788 3043 me
1813 3004 1915 3044 vos
1946 2986 2153 3042 dicatis

502 3080 650 3139 velle
678 3077 1042 3152 compellere,
1067 3078 1251 3133 fateor
1279 3077 1435 3149 quod
1468 3093 1582 3132 non
1615 3075 1804 3133 solum
1838 3072 2149 3143 Martham,

2200 1919 2218 2000 ξ
2252 1921 2655 1993 suggestione;
2698 1920 2875 1976 locum
2920 1927 3073 1975 tuum
3103 1935 3175 1974 ne
3200 1919 3476 1975 dimiseris
3521 1920 3715 1991 (Ecclc.
3740 1936 3800 1988 χ,
3825 1919 3919 1990 4);

2252 2009 2311 2064 id
2338 2013 2429 2065 est
2472 2007 2643 2064 illum
2695 2012 2914 2064 statum
2960 2007 3263 2075 bonitatis,
3292 2008 3354 2063 in
3384 2024 3499 2081 quo
3551 2011 3694 2064 tunc
3754 2023 3918 2077 eras,

2256 2097 2490 2169 quando
2522 2098 2581 2153 in
2634 2097 2861 2154 facinus
2912 2096 3078 2167 illud,
3102 2096 3256 2169 quod
3288 2095 3384 2151 ille
3433 2095 3538 2152 tibi
3585 2098 3918 2171 suggessit,

2256 2186 2588 2257 decideras;
2620 2203 2692 2242 ne
2722 2185 3040 2259 relinquas,
3074 2185 3440 2258 subjungens
3475 2202 3741 2257 causam,
3774 2186 3924 2259 quia

2256 2277 2489 2345 curatio,
2521 2275 2734 2348 inquit,
2758 2276 2817 2331 id
2851 2279 2941 2331 est
2964 2274 3307 2347 poenitentia
3324 2273 3414 2330 vel
3443 2275 3545 2331 Dei
3575 2274 3920 2341 clementia,

2257 2380 2464 2421 cessare
2492 2366 2658 2437 faciet
2684 2365 2881 2421 delicta
2919 2363 3125 2437 (Ibid).
3159 2362 3322 2419 Unde
3351 2367 3408 2420 et
3449 2364 3680 2438 egregie
3708 2366 3922 2438 Augu-

2260 2452 2473 2521 stinus,
2492 2457 2557 2508 ut
2583 2452 2966 2526 Augustinus,
2985 2452 3202 2519 omnia,
3231 2452 3332 2520 ait,
3358 2469 3485 2525 quas
3514 2453 3802 2509 timentur
3822 2471 3923 2510 ra-

2260 2540 2618 2598 tionabiliter
2637 2542 3024 2598 declinantur.
3042 2546 3194 2598 Deus
3215 2545 3411 2597 autem
3431 2541 3589 2598 solus
3606 2542 3691 2598 ita
3706 2542 3924 2600 timene

2260 2631 2373 2687 dus
2394 2635 2501 2699 est,
2526 2635 2592 2686 ut
2623 2631 2695 2686 ab
2726 2631 2853 2703 ipso
2876 2630 2949 2686 ad
2981 2630 3177 2702 ipsum
3199 2630 3588 2703 confugiatur.
3613 2632 3696 2686 Ex
3726 2632 3928 2687 infan-

2259 2718 2490 2775 tissimo
2511 2736 2643 2776 vero
2665 2718 2979 2775 Dominum
3007 2718 3264 2787 metitur,
3279 2718 3381 2791 qui
3404 2721 3572 2791 putat
3600 2736 3732 2776 eum
3770 2720 3922 2776 adeo

2261 2809 2447 2881 pium,
2471 2812 2537 2863 ut
2565 2826 2681 2864 non
2712 2812 2877 2865 curet
2901 2810 3192 2879 quantum
3219 2825 3254 2863 a
3283 2807 3487 2879 quovis
3517 2806 3786 2876 laedatur,
3812 2808 3920 2865 sed

2263 2897 2484 2971 absque
2514 2898 2912 2953 satisfactione
2940 2896 3137 2952 debita
3166 2912 3281 2951 non
3311 2894 3505 2952 solum
3533 2896 3788 2964 veniam,
3814 2897 3923 2953 sed

2263 2986 2438 3047 etiam
2469 2986 2709 3060 praemia
2745 2984 3057 3041 immeritis
3094 2984 3396 3057 largiatur.
3429 2984 3486 3039 Si
3519 2985 3792 3050 enimita
3821 3003 3926 3041 es-

2264 3080 2369 3141 set,
2394 3079 2715 3132 amatorem
2743 3073 2883 3130 mali
2921 3074 3238 3129 Dominum
3281 3073 3527 3129 existere
3551 3074 3782 3147 opinari
3814 3074 3926 3131 ho-

505 3172 609 3229 sed
641 3168 814 3227 etiam
847 3184 974 3241 qua
1001 3167 1283 3240 optimam
1316 3165 1493 3239 elegit
1522 3169 1770 3238 partem,
1793 3165 1843 3221 si
1867 3165 2065 3235 vultis,
2100 3168 2157 3221 et
2195 3234 2227 3241 _
2266 3181 2382 3234 mo,
2417 3164 2562 3221 falso
2594 3164 2749 3231 licet,
2780 3163 3013 3220 valeret.
3047 3164 3120 3218 At
3141 3163 3375 3233 justum
3405 3162 3757 3235 injustitiam
3787 3163 3930 3221 dili-

504 3260 974 3335 quandocunque
997 3254 1194 3322 vultis,
1215 3254 1434 3311 imitari
1463 3254 1668 3311 valetis
1698 3271 1834 3311 cum
1865 3255 2154 3326 adjutorio
2185 3234 2229 3301 (ἶ
2266 3270 2402 3325 gere
2431 3270 2546 3310 non
2580 3252 2849 3325 sequitur
2877 3267 3068 3324 posse.

503 3348 608 3407 Dei
629 3347 894 3404 Mariam.
914 3344 1021 3400 Illa
1044 3343 1201 3399 enim
1232 3342 1423 3416 qualis
1447 3342 1620 3398 fuerit
1640 3347 1828 3412 antea,
1853 3343 2080 3416 sapitis,
2104 3343 2155 3399 si

503 3440 707 3493 tamen
749 3433 1033 3506 sapienda
1062 3431 1413 3504 cognoscitis
1447 3447 1461 3488 :
1498 3431 1688 3503 qualis
1730 3448 1862 3488 vero
1894 3436 2026 3505 post
2053 3430 2154 3487 Dei

505 3520 971 3579 misericordiam
1004 3520 1157 3575 facta
1185 3519 1280 3588 sit,
1306 3535 1640 3591 agnoscere,
1658 3520 1707 3576 si
1738 3520 1899 3588 libet,
1920 3520 2152 3591 valetis;

505 3625 698 3683 neque
718 3610 790 3666 de
808 3608 974 3664 vobis
998 3607 1055 3663 id
1082 3624 1314 3680 quoque
1334 3608 1460 3664 fieri
1487 3626 1655 3681 posse
1676 3610 1983 3683 desperare
2003 3626 2154 3682 quo-

506 3698 920 3770 modocunque
945 3695 1189 3753 debetis.
1219 3697 1331 3753 Fac
1361 3697 1576 3769 itaque,
1608 3698 1757 3767 dico,
1793 3699 1950 3771 quod
1994 3698 2152 3771 fecit,

505 3790 565 3846 et
584 3802 755 3860 spera
777 3786 933 3860 quod
956 3785 1187 3841 meruit.
1209 3784 1321 3841 Oh!
1349 3802 1525 3857 quam
1543 3803 1675 3841 vero
1696 3785 1924 3842 nullum
1946 3786 2151 3843 talium

502 3892 757 3950 usquam
799 3878 1068 3948 putarem
1100 3872 1304 3945 (1573),
1331 3874 1844 3946 desperatissimus
1887 3875 2151 3948 gentium

502 3981 599 4025 me
629 3965 825 4038 ipsum
855 3962 1255 4031 considerans,
1283 3979 1432 4029 esse,
1466 3961 1514 4018 si
1546 3980 1662 4019 non
1688 3964 2045 4035 promissum
2074 3968 2154 4021 te-

501 4071 703 4113 nerem
725 4070 737 4110 :
761 4056 895 4109 Ecce
923 4068 1019 4122 ego
1037 4052 1312 4108 vobiscum
1335 4068 1457 4107 sum
1488 4054 1738 4108 omnibus
1772 4053 1961 4110 diebus
1986 4071 2154 4125 usque

503 4144 576 4202 ad
620 4145 1143 4202 consummationem
1197 4143 1392 4198 saeculi
1429 4141 1634 4213 (Matth.
1676 4160 1872 4212 xxvm,
1923 4142 2045 4215 20)!
2088 4144 2151 4201 In

504 4233 720 4307 quibus
748 4232 906 4289 enim
937 4235 1026 4287 est
1051 4230 1377 4298 nobiscum,
1406 4230 1516 4284 nisi
1548 4232 1604 4285 in
1632 4231 1723 4300 iis,
1750 4248 1896 4304 quos
1927 4233 1996 4287 de
2027 4234 2151 4289 suis

502 4323 682 4379 habet
711 4319 1059 4378 nobiscum?
1085 4318 1142 4374 Si
1166 4336 1280 4375 non
1314 4324 1403 4375 est
1432 4320 1588 4374 enim
1621 4337 1850 4376 mecum
1887 4338 1990 4393 pro
2022 4339 2155 4379 mea

501 4410 889 4482 malignitate,
905 4413 995 4465 est
1014 4424 1245 4463 mecum
1268 4425 1370 4480 pro
1392 4408 1550 4464 illius
1573 4410 1671 4481 qui
1692 4426 1920 4466 mecum
1943 4416 2033 4467 est
2056 4413 2156 4469 bo-

502 4500 705 4557 nitate.
738 4498 833 4555 Sic
858 4498 1015 4553 enim
1042 4496 1313 4569 promisit
1341 4498 1586 4554 dicendo
1620 4516 1632 4553 :
1672 4499 1771 4556 Ubi
1797 4500 1903 4556 duo
1933 4502 2017 4557 vel
2046 4510 2153 4558 tres

2332 3342 2801 3399 8.Consiliarium
2824 3341 2926 3397 sed
2948 3341 3018 3396 ad
3051 3339 3160 3395 hoc
3180 3339 3467 3397 habemus
3496 3341 3806 3413 perutilem
3832 3342 3920 3400 ita

2263 3432 2553 3489 dicentem
2581 3448 2595 3488 z
2619 3433 2692 3487 De
2716 3431 3016 3504 propitiato
3041 3436 3257 3502 peccato
3283 3430 3402 3487 noli
3430 3445 3542 3487 esse
3568 3432 3689 3488 sine
3716 3436 3865 3489 metu
3898 3450 3914 3489 :

2261 3525 2314 3577 et
2340 3538 2408 3578 ne
2435 3521 2667 3593 adjicias
2689 3528 2971 3592 peccatum
2997 3536 3169 3591 supra
3195 3527 3475 3591 peccatum
3501 3520 3722 3579 dicens:
3752 3523 3916 3579 Mise-

2260 3610 2501 3667 ricordia
2528 3611 2628 3665 Dei
2654 3626 2855 3682 magna
2875 3613 2972 3677 est,
2994 3607 3369 3664 multitudinis
3391 3612 3737 3680 peccatorum
3766 3627 3915 3667 meo-

2260 3716 2385 3756 rum
2411 3699 2760 3755 miserebitur
2777 3715 2797 3754 :
2818 3697 3195 3754 misericordia
3218 3699 3363 3753 enim
3394 3701 3445 3754 et
3472 3700 3563 3754 ira
3590 3700 3660 3755 ab
3690 3699 3789 3757 illo
3807 3702 3916 3757 cito

2254 3790 2600 3861 proximant,
2632 3797 2685 3844 et
2714 3789 2774 3843 in
2799 3795 3099 3860 peccatores
3138 3789 3356 3859 respicit
3403 3788 3492 3843 ira
3536 3788 3692 3844 illius
3723 3789 3911 3861 (Eccli.

2259 3898 2313 3947 v,
2337 3880 2470 3951 5-7).
2497 3878 2797 3949 Itemque:
2828 3878 2910 3932 Da
2944 3876 3379 3933 misericordiam
3415 3879 3587 3950 justo,
3617 3886 3668 3934 et
3694 3894 3765 3933 ne
3791 3895 3913 3935 sus-

2259 3970 2431 4040 cipias
2449 3970 2817 4039 peccatorem;
2858 3968 3122 4038 quoniam
3150 3973 3203 4021 et
3228 3966 3537 4023 Altissimus
3584 3966 3705 4023 odio
3750 3966 3913 4024 habet

2254 4066 2575 4130 peccatores,
2607 4063 2658 4112 et
2699 4057 2949 4112 miserius
2978 4059 3055 4110 est
3078 4055 3489 4127 paenitentibus,
3521 4059 3575 4111 et
3610 4058 3907 4127 peccatori-

2264 4149 2358 4203 bus
2386 4146 2569 4203 rcddet
2605 4145 2919 4210 vindictam,
2953 4144 3257 4199 custodiens
3285 4160 3370 4200 eos
3412 4146 3473 4199 in
3517 4144 3605 4199 die
3649 4144 3909 4204 vindictae

2262 4237 2447 4309 (Eccli.
2470 4253 2567 4303 xu,
2591 4236 2645 4300 3,
2669 4234 3123 4304 4).Rursumque
3146 4251 3159 4289 :
3184 4235 3418 4303 Benefac
3462 4233 3683 4304 humili,
3715 4243 3766 4290 et
3796 4251 3907 4291 non

2260 4326 2470 4381 dederis
2500 4325 2701 4395 impio;
2726 4322 2954 4395 prohibe
2978 4339 3148 4395 panes
3180 4323 3268 4377 illi
3294 4322 3438 4390 dari,
3465 4340 3535 4379 ne
3567 4325 3626 4378 in
3654 4324 3786 4395 ipsis
3803 4341 3903 4395 po-

2261 4415 2463 4471 tentior
2492 4417 2545 4469 te
2572 4415 2681 4477 sit;
2707 4429 2841 4468 nam
2860 4411 3105 4484 duplicia
3124 4412 3277 4467 mala
3303 4412 3547 4469 invenies
3574 4412 3635 4467 in
3652 4415 3905 4469 omnibus

2263 4504 2438 4572 bonis,
2458 4503 2721 4575 quoniam
2750 4506 2800 4556 et
2828 4501 3138 4557 Altissimus
3166 4500 3287 4558 odio
3323 4501 3484 4557 habet
3507 4505 3830 4574 peccatores,
3854 4513 3908 4561 et

500 4588 813 4658 congregati
837 4587 1048 4658 fuerint
1084 4587 1144 4640 in
1190 4589 1411 4643 nomine
1440 4603 1577 4657 meo,
1610 4589 1689 4643 ibi
1733 4606 1855 4644 sum
1887 4591 1946 4645 in
1972 4591 2149 4649 medio
2178 4606 2226 4671 D
2254 4593 2440 4664 impiis
2459 4592 2644 4648 reddet
2663 4589 2963 4647 vindictam
2982 4590 3164 4660 (Ibid.,
3186 4590 3240 4659 6,
3259 4591 3333 4662 7).
3355 4590 3399 4647 Ο
3421 4606 3599 4663 quam
3620 4606 3756 4663 ergo
3776 4591 3904 4651 sine

501 4690 691 4731 eorum
735 4673 937 4744 (Matth.
969 4690 1128 4739 xvm,
1150 4675 1263 4746 20).
1287 4676 1449 4741 Quod
1497 4677 1722 4732 utinam
1771 4682 1829 4733 et
1874 4679 2142 4737 diabolus
2253 4686 2411 4738 metu
2434 4684 2699 4753 peccator
2721 4680 2892 4736 debet
2916 4679 3161 4735 existere
3182 4679 3388 4752 (1674),
3413 4678 3463 4737 si
3495 4680 3577 4736 ita
3604 4683 3718 4747 est,
3749 4682 3901 4740 044

502 4780 622 4821 non
651 4760 937 4833 potuisset
976 4761 1046 4817 de
1087 4762 1211 4818 suis
1254 4764 1562 4820 nobiscum
1592 4766 1962 4823 versantibus
1993 4768 2146 4825 dice-

499 4869 592 4921 re;
623 4849 880 4925 profecto
911 4849 1068 4906 enim
1099 4850 1245 4905 nulli
1280 4856 1546 4909 nostrum
1578 4856 1921 4926 probaretur
1950 4857 2146 4914 Domi-

497 4958 643 5001 num
675 4938 929 4996 dixisse:
958 4940 1247 5011 Propterea
1274 4957 1362 4996 vos
1391 4958 1498 4997 non
1529 4944 1752 5014 auditis,
1787 4948 1915 5017 quia
1943 4963 2012 5004 ex
2041 4949 2146 5005 Deo

497 5048 607 5091 non
637 5031 766 5089 estis
790 5028 974 5102 (Joan.
996 5045 1117 5098 vm,
1153 5029 1242 5100 47)
1268 5044 1279 5084 :
1308 5033 1364 5085 et
1393 5031 1594 5103 utique
1624 5032 1708 5088 illi
1742 5052 1929 5107 neque
1958 5037 2142 5107 surdi,

496 5138 687 5196 neque
736 5118 1008 5176 absentes
1054 5122 1242 5185 erant,
1276 5119 1491 5190 quibus
1522 5120 1629 5177 hoc
1661 5123 1993 5195 dicebatur;
2042 5127 2143 5183 sed

569 5226 752 5298 (1573)
780 5228 1060 5282 Construe
1093 5243 1106 5280 :
1145 5227 1340 5283 Verum
1384 5242 1477 5297 ego
1518 5229 1871 5284 stultissimus
1899 5234 2145 5298 gentium

495 5298 840 5353 considerans
867 5300 1156 5369 meipsum,
1189 5298 1257 5353 oh
1275 5302 1293 5351 ,ν
1332 5314 1497 5369 quam
1526 5304 1782 5369 putarem
1809 5302 2027 5356 nullum
2056 5312 2143 5359 ta-

498 5369 635 5441 lium
662 5384 773 5441 esse
791 5384 1050 5441 usquam,
1076 5371 1126 5425 si
1154 5384 1266 5424 non
1292 5372 1528 5425 tenerem
1554 5373 1905 5441 promissum,
1939 5380 2046 5428 etc.

568 5439 752 5509 (1574)
782 5437 1099 5513 Construe:
1135 5441 1194 5495 Si
1224 5442 1304 5494 ita
1329 5444 1428 5511 est,
1459 5442 1526 5496 oh
1545 5437 1567 5495 ,ἶ
1603 5459 1767 5513 quam
1796 5437 1922 5511 ergo
1955 5446 2141 5501 nullus

489 5513 755 5582 peccator,
778 5509 978 5564 nedum
1007 5512 1155 5566 ullus
1196 5513 1370 5565 nostri
1412 5509 1735 5582 consimilis,
1760 5509 1940 5569 velud
1965 5518 2139 5572 modi-

493 5579 798 5657 ῥίνη-ἀεὶ)θί
817 5582 1060 5657 existere
1086 5584 1204 5657 sine
1247 5589 1430 5657 metu!
1478 5584 1577 5639 Sed
1620 5579 2034 5657 particulariler
2060 5590 2139 5643 vi-

492 5651 728 5711 dendum
772 5651 844 5717 ei,
876 5653 925 5705 si
956 5653 1091 5708 libro
1140 5656 1457 5724 Sapientiae,
1490 5658 1585 5727 qui
1620 5651 1744 5729 'ipse
1790 5658 1888 5715 hoc
1932 5663 2135 5728 cantat,

2253 4770 2339 4826 vel
2372 4771 2441 4827 ad
2478 4769 2775 4825 modicum
2823 4767 3044 4839 nullus,
3077 4768 3296 4824 nedum
3345 4770 3530 4826 nostri
3577 4769 3899 4828 consimilis

2244 4858 2436 4916 .ullus!
2485 4858 2792 4931 Sapientiae
2842 4858 2942 4913 sed
2975 4857 3403 4930 particulariter
3447 4857 3620 4927 libro,
3646 4860 3745 4933 qui
3792 4860 3899 4919 hoc

2256 4952 2451 5005 cantat
2470 4948 2616 5021 ipse,
2632 4947 2952 5003 videndum
2972 4947 3046 5016 ei,
3065 4945 3114 5002 si
3139 4945 3324 5019 possit
3351 4946 3759 5022 aliquid,quod
3783 4966 3896 5006 non

2255 5038 2332 5094 sit
2361 5039 2738 5104 credendum,
2761 5037 2956 5093 inesse
2980 5053 2992 5091 :
3023 5036 3156 5108 Ipsa
3179 5052 3310 5092 vero
3332 5041 3422 5093 est
3442 5034 3895 5110 Sapientia,quaa

2253 5125 2313 5181 in
2344 5127 2650 5201 Evangelio
2701 5126 2842 5181 dicit
2875 5141 2887 5180 :
2930 5127 3037 5197 Ego
3073 5142 3197 5182 sum
3234 5127 3438 5183 veritas
3471 5128 3647 5197 (Joan.
3674 5144 3789 5198 xrv,
3809 5128 3891 5202 6);

2246 5236 2416 5305 possit
2442 5236 2613 5291 inesse
2663 5232 2901 5304 aliquid,
2935 5233 3457 5308 quod_credendum
3500 5250 3611 5291 non
3653 5236 3747 5291 sit.
3778 5238 3895 5308 Ipsa

2250 5304 2374 5361 vero
2431 5311 2507 5361 est
2541 5307 2863 5381 Sapientia,
2898 5320 3022 5374 qua:
3071 5304 3207 5360 dicit
3261 5308 3321 5361 in
3380 5308 3673 5381 Evangelia
3715 5324 3735 5363 .·
3782 5304 3893 5381 Ego

2251 5393 2384 5451 sum
2437 5378 2677 5451 veritas;
2728 5392 2957 5451 cumque
3003 5392 3313 5451 concessum
3357 5380 3528 5451 fuerit
3581 5394 3697 5434 non
3748 5378 3890 5451 posse

2249 5449 2422 5504 inesse
2446 5451 2498 5503 ei
2539 5450 2679 5503 libro
2726 5448 2957 5518 aliquid,
2991 5449 3131 5519 quod
3158 5448 3483 5505 credendum
3528 5466 3640 5506 non
3684 5448 3774 5515 sit,
3808 5454 3891 5507 in-

2246 5520 2408 5589 ferat,
2437 5520 2566 5590 quid
2594 5524 2765 5587 potest
2793 5521 3068 5575 contraire
3108 5522 3328 5576 ueritati
3370 5525 3556 5577 tantae.
3589 5523 3747 5577 Dicat
3774 5540 3891 5578 vero

2248 5592 2501 5716 (quilubet,
2556 5594 2742 5645 utrum
2790 5593 3020 5647 existere
3085 5596 3255 5663 possit
3303 5593 3519 5665 aliquid
3582 5595 3890 5650 mirabilius

2285 5679 2335 5716 τε
2362 5679 2416 5716 u.

2285 5670 2416 5718 ictu.
