4052 6444
129 425 236 483 777

1001 419 1320 484 NOTITIA
1364 419 1783 486 HISTORICA
1829 421 1928 483 ET
1970 422 2648 490 BIBLIOGRAPHICA.

3409 439 3528 500 7'18

126 527 366 642 storiam,
391 549 621 618 Ottonis
646 525 1015 612 intercidisse
1045 572 1224 627 supra
1247 557 1774 622 notavimus.Quod
1805 560 1858 622 Α
1892 557 2245 616 Muratorius
2276 560 2314 615 l.
2349 578 2396 616 c.
2431 562 2565 618 1081
2599 562 2784 633 affert,
2824 564 3039 624 desinit
3066 570 3192 642 cap.
3225 583 3312 641 III,
3344 548 3434 641 32,
3467 573 3528 631 i'n

125 635 394 705 ultimum
418 648 526 713 est,
547 643 757 716 reliqui
779 661 982 700 omnes
1003 645 1229 701 codices
1253 663 1287 700 a
1306 649 1506 702 nostro
1528 647 1766 701 descen-

107 736 281 804 dunt,
315 735 402 789 ita
432 737 498 794 ut
517 732 603 790 vel
629 736 830 805 aperta
859 738 916 789 et
958 732 1282 805 singularia
1312 751 1513 790 eorum
1545 734 1682 790 vitia
1711 738 1768 790 et

1882 664 2015 702 voce
2047 649 2323 721 suscipito.
3493 725 3496 732 ι

1949 737 1982 789 3
2014 738 2064 806 a)
2094 738 2372 808 Ejusdem
2406 739 2612 798 classis
2645 743 2824 799 fuisse
2868 745 3096 803 videtur
3125 751 3322 820 codex,
3358 753 3528 824 cujus

107 811 368 881 defectus
400 822 695 894 quomodo
736 821 890 877 male
931 821 1227 878 intellecto
1279 827 1479 910 nostro
1512 839 1612 878 ora
1651 823 1769 878 sint
1880 829 2146 896 excerpta
2175 825 2427 899 legimus
2454 830 2513 884 in
2544 830 2828 889 Chronico
2858 835 3115 892 Farfensi
3148 811 3530 911 apud'Muura-

113 912 493 985 intelligatur.
527 912 706 982 Cujus
736 911 820 966 rei
852 910 1110 983 plurima
1148 912 1414 984 exempla
1449 907 1506 967 in
1530 916 1769 968 annota-

113 1003 366 1059 tionibus
397 999 620 1059 criticis
651 999 887 1056 adduxi.

179 1090 376 1146 Talem
399 1089 661 1145 codicem
685 1091 910 1155 nactus,
929 1105 1061 1144 eum
1077 1089 1147 1144 ad
1172 1089 1423 1145 litteram
1442 1089 1765 1161 exprimen-

115 1182 246 1236 dum
271 1179 498 1247 censui,
524 1177 679 1249 quod
703 1195 938 1234 summa
960 1178 1266 1250 diligentia
1288 1179 1529 1244 factum,
1557 1183 1613 1234 et
1631 1196 1766 1249 pau-

115 1266 358 1326 cissimis
391 1271 626 1323 tantum
656 1267 715 1322 in
735 1265 898 1334 locis,
923 1267 1022 1322 ubi
1042 1272 1339 1323 auctorem
1362 1267 1532 1339 lapsu
1553 1266 1764 1323 calami

115 1358 252 1414 male
273 1357 584 1429 scripsisse
613 1355 722 1422 (48)
743 1356 1066 1425 constabat,
1086 1355 1286 1411 addita
1315 1361 1511 1412 tamen
1545 1355 1764 1411 codicis

115 1447 369 1512 lectione,
405 1447 476 1505 ab
511 1463 578 1502 ea
624 1461 922 1501 recessum
953 1446 1152 1500 est.Ad
1186 1446 1597 1502 Monaeensem
1632 1462 1761 1517 pro-

114 1538 254 1593 xime
285 1535 531 1594 accedit.

173 1629 222 1698 2)
250 1625 310 1683 C.
348 1622 548 1697 regius
599 1623 994 1680 Bruxellensis
1041 1623 1290 1679 membr.
1326 1624 1385 1679 in
1421 1625 1498 1678 4°.
1536 1639 1666 1678 saec.
1703 1641 1758 1678 x.

111 1718 347 1772 exeunte
367 1713 426 1769 in
455 1713 774 1773 Germania
796 1716 1087 1777 exaratus,
1127 1711 1227 1784 qui
1249 1711 1459 1767 saeculo
1490 1729 1562 1766 xv
1585 1711 1763 1766 Codex

109 1807 270 1864 sancti
321 1804 559 1864 martinz'
607 1804 665 1857 in
720 1801 1022 1873 spunheym
1072 1801 1394 1873 inscriptus
1440 1805 1549 1857 est.
1612 1801 1759 1855 Eum

112 1913 250 1950 anno
273 1894 414 1950 1826
443 1891 740 1963 integrum
771 1891 830 1946 in
856 1907 1000 1946 usus
1030 1894 1260 1946 nostros
1285 1889 1559 1956 converti,
1584 1893 1757 1960 atque

110 2002 135 2039 e
163 1981 494 2040 Monacensi
521 1979 894 2053 descriptum.
914 1980 973 2034 in
1003 1979 1334 2035 Annalibus
1367 1978 1583 2034 nostris
1615 1983 1755 2033 tom.

109 2057 220 2140 VII,
253 2089 312 2145 p.
344 2071 471 2135 396,
503 2068 762 2141 probavi.
801 2067 1114 2140 Scripturae
1148 2067 1464 2140 specimem
1497 2067 1677 2123 habes
1699 2067 1757 2122 in

113 2160 307 2222 tabula
340 2161 589 2232 adjecta.
614 2157 773 2214 Idem
805 2157 1007 2222 codex,
1044 2161 1331 2229 quantum
1365 2155 1586 2212 collatis
1616 2155 1758 2211 locis

107 2251 366 2322 judicare
418 2248 572 2318 licet,
608 2245 926 2303 Trithemio
959 2245 1404 2317 Spanheimensi
1448 2244 1519 2300 ad
1550 2260 1760 2300 manus

115 2343 264 2402 fusse
287 2338 540 2396 videtur.
565 2335 1051 2408 Excideruntjam
1071 2335 1467 2406 quatertiones
1493 2333 1538 2388 II
1560 2337 1617 2388 et
1633 2333 1757 2400 IIlI,

115 2448 238 2486 cum
269 2429 375 2484 lib.
426 2445 487 2494 Il,
540 2425 688 2491 1-13,
719 2429 775 2480 et
821 2441 882 2492 II,
915 2422 1051 2478 3-34
1099 2423 1216 2479 fere
1267 2423 1532 2494 integris,
1586 2425 1761 2493 atque

117 2518 324 2595 pagina
350 2533 467 2588 qua
495 2506 626 2571 ﬁnis
675 2511 715 2568 l.
759 2529 817 2579 v,
846 2503 901 2567 de.
931 2513 1021 2579 32,
1053 2516 1179 2566 tum
1211 2512 1301 2579 33,
1341 2515 1399 2566 et
1446 2526 1758 2583 argumen-

118 2616 236 2663 tum
268 2604 405 2664 libri
437 2621 513 2674 Iv,
557 2602 964 2659 continebatur
990 2620 1002 2670 ;
1045 2605 1105 2656 et
1134 2601 1274 2656 ordo
1308 2599 1758 2672 quaternionum

119 2693 574 2768 Frisingensium
608 2710 663 2748 νι
695 2693 750 2747 et
776 2707 900 2762 VIII,
933 2691 1230 2762 quondam
1253 2689 1525 2744 turbatus
1548 2687 1755 2756 effecit,

114 2792 175 2842 ut
203 2787 367 2842 locus
390 2783 615 2854 integer
642 2779 778 2835 inde
801 2780 872 2834 ab
901 2781 1244 2851 argumento
1269 2794 1395 2850 cap.
1427 2778 1490 2832 3t
1527 2775 1659 2830 libri
1680 2793 1754 2843 Iv,

113 2878 181 2931 De
216 2873 492 2931 Friderico
539 2886 723 2941 usque
766 2861 836 2924 ad
885 2868 1062 2924 verba
1109 2867 1318 2940 capitis
1369 2867 1442 2920 24
1491 2865 1756 2936 ejusdem

112 2965 236 3020 libri
269 2968 432 3020 Hanc
463 2963 634 3032 igitur
667 2959 1030 3023 Constantini,
1064 2956 1256 3012 medio
1289 2956 1348 3010 in
1382 2956 1568 3027 capite
1598 2953 1663 3010 V.
1698 2953 1754 3019 9,

112 3059 239 3110 ante
281 3054 432 3108 solus
488 3053 749 3121 impetum
799 3049 1095 3103 sustineret
1143 3044 1363 3101 inserta
1406 3044 1751 3099 habeantur.

115 3144 392 3199 Creterum
418 3139 654 3197 nonnisi
672 3139 729 3193 in
752 3126 845 3192 his
871 3136 1136 3192 douobus
1159 3134 1456 3190 codicibus
1479 3132 1753 3188 ultimum

113 3234 240 3288 libri
265 3249 320 3286 v1
355 3233 531 3303 caput
557 3228 850 3299 integrum
884 3228 1092 3281 exstat.

1877 911 2097 968 torium
2129 914 2228 970 SS.
2266 917 2332 971 II.
2368 917 2431 984 B,
2462 935 2517 989 p.
2573 920 2817 976 415-417
2867 926 2922 977 et
2954 941 3008 995 p.
3045 925 3167 981 455.
3202 926 3344 982 Cum
3368 929 3525 986 enim

1880 1005 2084 1057 auctor
2115 1003 2246 1071 iste,
2299 1006 2398 1076 qui
2443 1007 2615 1062 annis
2667 1009 2873 1080 primis
2916 1012 3114 1068 saeculi
3144 1032 3220 1070 xu
3269 1017 3526 1090 scripsit,

1879 1091 2113 1146 nonnisi
2142 1098 2413 1166 excerpta
2440 1096 2695 1168 capitum
2728 1098 2831 1154 lib.
2855 1116 2894 1168 ι,
2933 1102 2984 1155 1.
3013 1103 3066 1171 3,
3098 1104 3152 1170 5,
3184 1104 3276 1172 27,
3302 1105 3397 1176 30,
3428 1109 3518 1178 31,

1872 1179 1981 1248 37;
2016 1195 2080 1245 ιι,
2115 1181 2166 1248 1,
2200 1183 2255 1248 9,
2290 1183 2378 1250 15,
2413 1186 2501 1252 17,
2531 1187 2620 1254 20,
2671 1188 2759 1255 32,
2792 1189 2880 1257 37,
2933 1191 3022 1259 41,
3060 1191 3152 1259 42,
3181 1195 3268 1265 44,
3304 1196 3396 1263 47,
3427 1198 3520 1266 48,

1872 1269 1980 1356 6Q;
2014 1286 2097 1334 III,
2133 1272 2318 1337 15-17,
2364 1279 2669 1345 preponat,
2719 1281 2894 1349 atque
2944 1295 3011 1334 ex
3039 1281 3283 1339 consilio
3327 1285 3520 1356 cperis

1871 1355 2099 1428 reliqua
2127 1359 2303 1414 etiam
2345 1362 2416 1416 ad
2457 1361 2683 1419 Italiam
2713 1365 3005 1435 facientia,
3039 1369 3088 1425 si
3118 1370 3170 1427 ei
3203 1371 3275 1427 ad
3305 1355 3519 1440 manus

1871 1445 2140 1514 fuissent,
2175 1449 2462 1521 przeeipue
2489 1468 2622 1524 pag.
2647 1454 2771 1522 475,
2804 1457 2926 1524 476,
2953 1457 3052 1513 ubi
3065 1459 3192 1530 jam
3211 1460 3515 1534 Hugonem

1872 1534 2143 1606 abbatem
2157 1537 2444 1607 sequitur,
2464 1546 2842 1613 excerpturus
2863 1544 3090 1616 fuisset,
3115 1549 3371 1606 codicem
3389 1542 3516 1622 ejus

1871 1639 2036 1694 atque
2073 1641 2139 1680 ac
2169 1625 2504 1684 Austriacos
2534 1645 2737 1686 omnes
2786 1633 2844 1687 in
2878 1635 3068 1704 prima
3095 1635 3229 1692 libri
3261 1654 3321 1694 In
3352 1645 3516 1710 parte

1872 1711 2231 1782 substitisse,
2265 1715 2491 1786 opinari
2522 1717 2674 1773 licet.
2696 1720 2856 1784 Quod
2880 1723 2929 1777 si
2961 1722 3042 1778 ita
3073 1723 3204 1792 fuit,
3236 1727 3516 1798 supersti-

1870 1801 2030 1857 tibus
2088 1802 2279 1857 adhue
2339 1805 2625 1876 capitibus
2687 1825 2747 1875 II,
2809 1810 2978 1865 26-40
3024 1817 3081 1867 et
3137 1811 3299 1868 45-66
3338 1816 3518 1872 codex

1870 1889 2199 1961 descriptus
2259 1895 2367 1947 est.
2422 1893 2591 1949 Libro
2641 1913 2682 1964 I,
2717 1913 2766 1952 c.
2809 1898 2902 1964 37,
2957 1900 3335 1976 Lambertum
3381 1917 3516 1960 cum

1870 1977 2170 2033 codicibus
2225 1981 2277 2051 1,
2327 1985 2385 2048 2,
2438 1983 2489 2046 3,
2545 1989 2696 2040 recte
2743 1989 2913 2042 nimis
2962 1988 3280 2046 bellicosum
3333 2008 3516 2064 regem

1866 2071 2044 2122 vocaL

1941 2155 2291 2226 Patetigitur
2308 2160 2564 2216 codicem
2571 2162 2698 2232 jam
2712 2164 3099 2235 deperditum,
3119 2168 3272 2224 unde
3283 2170 3511 2236 codices

1867 2245 2154 2300 Austriaci
2201 2251 2256 2301 et
2289 2246 2416 2302 Itali
2447 2249 2502 2319 3)
2534 2250 2566 2303 3
2587 2254 2646 2320 α)
2678 2252 2712 2305 3
2735 2253 2785 2323 b)
2816 2254 2850 2308 3
2875 2255 2920 2325 c)
2970 2256 3098 2327 3c‘)
3129 2255 3236 2328 3d)
3269 2257 3509 2314 derivati

1869 2337 2027 2399 sunt,
2079 2335 2291 2390 saeculo
2322 2354 2357 2390 x
2404 2342 2504 2392 aut
2547 2356 2603 2393 x1
2654 2341 2936 2413 scriptum
2982 2343 3190 2414 fuisse;
3229 2347 3511 2412 eumfor-

1869 2424 2024 2477 tasse
2059 2423 2268 2479 saeculo
2307 2442 2341 2479 x
2391 2426 2579 2482 medio
2631 2430 3075 2502 assignandum,
3127 2434 3278 2490 infra
3306 2435 3342 2490 5
3388 2451 3511 2491 mo-

1870 2510 2120 2566 nebitur.

1938 2601 1992 2670 4)
2025 2600 2084 2655 C.
2115 2601 2312 2656 Μυεωί
2363 2602 2679 2660 Britannici
2730 2606 2882 2663 inter
2909 2609 3249 2668 Harleianos
3279 2629 3337 2668 n.
3370 2612 3512 2668 3685

1867 2687 2034 2743 chart
2062 2689 2122 2744 in
2154 2689 2250 2745 fol.
2295 2708 2424 2746 saec.
2467 2697 2579 2760 XVI,
2614 2694 2756 2750 olim
2788 2697 3267 2771 Peutingerianus
3297 2719 3311 2768 ;
3341 2717 3506 2772 aeque

1808 2831 1815 2838 ,
1868 2792 1933 2830 ac
1965 2778 2194 2834 codices
2225 2781 2250 2832 1
2287 2783 2344 2835 et
2380 2784 2416 2834 2
2445 2781 2758 2839 Historiam
2807 2785 3034 2844 Ottonis
3066 2787 3231 2844 libris
3256 2791 3511 2861 Antapo-

1867 2865 2073 2921 doseos
2086 2867 2405 2937 praemittit,
2437 2868 2538 2924 illa
2569 2869 2812 2943 integra,
2837 2873 2978 2943 haec,
2998 2877 3168 2947 cujus
3197 2877 3332 2935 ﬁnis
3357 2875 3511 2934 lectu

1865 2953 2176 3022 difficilior,
2202 2955 2328 3023 jam
2359 2955 2525 3013 initio
2557 2959 2765 3030 capitis
2791 2979 2851 3016 v1
2884 2963 2952 3016 10
2979 2964 3212 3020 desinit.
3423 3031 3449 3040 _

1932 3042 1988 3114 5)
2019 3043 2080 3110 C,
2122 3043 2466 3100 Harleianus
2511 3059 2574 3101 n0
2601 3049 2744 3102 3715
2792 3051 3037 3106 membr.
3088 3070 3218 3108 saec.
3251 3071 3309 3108 x1
3339 3054 3503 3126 in-4°,

1865 3147 1932 3186 ex
1957 3133 2265 3188 Germania
2285 3133 2661 3201 oriundus,ut
2690 3141 2826 3193 nota
2854 3139 3050 3194 saeculi
3069 3143 3505 3208 XIII,Everwicus

1817 3273 1822 3280 .
1861 3221 1926 3276 de
1953 3228 2239 3290 stegrauen
2288 3226 2344 3277 et
2391 3222 2505 3278 alia
2554 3225 2748 3279 saeculi
2777 3243 2892 3295 xvr,
2942 3229 3128 3283 Maria
3183 3231 3405 3286 Wolters
3450 3235 3508 3286 et

133 3361 139 3368 ι
179 3323 231 3391 3)
261 3325 323 3375 C.
353 3294 553 3376 Musei
601 3294 919 3370 Britannici
966 3314 1117 3368 inter
1147 3311 1484 3368 Harleianos
1524 3328 1582 3366 n.
1614 3311 1755 3365 2688
1788 3294 1830 3360 Ο
1880 3309 2141 3365 Wicbotde
2172 3312 2528 3381 ostendunt;
2577 3317 2634 3369 et
2663 3315 2787 3386 ipse
2835 3294 2902 3371 ex
2949 3317 3305 3390 Frisingensi
3355 3319 3510 3375 male

115 3412 169 3466 in
213 3409 313 3473 fol.
344 3407 710 3472 vmembrana
756 3407 813 3460 et
862 3403 1155 3475 scriptura
1184 3401 1394 3456 sazculi
1425 3418 1525 3455 xIII
1576 3399 1757 3463 Italis,

117 3479 181 3555 ex
209 3485 408 3556 cedice
437 3511 709 3552 manasse
736 3492 965 3548 videtur
995 3491 1248 3564 singulis
1277 3488 1761 3562 quaternionibus

117 3604 344 3655 maneo,
380 3584 480 3657 qui
508 3589 704 3639 tamen
735 3585 794 3637 et
822 3581 948 3653 ipse
976 3596 1046 3635 ex
1078 3577 1434 3651 Frisingensi
1465 3578 1762 3633 derivatus

118 3681 289 3734 esset.
326 3676 452 3731 Lib.
487 3673 532 3742 I,
561 3674 650 3739 42,
683 3675 904 3726 textum
941 3668 1299 3741 singularem
1330 3666 1581 3733 exhibet,
1618 3684 1674 3733 ll,
1706 3666 1761 3731 6,

118 3774 169 3822 et
195 3766 383 3832 26-40,
419 3763 626 3828 45-66;
656 3778 738 3826 III,
760 3761 869 3826 26;
903 3775 980 3824 Iv,
1008 3759 1076 3824 6;
1106 3775 1178 3826 Iv,
1211 3756 1359 3825 9-14,
1393 3755 1510 3810 fere
1540 3754 1767 3826 integra

119 3856 542 3917 desiderantur,
593 3850 696 3906 sed
744 3847 971 3905 lacunis
1012 3846 1168 3902 haud
1217 3844 1507 3901 indicatis.
1542 3843 1767 3899 Desinit

121 3946 216 4001 lib.
262 3961 324 4010 v,
360 3942 451 4007 i8,
481 3940 544 3996 in
589 3937 780 3996 verbis
810 3953 866 3992 se
893 3937 1009 4007 regi
1057 3933 1401 3990 seminudum
1448 3932 1764 3988 ostenderet.

121 4036 368 4090 Textum
397 4029 584 4102 capite
614 4045 656 4092 ι,
687 4028 779 4082 42.
808 4025 1080 4082 eumdem
1103 4028 1158 4079 et
1185 4023 1427 4078 lacunas
1447 4022 1680 4078 easdem
1705 4037 1765 4089 II,

121 4126 170 4189 6,
220 4126 400 4193 atque
447 4136 510 4186 II,
574 4116 738 4172 45—66
787 4114 1038 4179 exibent,
1084 4113 1330 4182 ideoque
1375 4111 1446 4166 ad
1504 4110 1769 4166 eamdem

124 4213 371 4268 classem
405 4205 690 4264 referendi
741 4207 880 4261 sunt
909 4202 1135 4259 codices
1166 4199 1496 4272 complures
1529 4200 1588 4254 in
1619 4203 1771 4254 Aus-

126 4303 235 4357 tria
264 4318 300 4357 a
331 4314 426 4354 me
456 4293 707 4352 evoluti:

191 4392 225 4446 3
255 4392 332 4461 (a)
365 4391 424 4450 Ο,
455 4384 600 4441 bibl.
641 4381 915 4438 Palatinze
946 4378 1417 4436 Vindobonensis
1449 4377 1600 4432 inter
1632 4377 1771 4431 hist.

124 4479 270 4552 prof.
303 4495 362 4533 n.
412 4476 537 4542 338,
571 4472 819 4528 membr.
871 4487 1000 4526 saze.
1034 4486 1135 4536 x11,
1169 4469 1338 4539 cujus
1368 4467 1643 4522 lectiones
1666 4464 1776 4521 ali-

124 4572 267 4641 quot
299 4567 360 4621 in
380 4561 684 4621 Muratorii
717 4560 817 4616 SS.
851 4560 923 4614 II.
950 4558 1014 4613 B.
1049 4557 1196 4612 1089
1225 4571 1354 4627 sqq.
1391 4554 1576 4610 allatae
1600 4557 1776 4620 sunt;

1871 3397 2160 3454 intellecto
2203 3400 2388 3456 ﬂuxit.
2425 3403 2735 3466 Quaternio
2765 3421 2900 3460 cum
2931 3406 3032 3462 lib.
3055 3423 3133 3474 Ill,
3164 3408 3330 3464 25-44
3359 3408 3510 3464 exci-

1872 3487 1957 3543 dit
1981 3505 1995 3555 ;
2022 3487 2123 3544 lib.
2147 3506 2201 3546 νι
2224 3489 2438 3546 desinit
2455 3491 2516 3546 in
2538 3492 2777 3549 vocibus
2803 3497 3172 3566 spatariorwm
3200 3495 3515 3554 candidato-

1869 3593 2012 3632 rum.
2037 3577 2135 3631 Cui
2151 3577 2403 3634 Historia
2424 3579 2651 3636 Ottonis
2668 3599 2772 3654 pro
2793 3582 2941 3640 libro
2958 3585 3207 3658 septimo
3229 3587 3514 3658 subjecta,

1873 3666 1954 3720 ita
1983 3665 2142 3720 finit:
2171 3665 2289 3722 Non
2308 3667 2431 3737 jam
2476 3684 2643 3737 reme,
2677 3674 2757 3726 set
2803 3673 2864 3726 in
2893 3674 3129 3729 exitium
3155 3674 3514 3732 destinamus.

1873 3755 2171 3810 Lectiones
2188 3754 2366 3826 hujus
2387 3759 2604 3814 codicis
2623 3761 2877 3817 enotavit
2897 3764 3193 3834 quondam
3216 3763 3276 3820 P.
3298 3764 3518 3821 Scrive-

1876 3843 2192 3914 rius,eujus
2216 3849 2362 3900 notae
2389 3846 2448 3900 in
2466 3845 2820 3906 bibliotheca
2840 3850 3312 3925 Heidelbergensi
3334 3871 3521 3911 asser—

1874 3937 2117 4000 vantur;
2151 3933 2422 4004 equidem
2452 3951 2586 3991 eum
2617 3954 2671 3996 a.
2705 3939 2843 3992 1827
2871 3939 3069 3995 evolvi.
3094 3940 3352 4004 Quocum
3383 3941 3521 4014 plu-

1877 4021 2093 4076 rimum
2127 4024 2432 4089 consentit,
2464 4024 2640 4090 vitiis,
2669 4029 2864 4081 tamen
2891 4027 3177 4084 adsuctis.

1946 4111 1981 4163 5
2011 4110 2065 4180 α)
2095 4109 2154 4164 C.
2190 4109 2329 4165 olim
2379 4111 2833 4181 Gemblacensis,
2865 4115 3005 4190 ‘jam
3057 4116 3116 4170 in
3168 4117 3308 4172 bibl.
3360 4118 3523 4190 regia

1882 4197 2240 4254 Bruxellensi
2300 4204 2652 4267 asservatus,
2712 4203 2958 4257 membr.
3021 4219 3150 4258 saec.
3204 4221 3282 4272 xI,
3344 4221 3520 4276 quem

1884 4285 2104 4341 auctori
2132 4286 2274 4342 Vitae
2307 4290 2492 4343 sancti
2514 4290 2751 4344 Gerardi
2777 4291 3002 4347 abbatis
3033 4292 3368 4349 Broniensis
3390 4294 3524 4366 (49),

1886 4374 2228 4430 Ekkehardo
2274 4375 2640 4449 Usaugiensi,
2677 4379 2975 4451 Sigeberto
3023 4380 3427 4438 Gemblacensi
3469 4385 3528 4437 et

1885 4463 2150 4518 Alberico
2173 4464 2376 4520 Trium
2395 4465 2665 4521 Fontium
2686 4467 2972 4523 monacho
2997 4469 3067 4524 ad
3091 4486 3302 4526 manus
3324 4470 3526 4539 fuisse,

1891 4551 2381 4608 lectionibusinde
2395 4554 2906 4626 desumptis,haud
2924 4558 3389 4631 improbabiliter
3400 4575 3534 4615 con-

125 4655 344 4713 desinit
415 4653 474 4707 in
533 4649 721 4722 capite
779 4664 861 4714 III,
916 4647 1006 4702 3’7.
1067 4646 1500 4716 primogenitum
1555 4644 1782 4698 Domi-no
1815 4641 2528 4731 Djicimus.Descriptum
2547 4643 2728 4700 fuisse
2747 4662 2814 4701 ex
2835 4647 3536 4720 Harleianoquaternione

124 4749 292 4803 Amen
305 4789 319 4800 .

194 4837 229 4892 3
243 4835 322 4902 (ὁ)
337 4832 398 4888 C.
415 4829 559 4888 bibl.
581 4823 1271 4897 Claustroneoburgensis
1290 4822 1536 4878 membr.
1553 4838 1786 4888 saac.xu,

1895 4731 2156 4787 nondum
2189 4733 2403 4788 amisso
2453 4732 2538 4789 vel
2571 4733 2682 4791 alio
2730 4736 2997 4807 ejusdem
3046 4737 3273 4809 classis,
3319 4739 3538 4794 eaedem

1894 4819 2114 4876 lacuna:
2133 4824 2189 4876 et
2218 4820 2491 4878 lectiones
2512 4823 2792 4881 indicant.
2809 4827 3008 4883 Scriba
3023 4832 3218 4885 tamen
3241 4826 3542 4885 nonnullis

126 4925 183 4980 in
217 4923 516 4996 capitem,
543 4915 939 4987 37,unalinea
962 4913 1222 4972 anterius
1245 4910 1530 4967 desinitin
1550 4908 1789 4981 syllabis
1899 4909 2040 4964 locis
2089 4915 2190 4965 aut
2230 4912 2355 4980 jam
2402 4913 2729 4983 depravatis
2773 4919 2874 4971 aut
2903 4933 3209 4990 perperam
3255 4918 3326 4974 ab
3357 4933 3422 4974 eo
3452 4915 3542 4971 in-

130 5013 392 5071 voeabulo
427 5009 556 5066 Con.

199 5105 235 5157 3
253 5101 324 5173 (ο)
353 5101 414 5156 C.
438 5097 580 5154 bibl.
601 5093 973 5153 Zwettlensis
997 5091 1248 5147 membr.
1269 5105 1399 5145 saec.
1424 5103 1505 5143 xu
1527 5104 1689 5158 aeque
1703 5103 1788 5143 ac.

204 5193 238 5246 3
270 5191 367 5252 (ε’)
398 5189 460 5245 C.
503 5186 647 5242 bibl.
701 5183 880 5240 Palat.
932 5178 1406 5236 Vindobonensis
1451 5177 1602 5231 inter
1650 5176 1789 5231 hist.

136 5281 285 5352 prof.
322 5275 786 5345 n,168,membr,
803 5289 930 5328 saec.
953 5269 1183 5340 xm,cuj
1195 5285 1262 5323 us
1279 5282 1497 5339 paucas
1518 5264 1796 5320 lectiones

207 5439 326 5509 (48)
357 5434 904 5509 SententizeGraeca':
951 5431 1286 5509 constanter
1315 5426 1397 5481 ita
1437 5425 1797 5509 scribuntur,

138 5501 811 5584 ut'primum_voc_abula
840 5505 1058 5566 Graeca,
1092 5505 1219 5584 tum
1257 5501 1530 5584 imposita
1560 5501 1644 5584 eivs
1677 5514 1805 5584 pro-

1899 4998 2144 5054 tellectis
2207 4998 2314 5054 levi
2373 5003 2706 5072 conjectura
2765 5007 2982 5062 mederi
3047 5007 3312 5080 styloque
3365 5005 3543 5061 etiam

1904 5104 2240 5144 succurrere
2270 5094 2517 5146 conatus
2552 5095 2658 5148 est.
2692 5093 2883 5150 Fluxit
2910 5095 3045 5152 inde
3075 5099 3177 5151 aut
3205 5112 3274 5151 ex
3302 5108 3545 5165 apogra-

1901 5177 2016 5248 pho
2049 5178 2195 5247 ejus.

1976 5267 2060 5335 5')
2093 5266 2284 5322 Editio
2323 5268 2593 5342 princeps
2637 5271 2931 5328 Guilielmi
2964 5273 3127 5328 Parvi
3176 5289 3270 5328 an.
3321 5271 3461 5326 1514
3490 5269 3552 5325 in

1912 5441 2143 5496 quoque
2173 5425 2591 5484 instituendem
2625 5432 2844 5486 censui.

1985 5498 2097 5578 gis)
2130 5498 2350 5578 Mabill.
2402 5504 2543 5556 Acta
2580 5503 2685 5578 _s_s.
2736 5504 2909 5578 o._s.
2944 5503 3202 5578 Busae.
3236 5503 3305 5578 V,
3337 5518 3394 5578 p.
3427 5511 3558 5578 264,

139 5567 442 5639 nuutiatio
503 5577 732 5645 Latina,
783 5581 910 5650 tum
933 5589 1084 5650 _ver0
1122 5567 1543 5650 interpretatio
1603 5567 1807 5650 Latina
1913 5569 2040 5650 265,
2058 5567 2376 5650 sententiae
2419 5573 2668 5632 nonnllae
2717 5574 2975 5650 capitum
3018 5567 3152 5635 libri
3184 5593 3256 5646 Iv,
3287 5567 3378 5646 24,
3414 5582 3482 5640 14
3510 5567 3569 5640 ei;

136 5653 371 5728 legatur
388 5671 408 5728 ε
428 5651 592 5728 quod
605 5639 751 5728 cum
773 5646 982 5728 primis
1004 5642 1243 5728 paginis.
1256 5639 1605 5728 aliquotiens
1628 5639 1808 5728 negl}:

139 5711 339 5805 gitur,
384 5711 467 5784 in.
481 5721 739 5782 editione
773 5711 981 5778 tamen
1004 5711 1412 5773 ex'sententia
1441 5711 1807 5772 auctoris‘ibi

387 5697 408 5740 .’

475 5856 745 5922 Panos.
787 5847 1112 5918 CXXXVI.

1917 5638 1986 5696 29
2015 5641 2359 5704 aﬂ‘eruntur.

3172 5851 3254 5936 εδ
