4052 6384
547 300 672 358 7⁵79

883 296 1444 358 LIUTPRANDUS
1491 291 2042 356 CREMONENSIS
2089 258 2542 354 EPISCOPUS.
2576 324 2654 335 —
2683 290 3001 352 NOTITIA
3043 289 3248 352 HIST.
3301 289 3412 352 ET
3458 286 3675 352 BIBL.

3878 290 3980 352 780

531 419 708 496 'folio,
740 429 893 501 typis
919 429 1315 498 Ascensianis,
1350 428 1624 485 omnibus
1653 426 1880 482 lacunis
1910 431 1967 480 et
1997 427 2197 497 dcpra-
2227 428 2281 493 Α
2313 425 2576 480 Ramirez
2606 424 2678 478 de
2705 425 2889 479 Prado
2929 424 2986 478 in
3019 422 3272 480 editione
3307 423 3589 496 Operum
3627 419 3978 494 Liudprandi

547 519 696 575 vatis
727 518 944 573 codicis
991 518 1426 574 Gemblaccnsis
1476 516 1819 572 lectionibus
1851 515 2188 587 conspicua,

551 609 763 680 quibus
777 608 963 662 editor
976 610 1310 679 conjectura
1327 625 1431 664 sua
1444 606 1750 662 subvenire
1765 621 2189 676 nonnunquam

550 697 702 750 haud
740 695 1062 763 infeliciter,
1082 698 1294 768 saepius
1317 713 1468 761 vero,
1491 699 1554 750 ut
1584 713 1687 767 pro
1718 694 1998 766 singulari
2027 693 2195 748 Liud-

550 784 758 856 prandi
820 784 1110 840 scribendi
1177 785 1399 840 ratione
1457 785 1612 840 haud
1663 783 1833 839 aliter
1869 783 2191 855 exspectari

551 876 776 944 poterat
827 875 1067 929 adversa
1099 874 1333 929 fortuna
1361 875 1620 929 tentavit.

620 961 674 1033 6)
707 965 764 1016 C.
795 962 987 1034 regius
1014 962 1364 1018 Parisiensis
1390 980 1447 1017 n.
1477 963 1640 1032 5922,
1665 962 1934 1026 membr.,
1969 978 2098 1016 saec.
2118 978 2195 1016 xu

551 1050 609 1104 in
643 1050 952 1106 Germania
972 1054 1262 1117 exaratus,
1289 1050 1496 1106 szsculo
1517 1068 1609 1115 xv,
1644 1050 1784 1105 liber
1813 1053 1995 1104 sancte
2031 1050 2199 1104 Maria

548 1140 782 1210 virginis
829 1141 889 1194 in
941 1140 1226 1211 Otterburg
1291 1141 1603 1208 Magn-mine
1658 1139 1884 1194 diocesis
1941 1139 2198 1210 Gregorii

553 1228 912 1284 Turonensis
951 1229 1207 1284 historia:
1239 1227 1379 1284 eccl.
1424 1228 1602 1284 libros
1649 1232 1767 1284 tres
1812 1228 2034 1300 priores
2065 1245 2199 1283 cum

549 1317 717 1372 initio
749 1319 1094 1389 quarti,tum
1120 1317 1437 1390 Reginonis
1460 1317 1786 1373 Chronicon
1812 1318 2036 1388 absque
2066 1333 2199 1372 con-

551 1405 980 1462 tinuationibus
1001 1407 1236 1478 praebet,
1270 1407 1364 1462 cui
1395 1406 1834 1477 Antapodoseos
1875 1405 1974 1460 lib.
2005 1423 2044 1473 1,
2071 1423 2122 1460 c.
2147 1405 2205 1460 5-

557 1496 617 1549 11
647 1513 660 1563 ;
688 1510 767 1563 v1,
797 1496 851 1563 5,
906 1512 1094 1567 usque
1137 1496 1358 1550 arbores
1407 1495 1800 1562 subvehuntur,
1851 1511 1928 1558 v1,
1963 1495 2016 1562 8,
2063 1495 2119 1561 9,
2149 1497 2206 1548 et

557 1582 821 1638 Historia:
852 1583 1080 1638 Ottonis
1122 1599 1249 1654 cap.
1293 1582 1383 1648 l5,
1416 1583 1550 1638 inde
1581 1583 1653 1638 ab
1685 1584 1778 1638 His
1829 1582 1988 1638 dictis
2019 1596 2205 1655 usque

559 1688 685 1742 cap.
715 1671 806 1737 20,
842 1673 905 1724 ob
954 1672 1308 1726 elemosinam
1347 1671 1570 1727 adnexa
1610 1675 1766 1728 sunt.
1802 1673 1936 1736 Quae
1969 1671 2205 1743 quidem

560 1775 722 1830 aeque
748 1775 834 1814 ac.

627 1850 686 1916 7)
717 1847 778 1902 C.
829 1847 1217 1904 Bruxellensis
1264 1849 1450 1904 chart.
1486 1851 1543 1905 in
1594 1849 1690 1904 fol.
1727 1867 1856 1905 saac.
1900 1867 2013 1916 xw,
2066 1849 2204 1906 olim

560 1935 793 1991 Antonii
818 1936 990 1992 Cauci
1022 1936 1440 2010 archiepiscopi
1472 1937 1864 2009 Coriphensis,
1898 1943 1973 1993 et.

632 2025 688 2092 8)
720 2025 780 2079 C.
829 2025 1250 2082 Ambrosianus
1299 2026 1482 2081 chart.
1539 2043 1668 2082 saec.
1701 2044 1813 2094 xw,
1865 2027 1965 2099 qui
1997 2027 2204 2083 iisdem

561 2113 755 2169 verbis
791 2130 856 2168 ac
887 2114 1148 2170 edtiones
1180 2115 1414 2183 desinit,
1453 2115 1533 2170 ita
1563 2120 1899 2186 comparata
1921 2121 2106 2182 erant,
2142 2120 2209 2171 ut

561 2203 632 2258 iis
665 2203 722 2257 in
756 2219 902 2258 nova
927 2203 1180 2260 editione
1211 2205 1450 2262 omnino
1483 2222 1587 2260 nos
1619 2221 1814 2260 carere
1845 2221 2015 2276 posse
2045 2204 2208 2260 intel-

560 2289 820 2362 ligerem.

633 2378 776 2434 Liud
789 2381 991 2451 prandi
1007 2380 1261 2436 historiae
1276 2381 1584 2436 undecimo
1599 2386 1654 2436 ct
1667 2381 2010 2437 duodecimo
2027 2399 2203 2438 saecu-

557 2468 614 2523 lo
629 2469 698 2523 ab
712 2468 1007 2524 historicis
1026 2471 1080 2525 in
1103 2487 1245 2526 usus
1263 2487 1402 2526 suos
1415 2486 1702 2525 conversae
1721 2472 1956 2537 sunl,‘ab
1975 2476 2209 2527 auctore

558 2557 704 2612 Vitae
735 2558 922 2613 sancti
972 2559 1210 2613 Gerardi
1253 2559 1606 2626 Bronicnsis,
1650 2559 1992 2614 Ekkehardo
2024 2560 2208 2616 Uran-

562 2645 770 2717 giensi,
794 2645 1145 2718 chronologo
1179 2647 1461 2712 Farfensi,
1493 2651 1549 2702 et
1597 2648 1894 2719 Sigeberto
1935 2649 2209 2705 Gembla-

565 2733 721 2788 censi
749 2751 760 2799 ;
796 2733 1006 2788 sacculo
1038 2751 1136 2790 xm
1169 2735 1240 2789 ab
1270 2735 1533 2790 Alberico
1565 2737 1772 2791 Trium
1797 2737 2068 2793 Fontium
2093 2754 2212 2794 mo-

565 2820 754 2877 nacho
779 2840 792 2890 ;
816 2821 1022 2877 saeculo
1055 2840 1149 2878 xw
1175 2824 1248 2878 ab
1281 2824 1525 2880 Henrico
1549 2825 1618 2880 de
1649 2825 1968 2894 Hervodia;
2003 2827 2210 2882 smculo

565 2927 639 2965 xv
689 2927 722 2964 a
768 2909 1086 2966 Trilhemio
1118 2912 1328 2968 abbate
1366 2913 1836 2985 Spanheimensi.
1884 2915 2208 2972 Editionem

564 2998 910 3072 principem,
945 3003 1009 3055 ut
1035 3017 1214 3072 supra
1239 3003 1711 3071 memoravimus,
1745 3021 1897 3059 anno
1922 3005 2058 3059 1514
2090 3004 2212 3060 vul-

2234 1797 2283 1862 B

2301 512 2726 585 Antvierpicnsi
2746 531 2839 567 an.
2863 513 3324 580 1.6.10,Chesnius
3354 517 3510 567 tom.
3535 511 3615 566 III
3642 511 3748 568 SS.
3776 512 3980 568 Franci-

2305 619 2506 657 corum
2539 620 2633 657 an.
2680 603 2838 667 1641,
2868 603 3124 658 Joannes
3157 604 3211 657 in
3246 619 3407 658 nova
3443 601 3716 657 editione
3749 602 3980 672 Scripto-

2311 708 2441 746 rum
2470 691 2716 746 Reubcri
2745 709 2839 746 an.
2867 691 3030 757 1726,
3070 695 3128 747 et
3158 691 3540 747 mutariorus
3573 691 3751 745 annis
3785 692 3912 746 1723
3936 711 3982 763 ct

2306 779 2446 834 1726
2473 780 2574 836 SS.
2611 779 2761 846 Ital.,
2795 783 2937 834 tom.
2960 784 3034 848 II,
3067 784 3528 852 expresserunt,
3555 779 3679 834 nisi
3704 780 3857 850 quod
3880 782 3980 835 Mu-

2306 867 2810 937 ratorium,allatis
2830 873 2972 924 tom.
2989 869 3036 924 II
3055 869 3117 923 B.
3136 868 3370 941 aliquot
3395 868 3685 924 codicum
3706 867 3976 924 Vindobo-

2307 958 2580 1013 nensium
2601 959 2669 1012 3a
2700 958 2861 1012 et3c"
2894 956 3261 1026 lectionibus,
3292 958 3517 1013 tertias
3551 958 3977 1030 quodammodo

2309 1047 2500 1118 operis
2531 1062 2701 1101 curas
2733 1045 3061 1101 admovisse
3091 1047 3282 1101 dicere
3319 1046 3564 1118 possis.

2381 1135 2513 1190 Jam
2545 1133 2657 1190 tria
2686 1139 2817 1206 post
2843 1133 3059 1190 smcula
3079 1151 3228 1190 nova
3258 1135 3449 1190 editio
3485 1136 3562 1190 ad
3592 1152 3863 1191 normam
3894 1154 3978 1191 au-

2313 1223 2580 1296 tographi
2650 1223 2938 1290 instituta,
3006 1228 3292 1295 quantum
3350 1241 3387 1279 a
3442 1223 3703 1296 reliquis
3751 1225 3979 1292 differat,

2317 1316 2538 1384 quanto
2559 1311 2814 1367 historia:
2841 1313 3146 1368 commodo
3161 1313 3288 1383 jam
3311 1314 3599 1385 prodeat,
3625 1329 3808 1386 penes
3832 1314 3981 1370 lecto-

2314 1401 2722 1472 resjudicium
2755 1405 2898 1457 esto.
2945 1401 3330 1474 Amplissima
3380 1401 3730 1458 lectionum
3781 1407 3974 1473 segete,

2315 1508 2516 1562 quam,
2551 1494 2865 1562 antequam
2889 1491 3320 1563 autographum
3347 1492 3426 1546 ad
3463 1508 3694 1548 manus
3725 1491 3977 1558 venisset,

2316 1597 2383 1636 ex
2413 1579 2714 1635 codicibus
2745 1579 3242 1648 Bruxellensibus,
3268 1580 3775 1637 Londinensibus
3805 1585 3860 1636 et
3879 1583 3978 1635 Au-

2316 1669 2545 1725 striacis
2581 1668 2947 1742 collegeram,
2978 1669 3180 1738 recisa,
3212 1686 3311 1725 eas
3341 1673 3592 1725 tantum
3629 1671 3835 1726 afferre
3870 1669 3978 1741 pla-

2317 1758 2619 1824 cuit,unde
2646 1758 2905 1814 diversas
2918 1757 3180 1814 codicum
3197 1757 3422 1815 classes
3447 1774 3780 1832 agnoscere
3802 1759 3975 1814 datur.

2316 1847 2474 1902 Idem
2493 1847 2551 1901 in
2571 1847 3032 1918 corruptissimis
3053 1848 3382 1904 editionum
3411 1847 3782 1904 lectionibus
3801 1849 3979 1904 obser-

2315 1936 2461 1991 vavi.
2493 1938 2647 1992 Auro
2679 1937 2836 1992 enim
2867 1935 3185 2008 purissimo
3216 1937 3488 2006 decocto,
3529 1938 3791 1994 scoriam
3823 1935 3976 1991 relin-

2319 2041 2494 2096 quere
2521 2023 2792 2080 delectat.

2390 2113 2720 2185 Legationis
2750 2112 3013 2168 libellum
3049 2129 3082 2168 a
3106 2112 3336 2168 Canisio
3372 2131 3501 2170 una
3531 2131 3673 2170 cum
3705 2113 3977 2169 chronicis

2317 2202 2566 2258 Victoris
2597 2204 3018 2258 Tunnunensis
3041 2207 3096 2257 ct
3125 2203 3373 2260 Joannis
3397 2204 3787 2261 Biclariensis
3810 2202 3977 2276 Ingol-

2320 2292 2492 2348 stadii
2523 2310 2576 2348 a.
2611 2292 2749 2347 1600
2779 2293 2932 2347 in-l:o
2973 2293 3233 2364 primum
3261 2293 3639 2367 evulgatum,
3673 2294 3921 2365 indeque
3949 2309 3977 2346 a

2319 2382 2564 2437 Baronio
2594 2381 2665 2436 ad
2699 2399 2792 2437 an.
2815 2381 3280 2450 968,Muratorio
3313 2383 3418 2438 SS.
3450 2383 3552 2450 IL,
3578 2388 3637 2439 et
3666 2381 3968 2439 Niebuhrio

2320 2487 2449 2525 meo
2476 2473 2616 2526 tom.
2641 2471 2716 2526 XI
2741 2472 2837 2526 SS.
2867 2470 3104 2544 Byzant,
3131 2471 3470 2543 repetitum,
3490 2473 3623 2543 jam
3643 2472 3801 2527 edita
3819 2472 3976 2526 Anta-

2320 2559 2521 2631 podosi
2555 2563 2612 2615 et
2640 2559 2896 2615 Historia
2920 2559 3148 2616 Ottonis
3181 2560 3551 2632 Liudprandi
3577 2559 3870 2617 scribendi
3893 2575 3973 2613 ra-

2319 2649 2536 2704 tionem
2567 2652 2625 2703 et
2654 2652 2916 2704 textuum
2948 2649 3382 2721 corruptionem
3407 2651 3661 2722 experti,
3703 2649 3970 2704 intactum

2322 2736 2669 2809 relinquere,
2701 2737 2834 2794 licet
2863 2737 3060 2793 codice
3089 2737 3260 2793 unico
3288 2739 3630 2795 Trevirensi
3663 2736 3969 2810 deperdito,

2321 2826 2483 2882 nefas
2513 2827 2809 2895 duximus,
2843 2830 3017 2899 atque
3049 2843 3221 2899 opere
3261 2831 3541 2900 suscepto
3574 2830 3784 2900 praeter
3821 2839 3969 2897 spem

2321 2916 2538 2988 factum
2563 2920 2673 2984 est,
2707 2920 2774 2970 ut
2789 2914 2931 2971 locis
2955 2915 3257 2972 nonnullis
3278 2916 3482 2989 magni
3508 2915 3795 2972 momenti
3823 2929 3972 2970 sana-

2320 3004 2774 3061 tumlectoribus
2788 3004 3318 3077 proponerejliceat.
3340 3005 3728 3078 chationem
3754 3027 3780 3054 ‹‹
3802 3003 3969 3058 livore

564 3093 780 3161 gatam,
833 3089 1149 3161 Hervagius
1198 3089 1258 3144 in
1285 3090 1537 3146 editione
1588 3091 1904 3148 Basilecnsi
1940 3111 2034 3147 an.
2072 3095 2212 3148 1532
2251 3162 2279 3166 ᾧ
2318 3098 2374 3148 ct
2402 3093 2534 3148 odio
2564 3093 2796 3165 plenam
2826 3109 3028 3148 verum
3061 3093 3149 3149 sic
3183 3111 3418 3166 quoque
3453 3095 3526 3150 ad
3563 3109 3761 3150 rerum
3792 3088 3971 3162 cogni-

567 3179 818 3250 repctiit,
849 3178 1107 3234 adhibito
1135 3183 1330 3235 tamen
1355 3181 1555 3252 paucis
1584 3180 1642 3236 in
1664 3182 1807 3238 locis
1839 3182 2021 3237 codici
2043 3183 2205 3238 bona:
2238 3162 2280 3229 (ἶ
2319 3181 2535 3238 tionem
2560 3162 2935 3238 utilissimam
2964 3205 2991 3232 »
3019 3162 3372 3239 Niebuhrius
3406 3185 3724 3256 praedicat;
3750 3177 3970 3237 etLiud-

568 3271 736 3334 notaa,
769 3268 941 3337 cujus
973 3267 1247 3323 lectiones
1267 3270 1323 3324 in
1342 3273 1500 3325 textu
1526 3271 1598 3324 ab
1627 3271 1760 3325 inde
1778 3277 2204 3328 remanserunt.

565 3357 711 3412 Nam
744 3355 956 3410 librum
995 3357 1380 3414 Basilcensem
1415 3359 1669 3414 universi
1704 3364 1904 3430 postea
1934 3361 2208 3430 editores,

567 3446 776 3504 Justus
804 3445 1104 3502 Rcuberus
1130 3446 1187 3500 in
1215 3447 1316 3504 SS.
1341 3465 1413 3503 an
1442 3448 1580 3502 1584
1600 3451 1656 3503 et
1685 3447 1846 3517 1519,
1868 3449 2211 3508 Laurentius

2320 3272 2528 3343 prandi
2581 3273 2638 3326 in
2690 3289 2757 3328 ea
2804 3273 3064 3328 animum
3099 3273 3315 3344 vigoris
3361 3277 3420 3328 et
3475 3271 3822 3346 eloquentiae
3870 3263 3971 3323 sib!

2322 3367 2534 3435 parata:
2560 3361 2782 3435 apicem
2817 3362 3101 3434 attigisse,
3135 3379 3329 3418 rerum
3363 3379 3572 3419 earum
3608 3358 3855 3418 studiosi
3879 3357 3966 3428 ju-

2324 3452 2621 3507 dicabunt.
