4052 6418
128 411 255 475 793

1109 411 1722 492 ANTAPODOSEOS
1764 411 1974 483 LIBRI
2020 411 2192 479 SEX.
2225 410 2479 479 --,LIB.
2523 410 2574 475 Ῑ.

3425 407 3564 474 794ς

129 545 318 618 hujus
366 547 532 619 pater
563 545 662 619 qui
707 559 882 606 nunc
916 562 1105 622 usque
1134 551 1404 622 superest
1447 549 1503 604 et
1545 547 1786 604 feliciter
1813 548 1868 616 Α
1896 546 2085 608 forma
2108 548 2316 619 praeter
2343 549 2566 604 ceteros
2594 541 2856 620 egregia,
2881 542 3250 619 accitumque
3277 551 3365 604 τόν
3390 555 3544 620 ὴγου-

127 640 342 710 regnat
388 636 503 709 (53)
547 636 1187 710 Constantinopolitanc
1249 637 1500 694 civitatis
1550 639 1786 710 regebat

126 725 474 798 imperium.
494 725 728 782 Simeon
744 725 907 783 fortis
923 726 1172 782 bellator
1211 725 1500 799 Bulgariis
1519 729 1784 799 praeerat,

124 814 514 885 christianus,
546 814 647 870 sed
677 815 882 872 vicinis
910 815 1106 872 Grecis
1153 815 1320 871 valde
1352 815 1626 871 inimicus
1658 815 1780 888 (An.

122 903 412 977 883—927).
445 903 834 975 Ungariorum
865 921 1026 977 gens,
1051 905 1222 977 cujus
1254 921 1458 960 omnes
1491 921 1657 976 poene
1682 921 1782 960 na-

126 992 322 1048 tiones
354 997 591 1064 experte
640 997 782 1048 sunt
812 993 1098 1060 sevitiam,
1151 1010 1277 1064 qua:
1322 993 1638 1048 miserante
1668 993 1785 1047 Deo

128 1079 556 1137 sanctissimi”
604 1085 780 1153 atque
829 1081 1201 1138 invictissimi
1261 1082 1414 1154 regis
1475 1081 1786 1137 OTTONIS

129 1167 414 1243 potentia,
438 1173 504 1224 ut
521 1168 700 1225 latius
721 1169 931 1226 dicturi
957 1188 1165 1227 sumus
1183 1170 1397 1226 mutire
1415 1170 1458 1204 ³³
1481 1186 1595 1225 non
1614 1170 1789 1224 audet

131 1258 617 1334 exterrita,nobis
638 1259 913 1317 omnibus
931 1264 1071 1318 tunc
1101 1259 1380 1333 temporis
1403 1259 1726 1322 habebatur
1745 1261 1790 1294 ²⁴

131 1349 357 1422 ignota.
394 1345 761 1413 Quibusdam
793 1366 1048 1421 namque
1069 1348 1435 1405 difficillimis
1467 1352 1736 1420 separata
1756 1366 1791 1404 a

132 1437 306 1494 nobis
323 1442 452 1493 erat
482 1437 1044 1510 interpositionibus,
1077 1454 1226 1510 quas
1251 1437 1446 1494 clusas
1461 1438 1505 1472 ²⁵
1525 1437 1792 1493 nominat

130 1525 366 1599 vulgus,
399 1530 466 1581 ut
489 1542 678 1598 neque
709 1528 780 1582 ad
801 1527 1187 1583 meridianam
1209 1543 1397 1599 neque
1420 1528 1502 1597 ad.
1523 1527 1789 1583 occiden-

128 1614 308 1670 talem
329 1614 566 1688 plagam
594 1615 840 1671 exeundi
860 1615 1133 1672 habuerit
1159 1615 1523 1672 facultatem.
1548 1616 1670 1689 (An.
1687 1618 1794 1672 887

135 1705 256 1760 Dec.
290 1703 402 1758 900
424 1705 584 1777 Aug.)
631 1705 736 1760 Per
766 1704 921 1760 idem
963 1709 1197 1777 tempus
1226 1705 1507 1760 Arnulfus
1555 1722 1654 1760 rex
1685 1722 1792 1776 po-

134 1793 537 1861 tentissimus,
561 1793 834 1850 defuncto
859 1794 1068 1850 Karolo
1086 1795 1441 1866 pranomine
1461 1793 1631 1849 Calvo
1655 1795 1710 1867 (5
1722 1796 1790 1862 4),

136 1879 460 1958 Bagoariis,
498 1881 722 1949 Suevis,
756 1882 993 1938 Francis
1041 1883 1375 1939 Teutonicis
1392 1884 1456 1949 εδ,
1489 1882 1790 1938 Lotharin-

135 1970 246 2043 gis,
296 1960 738 2041 audacibusqiw
780 1970 1223 2042 principabatur
1246 1971 1289 2005 ’7
1335 1970 1791 2026 Saxonibus.Cui

135 2057 553 2126 Centebaldus,
587 2059 1032 2124 Maranavorum
1064 2060 1200 2126 dux,
1234 2059 1480 2116 viriliter
1511 2077 1794 2133 repugna-

135 2149 235 2203 bat
263 2147 392 2218 (Αη.
417 2147 1116 2221 892-893).,Βοι“θηεξειῐιίιιε
1149 2153 1205 2204 et
1225 2149 1393 2204 Wido
1415 2148 1796 2220 imperatores

136 2238 208 2295 ob
241 2252 493 2310 regnum
525 2236 788 2293 Italicum
819 2238 1308 2294 conflictabantur
1337 2239 1467 2310 (An.
1511 2238 1794 2308 888-894).

138 2329 459 2383 Formosus
489 2326 831 2386 Portucnsis
877 2326 1126 2384 civitatis
1158 2327 1492 2400 episcopus,
1539 2328 1799 2383 Romane

139 2415 299 2473 sedis
330 2432 603 2472 summus
649 2420 706 2471 et
742 2415 1090 2472 universalis
1123 2433 1274 2489 papa
1316 2417 1642 2488 habebatur
1673 2417 1796 2488 (An.

141 2507 241 2560 891
280 2505 426 2577 Sept.
460 2504 548 2574 19,
596 2505 724 2572 896,
757 2506 931 2577 Apr.).
986 2506 1096 2562 Sed
1143 2522 1322 2574 nunc,
1370 2505 1470 2577 qui
1503 2506 1612 2561 sub
1653 2522 1797 2560 uno-

145 2610 380 2667 quoque
413 2588 624 2649 horum
649 2597 878 2665 gestum
907 2595 1000 2664 sit,
1026 2598 1198 2667 prout
1227 2594 1460 2672 brevius
1481 2611 1800 2667 possumus

149 2681 534 2756 explicemus.

216 2763 272 2824 6.
309 2771 432 2843 (An.
466 2770 754 2844 886-912.)
780 2773 890 2828 Leo
922 2771 1120 2844 igitur,
1148 2772 1464 2828 Grecorum
1499 2771 1803 2843 piissimus

149 2859 490 2931 imperator,
540 2861 708 2932 cujus
738 2878 915 2933 supra
964 2861 1210 2916 fecimus
1242 2861 1623 2930 mentionem,
1655 2860 1802 2916 Con—

152 2939 397 3004 stantini
444 2947 667 3008 scilicet
709 2949 889 3021 hujus
935 2948 1419 3021 Porphyrogeniti
1465 2953 1648 3020 pater,
1697 2965 1804 3003 un-

1823 1924 1871 1988 B

1893 646 2058 708 μένον,
2091 640 2192 691 ton
2224 635 2563 708 igumenon,
2591 634 2650 692 id
2681 639 2770 691 est
2797 635 3093 704 abbatem,
3126 636 3369 709 rogavit,
3393 641 3460 694 ut
3477 655 3543 696 se

1893 727 2137 782 donaret
2173 725 2282 780 hoc
2328 741 2546 796 puero;
2598 741 2773 796 quem
2822 724 3150 797 suscipiens
3193 725 3258 781 in
3303 727 3539 800 palatio,

1894 814 2240 870 cubicularii
2272 813 2508 870 donavit
2533 814 2743 870 officio.
2776 815 2957 870 Tanto
2980 815 3242 887 denique.
3251 820 3385 888 post
3402 833 3542 889 pau-

1893 902 2083 958 lulum
2133 903 2436 974 potestatis
2489 907 2578 958 est
2627 904 2835 972 factus,
2870 906 2936 958 ut
2985 902 3130 960 alter
3157 905 3230 960 ab
3264 906 3539 964 omnibus

1896 993 2212 1064 imperator
2240 992 2320 1048 sit
2346 991 2651 1064 apellatus.

1966 1081 2019 1135 9.
2038 1081 2256 1136 Verum
2281 1081 2418 1152 quia
2440 1080 2806 1154 omnipotens
2828 1081 2984 1137 Deus
3005 1098 3200 1140 servos
3223 1100 3363 1140 suos
3377 1086 3544 1157 justa

1893 1169 2091 1226 visitat
2121 1169 2213 1224 vul
2247 1185 2618 1242 quacumque
2649 1187 2915 1240 censura,
2941 1171 3096 1228 hunc
3130 1173 3544 1246 imperatorem

1899 1257 2285 1318 Michahelem
2305 1276 2461 1314 sana:
2484 1259 2697 1315 mentis
2727 1260 2801 1316 ad
2830 1263 3064 1332 tempus
3091 1278 3221 1318 .non
3252 1278 3381 1319 esse
3411 1280 3546 1336 per-

1899 1347 2162 1415 miserat,
2196 1351 2264 1402 ut
2293 1364 2408 1419 quo
2439 1347 2596 1404 hunc
2621 1348 2856 1421 gravius
2896 1354 3184 1421 premeret
3211 1351 3272 1407 in
3303 1351 3546 1421 infimis,

1899 1453 1965 1492 eo
1997 1435 2433 1492 misericordius
2465 1441 2869 1493 remuneraret
2896 1437 2956 1494 in
2991 1439 3460 1510 summis..Nam,
3484 1445 3552 1498 ut

1900 1526 2104 1591 fertur,
2122 1525 2299 1594 hujus
2323 1529 2585 1597 tempore
2608 1525 2902 1597 passionis
2923 1526 3242 1585 familiares
3261 1530 3437 1586 etiam
3463 1548 3553 1587 ca-

1901 1614 2046 1687 pitis
2067 1616 2329 1685 jusserat
2378 1614 2657 1671 damnare
2700 1614 3012 1670 sententia.
3044 1617 3199 1682 Quos
3228 1620 3424 1674 tamen
3476 1620 3550 1675 ad

1902 1720 2029 1760 sese
2059 1702 2289 1758 rediens
2320 1703 2428 1758 hoc
2459 1706 2628 1775 pacto
2658 1704 3021 1775 requirebat,
3043 1709 3109 1761 ut
3138 1706 3252 1762 nisi
3279 1724 3431 1779 quos
3451 1709 3555 1779 ju-

1902 1792 2102 1865 gulare
2125 1793 2387 1863 jusserat
2407 1793 2809 1858 redderentur,
2833 1793 2959 1865 pari
2981 1793 3092 1865 ipsi
3115 1795 3214 1865 qui
3235 1795 3345 1852 hoc
3363 1797 3558 1853 effece-

1903 1886 2037 1936 rant
2057 1880 2344 1937 sententia
2368 1881 2811 1938 damnarentur.
2837 1882 2953 1938 Hoc
2971 1882 3152 1955 igitur
3170 1887 3388 1942 terrore
3410 1884 3559 1957 quos

1904 1971 2183 2026 damnare
2197 1970 2476 2040 jusscrat,
2506 1971 2908 2027 servabantur.
2938 1972 3048 2039 Sed
3070 1987 3205 2027 cum
3228 1973 3336 2029 hoc
3353 1972 3562 2046 sepius

1904 2064 1962 2115 et
1981 2060 2192 2119 iterum
2207 2057 2420 2115 Basilio
2442 2059 2672 2126 faceret,
2690 2059 3030 2130 hujusmodi
3046 2077 3080 2114 a
3097 2060 3556 2134 sibiohsequem

1906 2148 2084 2213 tibus,
2114 2164 2217 2219 pro
2249 2147 2434 2212 nefas,
2467 2146 2690 2219 accepit
2730 2147 3077 2203 consilium:
3115 2167 3143 2197 «
3174 2149 3260 2206 Ne
3285 2150 3430 2206 forte
3461 2150 3557 2206 in-

1908 2254 2052 2293 sana
2077 2235 2230 2308 regis
2267 2236 2459 2307 jussio
2491 2235 2807 2307 aliquando
2839 2252 2908 2292 ex
2951 2237 3243 2294 industnia
3277 2256 3323 2294 .a
3353 2241 3408 2294 te
3437 2255 3556 2295 non

1908 2325 2309 2399 diligentibus,
2332 2325 2512 2381 immo
2531 2325 2663 2381 odio
2680 2325 3050 2393 habentibus,
3071 2325 3406 2400 impleatur,
3421 2343 3557 2383 eum
3591 2377 3594 2380 .

1909 2420 1973 2471 tu
2007 2415 2200 2487 potius
2233 2415 2504 2483 occidito,
2558 2419 2735 2486 atque
2761 2414 3088 2487 imperialia
3114 2420 3345 2489 sceptra
3363 2415 3558 2474 susci—

1911 2505 2052 2578 pito.
2075 2526 2103 2554 ››
2135 2505 2297 2569 Quod
2321 2504 2446 2561 sine
2471 2503 2770 2573 dilatione,
2795 2521 2930 2560 cum
2957 2509 3173 2562 terrore
3193 2506 3556 2579 compulsus,

1910 2597 2037 2648 tum
2067 2597 2124 2648 et
2160 2593 2444 2666 regnandi
2493 2593 2815 2666 cupiditate
2851 2594 3162 2666 deceptus,
3225 2594 3556 2668 complevit.

1912 2683 2031 2738 Hoc
2077 2683 2274 2755 itaque
2319 2679 2643 2751 interfecto,
2675 2683 2864 2739 factus
2904 2686 3002 2740 est
3029 2683 3361 2757 imperator.
3394 2686 3560 2742 Basi-

1911 2771 2048 2828 lius.

1989 2863 2074 2916 10.
2108 2861 2231 2934 (Αη.
2263 2863 2548 2931 886-912).
2583 2862 2845 2935 Denique
2876 2879 3054 2934 parvo
3083 2867 3378 2921 transacto
3408 2867 3560 2922 tem-

1916 2965 2074 3021 pore,
2097 2949 2235 3006 huic
2265 2951 2541 3007 dominus
2565 2955 2763 3006 noster
2783 2951 2955 3006 Jesus
2984 2949 3250 3016 Christus
3277 2969 3380 3024 per
3397 2953 3564 3010 visio-

163 3036 339 3109 diquc
369 3054 512 3110 pace
540 3038 738 3094 habita
756 3043 955 3095 sancte
987 3039 1216 3111 etjustc
1233 3038 1547 3094 Grecorum
1574 3038 1810 3111 regebat
1919 3053 2051 3093 nem
2078 3037 2595 3110 apparuit,domini
2627 3039 2805 3111 hujus
2835 3039 3224 3111 imperatoris,
3267 3041 3438 3112 cujus
3459 3042 3563 3099 hic

157 3124 499 3201 imperium.
515 3125 1074 3201 Porphyrogenitum
1093 3132 1286 3184 autem
1305 3144 1420 3182 non
1447 3127 1505 3182 in
1529 3143 1808 3199 purpura,

1919 3125 2078 3184 necis
2107 3131 2308 3185 auctor
2338 3127 2626 3196 extiterat,
2677 3129 2970 3183 dexteram
2991 3169 2995 3176 ς
3017 3131 3268 3196 tamens,
3309 3144 3563 3202 eumque

160 3217 261 3272 sed
292 3217 352 3272 in
386 3216 559 3272 domo
593 3234 705 3292 quo
725 3218 1021 3289 Porphyra
1040 3217 1273 3284 dicitur,
1298 3221 1503 3272 natum
1525 3215 1797 3289 apello.Ei

1921 3216 2003 3270 ita
2053 3215 2436 3276 conveniens:
2500 3224 2576 3272 ἵνα.
2645 3223 2692 3272 τί
2737 3224 3064 3288 ἔσφαζες.τὸν
3119 3224 3360 3285 δεσπότην
3391 3219 3562 3277 ³⁸-πῦ

160 3305 440 3387 quoniam
473 3321 565 3362 res
605 3307 892 3388 processit
923 3306 1295 3378 inmedium,
1347 3306 1489 3378 quid
1527 3306 1598 3361 de
1629 3305 1808 3378 hujus
1840 3292 1894 3364 C,
1923 3304 2164 3377 βασιλέαῖ
2195 3327 2224 3355 ‹‹
2255 3305 2353 3360 ina
2378 3303 2424 3363 ti
2473 3304 2692 3365 esfases
2720 3307 2821 3373 ton
2851 3303 3120 3376 despotin
3165 3321 3234 3360 su
3278 3305 3498 3362 basilea
3528 3329 3557 3358 ››

158 3395 638 3476 Porphyrogeniti
670 3395 868 3469 genesi
897 3395 1250 3466 audivimus,
1285 3395 1670 3468 proferamus.

225 3487 292 3540 7..
313 3484 734 3562 Constantinus
754 3486 1066 3558 imperator
1096 3489 1405 3558 angustus,
1421 3501 1489 3541 ex
1510 3486 1678 3556 cujus
1700 3503 1806 3540 no-

159 3576 314 3630 mine
330 3573 867 3646 constantinopolis
883 3580 973 3630 est
995 3574 1200 3631 sortita
1217 3573 1564 3630 vocabulum
1582 3573 1804 3642 civitas,

157 3651 404 3721 τόυόἴκον
431 3672 628 3732 τούτον,
687 3668 789 3719 ton
836 3663 965 3720 icon
1015 3667 1241 3732 touton,
1302 3663 1358 3718 id
1419 3668 1510 3718 est
1565 3663 1806 3719 domum

160 3754 352 3825 istam,
385 3753 654 3808 edificare
678 3753 882 3825 jussit,
915 3753 1009 3809 cui
1043 3753 1339 3826 Porphyra
1378 3769 1590 3808 nomen
1642 3753 1806 3824 inpo-

161 3843 302 3912 suit;
325 3842 510 3912 voluit
527 3859 640 3914 que
654 3859 1058 3919 successuram
1075 3841 1401 3899 nobilitatis
1413 3859 1530 3898 sua:
1545 3841 1806 3920 sobolem

157 3931 282 3999 istic
300 3932 359 3987 in
391 3921 583 3988 lucem
613 3919 1304 4007 prodire,‘quatinus,qui
1336 3948 1442 3994 suo
1463 3947 1534 3987 ex
1563 3935 1807 3988 stemate

160 4012 556 4093 nascerentur,
577 4019 882 4090 luculenta,
902 4021 1011 4077 hac
1042 4019 1387 4094 apellatione
1418 4021 1809 4093 Porphyroge-

161 4112 262 4167 niti
289 4111 644 4176 dicerentur.
670 4110 831 4166 Unde
851 4115 908 4166 et
928 4110 1084 4166 hunc
1109 4109 1574 4177 Constantinum,
1601 4109 1806 4165 Leonis

158 4199 526 4274 imperatoris
558 4197 843 4269 ﬁlium,ex
863 4201 990 4272 ejus
1018 4199 1302 4273 sanguine
1317 4198 1583 4255 nonnulli
1605 4198 1812 4259 dicunt.

159 4290 441 4364 originem
496 4290 728 4368 ducere,
786 4290 1015 4372 Veritas
1065 4293 1260 4359 autem
1307 4289 1387 4345 rei
1418 4289 1600 4359 hujus
1633 4287 1716 4343 ita
1743 4304 1806 4344 se
1839 4345 1842 4347 Α

159 4379 349 4436 habet.

224 4471 276 4524 8.
297 4468 552 4544 Basilius
568 4467 887 4540 imperator
907 4472 1214 4542 angustus,
1241 4485 1382 4531 avus
1401 4467 1602 4539 hujus,
1625 4467 1809 4522 Mace-

158 4558 327 4635 donia
337 4554 548 4643 humili
574 4559 764 4625 fuerat
783 4559 1056 4632 prosapia
1073 4557 1377 4629 oriundus,
1394 4556 1807 4629 descenditque

1918 3395 2070 3467 quod
2106 3399 2231 3450 est:
2265 3398 2331 3448 ut
2359 3393 2500 3466 quid
2531 3391 3214 3462 interfecistidominum
3246 3398 3424 3450 tuum.
3448 3395 3580 3452 im»

1918 3482 2283 3556 peratorem?
2317 3506 2344 3533 »
2394 3482 2844 3555 Expergefactus
2871 3480 3090 3555 itaque,
3111 3483 3365 3550 .tantise
3396 3499 3568 3541 reum.

1919 3573 2077 3628 novit
2107 3590 2237 3629 esse
2286 3577 2521 3640 reatus;
2555 3587 2804 3644 moxque
2851 3571 2932 3627 ad.
2956 3588 3096 3642 sese.
3132 3572 3561 3646 rediens,.quid

1918 3679 2095 3734 super
2123 3662 2232 3718 hoc
2263 3663 2475 3718 faceret
2500 3661 2816 3735 cogitabat.
2835 3661 3206 3727 Confortatns
3235 3662 3432 3735 itaque
3453 3663 3564 3720 hac

1917 3751 2147 3808 Domini
2178 3751 2367 3807 nosrri
2399 3767 2501 3823 per
2531 3749 2876 3824 prophetam
2909 3749 3128 3817 salubri
3160 3753 3219 3806 et
3243 3767 3375 3815 vere
3401 3768 3568 3808 acea-

1918 3839 2125 3912 ptabili
2157 3839 2568 3912 promissione,
2601 3838 2740 3912 quia
2763 3860 2791 3890 «
2823 3839 2881 3894 in
2915 3856 3288 3912 quacumque
3317 3840 3409 3896 die
3439 3858 3567 3914 pec-

1918 3933 2077 3991 cator
2128 3927 2500 4001 ingemuerit,
2530 3927 2727 3983 salvus
2759 3928 2868 3982 erit
2904 3928 3117 4000 (Ezech.
3163 3943 3362 3996 xxxm,
3397 3929 3506 4000 12),
3531 3949 3560 3980 ι)

1917 4034 2051 4072 cum
2073 4017 2331 4072 lacrimis
2357 4020 2414 4072 et
2443 4015 2759 4088 gemitibus
2785 4032 2847 4070 se
2873 4019 3255 4086 peccatorem,
3277 4031 3340 4071 se
3371 4032 3562 4082 reum,

1918 4124 1978 4162 se
2001 4106 2307 4179 sanguinis
2331 4104 2657 4160 innocentis
2677 4104 2990 4158 eﬂ‘usorem
3007 4120 3136 4159 esse
3152 4104 3560 4162 confitebatur.
3580 4143 3585 4148 -

1917 4196 2073 4251 Bono
2087 4200 2280 4250 autem
2295 4193 2538 4250 consilio
2551 4197 2808 4264 accepto,
2821 4191 3043 4246 amicos
3063 4190 3172 4246 sibi
3195 4192 3268 4247 de
3288 4207 3564 4252 mamona

1915 4281 2243 4356 iniquitatis
2260 4282 2546 4348 eli'ecerat,
2563 4284 2629 4334 ut
2639 4296 2785 4352 quos
2809 4277 2903 4334 hic
2925 4277 3348 4350 temporalibus
3365 4279 3561 4336 subsi-
3582 4321 3588 4326 η

1916 4373 2030 4426 diis
2043 4369 2459 4442 consolaretur,
2475 4384 2677 4425 eorum
2695 4367 2966 4440 precibus
2979 4368 3284 4423 abaaterno
3297 4367 3562 4440 gehenne

1916 4458 2183 4516 incendio
2213 4457 2583 4513 liberaretur.
2608 4455 2959 4512 Frabricavit
2983 4458 3180 4511 autem
3201 4455 3480 4528 prmeioso
3505 4461 3564 4513 et
3607 4499 3612 4504 .

1918 4547 2172 4606 mirabili
2223 4561 2392 4619 opere
2421 4533 2613 4618 'justa,
2648 4545 2976 4619 palatium,
3006 4544 3309 4601 orientem.
3333 4561 3561 4618 versus,-

157 4635 719 4728 Constantinopolim
760 4658 849 4716 τῆς
877 4655 1140 4722 πτοχείαςλ
1192 4647 1269 4712 tis
1317 4646 1603 4719 ptochias,
1634 4647 1805 4718 quod
1836 4663 1884 4728 Β
1905 4637 2234 4708 _mcclesiam
2267 4636 2680 4728 quamuNean,
2715 4635 2826 4728 hoc
2855 4639 3211 4728 estnovum,
3239 4637 3466 4728 vocant,
3501 4651 3561 4691 1n
3598 4667 3606 4683 ι

156 4742 239 4794 est
263 4727 646 4818 paupertatis,
670 4737 838 4816 jugo,
871 4741 942 4802 ut,
965 4738 1200 4806 cuidam
1231 4735 1803 4808 serviretigumeno,

1914 4729 2194 4788 honore.”
2225 4727 2463 4785 .summi
2515 4725 2830 4782 ctcelestis
2881 4723 3093 4788 militis
3123 4724 3432 4798 principis,
3465 4742 3558 4781 ar~

156 4826 210 4882 id
239 4823 338 4908 est
359 4813 580 4894 abbati.
615 4813 800 4900 Igitur
849 4827 1166 4900 imperator
1195 4824 1484 4892 Michahel
1521 4823 1621 4896 qui
1662 4828 1803 4882 tunc
1914 4818 2180 4892 changeli
2212 4815 2576 4886 Michahelis,
2608 4815 2709 4888 qui
2739 4815 2914 4872 Grece
2940 4813 3379 4888 archistratigos
3411 4814 3563 4888 apel.
3591 4843 3597 4859 κ

154 4915 430 4996 temporis
446 4907 590 4998 erat,
611 4932 744 4994 cum
764 4917 1044 4973 orationis
1062 4915 1278 4990 gratias
1291 4915 1363 4971 ad
1379 4913 1803 4972 monasterium
1845 4969 1850 4971 _
1911 4909 2085 4969 latur.
2129 4967 2131 4969 ,

154 5005 303 5074 istud
311 5005 395 5096 ,in
417 5022 536 5092 quo
661 5005 1066 5076 ministrabat,
1083 5003 1631 5073 descenderet,vidit
1645 5003 1803 5060 hunc

1985 4999 2071 5055 11.
2092 4997 2256 5053 Nunc
2281 4997 2475 5052 autem
2491 5010 2609 5050 non
2628 4993 2826 5067 pigeat
2847 4991 3108 5049 libellulo
3122 4992 3262 5058 huic
3277 5008 3370 5048 res
3383 4991 3558 5074 duas,

1501 5153 1740 5236 vitam
1792 5148 2205 5238 LEQTIONES.

217 5299 260 5334 ²²
285 5297 616 5356 sanctisimi
647 5299 702 5355 1.
777 5301 821 5335 ’3
852 5299 1098 5356 mutrice
1129 5301 1180 5355 1.
1217 5299 1444 5355 mittere
1474 5299 1508 5354 3
1539 5296 1778 5354 muttire
1805 5297 1858 5352 5.
1893 5293 2132 5351 muttire
2159 5307 2301 5367 corr.
2339 5288 2619 5367 mut_ire_5
2645 5304 2702 5367 _a.
2776 5287 2821 5322 ²⁴
2849 5285 3186 5367 ζιβῴθῢειιυιξ
3205 5283 3556 5367 βοτη-δεξε-

153 5368 318 5444 batur
347 5373 419 5444 1.7
479 5369 818 5444 iusiclusuras
846 5373 870 5428 1
905 5391 917 5442 ;
943 5372 1033 5429 sed
1063 5374 1216 5443 infra
1246 5389 1372 5444 cap.
1398 5371 1484 5428 13.
1519 5369 1735 5426 clusas.

1913 5411 1924 5422 .
1951 5371 1991 5422 t.
2017 5381 2165 5421 voces
2193 5363 2530 5444 cahazreﬂtcs
2549 5361 2612 5414 in
2635 5361 2684 5436 1.
2707 5357 3275 5444 nec-distinguenda,
3331 5357 3374 5392 ³⁷
3394 5357 3556 5430 prin;

155 5441 374 5522 cipatur
398 5443 443 5500 Ι.
523 5442 566 5477 ²⁸
590 5467 672 5528 rw:
700 5468 748 5500 τι
775 5429 974 5518 autparte;
1002 5469 1087 5502 τον
1118 5429 1193 5509 de:
1225 5429 1420 5508 desim;
1473 5444 1509 5498 5
1536 5444 1612 5504 5a
1638 5450 1797 5515 εσφαζε

1913 5447 2005 5497 zcst
2035 5439 2069 5494 3
2093 5439 2182 5508 3a,
2217 5441 2352 5494 etc-
2402 5434 2446 5469 ²⁹
2473 5432 2772 5488 hononore
2805 5429 2857 5486 4.

1724 5593 1980 5670 ΝοΤΑσρ.Ι

218 5709 326 5786 (53)
359 5710 522 5771 Obiit
552 5727 648 5770 an.
679 5711 807 5770 959.
841 5733 848 5738 -

1982 5707 2104 5782 (54),
2125 5706 2356 5766 Crasso.
