4050 6404
405 407 521 471 795
1361 397 1832 465 LIUTPRANDI
1875 395 2424 462 CREMONENSIS
2469 399 2840 465 EPISCOPI.
3693 400 3848 465 796

407 560 556 618 quas
581 539 843 615 ejusdem
865 534 1064 595 Basilii
1084 535 1264 604 filius,
1287 537 1646 593 memoratus
1667 534 1779 591 Leo
1802 532 2047 606 impera-
2072 528 2129 597 A
2158 532 2316 591 Iesus
2338 552 2713 610 exeas,quam
2735 537 2792 594 id
2813 535 3160 610 percontari,
3183 532 3283 594 tibi
3307 537 3676 596 commodius
3698 539 3834 609 est,

409 638 501 691 tor
529 634 840 705 augustus,
872 627 1157 685 memoria
1205 627 1448 698 risuque
1477 625 1688 698 dignas
1718 624 1855 696 egit,
1891 623 2041 679 inse-

2161 626 2287 681 Non
2356 643 2517 698 aeque
2573 643 2698 694 VOS,
2731 639 2783 684 σὲ
2815 636 2876 692 εἷς
2907 628 2948 662 ³¹
3008 638 3100 696 τὴν
3131 636 3345 700 φιλάκτ,ν
3374 638 3456 684 καὶ
3482 635 3634 685 αὐτὸν
3664 637 3728 692 εἰς
3757 638 3838 685 τὸ

405 715 1502 789 rere.Constantinopolitanaurbs,qua3
1522 715 1685 786 prius
1699 713 2044 778 Bizantium,
2157 724 2580 789 χρυσοτρίκλινον,
2625 734 2685 772 se
2713 718 2761 772 is
2792 718 2875 771 tin
2921 716 3120 773 filakin
3151 719 3224 772 ke
3269 721 3446 772 auten
3477 718 3526 773 is
3557 722 3618 774 to
3655 719 3832 774 chri-

405 829 551 868 nova
582 825 738 865 nunc
769 808 982 864 dicitur
1005 808 1208 871 Roma,
1240 805 1392 860 inter
1422 804 1812 860 ferocissimas
1845 807 2048 874 gentes

405 906 494 956 est
527 898 863 956 constituta.
890 895 1295 966 Habetquippe
1313 895 1383 949 ab
1399 893 1671 965 aquilone
1695 891 2042 963 Hungarios,

403 991 732 1054 Pizenacos,
774 987 1080 1050 Chazaros,
1108 984 1317 1040 Rusios
1349 999 1497 1053 quos
1529 982 1641 1036 alio
1673 998 1779 1035 nos
1811 981 2047 1034 nomine

403 1079 810 1134 Nordmannos
832 1074 1218 1146 appellamus,
1243 1076 1417 1142 atque
1461 1069 1763 1142 Bulgarios
1796 1068 2042 1122 nimium

405 1168 515 1224 sibi
547 1167 806 1233 vicinos;
841 1165 913 1219 ab
944 1163 1165 1217 oriente
1195 1161 1418 1233 Bagdas
1448 1178 1460 1224 ;
1499 1160 1646 1214 inter
1679 1158 1962 1212 orientem
1991 1160 2047 1210 et

406 1255 707 1312 meridiem
729 1253 936 1326 Egypti
959 1251 1386 1321 Babiloniaeque
1405 1250 1450 1283 ³ο
1476 1248 1726 1313 incolas;
1752 1264 1784 1300 a
1804 1245 2046 1299 meridie

399 1362 532 1400 vero
581 1343 831 1398 Africam
864 1341 1040 1395 habet
1089 1343 1144 1394 et
1192 1339 1552 1393 nominatam
1599 1334 1760 1390 illam
1794 1333 2042 1388 nimium

398 1435 649 1490 vicinam
683 1432 913 1502 sibique
944 1427 1292 1483 contrariam
1326 1424 1579 1480 insulam
1614 1427 1793 1477 Crete.
1837 1424 2044 1476 Cratere

397 1540 532 1578 vero
564 1539 691 1594 quae
721 1524 861 1576 sunt
881 1520 993 1574 sub
1013 1518 1215 1573 eodem
1240 1515 1472 1570 climate
1502 1513 1789 1576 nationes,
1809 1510 2043 1565 Armeni

400 1611 642 1678 scilicet,
675 1611 899 1675 Perses,
933 1605 1189 1670 Chaldei,
1223 1603 1456 1674 Avasgi,
1506 1602 1642 1656 huic
1687 1599 2041 1655 deserviunt.

402 1700 612 1756 Incolae
644 1698 895 1768 denique
941 1693 1190 1750 civitatis
1239 1693 1437 1762 hujus,
1471 1691 1642 1745 sicut
1690 1692 2042 1744 memoratas

399 1792 602 1861 gentes
617 1784 926 1841 divitiisita
937 1782 1111 1838 etiam
1135 1778 1420 1852 sapientia
1441 1776 1893 1848 superexellunt.
1916 1776 2035 1830 Mo-

400 1876 482 1933 ris
507 1875 722 1948 quippe
735 1889 934 1929 eorum
959 1876 1065 1938 est,
1083 1868 1414 1925 neavicinis
1427 1867 1700 1940 gentibus
1713 1865 2042 1964 obpriman-
2074 1900 2120 1964 Β

395 1963 767 2038 tur;singulis
777 1962 1107 2035 quibusque
1119 1959 1388 2014 noctibus
1400 1974 1502 2029 per
1513 1957 1690 2011 totius
1701 1955 1946 2011 civitatis
1963 1953 2048 2007 bi-

395 2047 1357 2123 vium,trivium,quadruviumque
1369 2050 1623 2102 armatos
1639 2044 1854 2100 milites
1868 2061 2046 2099 causa

397 2143 788 2202 custodiendae
807 2137 1182 2209 civitatis,qui
1202 2153 1330 2192 eam
1345 2134 1671 2208 invigilent,
1687 2133 2043 2204 ponere.Fit-

397 2252 530 2308 que,
550 2236 614 2288 ut
629 2231 678 2288 si
692 2235 824 2304 post
843 2225 1256 2300 crepusculum
1273 2241 1632 2296 quemquam
1662 2221 2042 2277 deambulan-

395 2329 514 2382 tem
528 2323 722 2394 aliquo
740 2319 1013 2376 custodes
1027 2315 1392 2381 olI'enderint,
1411 2317 1617 2384 captus
1631 2314 1898 2383 protinus
1918 2328 2042 2364 ver-

395 2412 750 2483 beribusque
764 2425 932 2465 cesus
964 2405 1230 2461 custodia
1257 2401 1542 2474 pervigili,
1577 2399 1958 2471 compedibus
1987 2399 2042 2453 in

394 2517 621 2558 carcere
633 2494 1156 2568 strictus,usquein
1170 2492 1490 2549 crastinum
1504 2491 1575 2546 ad
1599 2489 1899 2560 publicum
1914 2506 2043 2560 pro-

396 2589 700 2648 ducendus
723 2590 1002 2643 servetur.
1023 2584 1139 2638 Hoc
1161 2582 1413 2653 denique
1431 2583 1596 2650 pacto
1621 2595 1733 2633 non
1759 2577 1949 2633 solum
1972 2578 2042 2632 ab

396 2679 690 2742 hostibus,
721 2691 924 2730 verum
970 2673 1145 2727 etiam
1179 2689 1213 2725 a
1242 2670 1570 2725 latronibus
1615 2668 1801 2722 inlesa
1840 2666 2043 2722 civitas

397 2766 747 2825 custoditur.
777 2764 891 2818 Leo
923 2762 1121 2832 itaque
1151 2760 1468 2831 imperator
1487 2760 1772 2830 augustus
1799 2756 2041 2827 vigilum

398 2857 574 2912 fidem
623 2849 1128 2920 constantiamque
1157 2847 1402 2918 probare
1431 2845 1652 2911 volens,
1703 2845 1864 2901 solus
1912 2848 2043 2916 post

395 2939 810 3016 crepusculum
833 2956 863 2994 e
885 2937 1100 3011 palatio
1121 2937 1502 3002 descendens,
1536 2935 1606 2991 ad
1640 2935 1887 3006 primam
1916 2951 2039 3005 per-

397 3031 553 3089 venit
580 3027 924 3086 custodiam.
943 3027 1123 3091 Quem
1143 3027 1207 3080 ut
1236 3024 1439 3097 vigiles
1456 3023 1778 3097 fugientem
1794 3028 1853 3079 et
1873 3023 2041 3094 quasi

396 3125 554 3178 metu
577 3137 640 3176 se
669 3116 1060 3174 declinantem
1075 3114 1364 3182 viderunt,
1384 3113 1892 3186 comprehensum,
1910 3111 2042 3183 quis

396 3213 550 3267 esset
579 3225 765 3282 quove
815 3209 1099 3279 pergeret,
1128 3203 1580 3275 interrogarunt.
1615 3202 1743 3269 Qui,
1778 3220 1808 3256 e
1840 3200 2042 3256 multis

2158 803 2516 871 sotriclinon,
2551 810 2606 860 te
2639 805 2697 860 in
2729 821 2974 869 carcere,
3009 811 3065 862 et
3114 806 3282 861 illum
3313 808 3369 861 in
3420 824 3667 862 aureum
3701 808 3830 863 tri-

2158 893 2419 959 clinium,
2457 894 2686 950 fortuna
2739 895 2904 949 fovet.
2961 895 3143 950 Parva
3174 901 3314 950 sunt
3349 895 3490 960 haec,
3539 897 3829 967 graviora

2158 983 2445 1036 addantur
2459 982 2710 1044 vincula,
2746 1001 2817 1038 nc
2841 983 2915 1038 sit
2941 986 3199 1054 spatium
3225 985 3294 1039 de
3323 985 3672 1057 imperatore
3693 1004 3835 1042 me-

2156 1070 2400 1124 ditandi.
2439 1094 2464 1118 n
2497 1071 2599 1126 Cui
2635 1095 2662 1120 ‹‹
2696 1071 2924 1136 Desine,
2961 1072 3170 1142 inquit,
3199 1074 3400 1129 desine
3426 1093 3437 1141 ;
3463 1073 3590 1145 ipse
3647 1076 3817 1130 enim

2157 1177 2286 1214 sum
2302 1161 2412 1215 Leo
2438 1160 2751 1232 imperator
2773 1161 3190 1233 augustus,qui
3209 1164 3279 1217 de
3304 1161 3500 1234 palatii
3517 1165 3818 1236 dignitate

2156 1266 2269 1303 non
2304 1249 2452 1303 bono
2483 1251 2676 1304 omine
2709 1251 2918 1321 prodii.
2955 1273 2982 1298 ››
3031 1251 3290 1306 Carceris
3341 1256 3535 1308 autem
3582 1258 3814 1323 custos,

2155 1354 2397 1408 sperans
2430 1355 2542 1391 non
2591 1355 2725 1392 vera
2754 1355 2881 1393 esse
2931 1356 3056 1410 qua:
3107 1339 3368 1394 dixerat:
3421 1363 3447 1390 «
3481 1342 3667 1414 Egon,
3720 1345 3814 1398 in-

2154 1426 2301 1495 quit,
2334 1426 2631 1481 hominem
2663 1427 2962 1498 inpurum,
2997 1428 3149 1482 bona
3181 1446 3287 1483 sua
3318 1446 3450 1484 cum
3481 1432 3813 1487 meretrici-

2151 1515 2262 1569 bus
2284 1514 2760 1587 abligurrientem
2790 1516 3194 1588 imperatorem
3221 1518 3494 1574 credam?
3514 1520 3812 1584 Quoniam

2150 1608 2329 1658 temet
2359 1608 2422 1658 tu
2456 1603 2754 1675 neglexisti
2790 1623 2891 1676 pro
2923 1609 2978 1660 te
3009 1621 3114 1678 ego
3148 1606 3449 1678 dispitiam
3487 1610 3807 1667 mathesin.

2153 1692 2306 1747 Mars
2330 1694 2613 1765 trigonus,
2641 1695 2928 1749 Saturnus
2952 1694 3234 1750 Venerem
3259 1697 3514 1767 respicit,
3537 1697 3819 1771 Juppiter

2151 1782 2490 1852 quadratus,
2545 1783 2868 1838 Mercurius
2921 1783 3026 1838 tibi
3077 1783 3282 1853 iratus,
3336 1785 3431 1840 Sol
3489 1788 3811 1856 rotundus,

2152 1875 2312 1926 Luna
2343 1871 2400 1925 in
2433 1872 2585 1928 saltu
2619 1875 2726 1938 est,
2762 1872 2916 1927 mala
2944 1876 3200 1929 Fortuna
3222 1877 3276 1928 te
3307 1875 3539 1946 premit.
3565 1898 3592 1925 ››
3622 1877 3817 1950 Impe-

2157 1963 2313 2014 rator
2340 1977 2473 2015 vero
2501 1979 2558 2015 :«
2591 1961 2682 2028 Ut,
2714 1961 2926 2033 inquit,
2959 1978 3095 2017 vera
3117 1963 3328 2034 probes
3350 1979 3478 2020 esse
3497 1981 3626 2035 quae
3650 1966 3808 2035 dico,

2155 2047 2296 2102 dum
2327 2049 2671 2104 matutinale
2716 2050 2981 2105 dederint
3011 2050 3269 2121 signum,
3322 2055 3456 2107 ante
3485 2053 3642 2109 enim
3685 2072 3810 2111 non

2156 2137 2282 2191 ausi
2313 2155 2544 2206 sumus,
2578 2155 2806 2193 mecum
2838 2140 2909 2194 ad
2941 2139 3225 2211 palatium
3250 2140 3457 2212 potiori
3489 2159 3670 2214 quam
3696 2161 3809 2218 ego

2154 2226 2556 2281 descenderim
2597 2228 2791 2283 omine
2822 2228 3032 2284 venito.
3068 2229 3123 2283 Si
3159 2246 3250 2284 me
3291 2233 3356 2284 ut
3388 2230 3808 2304 imperatorem

2155 2333 2270 2370 non
2295 2315 2423 2370 istic
2445 2315 2621 2388 recipi
2641 2317 2874 2384 videris,
2900 2317 3298 2375 occidito.Non
3317 2319 3559 2375 minoris
3583 2323 3809 2396 quippe

2154 2403 2415 2459 criminis
2447 2405 2574 2459 erit.
2609 2422 2700 2460 me
2731 2406 3140 2477 imperatorem
3165 2406 3380 2463 dixisse
3412 2408 3462 2463 si
3493 2427 3608 2464 non
3642 2428 3806 2480 sum,

2155 2509 2329 2564 quam
2365 2493 2616 2565 aliquem
2639 2494 2938 2550 occidisse.
2974 2495 3032 2550 Si
3055 2512 3186 2550 vero
3220 2500 3274 2551 te
3306 2497 3376 2552 ob
3400 2497 3457 2552 id
3481 2498 3619 2553 mali
3640 2500 3808 2572 quic-

2154 2599 2331 2653 quam
2364 2583 2481 2654 pati
2514 2584 2814 2649 formidas,
2864 2583 2985 2638 haec
3024 2584 3188 2639 fatiat
3218 2585 3361 2640 mihi
3410 2591 3562 2643 Deus
3590 2593 3648 2644 et
3679 2589 3808 2646 haec

2153 2672 2346 2739 addat,
2381 2672 2428 2726 si
2463 2689 2578 2727 non
2601 2673 2793 2744 potius
2820 2673 3126 2744 praemium
3149 2690 3326 2745 quam
3358 2691 3460 2746 pro
3491 2677 3601 2731 hac
3624 2695 3685 2733 re
3707 2697 3809 2735 su-

2154 2777 2276 2815 mes
2303 2759 2671 2832 supplitium.
2708 2784 2734 2812 »
2783 2762 2967 2833 Igitur
2995 2761 3270 2818 credulus
3302 2765 3548 2820 carceris
3598 2771 3807 2823 custos

2152 2851 2410 2916 effectus,
2439 2849 2596 2915 dato,
2629 2855 2694 2905 ut
2725 2850 3041 2921 imperator
3080 2850 3319 2917 dixerat,
3354 2854 3689 2909 matutinali
3721 2857 3806 2911 si-

2151 2953 2284 3009 gno,
2318 2955 2450 2993 eum
2485 2939 2552 2992 ad
2593 2937 2874 3010 palatium
2924 2955 3110 3009 usque
3160 2939 3486 2996 comitatur.
3536 2943 3809 3017 Cumque

2153 3027 2353 3082 eodem
2383 3027 2656 3092 venisset,
2709 3025 3056 3082 mirabiliter
3085 3026 3235 3082 sicut
3266 3045 3298 3082 a
3329 3045 3390 3084 se
3422 3033 3808 3089 noscentibus

2151 3120 2480 3184 susceptus,
2508 3116 2779 3171 comitem
2799 3131 2971 3171 suum
2995 3116 3388 3171 exanimatum
3413 3118 3808 3179 admiratione

2153 3203 2336 3259 nimia
2355 3203 2628 3259 reddidit.
2655 3205 2805 3260 Sane
2827 3204 2967 3259 dum
2991 3204 3304 3276 dignitaies
3327 3222 3528 3264 omnes
3553 3207 3690 3265 huic
3713 3229 3809 3267 oc-

395 3265 676 3356 unum‘se
706 3265 837 3353 esse
886 3265 954 3351 et
982 3293 1231 3364 lupanar
1259 3296 1474 3365 petere,
1509 3292 1672 3347 dixit.
1724 3291 1828 3346 Cui
1862 3308 2033 3346 mox:
2071 3265 2114 3332 C
2153 3293 2454 3362 currere”,
2491 3292 2692 3347 laudes
2725 3292 2984 3360 reddere,
3037 3294 3305 3364 adorare,
3353 3312 3552 3352 soccos
3605 3298 3805 3354 detra-

396 3413 424 3440 «
457 3392 664 3444 Cesum
693 3390 751 3441 te
782 3384 1010 3449 acriter,
1042 3382 1336 3452 inquiunt,
1370 3381 1864 3452 compedibusque
1905 3379 2038 3435 stri-

395 3481 554 3533 ctum
588 3489 778 3544 usque
808 3472 866 3526 in
917 3470 1240 3525 crastinum
1271 3470 1720 3525 reservabimus.
1758 3492 1784 3518 »
1817 3469 2038 3535 Quibus

390 3562 726 3636 respondit:
765 3581 792 3610 «
823 3572 919 3627 Μὴ,
948 3567 1172 3630 ἀδελφοῖ,
1205 3569 1291 3628 μὴ,
1326 3558 1404 3612 mi
1431 3558 1623 3625 adelli,
1657 3559 1736 3613 mi
1768 3559 1922 3629 quod
1957 3558 2040 3612 in-

387 3653 770 3724 terpretatur;
806 3663 1202 3718 nequaquam,
1237 3646 1467 3710 fratres,
1501 3663 1910 3718 nequaquam:
1945 3665 2037 3701 ac-

388 3739 561 3812 cipite
591 3737 746 3809 quod
796 3737 981 3806 porto,
1027 3733 1344 3805 permittite
1373 3734 1453 3788 ire
1511 3751 1624 3805 quo
1665 3733 1812 3791 volo.
1871 3756 1899 3783 »
1931 3735 2039 3797 Qui

390 3826 695 3884 duodecim
732 3823 986 3896 acceptis
1008 3823 1360 3889 aureis,eum
1379 3823 1648 3894 protinus
1668 3823 2036 3878 dimiserunt.

391 3917 532 3973 Inde
559 3931 694 3971 vero
715 3913 1030 3981 transiens,
1061 3912 1132 3967 ad
1165 3911 1482 3967 secundam
1511 3911 1668 3967 venit
1689 3913 2037 3969 custodiam.

394 4006 517 4070 Quo
540 4002 1038 4077 quemadmodum
1061 4005 1117 4056 et
1146 4000 1205 4055 in
1228 3999 1419 4073 prima
1437 4003 1659 4072 captus,
1680 4001 1951 4073 datisque
1977 4004 2042 4056 10

390 4093 585 4150 aureis
616 4096 704 4149 est
725 4090 1118 4147 dimissus.Ad
1135 4089 1364 4145 tertiam
1379 4088 1588 4144 deinde
1601 4089 1740 4144 dum
1762 4089 2037 4158 venisset,

389 4187 479 4240 est
507 4185 754 4255 captus:
789 4196 992 4236 verum
1025 4195 1142 4234 non
1186 4183 1254 4233 ut
1283 4178 1472 4250 primo
1504 4195 1568 4233 ac
1601 4179 1856 4234 secundo
1889 4179 2040 4235 datis

389 4271 582 4329 aureis
608 4274 698 4327 est
728 4269 1040 4336 dimissus;
1075 4268 1175 4324 sed
1198 4267 1408 4323 ablatis
1430 4267 1722 4339 omnibus,
1745 4269 2040 4341 compedi-

387 4363 615 4434 busque
647 4358 900 4432 graviter
931 4357 1195 4426 strictus,
1219 4355 1428 4428 pugois
1455 4356 1773 4428 ﬂagrisque
1797 4358 1898 4413 diu
1923 4374 2044 4413 ver-

388 4451 652 4518 beratus,
683 4447 955 4505 custodia
986 4463 1172 4518 usque
1195 4446 1252 4500 in
1277 4445 1600 4501 crastinum
1631 4448 2041 4518 producendus

390 4542 674 4595 aervatur.
698 4537 800 4592 His
822 4537 1018 4608 itaque
1042 4534 1499 4601 discedentibus,
1528 4536 1830 4590 custodem
1863 4535 2045 4609 impe-

2147 3382 2305 3449 here,
2339 3381 2452 3436 alia
2482 3384 2655 3452 atque
2686 3380 2799 3436 alia
2828 3398 2931 3452 pro
2967 3397 3028 3436 se
3048 3398 3406 3455 quemquam
3439 3385 3624 3441 facere
3653 3404 3805 3444 con-

2148 3470 2546 3542 templaretur,
2575 3471 2756 3525 emori
2776 3471 2826 3525 ei
2850 3474 2988 3525 tunc
3010 3474 3184 3542 atque
3203 3471 3391 3528 vivere
3413 3475 3599 3530 satius
3617 3482 3796 3533 esset.

2148 3559 2251 3614 Cui
2285 3559 2599 3629 imperator
2622 3575 2634 3613 :
2663 3581 2691 3609 ‹‹
2711 3558 3135 3631 Contemplare,
3161 3560 3371 3632 inquit,
3396 3580 3550 3618 nunc
3573 3565 3800 3622 mathe-

2148 3647 2238 3702 sin
2251 3651 2307 3702 et
2324 3647 2370 3702 si
2388 3664 2517 3702 vere
2540 3665 2655 3719 quo
2677 3647 2792 3702 huc
2813 3648 3112 3704 adveneris
3136 3650 3330 3705 omine
3351 3646 3797 3720 dixeris,vera1ﬁ

2148 3739 2203 3790 te
2217 3753 2368 3808 angu
2379 3737 2540 3790 randi
2562 3736 2863 3791 scientiam
2879 3737 3091 3793 habere
3105 3737 3398 3809 probabis.
3415 3740 3582 3797 Prius
3598 3746 3797 3800 tamen

2151 3842 2369 3896 quasso,
2404 3825 2544 3896 quid
2578 3825 2765 3880 morbi
2799 3825 2893 3893 sit,
2929 3826 3210 3897 proferas,
3243 3829 3396 3899 quod
3428 3833 3484 3884 te
3519 3834 3637 3886 tam
3669 3833 3798 3904 pal-

2151 3914 2337 3968 lidum
2379 3913 2654 3979 reddidit,
2688 3936 2716 3962 »
2749 3914 2888 3968 Cui:
2939 3915 3252 3972 Parcarum
3273 3918 3339 3984 ³³,
3390 3917 3541 3987 infit,
3575 3921 3802 3978 obtima

2151 4001 2312 4057 Cloto
2335 4003 2460 4073 jam
2484 4017 2618 4057 nere
2642 4001 2884 4072 desinit;
2912 4003 3184 4060 Lachesis
3214 4022 3346 4062 vero
3375 4007 3433 4062 in
3469 4011 3800 4082 torquendo

2150 4091 2415 4146 laborare
2446 4091 2699 4162 amplius
2750 4108 2865 4146 non
2919 4093 3100 4165 cupit,
3133 4095 3438 4162 sevissima
3465 4103 3661 4154 autem
3693 4100 3799 4156 ha-

2151 4196 2284 4234 rum
2313 4181 2558 4250 Atropos
2581 4179 2856 4237 articulos
2875 4181 3000 4251 jam
3024 4181 3084 4237 in
3106 4183 3401 4240 condilum
3421 4187 3533 4259 (55)
3557 4187 3740 4245 solam
3757 4191 3802 4225 3"

2151 4267 2379 4341 imperii
2412 4269 2496 4323 tui
2528 4269 2877 4325 sententiam
2910 4275 3194 4342 expectat,
3227 4277 3291 4328 ut
3319 4274 3419 4330 fila
3448 4277 3801 4336 contrahens

2150 4361 2404 4429 rumpat.
2464 4357 2809 4414 Palliditatis
2851 4363 3047 4416 autem
3095 4361 3291 4417 vultus
3323 4363 3436 4419 mei
3479 4382 3657 4422 causa
3686 4373 3796 4435 est,

2153 4447 2410 4502 animam
2438 4464 2472 4502 a
2501 4447 2687 4520 capite
2711 4448 3103 4518 descendisse,
3128 4467 3444 4524 secumque
3478 4454 3535 4509 in
3567 4454 3801 4512 inferio-

2152 4552 2275 4591 rem
2306 4536 2563 4608 corporis
2583 4540 2802 4609 partem
2828 4539 3173 4612 sanguinem
3195 4543 3556 4612 perduxisse.
3593 4567 3620 4595 »
3647 4546 3797 4601 Sub-

391 4632 548 4683 rator
579 4627 648 4681 ad
683 4643 808 4681 sese
838 4624 1083 4680 carceris
1113 4641 1356 4679 vocans:
1390 4646 1416 4673 ››
1474 4632 1595 4679 ψίλε
1629 4650 1742 4693 μου,
1798 4624 1891 4678 {ile
1919 4645 2041 4696 mu,
2075 4637 2121 4701 D
2154 4626 2349 4680 ridens
2382 4626 2560 4697 igitur
2589 4626 2937 4699 imperator:
2965 4651 2992 4678 «
3028 4629 3258 4702 Recipe,
3280 4631 3490 4704 inquit,
3514 4634 3798 4704 animam,

392 4716 550 4789 quod
580 4719 668 4770 est
720 4715 906 4769 amice
936 4713 1036 4780 mi,
1072 4713 1280 4784 inquit,
1331 4713 1582 4767 Leonem
1631 4713 2038 4783 imperatorem

392 4802 628 4861 nostin?
656 4834 722 4843 —
755 4801 884 4868 Qui,
911 4801 1058 4869 infit,
1094 4818 1331 4858 noscere
1363 4801 1609 4873 possim,
1632 4818 1804 4873 quem
1829 4804 2042 4861 vidisse

393 4911 485 4950 me
504 4910 619 4949 non
639 4889 1048 4948 meminerim?
1072 4891 1152 4944 Ad
1181 4889 1480 4960 publicum
1501 4891 1810 4958 sanc,'rar0
1836 4910 2039 4964 quam-

391 4999 594 5056 quam,
627 4983 770 5038 dum
805 4977 1082 5052 procedit,
1107 4978 1348 5050 alonge,
1374 4979 1777 5051 quia,proptcr
1794 4998 2038 5053 nequeo,

392 5089 526 5128 cum
559 5072 817 5138 intueor,
858 5067 1124 5124 mirabile
1169 5068 1450 5140 quiddam
1505 5072 1563 5123 et
1595 5085 1710 5122 non
1742 5068 2040 5126 hominem

392 5162 585 5217 videre
613 5159 829 5217 videor.
864 5158 1012 5215 Dare
1044 5161 1240 5214 autem
1271 5161 1328 5213 te
1353 5173 1611 5229 operam,
1647 5173 1761 5228 quo
1794 5157 1929 5214 hinc
1959 5160 2043 5214 in-

2153 4715 2360 4786 recipc,
2377 4719 2433 4769 et
2453 4732 2586 4769 cum
2610 4715 2719 4770 hac
2741 4715 3004 4774 bisbinas
3017 4735 3324 4775 aureorum
3339 4720 3519 4779 libras
3531 4724 3803 4793 adsume;

2152 4804 2297 4860 nulli
2328 4820 2459 4860 vero
2483 4805 2553 4860 de
2584 4822 2697 4870 me,
2731 4804 2843 4860 nisi
2874 4806 3194 4880 aufugisse,
3228 4813 3603 4882 respondeas.
3632 4836 3660 4863 »
3707 4815 3806 4870 [lis

2152 4895 2235 4948 ita
2264 4893 2464 4966 gestis,
2498 4893 2815 4965 imperator
2840 4895 3066 4968 vigiles,
3089 4898 3188 4970 qui
3211 4917 3272 4955 se
3293 4905 3530 4973 captum
3559 4903 3805 4960 dimise-

2153 4987 2302 5053 rant,
2333 4983 2549 5055 quique
2581 5001 2794 5039 cmsum
2826 4986 3102 5041 custodias
3151 4989 3573 5062 manciparent,
3606 4992 3808 5051 venire

2151 5072 2425 5145 precepit.
2460 5072 2681 5136 Quibus
2708 5076 2764 5128 et
2787 5074 2869 5129 ait
2893 5091 2904 5129 :
2930 5098 2956 5125 «
2991 5076 3386 5149 Vigilantibus
3417 5081 3582 5137 vobis
3615 5087 3809 5140 custo-

2152 5161 2428 5233 diamque
2481 5161 2696 5218 civitati
2731 5163 3146 5238 praebentibus,
3178 5170 3465 5241 numquid
3499 5171 3656 5229 fures
3689 5172 3804 5228 ali-

1755 5301 1994 5358 VARI/E
2033 5303 2440 5360 LECTIONES.

467 5417 512 5451 ³ο
528 5416 981 5489 bahilioniaeque
1012 5420 1037 5472 1
1071 5418 1161 5472 55.

398 5487 699 5543 conditum
730 5487 914 5544 solam
946 5491 982 5544 5
1007 5490 1098 5544 5a.

1239 5417 1280 5452 ³¹
1312 5418 1369 5472 et
1400 5417 1449 5470 1.
1526 5416 1570 5450 ³³
1601 5431 1836 5474 occurre
1871 5421 1893 5474 1
1973 5421 2017 5454 ⁸³
2047 5438 2253 5493 parcar
2300 5437 2500 5477 earum
2534 5422 2560 5476 1
2616 5421 2678 5476 in
2706 5421 2913 5480 duabus
2945 5425 3124 5482 lineis.
3201 5429 3246 5463 δ’*
3275 5428 3536 5486 articulis
3558 5431 3686 5502 jam
3721 5433 3806 5489 in-

1985 5587 2214 5644 NOTfE.

473 5682 585 5755 (55)
618 5681 680 5738 Id
711 5686 801 5739 est
832 5681 1106 5740 articulos
1139 5684 1354 5741 forficis
1377 5683 1504 5753 jam
1535 5683 1594 5740 in
1624 5701 1804 5743 manu
1835 5688 2071 5747 curvata
2097 5686 2374 5759 (κόνδυλος)
2403 5690 2627 5743 tenens.
