4050 6388
126 425 260 486 ’ῖ97

1125 423 1743 488 ANTAPODOSEOS
1789 424 1997 487 LIBRI
2041 424 2210 488 SEX.
2242 460 2320 472 —
2349 427 2494 490 LIB.
2542 429 2589 490 I.

3441 432 3560 492 798

126 557 381 633 quando
414 555 830 631 adulterosque
860 557 1198 616 OﬂenditiS?
1228 581 1257 610 »
1289 559 1397 627 Olli
1429 577 1561 617 eum
1593 559 1792 634 praetio
1820 558 1878 626 Α
1908 571 2013 636 ret,
2046 580 2356 622 aureorum
2382 567 3102 625 numismatorumlibram
3119 570 3557 641 pectoriunius-

131 653 382 722 accepto
415 647 872 716 dimiserant,nil
895 665 958 705 se
978 649 1195 706 vidisse
1225 651 1645 722 responderant
1658 651 1704 686 3‘
1724 653 1750 676 *
1784 669 1797 719 ;

131 740 239 812 qui
294 757 430 795 vero
483 756 698 795 caesum
748 739 916 794 illum
958 739 1238 796 custodia:
1268 741 1693 812 manciparant,
1721 741 1802 796 ita

129 829 572 900 responderant
613 830 698 885 35:
751 851 779 877 «
829 829 1105 900 Praecepit
1169 837 1395 886 δεσποτία
1439 841 1525 902 cog
1580 838 1614 898 ἡ
1667 840 1796 900 ἅγια,

130 919 412 991 despotia
441 917 536 973 sui
569 918 717 988 agia,
755 919 808 973 id
843 921 933 973 est
982 917 1303 974 dominatio
1335 923 1434 974 tua
1478 925 1700 988 sancta,
1735 924 1801 974 ut

134 1008 186 1063 si
201 1007 416 1079 vigiles
430 1010 564 1079 post
585 1006 999 1078 crepusculum
1019 1024 1374 1080 quemquam
1390 1008 1586 1080 aliquo
1606 1011 1800 1064 deam-

134 1097 451 1152 bulantem
473 1097 852 1160 offenderent,
867 1101 1103 1168 captum
1118 1096 1385 1168 protinus
1426 1097 1796 1152 verberibus-

135 1202 490 1256 quecaasum
515 1185 788 1241 custodia:
805 1187 1116 1241 traderent.
1153 1186 1514 1256 I‘uisitaque,
1540 1187 1800 1241 domina-

137 1280 234 1330 tor
254 1274 701 1343 sanctissime“,
727 1275 1097 1346 jussionibus
1119 1293 1225 1330 nos
1239 1275 1797 1348 parentes,hac,quee

137 1368 495 1435 praesentem
522 1365 1003 1436 praecessitdiem,
1038 1369 1204 1420 nocte
1235 1366 1528 1437 quendam
1552 1364 1797 1436 lupana-

139 1455 229 1509 ria
251 1459 697 1527 percurrentem
721 1454 1798 1527 cepimus,flagellavimus,carcerique

139 1543 497 1616 impositum
530 1544 773 1616 imperio
803 1549 900 1600 tuo
922 1549 1122 1600 sancto
1147 1545 1585 1617 producendum
1610 1560 1800 1600 serva-

138 1633 358 1689 vimus.
395 1656 424 1682 »
457 1633 682 1698 Quibus
729 1633 1080 1706 imperator:
1117 1658 1145 1685 «
1179 1634 1322 1702 Cito,
1370 1633 1584 1706 inquit,
1635 1638 1700 1689 ut
1737 1633 1796 1688 in

142 1723 413 1779 medium
435 1722 813 1795 producatur,
847 1727 1104 1795 potestas
1125 1721 1485 1795 imperiimei
1510 1722 1684 1779 etiam
1717 1726 1799 1777 at-

141 1829 258 1884 que
289 1813 471 1868 etiam
494 1813 761 1884 imperat.
789 1834 815 1861 ››
839 1813 953 1868 Nec
971 1829 1155 1878 mora,
1188 1812 1418 1868 vinctus
1439 1816 1502 1868 ut
1523 1813 1794 1879 ducatur,

143 1913 525 1982 percurrunt.
553 1913 734 1977 Quem
761 1911 903 1966 dum
917 1911 1216 1984 aufugisse
1237 1911 1796 1978 audirent,semivivi
1831 1934 1875 2000 Β

144 2001 217 2056 ad
269 1999 559 2072 palatium
605 2003 745 2056 sunt
787 2000 1020 2055 reversi.
1054 2001 1217 2063 Quod
1264 2017 1398 2056 cum
1428 2000 1804 2056 nuntiassent

143 2089 514 2161 imperatori,
545 2104 677 2143 mox
707 2089 1024 2161 imperator
1053 2105 1114 2144 se
1143 2093 1382 2144 exutum
1408 2089 1700 2160 nimisque
1729 2088 1802 2145 iis

145 2195 353 2234 cesum
405 2178 722 2233 ostendens
760 2195 772 2233 :
826 2200 852 2226 ››
897 2187 1063 2246 Δεύτε,
1111 2179 1302 2248 dcute,
1348 2179 1406 2232 id
1457 2183 1545 2233 est
1591 2177 1799 2248 venite,

146 2267 366 2337 inquit,
401 2278 472 2338 μὴ
500 2274 806 2336 διληασέται,
834 2267 914 2321 mi
947 2266 1416 2335 diliasete,nolite
1444 2267 1760 2323 formidare
1786 2285 1798 2335 ;

147 2358 275 2428 ipse
305 2373 415 2429 ego
446 2373 580 2412 sum
612 2373 785 2428 quem
818 2355 1483 2429 ﬂagellastis,quemque
1513 2375 1543 2412 e
1575 2374 1802 2413 carcere

148 2463 310 2502 nunc
341 2445 646 2518 aufugisse
675 2444 987 2502 conﬁditis.
1012 2445 1142 2500 Scio
1174 2446 1330 2501 enim
1361 2449 1418 2501 et
1446 2463 1578 2501 vere
1609 2447 1801 2512 credo,

148 2535 306 2608 quod
340 2551 460 2590 non
493 2535 902 2607 imperatorem
945 2535 1044 2590 sed
1096 2535 1466 2606 imperatoris
1496 2535 1803 2591 inimicum

147 2625 397 2680 tundere
438 2624 762 2696 cogitastis.
800 2623 1137 2695 Hosquime
1160 2641 1273 2678 non
1294 2624 1802 2696 utimperatorem,

151 2715 252 2770 sed
269 2713 642 2769 utlatronem
672 2713 904 2785 viteque
923 2729 1063 2768 mea:
1081 2713 1481 2769 insidiatorem
1506 2713 1802 2784 dimisere,

154 2806 520 2858 mortetenus
549 2802 880 2858 verberatos
912 2802 1055 2857 urbe
1080 2801 1308 2874 expelli,
1356 2802 1645 2875 bonisque
1677 2821 1804 2859 om-

157 2892 331 2948 nibus
364 2891 602 2964 privari,
634 2907 764 2946 mea
794 2908 908 2946 non
942 2890 1133 2946 solum
1181 2891 1359 2963 cupit,
1395 2908 1596 2946 verum
1627 2893 1803 2948 etiam

151 2980 323 3052 jubet
353 2979 692 3036 auctoritas.
725 2980 840 3034 Vos
888 2983 1083 3036 autem
1115 2981 1263 3036 meis
1289 2997 1403 3035 non
1455 2979 1668 3046 solum,
1703 2983 1804 3037 sed

163 3069 376 3126 horum
425 3070 605 3126 etiam
653 3081 1057 3141 perversorum
1105 3069 1322 3124 divitiis
1371 3070 1542 3125 dono.
1572 3091 1600 3120 »
1644 3072 1806 3136 Quod

165 3176 343 3231 quam
393 3160 709 3232 prudenter
738 3159 937 3232 egerit,
968 3158 1287 3230 paternitas
1326 3162 1427 3214 tua
1457 3158 1517 3214 in
1549 3160 1659 3215 hoc
1691 3161 1809 3215 ani-

165 3249 522 3304 madvertere
553 3249 781 3320 poterit,
834 3248 1110 3320 quoniam
1146 3247 1333 3302 caeteri
1363 3251 1572 3304 extunc
1604 3249 1803 3305 civita-

164 3342 280 3393 tem
311 3337 764 3411 diligentissime
795 3337 1108 3403 custodire,
1137 3337 1293 3392 hunc
1309 3337 1486 3392 etiam
1503 3339 1803 3395 absentem

165 3427 331 3499 quasi
363 3430 707 3499 praesentem
739 3443 990 3498 sperare.
1041 3427 1252 3498 Sicque
1285 3427 1505 3482 factum
1537 3432 1626 3484 est
1657 3433 1720 3484 ut
1751 3434 1808 3484 et

163 3515 740 3588 imperatoramplius
753 3517 825 3570 de
848 3515 1060 3587 palatio
1079 3519 1254 3571 noctu
1279 3532 1392 3569 non
1407 3516 1803 3586 descenderet,

163 3610 218 3660 et
245 3605 335 3660 sui
368 3605 567 3660 omnia
596 3603 841 3659 ﬁdeliter
870 3603 1252 3658 custodirent.

234 3696 318 3748 12.
369 3693 564 3748 Alium
609 3710 782 3765 quem
831 3693 956 3765 ipse
1005 3693 1122 3764 egit
1159 3692 1386 3760 ludum,
1425 3693 1655 3750 silentio
1687 3696 1804 3768 tegi

165 3784 486 3840 absurdum
517 3799 646 3838 esse
674 3781 950 3853 dijudico.
976 3782 1686 3854 Constantinopolitanum
1712 3803 1808 3856 pa-

162 3873 365 3929 latium
394 3873 467 3930 ob
499 3871 868 3944 imperatoris
885 3871 1137 3927 salutem
1165 3871 1486 3927 multorum
1519 3873 1804 3945 prazsidiis

165 3963 414 4019 militum
436 3960 784 4018 custoditur.
816 3959 1290 4017 Custodientibus
1305 3977 1438 4017 vero
1459 3961 1648 4018 victus
1669 3979 1802 4019 cen-

163 4068 378 4125 susque
389 4049 744 4108 cottidianus
763 4067 877 4105 non
896 4067 1108 4123 parvus
1122 4049 1536 4122 inpenditur”.
1551 4052 1805 4126 Contigit

163 4141 374 4215 itaque,
431 4144 496 4196 12
523 4144 656 4213 post
700 4139 960 4213 corporis
1008 4139 1379 4195 refectionem
1428 4140 1487 4195 in
1527 4141 1654 4213 ipso
1687 4143 1800 4197 diei

162 4232 376 4288 fervore
405 4245 525 4286 una
551 4228 612 4285 in
644 4229 816 4285 domo
851 4227 1310 4301 quiescere.Mos
1333 4228 1586 4301 denique
1614 4231 1800 4302 impe-

162 4319 367 4376 ratoris
385 4317 771 4387 erat,lcunctis
784 4316 1224 4389 quiescentibus
1255 4320 1442 4372 totum
1465 4321 1798 4391 perreptare

159 4407 574 4484 palatium.Qui
604 4423 740 4463 cum
770 4407 993 4471 eodem,
1028 4406 1121 4461 die
1153 4407 1410 4478 quadam
1444 4423 1560 4478 quo
1599 4410 1662 4462 12
1683 4424 1800 4463 me-

160 4499 364 4556 morati
392 4497 625 4554 loathmo
649 4497 761 4568 (56)
794 4511 922 4552 sese
943 4495 1624 4567 dederant,pcrvenisset,
1641 4495 1797 4570 ligno

160 4589 400 4657 modico,
436 4591 501 4643 ut
548 4603 663 4642 non
713 4585 1047 4653 incallidus,
1097 4585 1232 4640 ostii
1265 4586 1500 4658 pessulo
1542 4588 1797 4659 projecto

1911 659 2197 730 cujusque
2226 657 2498 730 apposuit
2515 659 2597 728 33;
2632 676 2882 732 moxque
2925 659 3076 716 clam
3107 657 3429 734 regressus,
3462 682 3556 721 os-

1909 749 2078 816 tium,
2130 753 2195 804 ut
2225 749 2389 821 prius
2432 749 2639 817 fuerat,
2674 749 2902 805 clausit.
2937 751 3015 807 Eo
3048 757 3242 808 autem
3274 753 3383 809 hoc
3415 756 3554 829 egit,

1910 838 2189 910 quatinus
2220 839 2413 894 exitati
2448 839 2558 910 (37)
2605 843 2662 894 et
2692 839 2762 895 de
2809 840 2973 895 lucro
3004 842 3458 913 gratularentur,
3490 862 3556 900 ac

1911 927 2159 999 qualiter
2181 928 2288 982 hoc
2318 929 2606 984 accideret
2635 946 2748 984 non
2781 929 3154 987 mediocriter
3177 932 3552 990 mirarentur.

1909 1017 2169 1089 Denique
2201 1017 2534 1076 discedente
2564 1018 2930 1090 imperatore,
2966 1021 3064 1092 qui
3093 1021 3234 1094 vigil
3268 1022 3431 1079 solus
3457 1041 3554 1080 ex-

1909 1108 2106 1161 titerat
2154 1107 2429 1175 surrexit,
2474 1108 3009 1181 dormientiumque
3037 1128 3314 1168 nummos
3345 1130 3552 1170 aureos

1910 1196 2019 1250 sibi
2051 1197 2386 1268 adsumpsit
2439 1201 2611 1269 atque
2644 1199 2938 1269 reposuit;
2973 1205 3176 1270 postea
3205 1218 3337 1256 vero
3369 1204 3550 1273 quieti

1907 1302 2033 1341 sese
2055 1286 2247 1340 dedit.
2272 1287 2776 1358 lmperatorigitur
2806 1305 2910 1360 pro
2925 1289 3032 1344 hoc
3055 1289 3193 1344 ludo
3230 1291 3516 1348 sollicitus
3545 1338 3555 1359 ,

1909 1377 2043 1444 post
2072 1389 2284 1426 nonam
2318 1373 2521 1428 horam
2558 1375 2622 1428 12
2639 1373 2748 1430 hos
2767 1392 2915 1446 quos
2938 1377 3370 1435 nominavimus
3386 1381 3458 1434 ad
3491 1397 3553 1436 se

1906 1459 2102 1515 venire
2145 1461 2434 1532 praecepit,
2491 1478 2706 1533 eosque
2763 1464 2846 1519 ita
2888 1467 3154 1521 convenit
3194 1484 3265 1520 :«
3300 1468 3360 1523 Si
3407 1469 3553 1524 forte

1906 1553 2166 1605 vestrum
2199 1550 2534 1622 quempiam
2565 1552 2779 1606 somnii
2811 1553 2955 1608 visio
2988 1555 3266 1611 deterruit
3284 1561 3388 1612 aut
3411 1557 3555 1613 hila-

1908 1656 2031 1695 rem
2064 1639 2334 1708 reddidit,
2368 1643 2434 1694 ut
2464 1641 2522 1695 in
2555 1641 2816 1696 medium
2840 1643 3092 1713 proferat
3118 1661 3248 1700 mea
3260 1645 3428 1715 jubet
3451 1665 3552 1703 au-

1908 1729 2182 1796 ctoritas;
2217 1745 2322 1785 nec
2355 1729 2552 1785 minus
2586 1730 2764 1786 etiam
2791 1729 2840 1786 si
2875 1732 3015 1803 quid
3049 1732 3321 1790 novitatis
3352 1751 3552 1807 exper-

1907 1818 2168 1889 gefactus
2200 1817 2515 1889 quisquam
2546 1819 2711 1887 vidit,
2749 1825 2814 1876 ut
2843 1821 3092 1892 detegat,
3123 1822 3389 1894 imperat.
3426 1847 3455 1874 »
3486 1825 3556 1880 Hi

1908 1907 2126 1979 itaque,
2153 1909 2653 1979 quemadmodum
2669 1909 3114 1977 nihilviderant,
3141 1911 3221 1967 nil
3254 1930 3316 1968 se
3341 1914 3559 1970 vidisse

1911 1997 2332 2068 responderant
2361 1997 2426 2051 3°.
2461 1997 2648 2070 Magis
2682 2002 2878 2054 autem
2911 2016 3090 2072 super
3117 2000 3226 2057 hoc
3259 2003 3554 2071 admirati,

2091 2131 2481 2181 Conticuere...
2515 2132 2810 2196 intentique
2840 2147 2936 2184 ora
2963 2135 3219 2186 tenebant
3249 2137 3369 2199 (58).

1913 2267 2167 2338 Sperans
2185 2265 2363 2338 igitur
2376 2266 2451 2320 im
2461 2266 2824 2338 perator,hos
2839 2284 2954 2323 non
2979 2269 3059 2323 rei
3083 2267 3315 2326 inscitia
3327 2272 3428 2327 sed
3444 2272 3557 2328 cal-

1912 2355 2136 2411 liditate
2167 2355 2366 2427 aliqua
2396 2354 2654 2426 reticere,
2679 2373 2996 2412 suscensus
3019 2357 3064 2392 ‘0
3093 2362 3182 2414 est
3209 2363 3275 2414 ut
3303 2360 3403 2433 qui
3436 2378 3556 2418 ma-

1913 2445 2024 2518 gis,
2051 2443 2318 2516 cepitque
2331 2443 2613 2499 nonnulla
2633 2444 2918 2500 terribilia
2934 2446 3308 2504 reticentibus
3321 2451 3556 2506 commi-

1915 2533 2062 2589 nari.
2115 2533 2277 2598 Quod
2321 2531 2421 2604 qui
2474 2533 2738 2588 omnium
2787 2535 3056 2590 conscius
3090 2541 3214 2591 erat
3239 2542 3302 2592 ut
3337 2539 3558 2594 audivit

1916 2622 2256 2694 hujusmodi
2289 2621 2620 2678 humillima
2641 2627 2698 2678 et
2727 2623 2975 2695 supplici
2998 2625 3555 2699 voceimperatorem

1915 2712 2219 2768 convenit:
2271 2735 2298 2761 ››
2328 2719 2611 2785 Φιλάθροπε
2639 2721 2854 2785 βανιλεῦ,
2921 2712 3272 2788 ﬁlanthrope
3315 2718 3557 2786 vasileu,

1918 2803 1973 2856 id
2005 2807 2093 2857 est
2142 2801 2571 2857 humanissime
2619 2801 2954 2874 imperator,
3005 2803 3066 2858 hi
3113 2805 3255 2876 quid
3287 2807 3557 2876 viderint,

1916 2890 2149 2959 nescio;
2177 2907 2283 2963 ego
2320 2895 2512 2945 tamen
2547 2890 2907 2957 delectabile,
2941 2896 3116 2965 atque
3147 2893 3375 2950 utinam
3403 2899 3558 2969 quod

1915 2996 2172 3051 persaepe
2202 2979 2346 3034 mihi
2379 2979 2760 3051 contingeret,
2787 2981 3082 3036 somnium
3113 2982 3252 3038 vidi.
3280 2983 3558 3041 Undecim

1916 3069 2008 3124 his
2040 3068 2332 3124 conservis
2365 3069 2511 3123 meis
2543 3068 2716 3124 hodie
2744 3085 2876 3124 vere
2907 3069 3006 3123 sed
3047 3071 3085 3104 ⁴¹
3123 3087 3238 3126 non
3272 3077 3556 3144 oportune

1917 3157 2366 3225 dormientibus,
2398 3156 2560 3212 visus
2591 3173 2747 3224 sum,
2781 3158 2948 3229 quasi
2984 3175 3098 3214 non
3129 3159 3445 3228 dormiens,
3469 3163 3558 3217 vi-

1920 3246 2272 3320 gilare.Ecce
2293 3250 2488 3302 autem
2517 3246 2859 3317 magnitudo
2889 3247 3115 3318 imperii
3149 3249 3234 3303 tui
3266 3250 3434 3321 quasi
3464 3267 3559 3307 oc-

1919 3335 2072 3392 culte
2113 3336 2330 3391 ostium
2362 3351 2651 3406 reserans,
2685 3334 3134 3408 clanculumque
3165 3337 3450 3410 ingressa,
3484 3339 3558 3394 li-

1915 3426 2083 3481 bram
2107 3425 2234 3481 auri
2255 3425 2528 3496 adposuit
2557 3441 2740 3497 supra
2759 3428 2962 3497 pectus
2987 3425 3250 3482 omnium
3266 3432 3556 3485 nostrum.

1915 3516 2179 3587 Cumque
2205 3514 2518 3586 imperium
2550 3518 2719 3569 tuum
2753 3515 2920 3586 quasi
2952 3515 3563 3590 repedare,sotiosque

1915 3605 2024 3660 hac
2056 3604 2113 3659 in
2163 3603 2385 3659 visione
2433 3620 2733 3659 cernerem
2777 3604 3112 3671 dormitare,
3147 3607 3426 3662 continuo
3456 3625 3560 3664 ceu

1914 3692 2065 3748 lctus
2114 3708 2420 3765 exurgens,
2473 3693 2744 3748 undecim
2791 3693 3209 3749 dormientium
3249 3713 3559 3753 aureorum

1915 3783 2413 3839 numismatorum
2441 3781 2622 3838 libras
2655 3781 2782 3850 tuli,
2808 3799 3054 3855 meoque
3087 3784 3146 3838 in
3165 3786 3484 3858 marsupio,
3502 3787 3559 3841 in

1914 3889 2028 3945 quo
2060 3890 2178 3928 una
2198 3875 2340 3939 erat,
2357 3872 2622 3944 apposui,
2645 3871 2923 3944 quatinus
2941 3872 3013 3928 ob
3034 3875 3558 3946 transgressionem

1913 3961 2193 4034 decalogi,
2227 3978 2298 4016 ne
2330 3961 2521 4016 solum
2548 3965 2744 4016 essent
2781 3965 2861 4027 11,
2895 3978 3096 4016 verum
3126 3963 3198 4017 ad
3214 3964 3557 4020 memoriam

1913 4050 2310 4122 apostolorum
2361 4065 2492 4104 mea
2535 4065 2653 4103 una
2700 4047 2966 4104 adhibita
3003 4053 3202 4104 essent
3229 4055 3286 4106 et
3316 4051 3441 4122 ipse
3473 4055 3553 4107 12.

1910 4138 2069 4195 Visio
2099 4139 2241 4206 haec,
2290 4137 2606 4209 imperator
2650 4140 2917 4207 auguste,
2969 4137 3190 4192 bonum
3240 4138 3335 4207 sit,
3370 4156 3556 4212 usque

1912 4227 2083 4282 modo
2115 4243 2208 4282 me
2266 4243 2380 4282 non
2432 4224 2732 4294 deterruit,
2781 4225 2881 4280 sed
2925 4224 3172 4281 hilarem
3207 4227 3476 4284 reddidit.
3510 4231 3554 4285 0

1909 4315 2136 4370 utinam
2161 4312 2565 4386 interpretatio
2596 4312 2710 4370 alia
2741 4312 2986 4385 imperio
3024 4317 3126 4369 tuo
3157 4331 3274 4371 non
3305 4315 3550 4387 placeat.

1909 4405 2055 4460 Nam
2103 4408 2162 4460 et
2208 4419 2301 4459 me
2335 4412 2528 4474 μάντην
2556 4412 2639 4458 καὶ
2666 4410 2955 4475 ὀνιρόπολον
2987 4403 3214 4460 mantin
3260 4405 3330 4460 ke
3359 4405 3552 4462 oniro-

1909 4493 2103 4568 polon,
2156 4494 2214 4549 id
2265 4496 2355 4548 est
2384 4491 2648 4548 divinum
2674 4495 2732 4547 et
2761 4490 2975 4546 somnii
3003 4493 3388 4562 venditorem,
3421 4512 3550 4551 esse

1909 4584 2133 4657 liquido
2183 4585 2359 4655 patet.
2395 4604 2423 4630 »
2469 4580 2571 4637 His
2602 4580 2840 4648 auditis,
2870 4598 3084 4655 magno
3116 4585 3205 4638 est
3235 4581 3552 4656 imperator

157 4677 517 4752 ingrediendi
566 4675 678 4732 sibi
728 4676 952 4730 aditum
1001 4674 1269 4747 praebuit.
1332 4676 1610 4731 Undecim
1661 4695 1793 4733 vero
1822 4679 1870 4743 D
1901 4673 2185 4731 cachinno
2219 4672 2492 4737 inﬂatus;
2524 4687 2727 4725 verum
2758 4671 3130 4742 prudentiam
3164 4671 3344 4744 hujus
3375 4677 3551 4746 atque

157 4766 596 4833 dormientibus,
647 4768 714 4820 ut
760 4781 855 4821 ars
898 4768 1082 4820 artem
1141 4763 1364 4820 falleret
1411 4765 1793 4822 duodecimus
1903 4762 2358 4821 sollicitudinem
2389 4760 2522 4832 plus
2552 4759 2900 4826 admiratus,
2933 4761 3551 4833 protinusinﬁt.»An-

157 4855 387 4930 pervigil
437 4858 678 4914 stertere
743 4871 848 4910 ceu
895 4854 1193 4910 dormiens
1241 4859 1492 4926 ceperat,
1562 4859 1789 4912 contra-

1912 4854 2068 4909 tehac
2095 4863 2150 4908 σὲ
2205 4859 2316 4907 οὐτὲ
2348 4858 2539 4921 μάντην
2568 4861 2687 4907 οὼτε
2718 4858 3023 4922 όνιρόπολον,
3058 4869 3121 4907 se
3170 4853 3213 4887 ⁴²
3243 4857 3340 4908 ute
3379 4869 3550 4908 man-

155 4947 370 5020 ctisque
438 4945 499 5001 in
569 4944 776 5001 faciem
825 4943 1102 5011 brachiis,
1156 4947 1343 4999 totum
1393 4945 1547 5016 quod
1600 4946 1790 5018 impe-
1899 4944 1982 4999 tin
2016 4945 2113 4996 ute
2143 4939 2506 5012 oniropolon,
2539 4939 2597 4994 id
2625 4943 2714 4996 est
2744 4944 2798 4995 te
2830 4957 3018 5012 neque
3049 4941 3312 4996 divinum
3361 4958 3548 5012 neque

155 5040 300 5093 rator
327 5037 542 5092 faceret
572 5033 1021 5106 diligentissime
1043 5032 1465 5089 considerabat.
1483 5034 1787 5107 Ingressus
1900 5031 2111 5089 somnii
2137 5029 2498 5086 venditorem
2529 5030 3068 5097 esse,audivi.Hanc
3099 5046 3231 5084 vero
3254 5045 3377 5084 rem
3393 5045 3548 5084 nunc

154 5125 322 5200 igitur
348 5124 691 5198 imperator,
724 5125 866 5180 dum
898 5122 1228 5180 obdormire
1243 5126 1486 5179 cunctos
1500 5124 1788 5196 perspice-
1895 5123 1977 5178 ita
1997 5124 2194 5193 aperte
2226 5117 2389 5187 dixti,
2425 5122 2491 5173 ut
2520 5118 2662 5174 nihil
2696 5117 3542 5174 circuitionisususesses.Sed

293 5292 324 5312 ε
1441 5311 1450 5324 ,
1553 5267 1793 5324 VARle
1829 5263 2240 5324 LECTIONES.

219 5379 260 5412 3‘
287 5377 307 5399 *
348 5378 430 5432 ita
468 5377 520 5432 1.
596 5375 641 5410 ³⁵
671 5377 748 5431 ita
781 5377 832 5430 1.
908 5375 952 5409 ³⁸
984 5374 1324 5430 sanctisime
1363 5378 1406 5429 1.
1482 5375 1526 5409 ³⁷
1571 5376 1631 5431 C.
1681 5393 1734 5430 v.
1784 5393 1836 5430 v.
1885 5392 1937 5430 c.
1993 5391 2043 5428 c.
2077 5390 2136 5426 n.
2165 5388 2222 5442 p.
2255 5368 2295 5423 i.
2325 5368 2578 5444 desuntb
2605 5369 2676 5444 5a
2704 5367 2800 5422 ὃτι*
2828 5366 3032 5444 adsunt
3057 5367 3274 5444 incdit.
3307 5369 3544 5444 Hervag.

158 5449 196 5484 ³⁸
223 5447 490 5523 adposuit
517 5463 659 5503 corr.
694 5447 967 5521 apposuit
998 5449 1047 5502 1.
1123 5447 1168 5482 39
1196 5449 1277 5503 ita
1309 5451 1354 5502 1.
1432 5447 1476 5482 ⁸ο
1507 5463 1824 5504 succensus
1856 5463 1997 5502 corr.
2032 5439 2351 5500 suscensus
2389 5443 2435 5494 1.
2512 5439 2552 5473 ⁴¹
2587 5443 2675 5496 set
2701 5455 2842 5496 corr.
2879 5439 2978 5494 sed
3013 5441 3064 5496 1.
3095 5441 3140 5475 ⁴²
3174 5440 3320 5496 deest
3355 5445 3400 5496 I.

1765 5572 1997 5628 ΝΟΤίΕ.

223 5675 304 5744 (56
357 5673 419 5729 Id
450 5675 540 5729 est
568 5686 816 5728 sommo.
1969 5668 2084 5741 (58)
2117 5665 2276 5738 Virg.
2306 5664 2432 5721 ΕΠ.
2467 5680 2528 5734 ιι,
2570 5667 2616 5720 1.

226 5674 552 5821 (57);ld_est
581 5743 831 5801 excitati.

226 5743 552 5820 (57);ld_est
581 5743 831 5801 excitati.
