4050 6396
488 438 497 441 ,
524 370 651 445 183

544 512 2984 550 Μ

1243 689 1713 782 ΝΟΤΙΤΙΑ
1769 677 2715 775 BIBLIOGRAPHICA
2770 674 3227 763 ALTERA

1925 861 1998 918 IN
2040 853 2563 917 LIUTPRANDUM

1001 1006 1188 1097 (Apud
1220 1020 1550 1078 Fabricium
1581 1014 1915 1073 Bibliotheca
1953 1011 2151 1069 medim
2180 1017 2231 1067 et
2259 1010 2471 1080 inﬁma
2496 1005 2839 1073 Latinitatis,
2870 1006 3015 1060 tom.
3048 1000 3141 1069 IV,
3173 1015 3306 1074 pag.
3336 997 3490 1066 291.)

2040 1167 2451 1183 ﬂ

617 1317 1046 1381 Lunrpnannus,
1071 1311 1201 1368 aliis
1232 1307 1617 1380 Liutpramlus,
1669 1300 2051 1365 Litobrandus,
2084 1300 2191 1354 Eu-
2222 1296 2277 1363 Α
2305 1296 2431 1362 417,
2462 1292 2561 1350 ubi
2594 1291 2767 1381 etiam
2796 1289 2988 1347 varias
3035 1286 3315 1344 lectiones
3353 1301 3421 1341 ex
3462 1282 3656 1338 tribus
3683 1296 3837 1337 mss.
3873 1294 3973 1334 co-

546 1405 794 1472 tramius,
826 1407 957 1469 etc.,
990 1399 1314 1456 Trithemio
1345 1413 1465 1468 cap.
1502 1396 1626 1462 362,
1662 1410 1729 1449 ex
1759 1389 1936 1463 Papia
1964 1386 2196 1444 civitate

550 1504 835 1559 oriundus
860 1520 874 1569 ;
909 1500 1039 1556 aliis
1068 1497 1266 1553 minus
1298 1492 1677 1569 probabiliter
1705 1488 2195 1562 Hispanus,certe

552 1595 1266 1671 aLuitprandoToletano,
1286 1590 1481 1663 siquis
1498 1590 1625 1658 fuit,
1654 1584 1894 1643 diacono
1909 1584 2194 1649 diversus,

554 1694 730 1761 atque
761 1705 830 1743 ex
859 1686 1102 1741 diacono
1136 1680 1569 1739 Ticinensisiwe
1588 1676 1857 1750 Papiensi
1891 1675 2200 1747 cpiscopus

556 1774 966 1833 Cremonensis
988 1777 1043 1829 et
1064 1771 1293 1827 duabus
1310 1768 1698 1843 legationibus
1720 1761 2196 1833 Constantin0po.

560 1866 666 1921 lim
698 1864 1058 1938 perfunctus,
1093 1878 1209 1917 una
1239 1877 1273 1916 a
1301 1856 1645 1931 Berengario
1678 1855 1727 1911 ΙΙ
1761 1852 2097 1910 marchione
2129 1848 2200 1904 ad

562 1953 1010 2011 Constantinum
1057 1947 1615 2022 Porphyrogcnitum
1664 1944 1804 2016 imp.
1847 1960 1942 1998 an.
1990 1941 2115 2007 946,
2148 1941 2206 1994 et

566 2050 746 2106 altera
775 2048 847 2104 ab
866 2046 1088 2103 Othone
1109 2044 1292 2115 Iimp,
1310 2045 1553 2114 ejusque
1584 2039 1704 2095 ﬁlio
1726 2040 1798 2095 ad
1814 2037 2205 2110 Nicephorum

564 2148 817 2204 Phocam
849 2161 1001 2202 anno
1030 2143 1154 2198 968.
1187 2141 1268 2197 De
1300 2156 1366 2196 eo
1397 2139 1543 2196 satis
1584 2137 1891 2210 diligenter
1938 2135 2207 2192 Labbeus

564 2244 706 2294 tom.
743 2236 812 2303 ΙΙ,
836 2252 892 2307 p.
915 2235 1006 2305 33,
1039 2233 1109 2288 de
1148 2232 1208 2288 S.
1239 2231 1304 2286 E.
1332 2247 1346 2298 ;
1387 2229 1608 2284 Caveus
1640 2228 1710 2282 ad
1729 2244 1824 2282 an.
1855 2225 1995 2292 940;
2032 2224 2207 2278 Fran-

568 2338 757 2393 ciscus
785 2332 1011 2389 Arisius
1033 2331 1092 2384 in
1116 2344 1389 2385 cremona
1416 2325 1691 2392 litterata,
1723 2328 1865 2379 tom.
1901 2322 1944 2388 I,
1977 2336 2110 2393 pag.
2142 2321 2212 2374 58

568 2443 689 2499 seq.
709 2442 722 2493 ;
755 2428 930 2494 atque
953 2422 1013 2476 in
1035 2418 1244 2492 primis
1264 2414 1538 2471 Nicolaus
1551 2407 2209 2499 Antonius,VI,10,8ibl.

480 2540 487 2549 ·
567 2494 777 2569 veteris
809 2510 1098 2581 Hispana.
1118 2502 1365 2575 Scripsit
1393 2500 1731 2572 Sigebertus
1761 2514 1886 2569 cap.
1923 2497 2061 2552 1260
2088 2494 2213 2551 lau-

570 2613 770 2667 datam
802 2607 1099 2663 Historiam
1121 2602 1185 2658 de
1214 2600 1376 2672 gestis
1404 2614 1595 2669 regum
1622 2603 1673 2652 et
1696 2598 2089 2667 imperatorum
2128 2594 2218 2647 sui

2303 1382 2532 1438 dicibus
2562 1380 2703 1438 bibl.
2737 1380 3007 1436 Caesareae
3042 1375 3295 1448 reperies
3328 1391 3386 1445 p.
3417 1372 3577 1428 1078.

2374 1471 2683 1542 Legationis
2752 1468 2822 1523 ait
2883 1464 3247 1539 Nicephorum
3302 1462 3559 1529 Phocum,
3620 1475 3776 1515 anno
3850 1456 3966 1511 968

2307 1562 2608 1631 susceptae,
2636 1557 2924 1628 descriptio
2947 1554 3215 1611 dedicata
3243 1551 3570 1608 Othonibus
3596 1547 3894 1622 Augustis
3919 1550 3979 1601 et

2306 1646 2635 1704 Adelheidae
2665 1643 3044 1718 imperatrici,
3095 1641 3250 1697 edita
3301 1639 3559 1713 primum
3593 1638 3665 1694 ab
3712 1634 3979 1692 Henrico

2308 1734 2540 1793 Canisio
2553 1750 2689 1790 cum
2705 1731 3006 1788 Chronicis
3017 1729 3266 1786 Victoris
3279 1728 3607 1784 Tunnunen
3615 1725 3696 1783 sis
3710 1742 3779 1782 ac
3796 1725 3981 1781 Joan-

2310 1825 2402 1882 nis
2449 1822 2840 1891 Biclariensis,
2893 1824 2950 1877 et
2980 1820 3201 1893 synodo
3252 1816 3526 1873 Bavarica
3556 1833 3652 1872 an.
3705 1816 3825 1869 772
3857 1813 3974 1869 sub

2312 1912 2617 1970 Tassilonc
2634 1912 2800 1983 duce,
2824 1908 3141 1983 Ingolstad.
3160 1907 3465 1975 1600,4°,ct
3476 1905 3629 1978 apud
3648 1902 3982 1959 Baronium

2314 2004 2388 2059 ad
2419 2021 2513 2058 an.
2545 2003 2670 2068 968,
2704 2018 2763 2055 n.
2798 2000 2860 2055 11
2897 2015 3043 2069 seq.,
3078 1995 3215 2052 etin
3246 1994 3603 2067 Luitprando
3628 1989 3981 2058 Ramiserii,

2313 2093 2593 2162 Antuerp.
2630 2089 2767 2144 1640
2788 2086 2910 2154 fol.,
2935 2090 2994 2142 et
3026 2089 3186 2141 tomo
3219 2083 3475 2139 secundo
3504 2080 3792 2137 Thesauri
3833 2078 3982 2136 scri-

2323 2183 2553 2251 ptorum
2597 2175 2775 2232 Italiae
2834 2171 3236 2230 Muratoriani.
3296 2172 3360 2225 In
3410 2170 3519 2226 hac
3577 2168 3985 2241 descriptione

2320 2265 2532 2340 prioris
2565 2281 2686 2320 suae
2710 2261 3018 2336 legationis
3050 2259 3319 2316 meminit
3340 2257 3735 2331 Luitprandus
3759 2275 3824 2331 p.
3854 2258 3981 2325 115,

2321 2354 2458 2410 edit.
2491 2352 2691 2426 primm
2723 2351 2817 2406 his
2845 2348 3036 2406 verbis
3069 2348 3411 2419 Temporibus
3461 2349 3633 2403 beatae
3682 2347 3985 2402 meritoria?

2326 2442 2674 2499 Constantini
2698 2442 3043 2512 imperatoris
3060 2438 3165 2493 huc
3194 2434 3807 2510 (Constantinopolim)
3824 2451 3985 2491 vene-

2322 2548 2465 2601 ram,
2496 2547 2607 2588 non
2648 2531 2948 2602 cpiscopus,
2979 2527 3071 2584 sed
3093 2527 3394 2583 diaconus:
3423 2540 3522 2580 nec
3550 2525 3618 2581 ab
3646 2526 3987 2597 imperatore

2324 2627 2422 2678 aut
2449 2635 2591 2692 rege,
2624 2618 2716 2675 sed
2746 2636 2780 2674 a
2811 2618 3144 2689 Barengario
3172 2614 3737 2682 marchione'missus,
3775 2617 3891 2671 etc.

574 2699 851 2769 ιετηρονίδν
903 2711 1069 2765 quam
1124 2668 1427 2779 ““W‘w‘t
1456 2684 1924 2779 A"“."’°""“°”.'.ni_d
1956 2683 2220 2779 istm“:
2247 2668 2294 2733 Β
2324 2668 2841 2766 “"s.'.i.;"i;.;;."d:..;
2855 2668 3984 2779 asciae;iisiis...manus

577 2789 855 2844 bulionem
884 2783 1046 2854 (48'),
1090 2776 1385 2834 luculento
1429 2778 1485 2830 et
1534 2773 1754 2829 alterno
1786 2772 1899 2845 (49)
1937 2769 2107 2843 stylo,
2141 2771 2212 2826 ad

578 2881 1012 2957 Regimundum
1053 2877 1173 2949 [al.,
1223 2873 1656 2946 Roymundum,
1702 2871 1801 2937 aL,
1835 2870 2214 2925 Tractemun-

579 2975 740 3040 dum]
784 2970 1122 3043 episcopum
1172 2962 1536 3021 Eliberitanae
1595 2958 1860 3015 Ecclesiae
1927 2957 2218 3030 Hispano-

578 3078 731 3119 rum.
761 3060 919 3116 Idem
951 3072 1099 3129 opus
1146 3049 1505 3108 Trithemius
1555 3064 1888 3104 memorans
1915 3053 2116 3118 septem
2148 3047 2217 3100 ti-

579 3153 690 3208 bris
720 3142 800 3205 ait
847 3145 1204 3210 constitisse,
1240 3140 1341 3196 sed
1386 3154 1483 3194 sea:
1511 3140 1742 3193 tantum
1780 3136 1911 3191 libri
1956 3136 2016 3190 in
2046 3134 2219 3190 editis

577 3246 1040 3320 conspiciuntur,
1073 3256 1178 3295 nec
1210 3237 1354 3294 sexti
1386 3235 1520 3292 libri
1559 3233 1749 3306 capita
1778 3250 1877 3289 sex
1898 3232 2222 3304 posteriora

577 3342 717 3396 sunt
740 3337 811 3391 ab
841 3334 969 3406 ipso
1002 3327 1381 3400 Luitprando,
1412 3325 1512 3381 sed
1537 3324 1608 3380 ab
1630 3323 1743 3379 alio
1771 3322 1979 3379 deinde
1999 3321 2221 3390 addita,

578 3432 645 3484 ut
670 3423 940 3490 Vossius,
972 3434 1102 3492 pag.
1146 3418 1289 3482 345;
1318 3412 1596 3470 Baronius
1627 3412 1704 3468 ud
1754 3431 1847 3468 an.
1879 3414 2007 3482 963,
2053 3431 2218 3471 num.

575 3518 644 3584 3;
677 3512 931 3578 Mirasus,
964 3524 1090 3579 cap.
1123 3506 1230 3560 270
1272 3501 1551 3572 Auctarii,
1597 3501 1813 3573 aliique
1846 3516 2221 3565 monuerunt.

579 3615 845 3669 Fortasse
874 3603 1180 3662 historiam
1211 3599 1517 3673 legationis
1538 3598 1894 3671 posterioris,
1914 3599 1984 3654 de
2001 3598 2222 3670 quain-

580 3703 687 3768 fra,
720 3692 1079 3753 Trithemius
1109 3706 1212 3763 pro
1244 3688 1491 3762 septimo
1522 3688 1671 3744 libro
1698 3687 1923 3743 habuit.
1948 3687 2103 3743 Libri
2140 3687 2223 3743 illi

581 3806 681 3847 sex
711 3783 913 3857 scripti
942 3782 1094 3838 inter
1136 3797 1229 3836 an.
1279 3777 1382 3833 957
1413 3781 1469 3834 et
1503 3777 1610 3832 960
1642 3777 1823 3849 (PAGI,
1856 3776 1925 3832 ad
1971 3793 2062 3832 an.
2095 3778 2223 3845 963,

582 3898 640 3935 n.
674 3877 747 3950 3),
783 3880 839 3931 et
868 3890 961 3930 res
1007 3870 1319 3942 utriusque
1368 3867 1597 3940 imperii
1638 3867 1710 3923 ab
1742 3883 1836 3921 an.
1883 3866 1983 3921 891
2019 3867 2089 3921 ad
2118 3867 2226 3921 946

2325 2797 2624 2872 opuscula.
2657 2797 2872 2853 Caetera
2919 2794 3312 2868 supposititia,
3351 2794 3680 2864 Chronicon,
3714 2792 3791 2849 ab
3826 2809 3982 2849 anno

2325 2886 2538 2942 Christi
2567 2887 2673 2942 606
2694 2886 2764 2941 ad
2787 2886 2912 2953 960,
2945 2888 3002 2941 et
3030 2883 3357 2940 Adversaria
3386 2882 3546 2952 (49*),
3579 2882 3639 2937 in
3670 2883 3895 2955 quibus
3924 2897 3983 2954 p.

2327 2978 2429 3032 464
2463 2974 2680 3032 mentio
2702 2973 2971 3030 Chronici
2995 2973 3063 3030 ad
3090 2973 3387 3029 Heronium
3415 2976 3840 3028 Bracarencem
3864 2970 3984 3043 epi-

2327 3064 2911 3138 scopum,subjuncta
2941 3062 3117 3118 etiam
3155 3062 3227 3118 ad
3272 3060 3545 3117 eumdem
3576 3061 3986 3133 Epistota.Hzec

2329 3171 2463 3211 cum
2494 3154 2787 3227 prioribus
2817 3152 2878 3207 in
2909 3150 3100 3207 lucem
3132 3151 3269 3207 data
3299 3154 3473 3222 atque
3501 3149 3803 3206 illustrata
3832 3149 3987 3206 notis

2330 3246 2401 3300 ab
2423 3244 2772 3317 Hieronymo
2799 3242 2869 3296 de
2899 3239 2955 3296 la
2978 3241 3228 3314 Higuera
3249 3241 3307 3296 S.
3342 3241 3418 3308 J.,
3452 3243 3509 3296 et
3535 3238 3854 3295 Laurentio
3882 3239 3987 3294 Ra-

2331 3333 2564 3389 miresio
2594 3333 2665 3387 de
2689 3331 2871 3386 Prado
2892 3332 3170 3402 Antuerp.
3195 3330 3354 3395 1640,
3383 3328 3505 3398 fol.,
3531 3327 3812 3384 falsitatis
3842 3344 3984 3385 con-

2328 3422 2643 3477 vincuntur
2674 3437 2706 3476 a
2737 3419 2989 3485 Labbeo,
3020 3419 3199 3475 Caveo
3232 3417 3499 3491 aliisque,
3534 3417 3635 3473 sed
3669 3417 3981 3474 maximen

2330 3510 2563 3567 Nicolao
2610 3507 2858 3565 Antonio
2888 3510 3031 3563 tom.
3084 3506 3286 3563 IBibl.
3336 3506 3548 3564 veteris
3596 3506 3898 3580 Hispanae,
3926 3523 3982 3580 p.

2329 3601 2438 3656 585
2467 3615 2591 3670 seq.

2403 3689 2592 3744 Etiam
2650 3688 2790 3743 Vitas
2833 3687 3157 3758 pontiﬁcum
3201 3687 3569 3742 Romanorum
3616 3703 3651 3743 a
3698 3686 3760 3742 S.
3816 3686 3983 3742 Petro

2334 3793 2523 3849 usque
2551 3776 2621 3832 ad
2657 3777 3001 3832 Formosum
3026 3792 3259 3847 papam,
3284 3792 3437 3831 anno
3468 3775 3578 3830 895
3609 3775 3982 3841 defunctum,

2335 3883 2483 3938 quas
2494 3869 2621 3920 tum
2635 3881 2767 3921 cum
2785 3864 3089 3920 Anastasio
3111 3880 3213 3936 per
3231 3864 3532 3920 Abbonem
3554 3863 3983 3921 Floriacensem

578 3974 1036 4051 perstringentes
1049 3966 1597 4043 prodiereinterscri
1605 3964 1842 4038 ptorch
1848 3964 1960 4020 usti
1977 3963 2225 4020 Reuberi
2253 4035 2292 4051 Α
2336 3957 2603 4051 εξορτρῖρ
2636 3952 2818 4031 edidit
2842 3953 3099 4037 Jhoannes
3122 3954 3382 4023 Busieus,
3400 3953 3713 4026 Moguntiaa
3734 3955 3978 4022 1602,4o,

577 4035 637 4144 ξ).
669 4069 758 4135 86,
792 4035 921 4121 etut.
950 4061 1028 4116 III
1049 4035 1297 4115 -Andrea3
1330 4058 1408 4112 du
1434 4035 1679 4122 Chesne,
1713 4071 1772 4126 p.
1802 4054 1931 4122 562,,
1973 4057 2029 4110 et
2070 4054 2225 4115 inter
2248 4035 2293 4103 (ἶ
2332 4041 2515 4144 tilium
2547 4036 2721 4116 quam
2744 4035 3168 4114 Luitprandum
3199 4047 3256 4099 et
3285 4043 3480 4114 potius
3503 4043 3865 4100 Germanum
3885 4043 3981 4098 ha-

578 4142 923 4230 Luitprandi
953 4152 1140 4224 Opera
1181 4151 1460 4217 Antuerp.
1512 4146 1672 4213 1640,
1720 4142 1841 4212 fol.,
1874 4149 1931 4198 et
1973 4142 2034 4198 in
2070 4142 2220 4198 The-

575 4263 751 4308 sauro
797 4244 1147 4315 scriptorum
1172 4236 1349 4293 Italiae
1398 4233 1812 4300 Muratoriano,
1857 4236 1999 4289 tom.
2054 4234 2126 4302 ll,
2161 4250 2219 4307 p.

647 4410 788 4482 (48')
813 4402 1050 4482 Proprie
1087 4401 1305 4482 librum
1347 4395 1585 4479 tertium
1614 4404 1875 4482 ’Avri'dogw
1922 4396 2223 4482 inscripsit

576 4467 994 4540 Luitbrandus,
1026 4473 1084 4526 in
1120 4467 1533 4541 Berengarium
1557 4485 1591 4541 a
1612 4484 1727 4541 quo
1749 4469 2005 4541 offensus
2035 4467 2224 4541 fuerat

572 4555 620 4623 ej
632 4565 817 4623 usque
835 4539 1143 4623 conjugem
1163 4539 1403 4623 Willam
1425 4539 1705 4595 invehens
1722 4556 1788 4595 ac
1806 4539 2061 4597 vicissim
2080 4539 2223 4596 cele-

573 4612 754 4681 brans
784 4619 928 4675 bene
940 4612 1041 4671 'de'
1059 4629 1121 4670 se
1153 4612 1410 4668 meritos.

2332 4133 2467 4189 bere
2498 4134 2814 4202 auctorem,
2847 4134 2904 4186 et
2931 4132 3090 4202 ipsas
3122 4147 3354 4204 quoque
3376 4147 3445 4187 ex
3468 4132 3776 4190 Anastasio
3796 4148 3980 4189 excer-

2284 4296 2289 4303 ι
2332 4226 2462 4295 ptas
2494 4223 2771 4278 notarunt
2796 4220 3043 4277 Vossius
3073 4219 3307 4293 aliique.

2403 4401 2514 4474 (49)
2540 4400 2757 4474 Partim
2790 4400 3000 4474 soluta,
3034 4400 3485 4474 partimstricta
3513 4402 3797 4460 oratione.

2405 4472 2543 4544 (49')
2576 4473 2638 4529 In
2665 4472 2756 4528 his
2777 4472 3139 4529 Adversariis
3166 4472 3360 4529 Fuldai
3378 4490 3439 4530 se
3464 4474 3972 4532 Bibliothecarium

2332 4545 2514 4602 fuisse
2543 4544 2625 4601 ait
2653 4560 2827 4617 pagg.
2862 4544 2985 4614 475,
3020 4545 3123 4600 483
3153 4544 3282 4601 490.
