4050 6432
101 493 195 563 789
1043 499 1656 565 ANTAPODOSEOS
1698 502 1905 567 LIBRI
1951 503 2125 568 SEX.
2156 538 2236 553 --
2262 505 2410 569 LIB.
2456 506 2504 570 Ι.
3350 507 3470 571 790

97 651 214 717 λυσίᾳ
236 649 377 703 αὐτοῦ
408 657 480 698 en
509 639 552 696 ti
584 633 939 697 echmalosia
966 635 1127 706 autu,
1155 636 1212 692 id
1245 640 1332 694 est
1362 635 1422 693 in
1453 636 1706 712 peregri-
1735 636 1790 705 A
1819 645 1908 700 21.
1942 641 2200 708 Qualiter
2227 641 2288 699 in
2320 640 2514 699 duello
2547 641 2965 716 Langobardus
2996 642 3341 717 Bagoarium
3368 660 3465 699 oc-

99 735 297 792 natione
323 733 450 805 ejus
481 733 526 800 ²,
558 731 630 787 ad
660 728 1123 799 Recemundum,
1152 726 1443 800 Hispaniae
1472 728 1703 800 provin-
1886 732 2109 790 ciderit.

98 825 170 879 tite
198 821 560 879 Liberritanaa
591 819 848 876 ecclesiae
879 816 1241 889 episcopum,
1274 817 1486 872 editus.
1812 825 1904 877 22.
1935 823 2012 878 Dc
2042 821 2284 879 Arnulfo
2325 837 2481 896 rege,
2516 823 2638 894 qui,
2675 822 2954 878 invitante
3001 822 3370 895 Berengario,
3404 823 3463 877 in

103 917 136 967 Ι.
162 912 181 946 ³
205 909 615 966 Prohcemium.
1886 911 2111 967 Italiam
2141 913 2318 968 venit.

94 1002 136 1056 2.
162 1001 230 1055 De
257 999 488 1055 castello
524 997 840 1054 Fraxineto
871 997 892 1030 ⁴
921 999 978 1051 et
1011 996 1129 1052 situ
1161 997 1308 1066 ejus.
1814 1002 1901 1056 23.
1939 1003 2100 1067 Quod
2128 1002 2313 1058 isdem
2342 1001 2623 1057 Arnulfus
2653 1002 3006 1074 Pergamum
3039 1000 3338 1074 ceperit,et
3368 1017 3460 1054 co—

94 1092 135 1146 3.
163 1088 398 1153 Qualiter
418 1086 688 1143 Saraceni
722 1085 1094 1141 Fraxinetum
1125 1085 1290 1156 prius
1321 1084 1513 1156 adepti
1563 1085 1699 1140 sint.
1887 1092 2086 1146 mitem
2113 1091 2490 1147 Ambrosium
2524 1092 2914 1168 suspenderit.

97 1181 136 1245 4,
162 1178 395 1243 Qualiter
421 1177 646 1232 invidia
675 1173 1121 1231 Provincialium
1145 1176 1201 1230 et
1229 1172 1374 1246 ipsis
1407 1173 1701 1229 invitanti-
1811 1182 1901 1236 24,
1936 1180 2017 1235 De
2045 1179 2583 1236 Mediolanensibus
2615 1183 2672 1236 et
2699 1180 3101 1252 Papiensibus,
3130 1178 3229 1251 qui
3263 1179 3335 1233 ad
3365 1179 3464 1232 Ar-

149 1269 244 1324 bus
270 1266 539 1323 Saraceni
572 1265 933 1320 Provinciam
965 1263 1412 1319 devastaverint.
1885 1269 2116 1324 nult‘um
2147 1272 2448 1325 venerunt.

95 1359 134 1422 5,
161 1357 280 1421 Quis
308 1357 628 1428 imperator
658 1358 782 1409 tum
824 1354 1024 1410 Grecis
1070 1356 1314 1424 praeerat
1361 1352 1460 1424 qui
1491 1351 1699 1423 Bulga-
1811 1361 1899 1413 25.
1937 1365 2012 1412 De
2045 1359 2182 1430 fuga
2209 1358 2480 1414 Widonis
2512 1359 2584 1413 ob
2615 1357 2944 1413 Arnull'um.

149 1445 252 1515 riis,
283 1445 598 1517 Bagoariis,
636 1443 896 1509 Francis,
927 1441 1278 1509 Saxonibus,
1313 1440 1699 1509 Suevis,ltali-
1811 1451 1898 1503 26.
1935 1447 2338 1502 Exhortatoria
2367 1447 2583 1502 locutio
2613 1446 2838 1502 Arnulﬁ
2873 1447 2942 1501 ad
2980 1464 3260 1519 pugnam.

148 1535 234 1602 cis,
264 1551 422 1607 reges
455 1537 764 1607 praeerant,
794 1532 884 1588 vel
911 1532 1045 1604 quis
1065 1532 1246 1587 Rome
1269 1546 1421 1602 papa
1449 1529 1701 1585 habeba-
1808 1538 1898 1591 27.
1935 1535 2194 1600 Qualiter
2224 1536 2407 1590 Rome
2437 1537 2730 1590 Leoniana
2751 1535 2827 1590 sit
2857 1539 3044 1607 capte.

148 1628 245 1678 tur.
751 1673 767 1684 ,
1809 1626 1898 1680 28.
1932 1625 2093 1691 Quod
2123 1622 2405 1679 Krnulfus
2435 1627 2670 1696 propter
2700 1623 3041 1679 Formosum
3068 1641 3279 1696 papam
3312 1623 3460 1678 mul-

146 1714 190 1768 6.
219 1712 320 1767 Cur
352 1714 460 1768 Leo
481 1713 808 1784 imperator
836 1710 914 1766 sit
941 1708 1474 1782 Porphyrogenitus
1487 1706 1696 1762 dictus.
1880 1719 1972 1770 tos
2006 1715 2401 1768 Romanorum
2434 1711 2719 1768 decollare
2750 1712 3042 1784 praecepit.

93 1803 135 1854 7.
160 1801 228 1857 De
252 1801 417 1857 domo
449 1801 770 1874 Porphyra,
806 1800 938 1873 quis
969 1816 1098 1856 eam
1129 1797 1501 1863 ediﬁcaverit,
1808 1805 1897 1858 29.
1931 1803 2047 1859 Cur
2072 1805 2225 1858 esset
2255 1800 2566 1858 inimicitia
2593 1801 2746 1857 inter
2776 1802 3120 1857 Formosum
3160 1805 3217 1856 et
3243 1802 3453 1856 Roma-

96 1892 134 1944 8.
157 1891 220 1946 De
244 1891 577 1963 genealogia
617 1889 835 1958 Basilii,
869 1892 926 1944 et
957 1887 1212 1961 qualiter
1244 1887 1566 1959 imperator
1593 1886 1696 1940 Mi-
1880 1910 2006 1948 nos.

148 1979 288 2035 chael
318 1980 376 2034 in
407 1979 626 2051 palatio
656 1995 791 2035 eum
824 1976 1124 2074 receperit.
1360 2064 1371 2074 ι
1500 2067 1508 2074 ⁸
1730 2010 1775 2074 Β
1807 1984 1894 2038 30.
1928 1983 2008 2038 De
2039 1981 2237 2054 Sergio
2287 1997 2458 2053 papa,
2505 1980 2604 2052 qui
2653 1981 2998 2036 Formosum
3056 1981 3125 2036 de
3185 1979 3452 2052 sepulcro

95 2068 134 2122 9.
162 2072 228 2125 De
253 2068 590 2125 inﬁrmitate
619 2067 961 2124 Michahelis
989 2068 1010 2102 ⁵
1040 2064 1431 2138 imperatoris,
1462 2067 1518 2120 et
1548 2081 1698 2135 qua-
1730 2064 1772 2074 “’
1871 2069 2054 2143 jussit
2079 2069 2382 2126 extrahere
2413 2072 2829 2140 mortuumque
2858 2069 3165 2140 deponere.

146 2154 260 2211 liter
287 2173 319 2212 a
347 2156 562 2213 Basilio
596 2157 672 2214 sit
703 2156 1065 2222 interfectus,
1094 2159 1151 2210 et
1210 2154 1333 2227 ipse
1384 2153 1700 2226 imperator
1807 2160 1909 2236 3l._
1929 2160 2011 2216 De
2041 2176 2280 2232 corpore
2311 2157 2570 2214 FormOSi
2626 2175 2660 2212 a
2709 2157 2909 2230 Sergio
2956 2157 3015 2211 in
3068 2158 3286 2211 flumen
3319 2173 3452 2227 pro-

147 2245 379 2301 eﬁ'ectus.
1871 2250 2046 2320 jecto,
2081 2251 2257 2321 atque
2285 2265 2318 2303 a
2346 2245 2738 2319 piscatoribus
2776 2247 3027 2313 invento,
3061 2249 3118 2301 et
3147 2246 3220 2300 ab
3250 2244 3453 2316 imagi-

97 2333 160 2387 10.
189 2332 258 2389 De
285 2350 347 2389 eo
381 2335 538 2406 quod
573 2334 825 2390 Basilius
866 2333 926 2388 in
971 2333 1194 2388 somnis
1245 2330 1552 2388 dominum
1592 2347 1694 2384 no-
1881 2338 2056 2394 nibus
2088 2341 2425 2393 sanctorum
2457 2335 2725 2391 salutato.

145 2426 313 2478 atrum
351 2423 557 2480 Jesum
607 2423 905 2480 Christum
965 2440 1028 2478 se
1085 2419 1554 2492 interpellantem
1596 2435 1698 2491 pro
1807 2430 1895 2483 32.
1931 2427 2188 2493 Qualiter
2229 2425 2507 2481 Arnulfus
2559 2429 2817 2480 castrum
2865 2423 3144 2480 vocabulo
3189 2424 3452 2478 Firmum

145 2516 306 2568 morte
324 2512 666 2569 Michahelis
692 2512 856 2575 vidit,
889 2515 946 2568 et
975 2512 1047 2568 de
1077 2510 1388 2567 elimosina
1417 2525 1596 2579 quam
1628 2508 1702 2564 is-
1881 2515 2190 2582 obsederit,
2223 2518 2281 2571 et
2328 2532 2362 2570 a
2403 2513 2671 2570 Widonis
2722 2530 2899 2568 uxore
2951 2512 3317 2569 mortiferum
3349 2528 3451 2583 po-

147 2599 261 2655 dem
290 2600 544 2658 Basitius
573 2602 725 2658 fecit.
1878 2610 2005 2660 tum
2037 2603 2342 2676 acceperit.

94 2687 162 2741 ll.
189 2689 430 2751 Qualiter
461 2691 576 2746 Leo
608 2691 923 2763 imperator
953 2707 987 2746 a
1017 2689 1141 2745 suis
1159 2687 1235 2743 sit
1262 2691 1437 2742 noctu
1469 2688 1697 2757 captus,
1805 2695 1894 2750 33.
1929 2694 2008 2750 De
2037 2692 2272 2748 maliciu
2301 2709 2477 2764 quam
2510 2691 2734 2747 Arnulfi
2765 2690 3033 2747 homines
3065 2692 3339 2746 fecerant.

148 2780 198 2832 et
222 2794 326 2833 non
358 2779 596 2852 agnitus
625 2779 889 2835 custodie
917 2780 938 2813 δ
967 2777 1218 2833 traditus
1245 2779 1419 2846 atque
1451 2773 1699 2846 flagella-
1807 2784 1895 2838 34,
1929 2783 2009 2838 De
2032 2783 2221 2837 reditu
2251 2780 2475 2836 Arnum
2509 2784 2564 2837 et
2594 2780 3001 2853 prosecutione
3029 2780 3321 2834 Widonis.

148 2869 248 2934 tus,
278 2871 330 2922 et
353 2868 608 2940 qualiter
635 2873 832 2924 custos
860 2866 1110 2924 carceris
1138 2882 1271 2922 eum
1303 2862 1614 2929 dimiserit,
1645 2867 1700 2916 et
1811 2873 1897 2926 35,
1931 2871 2091 2934 Quod
2125 2869 2309 2925 Italici
2342 2870 2412 2924 de
2453 2869 2694 2925 Arnulfo
2751 2887 2868 2923 non
2929 2869 3230 2936 curabant,
3295 2872 3352 2923 et
3385 2868 3455 2922 de

150 2956 283 3025 quod
311 2956 435 3030 ipse
467 2959 789 3030 imperator
819 2974 880 3013 se
911 2973 1028 3012 non
1060 2953 1419 3027 ﬂagellantes
1453 2949 1698 3023 7,08881-
1878 2959 2155 3015 Anscario
2187 2958 2524 3014 marchione
2557 2958 2657 3030 qui
2689 2958 2746 3012 in
2775 2957 3058 3029 Eporegia
3086 2957 3353 3013 latitavit.

151 3041 348 3113 laverit,
382 3050 439 3101 et
469 3045 832 3119 ﬂagellantes
865 3044 1252 3101 honoraverit.
1307 3078 1309 3080 -
1809 3050 1896 3105 36.
1933 3052 2011 3103 De
2041 3047 2195 3118 turpi
2230 3050 2414 3102 morte
2444 3045 2663 3101 Arnulﬁ
2697 3046 2870 3116 regis.

99 3130 164 3185 12.
195 3132 260 3188 De
286 3136 502 3206 optimo
535 3135 674 3190 ludo
705 3152 881 3207 quem
914 3134 1101 3190 isdem
1134 3134 1244 3187 Leo
1276 3130 1592 3202 imperator
1617 3128 1698 3182 fc-
1807 3138 1896 3193 37.
1931 3137 2011 3192 De
2042 3139 2226 3190 morte
2254 3133 2524 3190 Widonis
2555 3134 2727 3206 regis,
2761 3137 2819 3189 et
2847 3133 3126 3188 electione
3159 3133 3453 3188 Lamberti

147 3221 230 3290 cit,
259 3223 327 3279 de
353 3223 785 3281 dormientibus
813 3229 871 3280 et
902 3222 1162 3279 nummis
1199 3219 1411 3276 aureis.
1879 3227 2007 3298 ejus
2041 3224 2165 3291 ﬁlii,
2203 3223 2300 3295 qui
2335 3227 2422 3278 est
2454 3239 2552 3278 rex
2573 3222 2951 3278 constitutus.

98 3309 158 3362 l3.
187 3309 289 3366 Cur
312 3313 594 3370 Arnull‘us
620 3330 718 3370 rex
749 3313 944 3369 clusas
974 3310 1228 3383 fregerit,
1255 3314 1311 3365 et
1344 3306 1697 3380 llungarios8

1855 3317 1899 3371 Β.
1931 3319 2005 3370 De
2031 3312 2365 3385 expulsione
2406 3311 2697 3367 Lamberti
2729 3315 2786 3366 et
2842 3309 3200 3367 revocatione
3251 3311 3454 3366 Beren-

150 3399 285 3456 cxire
313 3403 664 3474 permiserit.
1731 3381 1749 3445 (

450 3403 664 3459 miserit.
1731 3379 1774 3446 (ἶ
1883 3403 2049 3477 garii.

100 3486 164 3540 14.
191 3487 261 3545 De
287 3492 531 3549 Widone
561 3497 617 3548 et
646 3491 1013 3565 Berengario,
1049 3489 1149 3562 qui
1191 3488 1528 3559 juramento
1560 3483 1703 3541 ami-
1812 3493 1900 3548 39.
1935 3497 2014 3547 De
2063 3490 2422 3563 Maginfredo
2481 3489 2712 3556 comite,
2745 3489 2846 3560 qui
2905 3487 3228 3544 decollatus
3286 3491 3377 3544 est
3426 3505 3461 3542 a

145 3579 318 3642 citium
339 3588 720 3643 ﬁrmaverunt
763 3597 940 3653 quam
975 3596 1089 3634 non
1145 3577 1616 3643 observaverunt,
1649 3576 1707 3628 et
1885 3582 2188 3636 Lamberto
2215 3579 2287 3634 ob
2321 3577 2718 3634 rebellionem.

152 3685 289 3755 quod
316 3673 660 3752 hujusmodi
688 3670 946 3728 amicitia
976 3665 1190 3723 servari
1227 3682 1339 3720 non
1374 3661 1579 3755 possit.

1862 3673 1903 3725 3.
1939 3671 1982 3706 ³ο
2011 3670 2090 3725 De
2120 3669 2426 3724 Adclberto
2487 3667 2822 3723 marchione
2879 3670 3054 3738 atque
3115 3666 3461 3739 Ildeprando

76 3751 182 3828 ‘15:
201 3775 268 3829 De
294 3751 640 3840 Berengario
671 3762 731 3817 in
764 3759 930 3816 Italia
960 3759 1089 3830 post
1121 3759 1365 3810 mortem
1394 3751 1584 3808 ΚειΓοῙὶ
1618 3767 1704 3805 I‘C-
1888 3759 2118 3825 comite,
2154 3758 2253 3829 qui
2284 3761 2486 3812 contra
2515 3757 2892 3812 Lambertum
2924 3760 3200 3811 venerant
3229 3761 3295 3810 ut
3323 3773 3464 3829 pug-

156 3879 214 3935 ge
240 3860 575 3917 constituto.
1101 3933 1108 3935 _
1239 3931 1249 3935 _
1368 3932 1402 3935 __
1554 3930 1563 3935 _
1668 3913 1756 3935 __
1888 3852 2114 3914 narent,

105 3930 181 4007 16:
197 3949 438 4017 Qualiter
467 3943 641 4001 Wido
671 3939 842 4012 culpa
869 3933 1114 4008 dapiferi
1164 3931 1254 3988 sui
1299 3950 1333 3986 a
1368 3930 1601 3985 Francis
1633 3930 1711 3984 sit
1821 3938 1906 3994 44,
1941 3938 2020 3993 De
2051 3954 2117 3992 eo
2149 3936 2305 4008 quod
2340 3935 2686 3990 Lambertus
2717 3951 2816 3990 rex
2864 3937 3037 3988 noctu
3084 3951 3259 4006 super
3287 3935 3465 3989 Λάρι-

157 4039 500 4113 repudiatus.
1892 4027 2122 4081 bertum
2146 4028 2320 4095 atque
2349 4023 2761 4113 Ildeprandum
2792 4022 2963 4113 irruit
2994 4023 3055 4089 “,
3087 4021 3322 4076 illorum
3356 4022 3462 4076 mi-

105 4129 174 4184 l'l.
204 4109 272 4185 Bc
299 4128 485 4184 reditu
516 4120 786 4179 Widonis
819 4117 875 4171 in
908 4113 1091 4172 Italia.
1891 4115 2024 4170 lites
2052 4113 2283 4179 occidit,
2317 4128 2532 4183 eosque
2560 4111 2719 4166 vivos
2750 4109 2920 4181 cepit.

105 4218 173 4272 18.
201 4218 273 4273 De
301 4227 497 4290 pugnis.
529 4213 679 4267 inter
710 4206 1016 4262 Widonem
1050 4207 1223 4274 atque
1276 4196 1710 4290 Berengarium.
1823 4205 1912 4258 42,
1947 4201 2203 4268 Qualiter
2233 4200 2576 4290 Lambertus
2627 4197 2688 4290 in
2740 4197 2997 4290 Marinco
3030 4198 3092 4290 ¹²ν
3121 4199 3194 4290 ab
3224 4198 3467 4290 Hugone

109 4305 174 4360 19.
201 4307 274 4364 De
298 4284 412 4362 alia
436 4305 652 4359 iterum
694 4298 846 4354 inter
876 4312 974 4352 eos
1023 4309 1222 4366 pugna
1277 4291 1334 4343 et
1381 4284 1713 4358 Berengarii
1895 4290 2239 4363 Magintredi
2272 4288 2389 4344 ﬁlio
2421 4287 2498 4343 sit
2528 4288 2601 4342 ob
2634 4286 2950 4343 vindictam
3003 4286 3186 4359 patris
3217 4287 3465 4342 occisus.

161 4396 302 4468 fuga.
1827 4381 1912 4436 43.
1947 4380 2106 4444 Quod
2132 4377 2514 4468 Bercngarius
2546 4379 2678 4448 post
2708 4376 2999 4432 Lamberti
3048 4379 3293 4432 mortem
3325 4377 3472 4432 bene

103 4482 178 4540 20.
202 4465 274 4542 Bc
303 4484 418 4540 ﬁlio
449 4478 675 4539 Arnulﬁ
722 4474 1093 4541 Zentebaldo,
1154 4490 1327 4546 quem
1371 4473 1431 4528 in
1487 4469 1716 4526 Italiam
1897 4486 2144 4541 regnum
2177 4465 2448 4523 obtinuit.

163 4590 255 4645 pro
275 4569 606 4645 Berengarii
635 4571 656 4604 θ
685 4565 901 4624 auxilio
933 4563 1112 4619 misit.
1825 4560 1918 4613 44.
1954 4559 2104 4614 Laus
2135 4553 2429 4612 Lamberti
2459 4555 2502 4589 ¹³
2533 4553 2706 4626 regis.

1116 4778 1521 4865 INCIPIT
1582 4766 1908 4862 LIBER
1965 4773 2430 4881 PRIMUS.

170 4994 212 5048 1.
243 4992 568 5050 Reverendo
594 4989 900 5059 tociusque
930 4982 1260 5040 sanctitatis
1291 4980 1483 5054 pleno,
1513 4981 1728 5036 domno
1758 4983 1805 5047 D
1837 4983 2019 5043 tuam,
2049 4979 2212 5048 pater
2241 4976 2572 5042 karissime,
2606 4974 2828 5042 distuli,
2864 4993 2980 5047 qua
3018 4976 3195 5032 totius
3242 4978 3482 5049 Europa:

113 5079 454 5138 Recemundo
487 5082 550 5150 1‘,
577 5076 950 5134 Liberritanaz
981 5071 1234 5129 ecclesia:
1266 5069 1730 5143 cpiscopo,Liut-
1840 5085 1933 5124 me
1964 5067 2735 5145 imperatorumgegumque
2766 5067 2937 5131 facta,
2969 5066 3121 5121 sicut
3152 5066 3221 5131 is,
3243 5067 3341 5137 qui
3370 5084 3484 5120 non

113 5172 346 5240 prandus
360 5166 756 5240 “‘,Tieinensis
777 5160 1184 5231 ecclesiae,suis
1205 5177 1320 5215 non
1342 5157 1731 5227 meritis,lcvi-
1842 5157 2044 5214 auditu
2060 5157 2091 5212 d
2103 5155 2275 5212 ubius
2289 5155 2390 5211 sed
2396 5155 2613 5212 visione
2627 5160 3061 5228 certus,ponere
3074 5171 3196 5210 com
3207 5153 3484 5226 pellebas.

117 5262 210 5328 tes,
239 5261 501 5318 salutem.
535 5256 776 5314 Biennio
808 5251 1023 5326 ingenii
1084 5250 1366 5324 parvitate
1393 5248 1733 5321 petitionem
1847 5247 1940 5302 Ha:
1974 5245 2265 5317 siquidem
2298 5260 2389 5299 res
2421 5245 2708 5315 animum,
2743 5262 2815 5301 ne
2846 5244 2904 5300 id
2931 5243 3268 5316 inciperem,
3303 5244 3490 5300 deter-

1466 5391 1706 5447 VARI/E
1745 5388 2137 5446 LECTIONES

241 5521 407 5602 cujus
438 5521 487 5574 1.
518 5519 540 5554 ³
572 5521 962 5586 argumentum
990 5510 1135 5593 deest
1165 5512 1218 5565 3.
1297 5510 1318 5543 ⁴
1349 5509 1817 5602 Γνδέίίιηθωρονη.
1853 5505 2132 5602 frqxlinetc)
2161 5509 2469 5602 must‘ante:
2500 5502 2550 5558 l.
2608 5504 2628 5536 ⁵
2661 5501 2972 5586 mihahelis
3001 5505 3026 5559 1
3117 5505 3137 5538 θ
3170 5502 3414 5602 custidie
3446 5504 3498 5559 1.

118 5587 136 5620 ⁷
157 5604 249 5645 vox
273 5575 356 5647 bis
377 5593 579 5657 scripta
605 5575 669 5644 ἱῆ
696 5588 749 5643 1.
828 5588 848 5621 ⁸
880 5583 1400 5657 hungarius_corr._
1427 5579 1748 5657 hungarios
1780 5579 1803 5634 1
1821 5621 1855 5657 ._
1911 5580 1931 5613 θ
1959 5575 2342 5657 hercngari‘f.
2423 5575 2474 5657 ‘0.
2509 5591 2792 5657 numerus”
2819 5577 3150 5657 ρηξιζςδαεςηᾳι
3180 5578 3240 5631 in
3271 5580 3504 5657 quatuor

120 5646 442 5732 sequentibus
469 5646 660 5718 littera.
687 5663 739 5713 X
769 5646 1052 5732 emisset.
1131 5656 1183 5732 “_
1207 5654 1349 5732 iruit
1379 5653 1431 5709 1,
1510 5646 1855 5732 ‘fimarico‘l
1964 5651 2006 5684 ³³
2038 5646 2309 5732 lantbcrti
2329 5647 2851 5732 εοηιςιαῃιθνρσνίὁίι
2943 5664 2994 5701 a.
3075 5648 3118 5682 ¹⁵
3146 5646 3502 5732 regemundo

119 5717 435 5790 5.3781515—
459 5717 805 5807 liuprandus
834 5732 888 5807 3.
922 5731 1059 5807 Hinc
1087 5734 1138 5784 et
1168 5727 1390 5783 lectione
1411 5725 1623 5798 oppido
1653 5740 1771 5794 cap.
1800 5723 1979 5785 tertio,
2014 5721 2246 5776 radicem
2276 5721 2310 5774 3
2339 5736 2408 5775 ex
2437 5717 2616 5790 codice
2642 5719 2694 5774 l.
2749 5717 2988 5773 nondum
3028 5721 3180 5773 omni
3206 5717 3360 5790 parte
3389 5735 3506 5774 cor-

121 5809 246 5865 recta
260 5808 499 5880 ﬂuxisse,
529 5801 767 5864 iudicari
794 5801 1028 5858 videtur.
