4050 6392
116 410 260 473 ’193

1112 409 1725 476 ANTAPODOSEOS
1768 409 1978 476 LIBRI
2023 409 2195 477 SEX.
2227 407 2482 474 —LIB.
2526 409 2578 472 Ι.

3429 407 3568 473 794ς

117 543 321 616 hujus
369 546 535 617 pater
565 544 666 617 qui
710 557 866 604 nunc
919 560 1108 620 usque
1137 549 1408 620 superest
1449 547 1506 602 et
1548 545 1790 602 feliciter
1815 545 1872 615 Α
1899 544 2088 607 forma
2112 546 2319 618 praeter
2346 546 2569 602 ceteros
2597 540 2856 618 egregia,
2885 542 3254 617 accitumque
3281 549 3371 603 τόν
3394 555 3548 620 ὴγου.

115 638 345 708 regnat
392 633 506 707 (53)
551 634 1190 708 Constantinopolitane
1251 635 1503 692 civitatis
1553 636 1789 708 regebat

113 723 477 796 imperium.
497 723 731 780 Simeon
747 723 910 781 fortis
926 724 1174 780 bellator
1214 723 1503 798 Bulgariis
1522 727 1786 797 praeerat,

111 812 517 883 Christianus,
548 813 649 868 sed
680 813 885 870 vicinis
913 813 1108 870 Grecis
1156 813 1323 869 valde
1354 813 1629 869 inimicus
1661 814 1783 885 (An.

108 901 415 972 883-927).
447 900 836 973 Ungariorum
867 919 1029 975 gens,
1055 903 1225 974 cujus
1256 918 1461 958 omnes
1493 919 1660 974 poene
1685 919 1786 958 na-

114 990 326 1046 tiones
359 993 593 1061 experte
644 995 784 1046 sunt
815 991 1100 1058 sevitiam,
1154 1008 1280 1063 quae
1326 991 1642 1047 miserante
1671 991 1788 1046 Deo

117 1077 560 1136 sanctissimi”
607 1083 784 1151 atque
832 1079 1204 1136 invictissimi
1263 1081 1417 1152 regis
1478 1079 1789 1135 OTTONIS

118 1167 418 1240 potentia,
441 1171 507 1222 ut
524 1166 702 1223 latius
724 1166 934 1224 dicturi
960 1185 1168 1224 sumus
1186 1168 1400 1224 mutire
1418 1168 1462 1202 ’3
1484 1184 1598 1223 non
1617 1168 1792 1222 audet

119 1257 434 1326 exterrita,
449 1256 619 1313 nobis
641 1257 915 1314 omnibus
935 1262 1074 1314 tunc
1103 1257 1383 1331 temporis
1404 1257 1728 1316 habebatur
1748 1259 1792 1292 ²⁴

120 1348 360 1420 ignota.
398 1344 764 1411 Quibusdam
797 1364 1050 1418 namque
1072 1346 1438 1402 difﬁcillimis
1470 1350 1738 1419 separata
1759 1364 1794 1402 a

119 1435 310 1492 nobis
326 1440 455 1492 erat
484 1435 1046 1509 interpositionibus,
1080 1452 1228 1508 quas
1253 1435 1450 1492 clusas
1463 1437 1508 1470 ²⁵
1527 1435 1795 1492 nominat

120 1523 369 1597 vulgus,
403 1529 470 1579 ut
492 1540 680 1596 neque
711 1526 782 1580 ad
804 1525 1190 1581 meridianam
1212 1541 1399 1598 neque
1423 1526 1504 1596 ad,
1525 1525 1790 1581 occiden-

118 1613 310 1668 talem
332 1612 568 1686 plagam
597 1612 842 1669 exeundi
862 1612 1136 1670 habuerit
1161 1613 1526 1670 facultatem.
1551 1614 1673 1687 (An.
1690 1616 1796 1670 887

127 1704 259 1758 Dec.
294 1701 405 1756 900
427 1704 588 1775 Aug.)
635 1703 740 1758 Per
769 1701 924 1758 idem
966 1707 1200 1775 tempus
1229 1703 1510 1759 Arnulfus
1559 1720 1655 1758 rex
1688 1720 1795 1774 po-

126 1790 539 1862 tentissimus,
564 1791 837 1848 defuncto
861 1792 1071 1849 Karolo
1089 1793 1444 1864 praenomine
1464 1791 1634 1848 Calvo
1659 1793 1793 1864 (54),

128 1877 462 1956 Βθεοεινίἱε,
501 1879 724 1947 Suevis,
759 1880 996 1936 Francis
1044 1880 1458 1947 Teutonicis“,
1492 1880 1793 1936 Lotharin-

126 1968 248 2041 gis,
300 1965 740 2038 audacibusque
782 1968 1226 2040 principabatur
1249 1969 1291 2002 ²⁷
1338 1969 1794 2024 Saxonibus.Cui

127 2055 556 2123 Centebaldus,
589 2057 1035 2122 Maranavorum
1067 2058 1204 2124 dux,
1237 2057 1483 2114 viriliter
1514 2075 1797 2130 repugna-

128 2147 236 2202 bat
265 2146 394 2214 (Αη.
420 2145 702 2215 892-893).
719 2147 1119 2218 Borengarius
1152 2151 1208 2202 et
1227 2147 1396 2204 Wido
1417 2146 1799 2219 imperatores

129 2235 208 2292 ob
242 2251 496 2308 regnum
527 2233 791 2291 Italicum
822 2237 1311 2292 conﬂictabantur
1340 2237 1469 2308 (An.
1514 2237 1797 2306 888-894).

130 2326 462 2380 Formosus
492 2324 833 2384 Portuensis
880 2324 1129 2382 civitatis
1161 2325 1495 2398 episcopus,
1542 2326 1801 2382 Romane

131 2413 302 2471 sedis
333 2430 606 2470 summus
651 2418 708 2469 et
746 2414 1093 2470 universalis
1126 2431 1277 2488 papa
1319 2415 1645 2484 habebatur
1676 2416 1799 2486 (An.

134 2505 241 2558 891
283 2503 429 2575 Sept.
463 2503 549 2571 19,
599 2503 727 2569 896,
760 2504 934 2575 Apr.).
989 2505 1098 2560 Sed
1146 2520 1326 2572 nunc,
1373 2504 1473 2575 qui
1506 2505 1615 2560 sub
1656 2520 1800 2558 uno-

137 2608 382 2665 quoque
415 2587 626 2648 horum
652 2597 880 2663 gestum
909 2593 1003 2662 sit,
1029 2596 1201 2665 prout
1231 2593 1463 2670 brevius
1485 2609 1803 2666 possumus

141 2680 536 2754 explicemus.

215 2761 274 2822 6.
312 2768 434 2840 (An.
468 2769 755 2842 886-912.)
782 2771 893 2826 Lco
925 2769 1123 2842 igitur,
1151 2771 1467 2826 Grecorum
1502 2769 1806 2842 piissimus

141 2857 492 2930 imperator,
542 2858 712 2929 cujus
741 2876 918 2931 supra
967 2859 1212 2915 fecimus
1246 2859 1625 2928 mentionem,
1658 2858 1806 2914 Con-

144 2937 400 3002 stantini
447 2946 669 3024 scilicet
713 2947 891 3020 hujus
938 2946 1421 3019 Porphyrogeniti
1468 2951 1651 3018 pater,
1699 2963 1807 3001 un-

156 3034 342 3107 dique
373 3052 514 3107 pace
543 3036 741 3092 habita
759 3040 958 3093 sancte
990 3040 1045 3092 et
1057 3037 1218 3108 juste
1235 3036 1549 3092 Grecorum
1576 3036 1813 3108 regebat

149 3123 501 3199 imperium.
517 3124 1077 3199 Porphyrogenitum
1096 3130 1289 3182 autem
1309 3142 1423 3181 non
1449 3126 1508 3180 in
1532 3142 1810 3197 purpura,

153 3215 263 3272 sed
295 3215 355 3270 in
390 3215 562 3270 domo
596 3231 708 3288 quo
728 3216 1023 3288 Porphyra
1042 3215 1275 3282 dicitur,
1300 3219 1506 3270 natum
1529 3213 1814 3286 apello.Et

1896 644 2062 706 μένον,
2093 638 2195 689 ton
2228 634 2566 706 igumenon,
2595 633 2653 690 id
2684 638 2774 690 est
2801 634 3096 701 abbatem,
3130 635 3373 708 rogavit,
3397 640 3464 692 ut
3481 653 3547 694 se

1896 725 2140 780 donaret
2176 723 2286 778 hoc
2331 740 2549 794 puero;
2601 739 2776 794 quem
2826 723 3154 796 suscipiens
3196 723 3260 779 in
3306 726 3542 798 palatio,

1897 812 2243 868 cubicularii
2275 811 2511 868 donavit
2535 812 2746 868 ofﬁcio.
2779 813 2961 868 Tante
2984 813 3233 885 denique
3255 818 3388 886 post
3406 831 3546 888 pau-

1896 901 2086 957 lulum
2136 901 2440 972 potestatis
2492 905 2581 957 est
2631 903 2840 969 factus,
2873 905 2940 956 ut
2988 901 3134 958 alter
3161 903 3234 959 ab
3267 904 3543 962 omnibus

1899 991 2216 1062 imperator
2243 990 2323 1046 sit
2350 989 2655 1062 apellatus.

1969 1079 2022 1133 9.
2041 1079 2259 1135 Verum
2284 1079 2421 1151 quia
2443 1079 2810 1153 omnipotens
2832 1079 2987 1136 Deus
3008 1097 3204 1139 servos
3227 1099 3367 1138 suos
3381 1084 3549 1155 justa

1897 1167 2094 1224 visitat
2123 1168 2216 1222 vul
2250 1184 2622 1240 quacumque
2653 1186 2918 1238 censura,
2944 1170 3099 1226 hunc
3134 1171 3548 1245 imperatorem

1903 1255 2288 1313 Michahelem
2308 1274 2464 1312 sanae
2487 1257 2700 1314 mentis
2731 1259 2804 1314 ad
2834 1262 3067 1331 tempus
3108 1276 3225 1316 non
3255 1277 3385 1318 esse
3415 1279 3550 1335 per-

1901 1345 2165 1414 miserat,
2199 1349 2267 1401 ut
2296 1362 2412 1417 quo
2442 1346 2599 1402 hunc
2624 1347 2859 1419 gravius
2899 1353 3188 1420 premeret
3216 1349 3275 1405 in
3307 1350 3550 1419 inﬁmis,

1901 1451 1968 1490 eo
2000 1434 2436 1490 misericordius
2469 1439 2872 1492 remuneraret
2899 1436 2959 1492 in
2993 1439 3463 1508 summis-Nam,
3487 1444 3556 1496 ut

1903 1525 2107 1589 fertur,
2125 1523 2302 1593 hujus
2327 1527 2588 1596 tempore
2611 1524 2905 1596 passionis
2926 1525 3246 1584 familiares
3264 1528 3442 1584 etiam
3466 1547 3557 1586 cao

1903 1613 2048 1686 pitjs
2070 1614 2332 1683 jusserat
2381 1612 2660 1670 damnare
2703 1613 3014 1669 sententia.
3047 1615 3204 1680 Quos
3232 1619 3429 1672 tamen
3479 1619 3554 1674 ad

1905 1718 2032 1759 sese
2062 1701 2292 1757 rediens
2324 1701 2431 1757 hoc
2463 1705 2630 1774 pacto
2660 1702 3023 1774 requirebat,
3047 1708 3113 1760 ut
3142 1704 3257 1761 nisi
3283 1723 3434 1778 quos
3454 1708 3558 1778 ju-

1904 1791 2106 1864 gulare
2128 1791 2391 1861 jusserat
2411 1791 2812 1857 redderentur,
2837 1792 2962 1863 pari
2983 1791 3096 1864 ipsi
3118 1795 3217 1864 qui
3239 1793 3348 1850 hoc
3366 1796 3561 1852 effece-

1907 1884 2040 1935 rant
2060 1878 2347 1936 sententia
2371 1879 2814 1936 damnarentur.
2840 1881 2956 1937 Hoc
2974 1881 3155 1954 igitur
3174 1887 3392 1940 terrore
3413 1883 3562 1956 quos

1907 1969 2186 2024 damnare
2200 1969 2478 2039 jusserat,
2509 1970 2911 2026 servabantur.
2941 1970 3052 2025 Sed
3073 1986 3208 2026 cum
3231 1971 3340 2027 hoc
3355 1971 3566 2045 sepius

1907 2062 1965 2114 et
1984 2059 2195 2114 iterum
2209 2055 2422 2114 Basilio
2444 2057 2674 2125 faceret,
2693 2057 3034 2129 hujusmodi
3049 2075 3083 2112 a
3101 2059 3213 2114 sibi
3233 2061 3560 2132 obsequen-

1909 2147 2087 2211 tibus,
2118 2163 2220 2218 pro
2252 2146 2436 2211 nefas,
2470 2145 2692 2218 accepit
2733 2145 3080 2202 consilium:
3118 2168 3146 2196 «
3177 2147 3262 2204 Ne
3289 2149 3433 2204 forte
3465 2149 3560 2205 in-

1911 2252 2056 2292 sana
2080 2234 2233 2307 regis
2270 2234 2462 2306 jussio
2493 2234 2810 2306 aliquando
2842 2251 2910 2290 ex
2955 2236 3246 2292 industnia
3292 2254 3326 2292 a
3356 2241 3412 2293 te
3441 2255 3560 2294 non

1911 2323 2312 2397 diligentibus,
2335 2324 2515 2380 immo
2533 2324 2666 2380 odio
2683 2323 3054 2392 habentibus,
3074 2324 3408 2398 impleatur,
3424 2343 3560 2382 eum
3592 2377 3598 2379 ,

1913 2419 1976 2470 tu
2009 2414 2204 2486 potius
2237 2413 2506 2482 occidito,
2560 2418 2738 2484 atque
2765 2413 3091 2486 imperialia
3117 2419 3348 2488 sceptra
3366 2414 3561 2472 susci-

1915 2503 2054 2576 pito.
2078 2525 2106 2553 ››
2139 2504 2300 2568 Quod
2324 2503 2450 2560 sine
2475 2502 2774 2570 dilatione,
2799 2519 2933 2559 cum
2959 2508 3176 2560 terrore
3195 2504 3558 2578 compulsus,

1913 2595 2040 2646 tum
2071 2595 2126 2646 et
2163 2591 2446 2664 regnandi
2495 2592 2818 2664 cupiditate
2855 2593 3165 2664 deceptus,
3228 2593 3560 2666 complevit.

1916 2681 2034 2736 Hoc
2080 2681 2277 2753 itaque
2323 2679 2645 2749 interfecto,
2678 2683 2867 2738 factus
2915 2685 3004 2738 est
3031 2681 3364 2755 imperator.
3397 2685 3563 2741 Basi-

1914 2769 2052 2826 lius.

1991 2861 2076 2914 10.
2111 2860 2233 2933 (Αη.
2266 2861 2550 2930 886-912).
2585 2860 2848 2933 Denique
2879 2877 3057 2933 parvo
3088 2865 3381 2920 transacto
3411 2866 3563 2921 tem-

1920 2964 2077 3019 pore,
2100 2947 2238 3004 huic
2268 2949 2544 3005 dominus
2568 2953 2766 3004 noster
2785 2950 2957 3005 Jesus
2987 2947 3253 3006 Christus
3281 2967 3382 3023 per
3400 2952 3568 3009 visio-

1921 3052 2054 3091 nem
2081 3036 2596 3109 apparuit,domini
2629 3037 2808 3109 hujus
2838 3037 3227 3109 imperatoris,
3270 3039 3440 3111 cujus
3463 3041 3566 3098 hic

1921 3123 2080 3182 necis
2110 3129 2312 3182 auctor
2341 3125 2628 3194 extiterat,
2679 3126 2972 3182 dexteram
2995 3167 2998 3174 .
3021 3130 3272 3196 tamens,
3312 3143 3566 3202 eumque

1923 3215 2005 3268 ita
2056 3214 2439 3270 conveniens:
2503 3222 2578 3270 ίνςι
2647 3223 2694 3270 τί
2740 3223 3067 3286 ἔσφαζες.τὸν
3123 3223 3364 3284 δεσπότην
3394 3218 3438 3252 ³⁸
3476 3223 3564 3276 σοῦ

152 3302 443 3385 quoniam
475 3320 567 3361 res
611 3305 893 3376 processit
925 3305 985 3359 in
1008 3304 1298 3374 medium,
1350 3305 1492 3376 quid
1530 3305 1600 3359 de
1632 3303 1812 3376 hujus
1843 3291 1886 3357 C
1926 3301 2168 3376 βασιΜαῖ
2199 3325 2226 3353 ‹‹
2259 3303 2355 3358 ina
2382 3303 2427 3361 ,ti
2475 3302 2695 3364 esfases
2723 3306 2823 3372 ton
2854 3302 3124 3374 despotin
3168 3319 3237 3358 su
3281 3303 3500 3361 basilea
3531 3327 3560 3357 υ

151 3393 642 3474 Porphyrogeniti
673 3393 870 3466 genesi
899 3393 1253 3466 audivimus,
1289 3393 1673 3466 proferamus.

224 3486 284 3538 7.
317 3481 737 3539 Constantinus
757 3484 1069 3556 imperator
1099 3487 1492 3556 augustus,ex
1513 3484 1681 3555 cujus
1703 3501 1810 3538 no-

152 3575 318 3628 mine
335 3567 870 3644 Constantinopolis
886 3578 976 3629 est
997 3573 1202 3630 sortita
1219 3571 1566 3628 vocabulum
1585 3571 1807 3640 civitas,

149 3649 630 3730 tou'oixov'coé'rov,
691 3666 791 3717 ton
839 3661 968 3718 icon
1018 3665 1244 3730 touton,
1306 3662 1362 3716 id
1422 3667 1512 3716 est
1568 3662 1809 3718 domum

151 3754 356 3824 istam,
389 3751 657 3806 ediﬁcare
681 3751 884 3824 jussit,
918 3752 1012 3808 cui
1046 3751 1342 3824 Porphyra
1382 3767 1594 3807 nomen
1644 3751 1809 3823 inpo-

153 3841 307 3909 suit;
331 3840 512 3910 voluit
529 3830 642 3913 que
657 3857 1061 3918 successuram
1077 3840 1404 3897 nobilitatis
1416 3858 1534 3897 sua:
1547 3839 1809 3898 sobolem

150 3930 364 3987 isticin
395 3919 586 3986 lucem
616 3917 1306 4003 prodire,quatinus,qui
1339 3947 1444 3986 suo
1466 3946 1536 3986 ex
1566 3917 1809 3986 stemate

152 4011 559 4091 nascerentur,
580 4018 885 4086 luculenta,
906 4020 1014 4075 hac
1045 4018 1390 4092 apellatione
1421 4019 1811 4091 Porphyroge-

155 4109 266 4166 niti
293 4108 647 4166 dicerentur.
674 4109 833 4165 Unde
853 4115 910 4165 et
931 4109 1087 4164 hunc
1111 4108 1577 4175 Constantinum,
1603 4107 1808 4163 Leonis

154 4198 531 4271 imperatoris
562 4196 845 4268 ﬁlium,ex
865 4199 992 4270 ejus
1021 4197 1306 4271 sanguine
1320 4197 1585 4253 nonnulli
1608 4196 1811 4253 dicunt

155 4288 445 4361 originem
499 4289 731 4366 ducere.
788 4288 1018 4370 Veritas
1067 4291 1262 4344 autem
1310 4288 1389 4344 rei
1421 4287 1602 4358 hujus
1636 4287 1718 4342 ita
1746 4302 1810 4342 se

154 4378 355 4434 habet.

227 4469 282 4522 8.
301 4465 555 4524 Basilius
571 4465 889 4540 imperator
909 4471 1217 4540 augustus,
1243 4483 1385 4522 avus
1404 4465 1606 4537 hujus,
1629 4465 1811 4521 Mace-

154 4555 332 4633 donia
343 4555 552 4641 humili
577 4557 767 4613 fuerat
787 4557 1058 4630 prosapia
1076 4556 1380 4628 oriundus,
1396 4555 1810 4627 descenditque

1921 3393 2073 3464 quod
2109 3397 2234 3448 est:
2268 3396 2333 3447 ut
2361 3391 2502 3464 quid
2533 3390 2876 3448 interfecisti
2915 3391 3218 3460 dominum
3249 3397 3426 3449 tuum
3452 3393 3565 3450 im-

1921 3481 2286 3554 peratorem?
2319 3504 2347 3532 ››
2397 3481 2846 3553 Expergefactus
2874 3479 3093 3553 itaque,
3125 3481 3368 3548 tantise
3399 3498 3564 3539 reum

1922 3571 2080 3626 novit
2110 3587 2240 3627 esse
2289 3575 2524 3638 reatus;
2559 3586 2806 3644 moxque
2854 3569 2928 3626 ad
2958 3587 3098 3639 sese.
3134 3571 3565 3645 rediens,.quid

1921 3678 2098 3732 super
2127 3660 2234 3716 hoc
2267 3661 2478 3716 faceret
2504 3659 2818 3733 cogitabat.
2838 3660 3208 3725 Confortatns
3238 3661 3435 3734 itaque
3455 3661 3567 3718 hac

1920 3749 2149 3806 Domini
2180 3749 2370 3805 nosrri
2402 3765 2504 3821 per
2534 3747 2880 3822 prophetam
2911 3747 3131 3816 salubri
3163 3753 3222 3805 et
3245 3767 3377 3813 vere
3405 3766 3571 3807 acce-

1921 3837 2127 3911 ptabili
2160 3838 2571 3911 promissione,
2604 3836 2743 3910 quia
2765 3859 2794 3889 «
2825 3837 2884 3892 in
2918 3854 3290 3910 quacumque
3319 3839 3412 3895 die
3442 3857 3570 3913 pec-

1920 3932 2080 3990 cator
2130 3926 2502 4000 ingemuerit,
2533 3926 2730 3982 salvus
2762 3926 2870 3981 erit
2907 3927 3120 3999 (Ezech.
3166 3942 3365 3995 xxxm,
3400 3928 3509 4000 12),
3533 3948 3563 3979 ι)

1919 4033 2053 4071 cum
2076 4015 2334 4071 lacrimis
2359 4019 2416 4070 et
2445 4014 2762 4087 gemitibus
2787 4030 2850 4068 se
2877 4019 3258 4084 peccatorem,
3280 4031 3342 4069 se
3375 4031 3565 4081 reum,

1921 4122 1982 4161 se
2003 4105 2309 4177 sanguinis
2335 4103 2660 4158 innocentis
2679 4103 2992 4157 elfusorem
3010 4119 3138 4157 esse
3155 4103 3563 4161 conﬁtebatur.
3583 4141 3588 4146 -

1920 4195 2076 4249 Bono
2091 4198 2283 4248 autem
2299 4192 2540 4249 consilio
2555 4196 2812 4262 accepto,
2824 4191 3046 4244 amicos
3065 4189 3175 4246 sibi
3197 4190 3271 4246 de
3291 4206 3567 4248 mamona

1917 4279 2246 4354 iniquitatis
2263 4281 2549 4347 effecerat,
2565 4283 2788 4350 utquos
2811 4276 2906 4333 hic
2928 4275 3352 4349 temporalibus
3369 4279 3564 4334 subsi-
3587 4319 3590 4324 -

1918 4371 2032 4425 diis
2046 4367 2462 4442 consolaretur,
2478 4383 2680 4423 eorum
2699 4366 2969 4439 precibus
2982 4367 3054 4421 ab
3065 4369 3287 4423 aeterno
3301 4365 3564 4439 gehenne

1919 4457 2186 4514 incendio
2216 4456 2586 4534 liberaretur.
2611 4453 2962 4510 Frabricavit
2986 4457 3184 4510 autem
3203 4453 3483 4527 pracioso
3507 4459 3567 4512 et

1920 4545 2174 4604 mirabili
2225 4559 2394 4617 opere
2436 4546 2615 4616 justa.
2652 4543 2980 4617 palatium,.
3009 4543 3292 4600 orientem
3337 4561 3562 4617 versus,

153 4634 722 4722 Constantinopolim
763 4657 852 4715 τῆς
881 4654 1142 4721 molem,
1195 4646 1272 4701 tis
1320 4645 1606 4718 ptochias,
1653 4645 1807 4716 quod
1839 4662 1886 4727 D
1909 4636 2236 4704 ,aecclesiam
2269 4651 2446 4709 quam
2496 4635 2684 4727 Nean,
2718 4634 2830 4691 hoc
2859 4638 2948 4690 est
2974 4649 3214 4727 novam,
3242 4636 3470 4727 vocant,
3503 4650 3564 4690 1n
3603 4673 3608 4681 ι

153 4740 244 4792 est
267 4731 648 4816 paupertatis,
673 4735 840 4814 jugo,
874 4740 938 4792 ut
968 4736 1203 4806 cuidam
1233 4734 1805 4806 serviretigumcno,

154 4825 212 4880 id
244 4821 334 4880 est
363 4825 583 4888 abbati.
618 4824 803 4898 Igitur
852 4825 1169 4900 imperator
1199 4823 1488 4880 Michahel
1523 4822 1623 4896 qui
1665 4826 1806 4880 tunc

152 4913 434 4993 temporis
450 4905 593 4996 erat,
613 4931 747 4970 cum
767 4915 1048 4972 orationis
1065 4913 1281 4988 gratias
1294 4914 1366 4970 ad
1382 4912 1804 4970 monasterium

153 5003 399 5076 istud,in
421 5020 539 5084 quo
665 5003 1069 5084 ministrabat,
1086 5001 1634 5072 descenderet,vidit
1647 5002 1806 5060 hunc

1916 4728 2197 4786 honore.”
2228 4725 2465 4782 .summi
2518 4723 2834 4781 etcelestis
2884 4723 3097 4788 militia
3127 4723 3561 4797 principis,.iar-

1916 4817 2183 4890 changeli
2215 4814 2579 4883 Michahelis,
2611 4814 2711 4886 qui
2743 4815 2918 4871 Grece
2943 4813 3382 4887 archistratigos
3413 4813 3566 4886 apel-
3593 4835 3600 4856 <

1914 4908 2258 5054 ΙΒἮῙῨΝυηο
2283 4996 2478 5050 autem
2494 5008 2612 5048 non
2630 4990 2829 5066 pigeat
2849 4990 3111 5048 libellulo
3125 4990 3266 5056 huic
3280 5006 3372 5046 res
3387 4990 3561 5072 duas,

1503 5152 1743 5234 νᾼΒΙίΕ
1795 5148 2208 5234 LECTIONES.

156 5336 160 5339 -
219 5297 263 5332 ²²
288 5295 618 5354 sanctisimi
649 5297 705 5354 l.
780 5299 824 5333 ²³
855 5298 1100 5354 mutrice
1132 5299 1182 5354 1.
1220 5297 1447 5353 mittere
1477 5297 1511 5352 3
1542 5295 1780 5352 muttire
1807 5296 1862 5352 5.
1895 5291 2135 5352 muttire
2163 5307 2304 5365 conj.
2342 5287 2622 5365 mutireA5
2648 5303 2704 5365 a.
2779 5286 2824 5321 ²⁴
2853 5281 3559 5365 h_ababatur_corr.n_habe-

150 5368 321 5442 batur
352 5371 421 5442 1.7
482 5367 820 5442 2“elusurus
849 5370 874 5426 1
908 5389 920 5438 ;
947 5370 1036 5427 sed
1066 5373 1218 5441 infra
1249 5387 1374 5442 cap.
1401 5369 1486 5426 13.
1522 5367 1737 5424 clusas.
1812 5369 1858 5402 ²⁰
1888 5367 1927 5442 _f.
1955 5370 1994 5421 t.
2018 5380 2168 5442 v‘ocncs
2196 5363 2532 5442 caltwreﬂtcs
2552 5360 2614 5414 in
2639 5360 2687 5414 1.
2710 5356 3257 5442 nec_distinguendze.
3334 5356 3377 5391 ³⁷
3397 5356 3558 5430 prin-

153 5440 379 5521 cipatur
403 5441 448 5498 Ι.
527 5441 568 5475 ’⁸
594 5465 675 5526 ἰνα
702 5467 750 5498 τι
779 5430 977 5516 cacata;
1005 5467 1090 5500 τον
1121 5430 1196 5507 ὲες
1227 5430 1422 5498 desiuit
1458 5443 1512 5505 5
1539 5443 1612 5498 5a
1641 5439 2008 5514 εσφαζεςάαεει
2037 5438 2072 5492 3
2096 5438 2185 5507 3a,
2219 5439 2332 5492 etc.
2405 5434 2449 5467 ²⁹
2475 5431 2775 5487 hononore
2808 5430 2832 5487 Ι
2849 5473 2860 5485 .

1727 5592 1983 5667 ΝΟΤλῌη

219 5706 330 5784 (53)
363 5707 526 5768 Obiit
555 5725 650 5767 an.
682 5709 810 5768 959.
843 5732 850 5737 ι

1984 5707 2100 5779 (54)
2128 5704 2359 5764 Crasso.
