4050 6396
395 407 512 472 795

1351 399 1824 468 LIUTPRANDI
1865 396 2414 464 CREMONENSIS
2457 402 2829 468 EPISGOPI.

3679 402 3812 467 796

397 561 547 620 quas
572 541 834 616 ejusdem
855 538 1055 598 Basilii
1076 537 1254 607 filius,
1277 539 1636 596 memoratus
1658 536 1769 594 Leo
1791 534 2037 608 impera—
2062 531 2118 599 A
2148 535 2306 594 lesus
2329 554 2702 612 exeas,quam
2725 539 2783 597 id
2803 537 3149 612 percontari,
3171 534 3270 596 tibi
3295 539 3661 597 commodius
3683 541 3803 611 est,

398 640 492 692 tor
521 635 830 706 augustus,
863 629 1147 687 memoria
1195 629 1437 700 risuque
1467 628 1678 700 dignas
1708 626 1845 699 egit,
1880 626 2037 682 inse-

396 717 1492 792 rere.Constantinopolitanaurbs,qua3
1512 717 1674 788 prius
1688 715 2034 781 Bizantium,

396 830 543 868 nova
572 827 729 865 nunc
761 810 973 865 dicitur
996 810 1199 873 Roma,
1231 807 1382 862 inter
1412 806 1802 862 ferocissimas
1836 808 2037 877 gentes

395 906 485 958 est
518 899 854 956 constituta.
881 897 1285 968 Habetquippe
1304 898 1373 951 ab
1389 895 1661 967 aquilone
1684 894 2032 966 Hungarios,

394 992 724 1055 Pizenacos,
766 989 1070 1052 Chazaros,
1099 987 1308 1041 Rusios
1340 1002 1487 1056 quos
1519 985 1631 1039 alio
1663 1001 1768 1038 nos
1801 984 2036 1038 nomine

393 1080 802 1136 Nordmannos
824 1075 1209 1148 appellamus,
1233 1077 1407 1145 atque
1451 1072 1752 1145 Bulgarios
1786 1071 2032 1125 nimium

395 1170 506 1225 sibi
539 1167 798 1233 vicinos;
833 1166 904 1220 ab
935 1164 1155 1218 oriente
1185 1163 1408 1234 Bagdas
1437 1180 1449 1224 :
1487 1162 1637 1216 inter
1669 1161 1951 1215 orientem
1981 1163 2037 1213 et

396 1257 699 1314 meridiem
721 1254 926 1326 Egypti
950 1253 1376 1323 Babilonimque
1395 1252 1440 1285 ³ο
1465 1250 1715 1316 incolas;
1741 1267 1774 1303 a
1795 1248 2035 1302 meridie

389 1363 523 1401 vero
572 1344 823 1400 Africam
857 1342 1030 1397 habet
1078 1344 1134 1396 et
1183 1340 1542 1394 nominatam
1588 1337 1750 1392 illam
1783 1336 2032 1391 nimium

386 1436 640 1491 vicinam
675 1433 903 1503 sibique
935 1429 1281 1485 contrariam
1316 1427 1569 1483 insulam
1603 1429 1782 1480 Crete.
1827 1427 2034 1479 Caetere

387 1542 522 1580 vero
554 1541 682 1595 quae
712 1524 851 1577 sunt
872 1522 982 1575 sub
1003 1521 1204 1575 eodem
1229 1518 1460 1573 climate
1491 1517 1778 1578 nationes,
1798 1514 2031 1568 Armcni

389 1613 632 1679 scilicet,
665 1613 888 1677 Perses,
921 1608 1177 1675 Chaldei,
1210 1607 1445 1677 Avasgi,
1495 1605 1631 1660 huic
1676 1603 2030 1659 deserviunt.

389 1702 601 1759 Incolae
633 1700 883 1771 denique
929 1696 1178 1753 civitatis
1227 1696 1425 1765 hujus,
1460 1694 1630 1749 sicut
1679 1696 2032 1748 memoratas

387 1795 590 1865 gentes
604 1786 1098 1844 divitiisitaetiam
1123 1781 1410 1855 sapientia
1431 1780 1884 1852 superexellunt.
1907 1779 2024 1833 Mo-

388 1881 470 1937 ris
495 1879 709 1952 quippe
722 1892 922 1932 eorum
946 1879 1053 1942 est,
1070 1889 1142 1929 ne
1155 1871 1404 1928 avicinis
1417 1869 2033 1943 gentibusobpriman-
2065 1903 2110 1968 Β

383 1967 755 2041 tur;singulis
765 1965 1096 2039 quibusque
1108 1962 1379 2018 noctibus
1391 1977 1492 2033 per
1506 1960 1681 2014 totius
1693 1958 1937 2014 civitatis
1955 1957 2039 2011 bi-

384 2051 1348 2128 vium,trivium,quadruviumque
1361 2052 1614 2105 armatos
1631 2047 1751 2102 mili
1763 2051 1846 2102 tes
1860 2065 2037 2102 causa

387 2147 780 2207 custodiendae
798 2141 1174 2213 civitatis,qui
1194 2157 1322 2196 eam
1337 2137 1663 2210 invigilant,
1679 2136 2034 2207 ponere.Fit-

388 2257 522 2313 que,
543 2241 606 2292 ut
622 2235 670 2293 si
684 2239 816 2308 post
835 2229 1248 2304 crepusculum
1266 2243 1623 2300 quemquam
1655 2224 2034 2280 deambulan-

387 2334 506 2387 tem
521 2327 714 2399 aliquo
733 2323 1005 2380 custodes
1020 2318 1385 2384 offenderint,
1403 2319 1608 2388 captus
1623 2317 1890 2386 protinus
1909 2330 2033 2368 ver-

387 2417 742 2488 beribusque
756 2429 925 2469 cesus
956 2409 1223 2466 custodia
1249 2405 1534 2478 pervigili,
1569 2402 1949 2474 compedibus
1979 2403 2034 2457 in

386 2523 614 2564 carcere
625 2499 1148 2572 strictus,usquein
1161 2496 1482 2554 crastinum
1496 2495 1565 2550 ad
1589 2492 1890 2565 publicum
1905 2509 2034 2564 pro-

387 2595 692 2653 ducendus
715 2594 994 2648 servetur.
1014 2590 1130 2644 Hoc
1151 2586 1405 2658 denique
1422 2587 1586 2654 pacto
1612 2600 1725 2637 non
1751 2581 1940 2637 solum
1963 2582 2033 2635 ab

387 2685 681 2746 hostibus,
712 2696 913 2736 verum
961 2678 1135 2732 etiam
1170 2694 1203 2730 a
1234 2674 1560 2730 latronibus
1607 2672 1792 2726 inlesa
1831 2670 2034 2726 civitas

388 2771 737 2831 custoditur.
768 2769 881 2822 Leo
914 2767 1110 2837 itaque
1141 2765 1459 2836 imperator
1479 2764 1763 2834 augustus
1790 2760 2032 2832 vigilum

388 2863 564 2918 fidem
613 2853 1119 2924 constantiamque
1147 2851 1394 2922 probare
1423 2849 1643 2915 volens,
1694 2848 1855 2904 solus
1903 2852 2034 2920 post

387 2944 802 3020 crepusculum
824 2960 854 2998 e
877 2941 1092 3015 palatio
1113 2940 1493 3006 descendens,
1527 2939 1596 2994 ad
1631 2938 1878 3010 primam
1907 2954 2030 3009 per-

389 3035 545 3095 venit
572 3031 918 3091 custodiam.
934 3031 1116 3095 Quem
1135 3032 1200 3084 ut
1227 3027 1431 3100 vigiles
1449 3028 1769 3101 fugientem
1787 3030 1844 3082 et
1865 3025 2033 3098 quasi

389 3129 548 3184 metu
570 3142 632 3181 se
663 3121 1054 3179 declinantem
1068 3117 1357 3185 viderunt,
1377 3117 1884 3189 comprehensum,
1901 3115 2034 3186 quis

389 3218 544 3273 esset
573 3229 759 3286 quove
809 3211 1093 3284 pergeret,
1122 3207 1572 3278 interrogarunt.
1608 3205 1736 3272 Qui,
1770 3223 1800 3260 e
1831 3203 2034 3260 multis

2151 628 2277 683 Non
2347 645 2507 700 seque
2562 646 2688 697 VOS,
2720 642 2773 686 σὲ
2805 639 2866 694 εἰς
2897 630 2936 665 ³³
2997 641 3089 699 τὴν
3120 638 3333 703 φιλάκην
3362 639 3444 686 καὶ
3470 637 3619 686 αὐτὸν
3649 639 3713 694 εἷς
3741 641 3808 688 τὸ

2146 727 2569 792 χρυσοτρίκλινον,
2614 737 2675 775 se
2701 720 2751 775 is
2782 721 2864 774 tin
2910 719 3108 775 ﬁlakin
3141 721 3212 774 k0
3257 723 3434 774 auton
3465 719 3515 775 is
3546 724 3605 776 t0
3641 721 3806 776 chri-

2148 806 2506 874 sotriclinon,
2541 813 2597 863 te
2628 808 2686 862 in
2718 823 2963 872 carcere,
2997 813 3054 864 et
3102 807 3270 863 illum
3301 810 3359 863 in
3409 826 3652 864 aureum
3685 811 3803 864 tri-

2147 895 2409 962 clinium,
2445 897 2676 952 fortuna
2728 898 2893 952 fovet.
2949 898 3132 952 Parva
3163 903 3303 952 sunt
3339 897 3480 962 hzec,
3529 899 3804 970 graviora

2147 985 2434 1038 addantur
2449 985 2700 1048 vincula,
2735 1004 2806 1040 ne
2830 985 2904 1041 sit
2930 988 3188 1056 spatium
3214 987 3284 1041 de
3312 987 3656 1058 imperatore
3678 1005 3810 1044 me-

2146 1073 2390 1127 ditandi.
2429 1097 2455 1121 ››
2487 1074 2588 1128 Cui
2625 1098 2652 1123 ‹‹
2685 1073 2913 1140 Desine,
2949 1074 3160 1144 inquit,
3188 1076 3389 1131 desine
3416 1094 3427 1144 ;
3453 1075 3578 1147 ipse
3633 1078 3797 1133 enim

2146 1180 2275 1216 sum
2293 1164 2402 1218 Leo
2427 1163 2741 1235 imperator
2763 1164 3180 1235 augustus,qui
3198 1166 3268 1219 de
3293 1163 3490 1236 palatii
3507 1167 3798 1238 dignitate

2146 1269 2259 1306 non
2294 1252 2441 1306 bono
2473 1254 2666 1307 omine
2698 1253 2908 1324 prodii.
2945 1276 2972 1301 ››
3021 1253 3280 1308 Carceris
3331 1258 3525 1310 autem
3570 1259 3797 1325 custos,

2144 1357 2386 1411 sperans
2420 1357 2532 1394 non
2581 1358 2715 1395 vera
2744 1358 2870 1396 esse
2920 1358 3045 1412 qum
3096 1342 3357 1397 dixerat:
3410 1366 3438 1392 «
3471 1344 3652 1416 Egon,
3705 1346 3797 1400 in—

2144 1429 2291 1498 quit,
2324 1429 2620 1484 hominem
2653 1429 2952 1500 inpurum,
2986 1431 3139 1485 bona
3171 1448 3278 1485 sua
3309 1448 3439 1486 cum
3472 1434 3798 1489 meretrici-

2140 1519 2252 1572 bus
2273 1517 2750 1590 abligurrientem
2779 1519 3184 1590 imperatorem
3210 1521 3440 1576 credam
3456 1521 3484 1576 ?
3503 1522 3798 1586 Quoniam

2140 1611 2318 1662 temet
2348 1612 2412 1661 tu
2446 1607 2746 1678 neglexisti
2779 1625 2881 1679 pro
2915 1613 2969 1663 te
2999 1624 3104 1680 ego
3139 1609 3438 1681 dispitiam
3477 1611 3793 1668 mathesin.

2143 1696 2296 1751 Mars
2321 1697 2603 1768 trigonus,
2630 1698 2918 1752 Saturnus
2941 1697 3224 1753 Venerem
3249 1698 3504 1770 respicit,
3527 1699 3805 1772 Juppiter

2141 1785 2481 1855 quadratus,
2535 1786 2858 1840 Mercurius
2911 1785 3016 1841 tibi
3067 1786 3274 1854 iratus,
3326 1787 3421 1842 Sol
3479 1791 3797 1858 rotundus,

2142 1878 2303 1929 Luna
2333 1875 2392 1928 in
2424 1874 2576 1930 saltu
2609 1878 2716 1941 est,
2753 1875 2906 1930 mala
2933 1879 3190 1931 Fortuna
3212 1879 3267 1931 te
3298 1877 3529 1949 premit.
3554 1900 3582 1926 ››
3610 1879 3804 1952 Impe-

2147 1967 2304 2017 rator
2332 1980 2464 2018 vero
2491 1981 2550 2018 :«
2581 1965 2672 2031 Ut,
2704 1964 2916 2036 inquit,
2948 1981 3085 2019 vera
3108 1965 3319 2036 probes
3341 1981 3469 2022 esse
3488 1984 3614 2037 quae
3638 1967 3796 2037 dico,

2145 2051 2287 2105 dum
2318 2052 2662 2107 matutinale
2706 2053 2972 2108 dederint
3002 2053 3260 2124 signum,
3313 2057 3446 2110 ante
3477 2055 3631 2110 enim
3673 2073 3797 2112 non

2146 2140 2273 2194 ausi
2304 2158 2534 2208 sumus,
2569 2158 2796 2196 mecum
2829 2143 2899 2197 ad
2933 2141 3217 2214 palatium
3241 2142 3448 2215 potiori
3479 2161 3658 2216 quam
3684 2162 3799 2219 ego

2145 2230 2545 2284 descenderim
2588 2231 2781 2285 omine
2813 2231 3022 2286 venito.
3059 2231 3113 2286 Si
3150 2249 3241 2286 me
3283 2235 3347 2287 ut
3379 2232 3798 2306 imperatorem

2145 2336 2260 2374 non
2285 2318 2412 2374 istic
2437 2319 2610 2391 recipi
2632 2320 2865 2387 videris,
2891 2320 3290 2377 occidito.Non
3307 2321 3550 2377 minoris
3575 2325 3800 2396 quippe

2144 2407 2406 2462 criminis
2438 2408 2565 2462 erit.
2599 2425 2691 2463 me
2723 2409 3131 2480 imperatorem
3155 2408 3372 2465 dixisse
3404 2409 3453 2465 si
3485 2429 3599 2466 non
3631 2429 3796 2482 sum,

2145 2513 2320 2568 quam
2355 2497 2606 2568 aliquem
2631 2497 2930 2552 occidisse.
2965 2497 3024 2552 Si
3046 2515 3178 2552 vero
3211 2502 3266 2553 te
3297 2499 3368 2554 ob
3392 2499 3449 2554 id
3473 2499 3799 2573 maliquic-

2145 2603 2321 2657 quam
2355 2585 2473 2657 pati
2505 2587 2805 2653 formidas,
2855 2586 2976 2641 haec
3015 2587 3179 2641 fatiat
3209 2587 3353 2642 mihi
3401 2593 3552 2645 Deus
3581 2595 3638 2645 et
3668 2590 3797 2646 haec

2143 2675 2337 2743 addat,
2372 2675 2420 2729 si
2454 2692 2568 2730 non
2591 2675 2784 2746 potius
2811 2675 3117 2747 praemium
3141 2693 3317 2747 quam
3350 2694 3452 2748 pro
3482 2679 3592 2733 hac
3615 2697 3674 2734 re
3696 2697 3798 2736 su-

2144 2780 2268 2818 mes
2293 2763 2662 2834 supplitium.
2698 2787 2725 2814 »
2774 2765 2957 2835 Igitur
2986 2763 3262 2820 credulus
3293 2767 3541 2823 carceris
3589 2772 3796 2825 custos

2143 2853 2401 2918 effectus,
2430 2853 2587 2918 dato,
2621 2857 2686 2908 ut
2717 2853 3032 2923 imperator
3071 2852 3310 2920 dixerat,
3346 2855 3678 2911 matutinali
3710 2858 3795 2912 si-

2142 2956 2275 3012 gno,
2309 2957 2442 2996 eum
2476 2941 2544 2996 ad
2583 2940 2865 3012 palatium
2915 2957 3102 3012 usque
3151 2941 3479 2998 comitatur.
3528 2946 3797 3018 Cumque

2144 3030 2345 3084 eodem
2374 3029 2648 3094 venisset,
2700 3028 3048 3084 mirabiliter
3076 3028 3226 3084 sicut
3258 3047 3290 3084 a
3321 3047 3383 3086 se
3414 3033 3797 3090 noscentibus

2143 3122 2472 3186 susceptus,
2499 3119 2770 3174 comitem
2790 3134 2962 3174 suum
2986 3119 3380 3174 exanimatum
3405 3120 3796 3179 admiratione

2145 3206 2327 3262 nimia
2346 3206 2620 3262 reddidit.
2646 3206 2796 3263 Sane
2819 3207 2958 3261 dum
2983 3207 3296 3278 dignitaies
3319 3225 3521 3266 omnes
3545 3210 3680 3266 huic
3703 3230 3796 3268 oc-

389 3268 671 3362 unumlse
701 3268 831 3358 esse
881 3268 948 3355 et
976 3297 1225 3368 lupanar
1252 3299 1468 3368 petere,
1503 3294 1665 3350 dixit.
1717 3294 1821 3349 Cui
1855 3311 2025 3349 mox:
2063 3268 2106 3335 (ἶ
2144 3297 2446 3364 currere”,
2482 3295 2683 3350 laudes
2716 3295 2975 3362 reddere,
3029 3296 3296 3367 adorare,
3345 3315 3544 3354 soccos
3597 3300 3792 3355 detra-

390 3418 418 3446 ‹‹
450 3397 659 3449 Cesum
688 3395 744 3446 te
776 3389 1004 3454 acriter,
1036 3385 1329 3456 inquiunt,
1363 3383 1856 3456 compedibusque
1897 3383 2030 3438 stri-

388 3487 548 3538 ctum
581 3495 771 3550 usque
801 3477 860 3530 in
911 3473 1232 3530 crastinum
1263 3473 1712 3529 reservabimus.
1750 3495 1776 3522 »
1809 3473 2030 3539 Quibus

383 3568 719 3642 respondit:
757 3587 786 3616 «
816 3577 912 3632 Μὴ,
941 3571 1164 3636 ἀδελφοῖ,
1197 3574 1284 3634 μὴ,
1318 3562 1396 3617 mi
1423 3561 1616 3629 adelﬁ,
1650 3563 1730 3617 mi
1760 3563 1914 3634 quod
1949 3561 2032 3616 in-

380 3659 762 3730 terpretatur;
798 3668 1194 3724 nequaquam,
1228 3652 1459 3716 fratres,
1493 3667 1902 3722 nequaquam:
1937 3669 2029 3706 ac-

381 3745 554 3818 cipite
585 3744 739 3817 quod
788 3745 973 3813 porto,
1018 3739 1335 3812 permittite
1365 3739 1444 3794 ire
1502 3757 1616 3810 quo
1657 3737 1805 3795 volo.
1864 3761 1891 3787 »
1923 3739 2031 3801 Qui

383 3833 688 3892 duodecim
724 3829 978 3902 acceptis
999 3830 1351 3895 aureis,eum
1371 3827 1640 3900 protinus
1660 3827 2028 3883 dimiserunt.

384 3924 526 3980 Inde
553 3938 686 3978 vero
708 3920 1021 3987 transiens,
1053 3918 1124 3974 ad
1156 3917 1474 3974 secundam
1503 3917 1660 3972 venit
1681 3917 2029 3974 custodiam.

387 4013 511 4077 Quo
535 4009 1030 4084 quemadmodum
1053 4011 1109 4062 et
1137 4007 1196 4061 in
1220 4005 1411 4078 prima
1428 4008 1652 4076 captus,
1673 4006 1943 4078 datisque
1969 4009 2035 4061 10

383 4100 578 4157 aureis
609 4103 697 4156 est
719 4096 1111 4154 dimissus.Ad
1124 4094 1356 4151 tertiam
1371 4093 1580 4149 deinde
1593 4094 1733 4149 dum
1755 4095 2030 4163 venisset,

382 4193 473 4247 est
501 4192 708 4261 captus
734 4204 748 4243 :
782 4203 984 4242 verum
1017 4201 1135 4240 non
1179 4187 1246 4239 ut
1275 4183 1465 4255 primo
1497 4200 1562 4237 ac
1594 4184 1850 4239 secundo
1883 4184 2033 4240 datis

383 4278 576 4337 aureis
602 4281 692 4334 est
721 4275 1032 4343 dimissus;
1068 4273 1168 4330 sed
1192 4271 1402 4328 ablatis
1423 4272 1717 4343 omnibus,
1739 4273 2034 4345 compedi-

381 4370 609 4440 busque
641 4364 893 4438 graviter
925 4363 1188 4431 strictus,
1213 4360 1422 4433 pugois
1448 4360 1768 4433 ﬂagrisque
1791 4362 1892 4417 diu
1916 4378 2038 4418 ver-

382 4459 646 4526 beratus,
677 4453 948 4510 custodia
979 4468 1167 4523 usque
1188 4451 1246 4504 in
1271 4449 1594 4505 crastinum
1625 4452 2035 4522 producendus

385 4548 669 4601 servatur.
692 4542 794 4598 His
817 4541 1013 4614 itaque
1036 4539 1494 4606 discedentibus,
1522 4540 1824 4594 custodem
1857 4540 2040 4613 impe-

2139 3385 2296 3452 here,
2331 3384 2444 3440 alia
2474 3387 2647 3456 atque
2678 3383 2791 3438 alia
2819 3401 2923 3455 pro
2958 3401 3020 3439 se
3041 3401 3399 3458 quemquam
3431 3387 3615 3443 facere
3645 3405 3794 3446 con-

2139 3473 2538 3545 templaretur,
2567 3473 2746 3528 emori
2768 3473 2817 3528 ei
2841 3477 2980 3528 tunc
3002 3477 3176 3545 atque
3195 3474 3384 3531 vivere
3405 3477 3591 3532 satius
3609 3483 3785 3534 esset.

2140 3563 2245 3617 Cui
2277 3562 2626 3632 imperator:
2655 3584 2683 3611 «
2703 3561 3127 3634 Contemplare,
3153 3563 3364 3634 inquit,
3388 3583 3543 3621 nunc
3567 3567 3789 3624 mathe-

2141 3651 2231 3706 sin
2243 3654 2300 3706 et
2317 3650 2363 3705 si
2380 3667 2510 3706 vere
2533 3668 2647 3722 quo
2670 3650 2784 3705 huc
2805 3652 3104 3707 adveneris
3128 3653 3322 3708 omine
3344 3647 3786 3722 dixeris,verarﬁ

2140 3743 2196 3793 te
2210 3757 2279 3793 an
2288 3757 2361 3812 gu
2370 3739 2533 3794 randi
2554 3739 2856 3795 scientiam
2871 3739 3084 3796 habere
3098 3741 3391 3812 probabis.
3408 3743 3575 3799 Prius
3591 3748 3788 3801 tamen

2143 3845 2361 3900 quaeso,
2397 3828 2536 3899 quid
2570 3828 2758 3883 morbi
2791 3828 2886 3898 sit,
2921 3829 3203 3901 proferas,
3236 3833 3390 3902 quod
3421 3836 3477 3887 te
3509 3836 3629 3888 tam
3661 3834 3788 3905 pal-

2142 3917 2330 3973 lidum
2371 3916 2647 3983 reddidit,
2681 3939 2709 3966 »
2742 3917 2881 3972 Cui:
2932 3918 3246 3975 Parcarum
3267 3921 3332 3987 ³³,
3384 3920 3532 3989 inﬁt,
3567 3923 3791 3979 obtima

2143 4005 2304 4061 Cloto
2328 4007 2453 4077 jam
2477 4021 2611 4060 nere
2635 4005 2877 4076 desinit;
2906 4006 3178 4063 Lachesis
3207 4025 3340 4064 vero
3369 4009 3427 4064 in
3461 4012 3790 4083 torquendo

2143 4095 2408 4150 laborare
2439 4094 2692 4166 amplius
2744 4112 2859 4150 non
2911 4096 3093 4168 cupit,
3126 4097 3432 4163 sevissima
3459 4105 3653 4156 autem
3685 4102 3790 4157 ha-

2144 4200 2276 4238 rum
2306 4184 2551 4254 Atropos
2575 4183 2849 4240 articulos
2867 4184 2993 4255 jam
3017 4184 3077 4240 in
3099 4187 3394 4242 condilum
3415 4189 3526 4261 (55)
3550 4189 3732 4246 solam
3747 4192 3793 4226 3‘

2145 4271 2370 4345 imperii
2405 4272 2489 4327 tui
2521 4273 2870 4328 sententiam
2903 4278 3187 4346 expectat,
3221 4279 3284 4331 ut
3313 4277 3413 4333 ﬁla
3441 4279 3791 4337 contrahens

2143 4365 2398 4433 rumpat.
2456 4361 2802 4418 Palliditatis
2845 4366 3040 4419 autem
3089 4364 3285 4420 vultus
3315 4366 3430 4422 mei
3472 4385 3650 4425 causa
3678 4374 3786 4437 est,

2147 4450 2404 4506 animam
2432 4469 2466 4506 a
2494 4450 2681 4524 capite
2705 4452 3096 4521 descendisse,
3122 4471 3438 4527 secumque
3472 4457 3529 4512 in
3561 4457 3792 4514 inferio-

2147 4556 2268 4595 rem
2299 4541 2556 4613 corporis
2576 4544 2796 4613 partem
2822 4543 3167 4615 sanguinem
3189 4545 3550 4615 perduxisse.
3586 4570 3614 4597 ››
3641 4548 3788 4602 Sub-

386 4639 542 4688 rator
572 4633 643 4686 ad
677 4648 802 4686 sese
832 4629 1078 4684 carceris
1107 4645 1351 4683 vocans:
1385 4650 1411 4676 »
1469 4635 1590 4683 ψῦεε
1623 4653 1737 4698 μου,
1792 4628 1885 4684 ﬁle
1913 4649 2035 4701 mu,
2069 4641 2115 4706 Ι)
2148 4631 2343 4684 ridens
2375 4630 2554 4702 igitur
2583 4629 2931 4703 imperator:
2959 4654 2986 4682 ‹‹
3021 4632 3252 4704 Recipe,
3274 4634 3484 4708 inquit,
3509 4636 3789 4704 animam,

387 4722 543 4795 quod
573 4725 662 4776 est
714 4719 901 4774 amice
931 4718 1030 4786 mi,
1067 4717 1276 4789 inquit,
1326 4717 1578 4772 Leonem
1627 4717 2032 4787 imperatorem

387 4809 623 4867 nostin?
651 4839 716 4848 —
749 4806 879 4873 Qui,
905 4806 1054 4874 infit,
1088 4822 1326 4862 noscere
1358 4804 1604 4876 possim,
1627 4823 1798 4876 quem
1823 4809 2036 4866 vidisse

387 4917 480 4956 me
499 4916 613 4955 non
633 4895 1043 4953 meminerim?
1066 4895 1148 4949 Ad
1177 4893 1476 4965 publicum
1496 4895 1805 4963 sane,'raro
1830 4915 2034 4969 quam-

386 5006 588 5062 quam,
621 4988 765 5043 dum
799 4983 1076 5057 procedit,
1102 4982 1345 5054 alonge,
1371 4982 1772 5056 quia,propter
1789 5003 2032 5059 nequeo,

387 5095 521 5134 eum
553 5078 812 5144 intueor,
853 5071 1120 5129 mirabile
1164 5072 1446 5144 quiddam
1500 5076 1558 5128 et
1589 5090 1704 5129 non
1737 5074 2034 5133 hominem

387 5167 580 5224 videre
608 5166 824 5223 videor.
859 5163 1007 5220 Dare
1039 5166 1235 5219 autem
1268 5165 1324 5217 te
1349 5177 1605 5234 operam,
1641 5179 1756 5234 quo
1789 5163 1924 5220 hinc
1954 5166 2038 5220 in-

2147 4719 2354 4790 recipe,
2371 4723 2427 4774 et
2447 4736 2580 4774 cum
2605 4719 2712 4774 hac
2735 4719 2997 4777 bisbinas
3010 4739 3079 4776 au
3090 4738 3317 4778 reorum
3334 4722 3514 4781 libras
3525 4726 3793 4795 adsume;

2146 4809 2291 4865 nulli
2321 4825 2454 4865 vero
2477 4809 2546 4864 de
2577 4825 2690 4874 me,
2725 4807 2837 4863 nisi
2868 4809 3188 4883 aufugisse,
3222 4815 3597 4885 respondeas.
3627 4837 3654 4866 ››
3700 4816 3794 4871 His

2145 4899 2229 4953 ita
2258 4898 2458 4970 gestis,
2493 4898 2808 4969 imperator
2833 4898 3060 4972 vigiles,
3083 4900 3182 4972 qui
3206 4919 3266 4957 se
3288 4907 3525 4976 captum
3554 4905 3794 4962 dimise-

2148 4991 2297 5057 rant,
2328 4987 2544 5059 quiquc
2575 5004 2788 5042 caesum
2820 4989 3096 5044 custodiae
3145 4991 3568 5065 manciparent,
3601 4994 3797 5052 venire

2147 5076 2420 5149 precepit.
2455 5075 2676 5139 Quibus
2703 5079 2758 5131 et
2782 5077 2864 5132 ait
2887 5095 2898 5132 :
2924 5102 2950 5128 «
2984 5079 3381 5152 Vigilantibus
3412 5084 3577 5140 vobis
3609 5089 3798 5141 custo-

2147 5165 2423 5236 diamque
2475 5164 2690 5220 civitati
2726 5165 3140 5242 praebentibus,
3173 5173 3460 5244 numquid
3494 5173 3650 5231 fures
3684 5173 3794 5229 ali-

1751 5306 1920 5362 VARI
1931 5310 1990 5362 EE
2029 5307 2435 5363 LECTIONES.

461 5424 506 5458 ³ο
525 5423 976 5496 νῂδῦίὶὶοῐιίωῳιθ
1007 5426 1032 5479 1
1065 5423 1157 5479 55.

392 5495 695 5551 conditum
725 5495 909 5550 solam
941 5497 977 5550 5
1003 5497 1092 5550 5a.

1234 5423 1274 5457 δι
1307 5425 1364 5477 et
1395 5423 1444 5477 1.
1521 5423 1565 5456 3‘3
1596 5437 1833 5478 occurre
1865 5425 1890 5478 1
1969 5425 2013 5458 ⁸³
2044 5441 2248 5496 parcar
2295 5441 2496 5480 earum
2529 5425 2555 5479 1
2612 5424 2673 5479 in
2701 5424 2909 5482 duabus
2941 5427 3119 5484 lineis.
3196 5431 3242 5465 3‘
3270 5430 3532 5488 articulis
3554 5433 3680 5505 jam
3714 5433 3796 5489 in-

1981 5590 2210 5648 NOT/E.

468 5691 579 5764 (55)
612 5689 674 5748 Id
705 5693 796 5746 est
827 5687 1102 5746 articulos
1134 5689 1350 5747 forﬁcis
1373 5690 1500 5759 jam
1532 5689 1591 5745 in
1621 5705 1799 5747 manu
1830 5693 2066 5752 curvata
2093 5690 2370 5763 (κόνδυλος)
2399 5694 2623 5747 tenens.
