4050 6390
175 425 300 487 ’ῖ97

1159 426 1777 491 ANTAPODOSEOS
1824 427 2031 490 LIBRI
2075 427 2244 490 SEX.
2277 463 2354 475 —-
2383 430 2528 493 LIB.
2575 432 2623 494 Ι.

3475 437 3594 497 798

175 558 419 634 quando
451 557 864 632 adulterosque
895 559 1186 618 oflenditis
1205 561 1232 616 ?
1262 583 1291 612 »
1323 561 1430 629 Qui
1463 579 1594 619 eum
1627 561 1826 636 praetio
1854 561 1912 630 Α
1941 574 2048 640 ret,
2080 583 2389 625 aureorum
2416 570 3137 629 numismatorumlibram
3153 574 3591 645 pectoriunius-

179 655 420 724 accepto
453 649 906 718 dimiserant,nil
930 667 992 707 se
1012 650 1229 708 vidisse
1259 653 1678 725 responderant
1692 654 1738 688 3‘
1758 656 1783 680 *
1817 672 1830 721 ;

179 741 280 813 qui
332 758 468 796 vero
518 757 732 796 czesum
782 740 950 796 illum
991 741 1272 798 custodia:
1302 743 1727 814 manciparent,
1755 744 1836 800 ita

177 831 606 902 responderant
647 831 733 886 35:
786 853 813 878 «
863 831 1138 902 Prmcepit
1203 840 1429 888 δεσποτία
1473 843 1558 904 cog
1614 841 1648 900 ἡ
1701 842 1830 904 ἅγια,

177 920 449 992 despotia
479 919 571 974 sui
602 919 752 990 agia,
787 920 842 974 id
878 923 967 975 est
1015 920 1337 976 dominatio
1367 925 1468 976 tua
1512 928 1734 990 sancta,
1768 927 1835 978 ut

180 1009 233 1064 si
246 1008 454 1080 vigiles
467 1011 598 1080 post
620 1008 1033 1080 crepusculum
1053 1026 1408 1082 quemquam
1423 1011 1620 1082 aliquo
1640 1013 1834 1066 deam-

180 1098 487 1153 bulantem
508 1098 886 1162 offenderent,
901 1103 1136 1170 captum
1150 1099 1418 1171 protinus
1460 1100 1829 1155 verberibus-

179 1203 524 1257 queczesum
549 1187 822 1242 custodia:
838 1189 1150 1243 traderent.
1186 1188 1548 1258 I‘uisitaque,
1573 1189 1833 1244 domina-

181 1280 274 1332 tor
294 1275 734 1344 sanctissime“,
761 1278 1130 1348 jussionibus
1152 1295 1258 1332 nos
1272 1277 1830 1350 parentes,hac,qua3

181 1370 529 1436 praesentem
555 1367 1036 1438 praecessitdiem,
1071 1371 1236 1423 nocte
1268 1368 1561 1440 quendam
1585 1366 1830 1438 lupana-

182 1455 269 1510 ria
290 1460 730 1528 percurrentem
753 1457 1831 1530 cepimus,flagellavimus,carcerique

181 1545 530 1618 impositum
563 1546 806 1618 imperio
835 1551 932 1602 tuo
955 1551 1155 1602 sancto
1179 1548 1618 1618 producendum
1643 1563 1832 1602 serva-

178 1635 396 1690 vimus.
431 1657 460 1683 »
492 1635 715 1699 Quibus
763 1636 1113 1707 imperator:
1150 1659 1178 1687 «
1211 1637 1354 1704 Cito,
1403 1636 1617 1708 inquit,
1668 1642 1732 1692 ut
1769 1636 1829 1691 in

182 1724 448 1780 medium
469 1724 845 1796 producatur,
881 1729 1136 1798 potestas
1158 1724 1518 1798 imperiimei
1543 1725 1716 1781 etiam
1750 1729 1831 1780 at-

181 1829 295 1885 que
325 1813 505 1870 etiam
527 1813 794 1886 imperat.
821 1837 848 1863 »
871 1815 985 1870 Nec
1004 1832 1187 1880 mora,
1220 1815 1450 1871 vinctus
1471 1819 1535 1871 ut
1556 1816 1826 1882 ducatur,

180 1915 557 1984 percurrunt.
585 1915 766 1978 Quem
794 1913 935 1968 dum
949 1913 1248 1985 aufugisse
1270 1913 1829 1981 audirent,semivivi
1864 1937 1908 2003 Β

183 2002 255 2058 ad
306 2001 592 2073 palatium
637 2005 777 2057 sunt
819 2002 1053 2058 reversi.
1087 2002 1248 2066 Quod
1296 2019 1430 2058 cum
1461 2003 1837 2059 nuntiassent

181 2090 546 2162 imperatori,
577 2106 710 2146 mox
739 2091 1056 2162 imperator
1085 2107 1146 2146 se
1175 2096 1415 2146 exutum
1440 2091 1732 2163 nimisque
1761 2091 1834 2148 iis

182 2196 387 2235 casum
439 2180 754 2235 ostendens
791 2197 804 2235 :
858 2202 884 2228 ››
929 2189 1095 2248 Δεύτε,
1143 2181 1334 2250 deute,
1380 2181 1438 2235 id
1489 2185 1578 2236 est
1623 2181 1831 2251 venite,

182 2267 400 2338 inquit,
434 2280 503 2339 μὴ
531 2276 838 2337 διληασέται,
866 2269 945 2323 mi
979 2269 1447 2337 diliasete,nolite
1477 2270 1792 2326 formidare
1818 2289 1830 2338 ;

182 2358 310 2429 ipse
339 2374 447 2430 ego
477 2374 611 2413 sum
644 2374 817 2429 quem
850 2357 1514 2431 ﬂagellastis,quemque
1545 2377 1576 2415 e
1606 2377 1834 2416 carcere

184 2464 344 2503 nunc
375 2447 677 2519 aufugisse
707 2447 1018 2504 confiditis.
1043 2447 1173 2502 Scio
1206 2449 1362 2503 enim
1393 2453 1450 2503 et
1477 2466 1610 2504 vere
1641 2451 1832 2514 credo,

182 2537 340 2608 quod
374 2553 492 2592 non
524 2537 933 2608 imperatorem
976 2538 1076 2591 sed
1128 2536 1498 2608 imperatoris
1528 2537 1834 2594 inimicum

181 2627 429 2681 tundere
470 2626 792 2698 cogitastis.
832 2626 946 2680 Hos
960 2625 1169 2697 quime
1191 2643 1304 2681 non
1326 2626 1834 2698 utimperatorem,

185 2715 286 2770 sed
303 2719 366 2770 ut
382 2714 673 2770 latronem
703 2715 936 2787 viteque
955 2731 1094 2770 meae
1112 2715 1512 2771 insidiatorem
1538 2716 1833 2786 dimisere,

187 2807 550 2860 mortetenus
579 2803 912 2860 verberatos
943 2804 1086 2859 urbe
1112 2803 1340 2876 expelli,
1387 2805 1676 2878 bonisque
1709 2824 1835 2862 om-

188 2893 364 2948 nibus
397 2892 633 2965 privari,
665 2909 795 2948 mea
826 2910 940 2948 non
973 2893 1164 2947 solum
1212 2893 1390 2965 cupit,
1425 2910 1627 2949 verum
1659 2895 1835 2950 etiam

182 2981 354 3052 jubet
385 2981 723 3037 auctoritas.
757 2982 871 3037 Vos
919 2985 1114 3037 autem
1147 2983 1294 3038 meis
1319 2999 1434 3038 non
1486 2982 1699 3048 solum,
1735 2986 1835 3040 sed

193 3070 407 3126 horum
457 3071 636 3127 etiam
685 3081 1088 3143 perversorum
1136 3071 1353 3126 divitiis
1402 3072 1630 3128 dono.»
1675 3075 1837 3138 Quod

194 3177 374 3233 quam
425 3161 740 3233 prudenter
769 3160 968 3234 egerit,
999 3160 1318 3232 paternitas
1357 3164 1458 3216 tua
1487 3161 1548 3216 in
1581 3161 1689 3218 hoc
1721 3163 1840 3217 ani-

193 3250 552 3305 madvertere
582 3249 812 3321 poterit,
865 3249 1142 3322 quoniam
1176 3249 1363 3305 caeteri
1394 3253 1603 3306 extunc
1635 3253 1834 3308 civita-

191 3343 309 3394 tem
341 3338 795 3412 diligentissime
827 3339 1138 3406 custodire,
1168 3339 1324 3395 hunc
1340 3339 1516 3394 etiam
1533 3342 1834 3397 absentem

191 3428 362 3500 quasi
393 3432 738 3500 prmsentem
770 3445 1022 3500 sperare.
1072 3429 1283 3500 Sicque
1316 3429 1536 3488 factum
1567 3435 1656 3486 est
1686 3436 1750 3486 ut
1781 3435 1838 3486 et

189 3516 771 3589 imperatoramplius
784 3518 855 3572 de
879 3517 1090 3588 palatio
1110 3522 1284 3573 noctu
1309 3534 1422 3572 non
1438 3518 1833 3588 descenderet,

189 3611 245 3662 et
274 3607 365 3662 sui
399 3606 598 3661 omnia
626 3605 871 3661 ﬁdeliter
901 3605 1282 3660 custodirent.

261 3697 348 3750 12.
399 3694 594 3750 Alium
639 3711 812 3766 quem
863 3695 987 3766 ipse
1035 3695 1152 3766 egit
1188 3694 1416 3762 ludum,
1454 3695 1685 3753 silentio
1718 3699 1834 3772 tegi

189 3785 515 3841 absurdum
547 3800 676 3839 esse
705 3783 981 3855 dijudico.
1007 3783 1716 3856 Constantinopolitanum
1742 3805 1837 3859 pa-

186 3874 394 3930 latium
425 3875 497 3930 ob
529 3873 898 3946 imperatoris
916 3873 1167 3929 salutem
1195 3873 1516 3929 multorum
1548 3877 1834 3947 praesidiis

188 3963 444 4020 militum
467 3961 814 4020 custoditur.
846 3961 1320 4019 Custodientibus
1335 3980 1468 4020 vero
1489 3964 1677 4020 victus
1699 3983 1832 4022 cen-

187 4069 408 4126 susque
418 4051 775 4109 cottidianus
793 4069 907 4107 non
925 4068 1138 4124 parvus
1152 4052 1566 4124 inpenditur”.
1581 4055 1835 4128 Contigit

186 4142 404 4216 itaque,
461 4145 525 4198 12
553 4145 685 4214 post
731 4141 990 4214 corporis
1037 4141 1409 4196 refectionem
1457 4143 1517 4197 in
1557 4143 1684 4216 ipso
1717 4145 1829 4200 diei

183 4233 406 4289 fervore
434 4247 555 4288 una
581 4230 641 4287 in
674 4231 846 4286 domo
881 4228 1339 4302 quiescere.Mos
1362 4230 1615 4303 denique
1645 4233 1829 4305 impe-

183 4320 395 4378 ratoris
413 4319 800 4389 erat,cunctis
814 4318 1253 4391 quiescentibus
1284 4322 1472 4374 totum
1495 4324 1828 4394 perreptare

181 4408 603 4484 palatium.Qui
633 4425 769 4465 cum
800 4409 1022 4473 eodem,
1057 4408 1150 4464 die
1183 4409 1439 4480 quadam
1473 4426 1589 4480 quo
1629 4413 1691 4464 12
1713 4427 1829 4465 me-

181 4500 392 4557 morati
421 4499 654 4556 lcethcno
678 4499 791 4570 (56)
823 4512 951 4554 sese
973 4497 1653 4569 dederant,pervenisset,
1671 4498 1827 4572 ligno

181 4591 430 4658 modico,
465 4592 530 4645 ut
577 4605 693 4644 non
742 4586 1077 4655 incallidus,
1127 4588 1261 4642 ostii
1295 4587 1530 4659 pessulo
1571 4590 1826 4661 projecto

1944 662 2231 734 cujusque
2260 661 2532 733 apposuit
2549 662 2630 732 38;
2666 679 2915 736 moxque
2959 662 3109 720 clam
3139 661 3462 738 regressus,
3495 687 3590 725 os-

1944 752 2112 819 tium,
2164 756 2229 807 ut
2259 753 2422 824 prius
2465 753 2673 821 fuerat,
2708 752 2936 809 clausit.
2971 755 3049 811 Eo
3082 760 3275 812 autem
3308 757 3417 813 hoc
3449 760 3587 833 egit,

1944 841 2222 914 quatinus
2253 842 2446 897 exitati
2482 844 2592 914 (37)
2639 847 2695 898 et
2726 843 2795 899 de
2843 843 3006 899 lucro
3038 846 3492 916 gratularentur,
3523 867 3588 905 ac

1944 930 2192 1002 qualiter
2214 931 2321 986 hoc
2351 932 2639 988 accideret
2669 950 2781 988 non
2815 934 3188 992 mediocriter
3209 937 3586 994 mirarentur.

1942 1020 2202 1092 Deuique
2234 1021 2567 1080 discedente
2597 1021 2964 1094 imperatore,
3000 1025 3097 1096 qui
3127 1025 3268 1098 vigil
3302 1026 3465 1084 solus
3490 1045 3586 1085 ex-

1942 1111 2139 1164 titerat
2187 1111 2462 1179 surrexit,
2507 1112 3042 1185 dormientiumque
3070 1132 3347 1173 nummos
3378 1135 3586 1175 aureos

1943 1199 2052 1253 sibi
2085 1201 2420 1271 adsumpsit
2472 1205 2644 1273 atque
2677 1203 2971 1273 reposuit;
3007 1209 3209 1274 postea
3238 1223 3370 1260 vero
3401 1208 3585 1278 quieti

1940 1305 2067 1344 sese
2089 1289 2280 1344 dedit.
2305 1291 2809 1362 [mperatorigitur
2838 1309 2943 1364 pro
2958 1292 3066 1348 hoc
3088 1294 3226 1349 ludo
3263 1295 3549 1352 sollicitus
3578 1343 3587 1363 ,

1942 1380 2076 1447 post
2105 1393 2317 1430 nonam
2350 1376 2554 1431 horam
2591 1379 2656 1432 12
2672 1377 2781 1434 hos
2801 1396 2948 1450 quos
2971 1381 3403 1439 nominavimus
3419 1385 3490 1439 ad
3524 1402 3586 1440 se

1939 1463 2136 1518 venire
2178 1465 2467 1536 praecepit,
2524 1482 2738 1537 eosque
2796 1467 2878 1523 ita
2921 1471 3187 1526 convenit
3227 1489 3298 1525 ;‹‹
3333 1472 3392 1528 Si
3439 1474 3586 1529 forte

1939 1556 2199 1608 vestrum
2232 1554 2566 1626 quempiam
2599 1556 2812 1610 somnii
2844 1557 2988 1613 visio
3020 1559 3299 1616 deterruit
3317 1565 3420 1616 aut
3443 1562 3588 1618 hila-

1941 1659 2063 1698 rem
2097 1642 2366 1712 reddidit,
2401 1647 2467 1698 ut
2495 1645 2554 1698 in
2588 1645 2848 1700 medium
2873 1648 3125 1718 proferat
3151 1651 3461 1720 meajubet
3483 1669 3585 1708 au-

1940 1733 2214 1798 ctoritas;
2250 1749 2355 1788 nec
2387 1733 2584 1789 minus
2619 1734 2796 1790 etiam
2824 1734 2872 1790 si
2907 1737 3046 1807 quid
3081 1737 3354 1794 novitatis
3384 1755 3585 1812 exper-

1939 1822 2200 1893 gefactus
2232 1821 2547 1894 quisquam
2578 1823 2744 1891 vidit,
2781 1829 2845 1880 ut
2875 1825 3125 1896 detegat,
3154 1827 3421 1899 imperat.
3458 1851 3487 1879 »
3519 1830 3588 1885 Hi

1941 1910 2158 1982 itaque,
2185 1912 2685 1983 quemadmodum
2701 1913 3146 1982 nihilviderant,
3173 1915 3253 1972 nil
3286 1934 3348 1973 se
3373 1918 3591 1975 vidisse

1943 2000 2364 2072 responderant
2393 2001 2457 2055 39.
2494 2001 2679 2074 Magis
2713 2007 2910 2058 autem
2943 2020 3122 2076 super
3149 2005 3258 2061 hoc
3292 2007 3586 2076 admirati,

2123 2135 2514 2184 Conticuere...
2547 2136 2841 2200 intentique
2871 2151 2967 2187 ora
2995 2139 3250 2190 tenebant
3281 2141 3400 2204 (58).

1945 2271 2198 2341 Sperans
2216 2268 2395 2341 igitur
2407 2270 2483 2324 im
2493 2270 2855 2342 perator,hos
2871 2288 2985 2327 non
3010 2273 3090 2327 rei
3115 2272 3346 2330 inscitia
3359 2277 3459 2332 sed
3476 2277 3589 2333 cal-

1944 2358 2168 2414 liditate
2200 2357 2397 2430 aliqua
2429 2358 2686 2430 reticere,
2710 2377 3028 2416 suscensus
3050 2361 3096 2396 ⁴⁰
3125 2367 3213 2418 est
3241 2367 3306 2418 ut
3335 2365 3435 2437 qui
3467 2383 3588 2423 ma-

1945 2447 2055 2520 gis,
2083 2446 2350 2518 cepitque
2363 2447 2645 2503 nonnulla
2665 2448 2949 2504 terribilia
2966 2450 3340 2508 reticentibus
3353 2456 3588 2510 commi-

1947 2536 2094 2592 nari.
2147 2536 2309 2600 Quod
2352 2535 2454 2607 qui
2506 2536 2769 2592 omnium
2819 2539 3088 2594 conscius
3122 2545 3244 2596 erat
3270 2546 3334 2596 ut
3369 2543 3590 2600 audivit

1947 2625 2288 2697 hujusmodi
2320 2625 2651 2681 humillima
2671 2631 2728 2682 et
2759 2627 3007 2699 supplici
3029 2629 3588 2703 voceimperatorem

1947 2715 2250 2771 convenit:
2302 2738 2329 2764 »
2359 2723 2642 2788 ψιλάθροπε
2670 2724 2885 2789 βανιλεῦ,
2953 2716 3303 2792 ﬁlanthrope
3348 2722 3588 2791 vasileu,

1948 2805 2005 2859 id
2036 2810 2124 2860 est
2173 2804 2601 2861 humanissime
2650 2805 2985 2878 imperator,
3037 2807 3097 2862 hi
3143 2809 3286 2880 quid
3319 2811 3588 2881 viderint,

1947 2893 2142 2949 nescio
2168 2912 2181 2962 ;
2209 2910 2314 2966 ego
2351 2898 2544 2949 tamen
2578 2893 2938 2961 delectabile,
2973 2900 3147 2968 atque
3178 2897 3406 2955 utinam
3435 2903 3590 2973 quod

1946 2999 2202 3054 persaepe
2233 2982 2379 3036 mihi
2410 2983 2791 3054 contingeret,
2818 2985 3113 3040 somnium
3144 2985 3283 3042 vidi.
3311 2987 3590 3046 Undecim

1947 3072 2039 3127 bis
2071 3071 2363 3127 conservis
2396 3072 2542 3126 meis
2575 3071 2746 3127 hodie
2775 3089 2906 3128 vere
2938 3073 3037 3127 sed
3077 3075 3116 3108 ⁴¹
3154 3091 3269 3130 non
3303 3081 3588 3148 oportune

1947 3160 2396 3228 dormientibus,
2428 3160 2590 3216 visus
2622 3177 2778 3228 sum,
2812 3162 2979 3233 quasi
3015 3179 3129 3218 non
3160 3163 3475 3232 dormiens,
3499 3167 3590 3221 vi-

1951 3249 2302 3322 gilare.Ecce
2324 3253 2518 3305 autem
2547 3249 2890 3320 magnitudo
2919 3250 3146 3322 imperii
3180 3253 3265 3307 tui
3297 3254 3465 3326 quasi
3495 3271 3590 3312 oc-

1950 3338 2102 3394 culte
2144 3339 2360 3394 ostium
2393 3354 2681 3409 reserans,
2715 3337 3165 3412 clanculumque
3195 3341 3481 3414 ingressa,
3515 3343 3589 3399 li-

1945 3429 2114 3484 bram
2139 3427 2265 3484 auri
2286 3428 2559 3499 adposuit
2588 3445 2770 3500 supra
2790 3433 2992 3501 pectus
3017 3429 3280 3486 omnium
3296 3436 3587 3490 nostrum.

1945 3518 2209 3589 Cumque
2235 3517 2549 3589 imperium
2581 3521 2749 3572 tuum
2783 3519 2950 3590 quasi
2983 3520 3594 3595 repedare,sotiosque

1946 3607 2054 3663 hac
2085 3607 2144 3662 in
2193 3606 2415 3662 visione
2464 3623 2763 3662 cernerem
2807 3607 3143 3675 dormitare,
3177 3611 3456 3666 continuo
3487 3629 3592 3668 ceu

1945 3695 2096 3751 letus
2144 3711 2452 3768 exurgens,
2503 3697 2774 3751 undecim
2821 3697 3239 3753 dormientium
3279 3717 3589 3758 aureorum

1944 3786 2443 3842 numismatorum
2471 3785 2652 3841 libras
2686 3785 2813 3854 tuli,
2839 3803 3084 3859 meoque
3117 3787 3175 3842 in
3195 3790 3514 3862 marsupio,
3533 3792 3589 3846 in

1943 3892 2058 3948 quo
2091 3892 2209 3932 una
2229 3879 2370 3942 erat,
2387 3876 2653 3947 apposui,
2675 3875 2954 3947 quatinus
2971 3875 3044 3931 ob
3064 3879 3589 3950 transgressionem

1943 3965 2223 4037 decalogi,
2258 3981 2328 4020 ne
2360 3963 2552 4019 solum
2578 3968 2774 4020 essent
2811 3969 2891 4030 11,
2924 3981 3125 4020 verum
3156 3967 3228 4021 ad
3244 3969 3588 4024 memoriam

1943 4053 2340 4125 apostolorum
2392 4069 2522 4107 mea
2566 4069 2683 4106 una
2729 4051 2995 4107 adhibita
3033 4057 3232 4108 essent
3259 4059 3315 4109 et
3345 4055 3471 4126 ipse
3503 4061 3583 4112 12.

1940 4141 2100 4198 Visio
2129 4142 2271 4209 haec,
2320 4140 2635 4212 imperator
2679 4143 2947 4211 auguste,
2999 4140 3219 4196 bonum
3269 4141 3366 4211 sit,
3400 4161 3586 4216 usque

1941 4231 2112 4285 modo
2145 4245 2238 4285 me
2296 4246 2410 4285 non
2461 4228 2762 4296 deterruit,
2811 4229 2911 4284 sed
2954 4228 3202 4285 hilarem
3236 4231 3506 4288 reddidit.
3540 4235 3584 4289 Ο

1939 4317 2166 4373 utinam
2191 4317 2594 4389 interpretatio
2626 4316 2740 4373 alia
2771 4316 3015 4389 imperio
3055 4321 3156 4373 tuo
3187 4335 3303 4375 non
3334 4319 3580 4391 placeat.

1938 4407 2084 4463 Nam
2133 4411 2192 4464 et
2238 4422 2331 4462 me
2365 4415 2558 4478 μάντην
2586 4416 2669 4462 καὶ
2695 4413 2985 4479 ὁνιρόπολον
3016 4407 3244 4464 mantin
3289 4409 3360 4465 ke
3389 4409 3582 4467 oniro-

1938 4496 2133 4570 polon,
2186 4497 2244 4552 id
2295 4499 2385 4551 est
2414 4494 2677 4550 divinum
2703 4499 2761 4550 et
2791 4494 3003 4550 somnii
3033 4497 3418 4566 venditorem,
3451 4516 3580 4555 esse

1938 4587 2163 4660 liquido
2213 4588 2389 4658 patet.
2425 4607 2452 4634 »
2499 4584 2600 4640 His
2632 4583 2870 4651 auditis,
2900 4602 3113 4659 magno
3145 4589 3235 4642 est
3263 4585 3582 4660 imperator

176 4679 546 4752 ingrediendi
595 4677 707 4734 sibi
757 4677 982 4732 aditum
1029 4676 1298 4749 praebuit.
1362 4678 1639 4733 Undecim
1690 4696 1822 4735 vero
1851 4681 1898 4744 D
1930 4676 2215 4733 cachinno
2248 4675 2522 4741 inﬂatus;
2555 4690 2756 4728 verum
2787 4675 3160 4746 prudentiam
3194 4675 3373 4748 hujus
3405 4682 3580 4751 atque

173 4767 626 4836 dormientibus,
676 4770 744 4822 ut
789 4783 884 4823 ars
927 4770 1112 4822 artem
1171 4765 1393 4822 falleret
1439 4767 1822 4824 duodecimus

171 4857 418 4931 pervigil
466 4860 708 4915 stertere
772 4873 877 4912 ceu
924 4856 1222 4912 dormiens
1269 4861 1520 4928 ceperat,
1590 4862 1818 4914 contra-

169 4948 400 5020 ctisque
467 4947 529 5002 in
599 4946 805 5002 faciem
855 4945 1131 5014 brachiis,
1185 4949 1372 5001 totum
1421 4947 1575 5018 quod
1628 4948 1818 5020 impe-

167 5042 328 5094 rator
357 5037 572 5092 faceret
601 5035 1050 5108 diligentissime
1071 5033 1494 5092 considerabat.
1512 5037 1816 5109 Ingressus

166 5127 351 5201 igitur
377 5125 720 5199 imperator,
753 5126 895 5181 dum
926 5123 1256 5181 obdormire
1272 5129 1514 5181 cunctos
1529 5127 1818 5198 perspice-

1931 4765 2387 4824 sollicitudinem
2420 4763 2552 4836 plus
2581 4763 2930 4830 admiratus,
2963 4764 3396 4837 protinusinﬁt.
3416 4790 3444 4817 »
3465 4771 3580 4824 An-

1930 4857 2097 4912 tehac
2125 4866 2178 4912 σὲ
2235 4862 2344 4911 οὐτὲ
2377 4861 2568 4924 μάντην
2598 4865 2716 4910 οὼτε
2747 4861 3053 4926 όνιρόπολον,
3088 4873 3150 4912 se
3199 4857 3242 4891 "
3273 4861 3370 4912 ute
3409 4873 3580 4913 man-

1929 4947 2011 5002 tin
2045 4948 2142 4999 ute
2172 4942 2534 5014 oniropolon,
2569 4943 2625 4998 id
2655 4947 2744 4999 est
2772 4948 2827 5000 te
2859 4961 3048 5016 neque
3079 4945 3341 5000 divinum
3390 4963 3578 5018 neque

1928 5035 2140 5092 somnii
2166 5033 2527 5089 venditorem
2559 5033 3098 5100 esse,audivi.Hanc
3129 5050 3260 5088 vero
3284 5050 3407 5088 rem
3423 5051 3578 5089 nunc

1924 5127 2006 5181 ita
2027 5127 2223 5196 aperte
2255 5121 2418 5191 dixti,
2454 5125 2520 5177 ut
2550 5121 2692 5178 nihil
2725 5122 3572 5179 circuitionisususesses.Sed

321 5292 353 5312 ε
1471 5313 1480 5324 ,
1581 5269 1822 5327 VARIzE
1857 5266 2269 5327 LECTIONES.

240 5380 285 5413 3‘
313 5378 335 5400 "
378 5379 459 5432 ita
497 5379 548 5432 1.
624 5376 776 5432 1“‘z'ta
810 5378 861 5431 1.
937 5377 980 5411 ³⁸
1012 5375 1353 5434 sanctisime
1391 5381 1434 5431 1.

167 5450 213 5486 ³⁸
244 5449 519 5524 adposuit
546 5465 686 5505 corr.
722 5448 996 5523 apposuit
1027 5450 1076 5504 1.
1151 5449 1196 5484 39
1225 5451 1305 5506 ita
1338 5453 1383 5504 1.

1510 5377 1554 5411 ³⁷
1599 5378 1659 5434 C.
1709 5395 1762 5432 ν.
1812 5395 1865 5433 v.
1914 5395 1965 5432 c.
2022 5393 2071 5431 c.
2106 5393 2164 5430 n.
2193 5391 2250 5446 p.
2283 5371 2324 5426 i.
2354 5372 2608 5449 desuntb
2634 5373 2706 5449 5a
2733 5371 2828 5427 5a‘
2857 5371 3060 5449 adsunt
3085 5371 3304 5449 ingeriit.
3335 5373 3574 5449 Hervag.

1461 5449 1504 5484 ⁸ο
1535 5466 1852 5507 succensus
1884 5465 2026 5505 corr.
2061 5462 2380 5504 suscensus
2417 5447 2465 5499 1.

2540 5444 2581 5478 ¹⁸¹
2616 5448 2704 5500 set
2729 5461 2871 5500 corr.
2908 5444 3007 5500 sed
3042 5445 3092 5500 1.
3124 5445 3169 5480 ⁴²
3203 5445 3350 5502 deest
3384 5450 3429 5501 1.

1794 5575 2026 5631 NOTIE.

241 5675 350 5745 (56)
385 5674 448 5730 Id
479 5676 568 5730 est
596 5687 844 5745 sommo.

243 5744 581 5820 (Ἥκω-εει
608 5744 859 5803 excitati.

1997 5670 2112 5742 (58)
2145 5667 2305 5741 Virg.
2334 5668 2461 5725 Ain.
2495 5683 2557 5737 II,
2599 5671 2645 5724 1.
