4050 6416
425 350 545 411 803

1390 347 1867 412 LIUTPRANDI
1911 345 2458 410 CREMONENSIS
2505 344 2879 407 EPISCOPI.

3714 336 3859 399 804

427 487 690 556 ventum,
720 498 922 540 verum
955 482 1582 556 praemissalegatione,
1607 481 1993 552 jussionisuae
2008 495 2068 536 se
2096 481 2152 547 Α
2249 481 2338 535 29.
2375 481 2565 535 Causa
2595 483 2788 534 autem
2822 474 3139 534 simultatis
3173 473 3324 530 inter
3345 474 3692 530 Formosum
3727 491 3848 544 pa—

427 573 928 644 obtemperaturos
960 573 1328 645 promittunt.
1363 572 1485 635 (An.
1508 570 1660 641 894.)
1681 570 2071 626 Ottonemita-

427 663 858 734 que,Saxonum
872 663 1347 733 potentissimum
1363 651 1592 728 ducem,
1610 693 1674 702 —
1703 660 1882 730 hujus
1897 658 2071 731 61glo-

425 750 733 806 riosissimi
766 754 939 823 atque
972 749 1341 806 invictissimi
1362 748 1513 820 regis
1531 748 2069 819 Ottonis,quinunc

423 843 690 910 superest
717 843 774 894 et
795 839 1038 895 feliciter
1067 843 1289 912 regnat,
1311 839 1529 905 avusﬁi’,
1548 869 1616 877 ——
1648 835 2068 892 Mediolanium

422 926 780 983 defensionis
803 927 990 1000 gratia
1012 927 1227 1000 dirigit;
1255 926 1545 998 rectaipse
1567 927 1838 982 Ticinum
1861 925 2061 980 tendit.

489 1017 580 1070 25.
613 1015 788 1071 Wido
819 1016 1072 1088 denique
1105 1015 1584 1088 hujusimpetum
1611 1015 1758 1069 ferre
1773 1015 1817 1048 6³
1831 1031 1942 1069 non
1971 1030 2068 1068 va-

420 1104 568 1172 lens,
598 1105 971 1160 Camerinum
984 1105 1402 1177 Spoletumque
1414 1121 1616 1160 versus
1630 1104 1826 1176 fugere
1837 1104 1882 1137 ⁶⁴
1893 1102 2065 1175 cepit.

421 1194 604 1257 Quem
636 1192 760 1249 sine
792 1193 1069 1250 dilatione
1099 1194 1310 1249 acriter
1330 1210 1428 1249 rex
1445 1192 1793 1265 insequitur,
1817 1193 1991 1247 urbes
2013 1194 2069 1246 et

421 1281 658 1337 castella
688 1283 888 1338 omnia
916 1283 1028 1337 sibi
1052 1283 1386 1338 resistentia
1406 1284 1460 1337 vi
1481 1282 1802 1337 debellans.
1827 1281 2067 1335 Nullum

421 1369 709 1442 siquidem
725 1372 912 1426 fuerat
925 1376 1183 1427 castrum
1199 1376 1409 1426 natura
1421 1372 1596 1426 etiam
1609 1370 1738 1442 ipsa
1751 1367 2065 1436 munitum,

418 1461 572 1531 quod
602 1459 800 1516 virtuti
829 1461 1005 1532 hujus
1037 1461 1244 1517 saltem
1276 1460 1547 1516 resistere
1575 1458 1896 1513 moliretur.
1921 1457 2069 1524 Quid

418 1553 613 1604 autem
645 1549 884 1616 mirum,
920 1565 1050 1604 cum
1084 1550 1213 1621 ipsa
1233 1549 1532 1604 civitatum
1557 1547 1823 1603 omnium
1845 1545 2066 1619 regina,

418 1652 635 1709 magna
665 1637 888 1693 scilicet
918 1638 1120 1705 Roma,
1143 1636 1324 1707 hujus
1355 1637 1643 1707 impetum
1674 1635 1822 1690 ferre
1861 1634 2068 1705 nequi-

415 1725 591 1780 verit?
623 1725 746 1795 (An.
779 1726 933 1788 896.)
964 1724 1269 1780 Enimvero
1297 1725 1438 1779 dum
1473 1741 1507 1778 a
1548 1722 1828 1780 Romanis
1875 1723 2068 1795 ingre-

2181 587 2314 643 pam
2349 573 2405 625 et
2435 569 2728 625 Romanos
2759 568 2881 622 haec
2909 566 3045 621 fuit:
3080 562 3341 620 Formosi
3382 563 3690 619 decessore
3725 561 3848 617 de-

2181 661 2397 727 functo,
2430 658 2667 731 Sergius
2697 657 2938 728 quidam
2963 656 3234 710 Romanae
3262 652 3518 709 ecclesiae
3541 651 3846 707 diaconus

2177 753 2321 815 erat,
2347 765 2520 820 quem
2555 749 2950 802 Romanorum
2985 761 3121 816 pars
3153 743 3420 815 quaedam
3460 758 3673 814 papam
3714 739 3842 796 sibi

2177 838 2445 909 elegerat.
2475 837 2751 901 Quazdam
2769 850 2908 889 veao
2941 849 3075 905 pars
3089 849 3203 887 non
3221 831 3426 885 inﬁma
3456 828 3839 885 nominatum

2180 928 2546 992 Formosum,
2569 923 2906 980 Portucnsis
2928 920 3174 977 civitatis
3189 920 3674 992 episcopummro
3694 934 3840 974 vera.

2178 1015 2338 1087 religi
2347 1032 2455 1070 one
2467 1013 2916 1084 divinarumque
2928 1009 3325 1066 doctrinarum
3357 1007 3600 1064 scientia
3613 1023 3837 1080 papam

2177 1104 2286 1160 sibi
2322 1104 2445 1159 fieri
2479 1101 2809 1158 anhelabat.
2843 1100 2988 1155 Nam
3019 1101 3161 1154 dum
3192 1099 3252 1154 in
3283 1115 3348 1154 eo
3380 1100 3554 1165 esset,
3590 1102 3656 1151 ut
3695 1097 3834 1152 Ser-

2178 1192 2310 1264 gius
2323 1191 2719 1264 apostolorum
2731 1189 2983 1245 vicarius
2996 1187 3252 1244 ordinari
3266 1186 3680 1253 debuisset,ea,
3698 1202 3835 1258 qua:

2178 1280 2439 1337 Formosi
2471 1281 2697 1335 favebat
2727 1279 3011 1351 partibus,
3036 1295 3172 1348 pars
3186 1275 3454 1348 Sergium
3477 1292 3594 1331 non
3611 1274 3840 1329 medio-

2177 1371 2260 1425 cri
2294 1387 2428 1424 cum
2458 1369 2715 1424 tumultu
2747 1372 2804 1422 et
2832 1367 3050 1438 injuria
3081 1367 3151 1421 ab
3166 1365 3333 1428 altari
3353 1363 3594 1437 expulit,
3619 1368 3677 1419 et
3698 1364 3840 1418 For-

2178 1476 2411 1514 mosum
2443 1474 2652 1531 papam
2681 1455 3000 1511 constituit.

2248 1548 2336 1602 30.
2369 1546 2791 1617 Descendilque
2823 1544 3061 1617 Sergius
3092 1545 3152 1598 in
3187 1542 3484 1614 Tusciam,
3531 1540 3824 1613 quatinus

2176 1635 2488 1703 Adelberti,
2525 1632 2913 1707 potentissimi
2940 1631 3316 1700 marchionis,
3351 1629 3564 1687 auxilio
3590 1631 3838 1702 juvare-

2176 1730 2293 1794 tur;
2327 1725 2482 1797 quod
2513 1728 2569 1780 et
2591 1724 2808 1780 factum
2827 1726 2936 1778 est.
2961 1722 3107 1778 Nam
3129 1722 3406 1778 Formoso
3425 1721 3722 1787 defuncto,
3749 1724 3842 1776 at-

417 1813 616 1868 diendi
647 1813 852 1869 urbem
885 1813 1020 1869 huic
1046 1813 1254 1869 fidutia
1269 1817 1603 1884 negaretur,
1631 1814 1972 1868 convocatos
1994 1812 2065 1867 ad
2097 1849 2146 1915 B
2179 1830 2291 1886 que
2320 1812 2560 1870 Arnulfo
2591 1813 2651 1867 in
2673 1811 3190 1915 propriaextiqcto,
3210 1810 3260 1867 is
3283 1809 3385 1882 qui
3411 1813 3544 1908 post
3557 1809 3839 1866 Formosi

418 1917 546 1959 sese
576 1901 792 1959 milites
818 1903 897 1958 ita
929 1902 1195 1959 convenit
1221 1901 1443 1972 (Αρνίι.)
1468 1917 1480 1955 :

1137 1991 1347 2047 Versus.

413 2081 504 2136 26.
539 2080 896 2152 Magnamini
928 2097 1196 2152 proceres
1226 2082 1283 2136 et
1311 2078 1451 2136 clari
1486 2079 1668 2134 Marte
1700 2077 1978 2143 secundo,

413 2171 591 2225 Arma
621 2169 838 2241 quibus
869 2169 1132 2224 studium
1164 2167 1321 2224 fulvo
1353 2168 1579 2224 radiare
1607 2165 1864 2235 metallo,

415 2257 737 2313 Romulidae
767 2258 919 2314 sueti
951 2257 1153 2313 vacuis
1184 2258 1338 2330 quod
1373 2258 1622 2312 condere
1647 2255 1916 2328 scriptis;

413 2343 637 2400 Sumite
665 2362 820 2400 nunc
853 2345 1102 2412 animos,
1133 2344 1299 2400 vobis
1330 2344 1492 2399 furor
1517 2360 1681 2399 arma
1728 2343 2058 2399 ministretl

411 2432 538 2488 Non
568 2433 879 2507 Pompeius
911 2434 1096 2499 adest,
1131 2450 1246 2489 non
1277 2432 1469 2489 Julius
1499 2431 1600 2487 ille
1629 2433 1857 2499 beatus,

411 2519 521 2584 Qui
554 2524 783 2576 nostros
814 2520 1043 2576 domuit
1072 2537 1318 2593 proavos
1348 2535 1626 2576 mucrone
1655 2520 1872 2576 feroces
1898 2537 1911 2587 ;

412 2607 631 2664 Indolis
661 2609 842 2680 hujus
858 2609 1016 2665 enim
1034 2625 1300 2665 summos
1313 2609 1357 2645 ⁵⁵
1375 2608 1615 2665 deduxit
1630 2609 1700 2664 ad
1721 2611 1906 2681 Argos
1929 2608 2061 2680 (63),

411 2696 660 2751 Protulit
688 2697 749 2752 in
779 2696 970 2752 lucem
1001 2713 1175 2768 quem
1195 2698 1309 2770 (64)
1333 2697 1838 2754 sanctaBritanica
1854 2701 2059 2754 mater.

413 2785 518 2840 His
547 2787 703 2840 torta
731 2785 994 2840 studium
1029 2785 1276 2857 pingues
1304 2789 1538 2858 captare
1565 2785 1778 2842 siluros

414 2872 770 2942 Cannabe“,
799 2891 914 2930 non
945 2873 1163 2947 clipeos
1194 2875 1470 2930 manibus
1494 2879 1721 2948 gestare
1752 2875 2056 2932 micantes!

488 2963 576 3018 27.
605 2962 708 3018 His
736 2980 898 3020 eroes
929 2963 1100 3020 dictis
1134 2964 1363 3020 animos
1385 2965 1635 3033 accensi,
1664 2965 1843 3021 vitam
1865 2963 2059 3020 laudis

415 3051 691 3108 aviditate
721 3055 1164 3126 contempnunt.
1185 3052 1402 3124 Clipeis
1416 3053 1665 3126 denique
1685 3053 2058 3126 cratibusque

413 3141 750 3199 catervatim
767 3142 974 3214 operti,
997 3158 1198 3199 muros
1211 3143 1372 3198 adire
1392 3144 1768 3213 contendunt;
1805 3142 2060 3216 plurima

2178 1918 2380 1959 necem
2412 1902 2766 1959 constitutus
2793 1904 2882 1956 est
2911 1897 3240 1972 expellitur,
3274 1898 3627 1972 Sergiusque
3673 1914 3843 1970 papa

2177 2009 2279 2065 per
2305 1991 2682 2049 Adelbertum
2714 1989 3249 2056 constituitur.Quo
3281 1988 3842 2056 constituto,utim-

2173 2082 2306 2153 pius
2319 2081 2838 2151 doctrinarumque
2850 2083 3186 2136 sanctarum
3199 2078 3460 2151 ignarus,
3480 2077 3839 2134 Formosum

2174 2185 2203 2224 e
2234 2168 2501 2241 sepulcro
2530 2168 2832 2225 extrahere
2857 2171 3035 2239 atque
3055 2167 3116 2222 in
3140 2168 3338 2223 sedem
3371 2165 3840 2239 Romaniponti-

2178 2257 2386 2311 ficatus
2399 2255 2861 2312 sacerdotalibus
2874 2254 3239 2312 vestimentis
3252 2255 3523 2310 indutum
3537 2253 3836 2310 collocare

2172 2345 2464 2418 praecepit.
2500 2344 2605 2400 Cui
2631 2349 2687 2400 et
2707 2345 2815 2400 ait:
2854 2367 2882 2395 ‹‹
2907 2344 3050 2400 Cum
3077 2344 3417 2400 Portucnsis
3433 2343 3835 2417 essesepisco—

2171 2451 2303 2506 pus,
2338 2451 2441 2488 cur
2468 2433 2808 2488 ambitionis
2839 2432 3051 2506 spiritu
3071 2433 3394 2489 Romanam
3425 2431 3832 2490 universalem

2174 2522 2472 2594 usurpasti
2485 2521 2714 2578 sedem?
2729 2545 2755 2572 »
2769 2521 2870 2578 His
2883 2521 3147 2594 expletis,
3169 2522 3412 2579 sacratis
3434 2539 3569 2578 mox
3581 2525 3836 2578 exutum

2173 2611 2537 2667 vestimentis
2567 2611 2886 2683 digitisque
2915 2613 3107 2667 tribus
3149 2611 3419 2682 abscisis,
3470 2611 3530 2666 in
3561 2610 3835 2667 Tiberim

2165 2702 2389 2772 jactare
2420 2700 2712 2773 praecepit,
2739 2704 3098 2772 cunctosque
3112 2717 3258 2772 quos
3271 2699 3396 2773 ipse
3426 2699 3832 2771 ordinaverat,

2173 2791 2358 2862 gradu
2389 2790 2623 2862 proprio
2674 2789 2991 2862 depositos,
3033 2789 3245 2845 iterum
3295 2788 3601 2845 ordinavit.
3656 2789 3833 2855 Quod

2173 2895 2351 2950 quam
2380 2877 2532 2934 male
2563 2879 2765 2951 egerit,
2800 2883 2964 2951 pater
3011 2877 3404 2944 sanctissime,
3436 2877 3496 2933 in
3544 2877 3656 2933 hoc
3688 2877 3830 2933 ani-

2171 2968 2531 3023 madvertere
2557 2967 3350 3040 poteris,quoniamethi,qui
3372 2984 3407 3024 a
3433 2967 3465 3022 J
3471 2967 3587 3022 uda
3599 2967 3832 3023 domini

2169 3057 2353 3113 nostri
2383 3057 2522 3113 Jesu
2555 3056 2771 3112 Christi
2799 3057 3111 3129 proditore,
3144 3060 3276 3112 ante
3305 3055 3695 3128 proditionem
3727 3073 3835 3113 sa-

2173 3145 2356 3202 lutem
2389 3161 2493 3201 seu
2524 3145 2988 3202 benedictionem
3012 3145 3392 3218 apostolicam
3409 3145 3823 3218 perceperunt,

411 3230 589 3286 etiam
620 3230 908 3288 bellorum
941 3235 1288 3304 paraverant
1309 3232 1722 3300 instrumenta,
1758 3249 1890 3287 cum
1914 3231 2066 3288 inter
2095 3220 2138 3287 C
2174 3251 2241 3291 ea
2270 3239 2402 3306 post
2432 3234 2817 3306 proditionem
2842 3234 3182 3307 propriique
3209 3235 3468 3307 corporis
3491 3234 3828 3307 suspensio-

412 3320 946 3393 agendum,populo
961 3321 1680 3393 considerante,contingit
1692 3320 2061 3393 lepusculum

409 3407 664 3463 clamore
695 3409 744 3479 ej
754 3426 823 3463 us
836 3408 1178 3464 exterritum
1196 3409 1402 3465 urbem
1420 3425 1626 3465 versus
1645 3409 1862 3481 fugere.
1878 3410 2061 3475 Quem

416 3497 557 3552 dum
589 3496 894 3565 exercitus,
927 3500 992 3552 ut
1021 3496 2063 3570 adsolet,vebementiimpetuseque-

414 3588 596 3651 retur,
629 3585 876 3640 Romani
906 3589 1178 3657 putantes
1209 3602 1270 3641 se
1285 3586 1642 3658 impugnari,
1662 3589 1732 3643 de
1751 3604 1919 3644 muro
1936 3605 2063 3644 sese

413 3672 918 3745 projiciunt.Quod
940 3674 1193 3745 populus
1205 3690 1472 3744 cernens,
1491 3676 1859 3748 sagmatibus
1874 3676 2062 3734 sellis-

415 3777 530 3834 que
560 3761 775 3834 quibus
792 3761 959 3833 equis
976 3763 1310 3818 insederant
1322 3765 1492 3835 juxta
1508 3781 1743 3820 murum
1764 3765 2062 3837 projectis,

413 3867 519 3924 per
547 3866 750 3906 eorum
781 3866 1051 3907 acervum
1082 3867 1320 3908 murum
1352 3853 1697 3909 ascendunt.
1742 3853 1882 3909 Pars
1932 3871 2063 3911 vero

413 3939 613 4011 populi
645 3941 918 4012 quedam,
942 3944 1179 4013 accepta
1195 3957 1329 3997 mox
1342 3941 1505 3998 trabe
1522 3941 1949 4015 quinquaginta
1963 3960 2062 4015 pe-

415 4029 555 4083 dum
597 4044 837 4101 procera
877 4028 1266 4102 longitudine,
1302 4033 1532 4103 portam
1559 4031 1916 4103 quatiunt,et
1953 4033 2064 4089 Ro-

414 4133 572 4174 mam
585 4133 764 4191 quam
779 4118 1132 4175 Leonianam
1148 4119 1436 4190 dicunt,in
1450 4137 1567 4194 qua
1577 4121 1886 4178 beatiPetri
1899 4139 2066 4195 apos-

412 4206 666 4264 tolorum
697 4208 977 4281 principis
1007 4209 1345 4282 pretiosum
1379 4227 1588 4283 corpus
1620 4210 1960 4283 quiescit,vi
1975 4229 2067 4269 ca-

411 4296 600 4369 piunt.
634 4297 820 4355 Ceteri
849 4315 982 4355 vero
1015 4298 1116 4371 qui
1148 4303 1312 4356 trans
1344 4299 1600 4356 Tiberim
1635 4304 1823 4367 erant,
1854 4301 1962 4357 hoc
1989 4303 2061 4358 ti-

414 4401 576 4441 more
605 4387 910 4460 compulsi,
945 4387 1126 4459 hujus
1155 4388 1485 4446 dominatui
1516 4389 1666 4446 colla
1686 4391 2061 4448 submittunt.

482 4475 572 4529 28.
605 4474 722 4531 Hoc
751 4475 861 4549 (65)
894 4477 953 4532 in
985 4480 1243 4550 tempore
1256 4478 1568 4536 Formosus
1585 4496 1736 4552 papa
1752 4479 2065 4553 religiosis-

2173 3340 2307 3380 nem
2339 3323 2581 3379 minime
2612 3327 2750 3380 sunt
2779 3323 3010 3395 privati,
3043 3323 3155 3379 nisi
3188 3339 3336 3394 quos
3365 3322 3634 3395 improba
3673 3322 3825 3379 forte

2173 3413 2534 3468 defaedarunt
2563 3413 2800 3486 ﬂagitia.
2835 3412 3164 3469 Benedictio
3178 3412 3471 3484 siquidem
3495 3428 3622 3485 qua:
3644 3411 3828 3468 mini-

2172 3502 2525 3558 strisChristi
2557 3501 3059 3574 impenditur,non
3078 3518 3179 3573 per
3191 3517 3328 3558 eum
3349 3499 3828 3573 quividetur,sed

2173 3592 2273 3663 qui
2304 3609 2420 3647 non
2432 3592 2680 3659 videtur,
2705 3591 3068 3648 sacerdotem
3084 3590 3647 3663 infunditur.Neque
3660 3592 3825 3648 enim

2173 3681 2273 3754 qui
2303 3681 2456 3753 rigat
2470 3685 2560 3736 est
2577 3680 2820 3753 aliquid,
2843 3695 3033 3752 neque
3063 3679 3165 3751 qui
3195 3679 3444 3753 plantat,
3473 3680 3824 3752 sed,quiin-

2174 3774 2535 3826 crementum
2567 3771 2685 3835 dat,
2719 3769 2872 3826 Deus
2902 3767 2947 3842 (ι
2977 3770 3096 3825 Cor.
3133 3785 3216 3838 IIl,
3247 3769 3324 3841 7).

2242 3859 2332 3916 3|.
2367 3861 2604 3925 Quanta
2637 3861 2833 3915 autem
2863 3861 3018 3914 esset
3049 3858 3436 3927 auctoritatis,
3471 3863 3824 3932 quantaeque

2172 3947 2472 4020 religionis
2503 3965 2655 4020 papa
2685 3946 2999 4004 Formosus
3016 3947 3212 4015 fuerit,
3235 3945 3371 4002 hinc
3393 3946 3662 4020 colligere
3683 3965 3823 4021 pos-

2173 4054 2400 4103 sumus,
2431 4037 2708 4109 quoniam
2762 4037 2903 4092 dum
2936 4053 2968 4091 a
2999 4036 3391 4108 piscatoribus
3441 4037 3824 4109 postmodum

2173 4130 2328 4184 esset
2358 4126 2628 4183 inventus
2675 4130 2850 4199 atque
2901 4127 2972 4181 ad
3002 4125 3157 4182 beati
3209 4126 3362 4182 Petri
3411 4126 3821 4198 apostolorum

2174 4215 2456 4290 principis
2487 4214 2792 4272 ecclesiam
2824 4214 3182 4288 deportatus,
3206 4218 3542 4272 sanctorum
3565 4217 3826 4288 quedam

2175 4305 2462 4378 imagines
2493 4305 2649 4361 hunc
2671 4304 2733 4360 in
2755 4303 2944 4360 loculo
2962 4304 3220 4377 positum
3237 4303 3582 4361 veneraliter
3605 4303 3829 4362 saluta-

2174 4398 2329 4451 runt.
2364 4395 2482 4451 Hoc
2513 4409 2770 4466 namque
2801 4411 2835 4448 a
2864 4392 3324 4465 religiosissimis
3352 4394 3625 4451 Romanaa
3656 4394 3826 4452 urbis

2173 4485 2314 4541 viris
2339 4498 2579 4558 persepe
2602 4483 2814 4540 audivi.
2835 4483 2968 4552 Sed,
2998 4482 3091 4539 his
3105 4483 3424 4552 ommissis,
3449 4485 3521 4540 ad
3544 4484 3825 4541 narrandi

414 4563 602 4660 simus
633 4580 667 4620 a
692 4564 969 4622 Romanis
995 4565 1367 4623 vehementer
1397 4567 1788 4638 aﬂictabatur,
1812 4569 1984 4640 cujus
2006 4575 2063 4628 et
2092 4595 2139 4660 D
2175 4573 2439 4631 ordinem
2465 4574 2794 4642 redeamus,

413 4648 648 4704 hortatu
679 4651 924 4707 Romam
964 4668 1063 4707 rex
1093 4653 1374 4710 Arnulfus
1407 4656 1735 4712 advenerat.
1772 4657 1836 4712 In
1889 4660 2060 4730 cujus

414 4736 706 4811 ingressu,
739 4738 1072 4796 ulciscendo
1102 4759 1264 4815 papae
1296 4743 1593 4815 injuriam,
1619 4745 1834 4801 multos
1853 4747 2061 4804 Roma-

413 4843 624 4884 norum
655 4828 949 4901 principes
972 4829 1199 4888 obviam
1227 4832 1340 4888 sibi
1370 4838 1746 4906 properantes
1774 4835 2061 4894 decollare

412 4916 704 4992 praecepit.

2241 4665 2330 4719 32.
2366 4664 2483 4719 Rex
2513 4661 2792 4718 Arnulfus
2830 4660 3103 4718 desiderii
3148 4662 3240 4718 sui
3291 4679 3530 4736 compos
3559 4665 3823 4734 effectus,

2173 4753 2444 4826 persequi
2477 4752 2783 4810 Widonem
2810 4752 2923 4824 (66)
2957 4769 3069 4807 non
3102 4752 3293 4822 desiit,
3347 4753 3756 4826 profectusque
3777 4756 3824 4791 ⁶⁷

2171 4842 2567 4909 Camerinum,
2650 4845 2908 4896 castrum
2975 4841 3258 4897 vocabulo
3316 4846 3374 4898 et
3424 4846 3635 4899 natura
3693 4844 3819 4899 Fir-

2171 4948 2336 4987 mum
2367 4931 2504 5003 (67),
2538 4930 2597 4986 in
2631 4928 3027 5002 quoWidonis
3043 4947 3188 4987 uxor
3202 4935 3344 5002 erat,
3370 4930 3820 5002 obsedit(Maz'o).

1835 5060 2076 5122 VARle
2103 5065 2492 5123 LECTIONES

480 5167 524 5204 ⁶¹
572 5169 752 5243 hujus
805 5178 852 5228 ι.
929 5173 974 5208 ⁶²
1021 5175 1101 5230 ita
1150 5175 1195 5230 1.
1238 5177 1293 5230 2.
1369 5174 1414 5210 ⁵³
1459 5173 1577 5229 fere
1626 5176 1672 5230 1.
1749 5176 1795 5210 ⁶⁴
1844 5177 1978 5251 fuge
2033 5185 2082 5238 l.
2156 5183 2201 5220 ⁸⁵
2248 5199 2450 5241 sumos
2486 5184 2533 5238 1.
2611 5180 2700 5238 hic
2729 5197 2912 5238 versus
2941 5180 3086 5239 deest
3112 5185 3169 5241 2.
3242 5185 3286 5219 ⁸⁷
3316 5185 3729 5258 profectusque
3762 5185 3818 5246 1.

1950 5305 2164 5366 ΝΟΤίΕ

628 5408 692 5491 [ιι
721 5409 1022 5491 Graeciam,
1054 5409 1644 5491 Constantinopolim.

486 5482 1047 5565 (64)“Constantinus
1077 5491 1323 5565 Magnus
1354 5482 1692 5563 imperator,
1711 5493 1922 5549 sanctae
1949 5492 2058 5551 He-

419 5549 562 5617 lena:
594 5551 938 5614 Britannicae
969 5561 1147 5620 filius.

487 5624 600 5707 (65)
629 5627 762 5698 Qua
793 5638 1141 5711 sequuntur,
1173 5653 1208 5696 a
1228 5633 1532 5695 collectore
1548 5633 1802 5695 historiae
1829 5638 2061 5712 pontiﬁ-

2163 5443 2298 5484 cum
2325 5425 2718 5485 Romanorum
2735 5421 2846 5480 sub
2875 5421 3022 5500 falso
3037 5425 3395 5500 Liudprandi
3414 5427 3651 5486 nomine
3675 5427 3808 5486 vul-

2169 5504 2313 5575 gatae
2345 5501 2405 5556 in
2438 5500 2713 5575 Formosa
2739 5497 3036 5575 exscripta
3057 5497 3215 5556 sunt.

2240 5574 2348 5646 (66)
2376 5570 2552 5646 V_V_ido_
2571 5571 2706 5646 an_te
2739 5569 2982 5630 Romam
3015 5575 3243 5646 captam
3275 5573 3585 5633 defunctus
3606 5576 3748 5638 erat.

2241 5641 2377 5723 (67).
2410 5641 2591 5704 Hodie
2621 5642 2827 5704 Termo.
