4050 6460
185 387 305 449 805

1162 385 1785 448 ANTAPODOSEOS
1827 383 2032 444 LIBRI
2076 381 2249 444 SEX.
2284 415 2362 425 —
2389 383 2536 442 LIB.
2584 381 2630 441 Ι.

3477 384 3593 449 806

183 519 361 576 Wido
395 521 594 574 autem
615 519 675 574 in
697 517 937 575 incertis
958 518 1130 574 latuit
1145 517 1308 575 locis.
1331 519 1514 591 Igitur
1530 518 1832 591 praefatum
1863 519 1914 584 Α
1944 515 2166 570 Arnulfi
2187 515 2339 586 regis
2357 514 2728 586 praesentiam
2741 518 3006 572 tenuerat
3026 514 3121 573 alii
3144 517 3379 588 tradita,
3399 517 3590 591 fugiit,

181 614 470 677 castrum,
504 608 740 663 nomine
769 612 829 664 et
859 613 1071 664 natura
1101 608 1385 675 Firmum,
1415 606 1562 662 vallo
1585 605 1832 662 circum-

187 698 377 764 :latur,
414 697 614 752 omnia
637 697 923 752 bellorum
955 697 1371 761 instrumenta,
1433 695 1650 766 quibus
1707 695 1835 765 capi

182 787 395 859 possit,
429 789 712 858 parantur
739 787 802 841 ⁸³.
829 787 1092 857 Cumque
1122 785 1392 840 Widonis
1424 801 1568 840 uxor
1603 783 1835 856 magnis

183 863 452 946 undique
485 875 776 946 angustiis
805 879 1188 946 premeretur,
1212 878 1268 930 et
1298 873 1729 944 evadendispes
1750 871 1835 926 illi

185 963 546 1020 omnimodis
579 968 908 1036 negaretur,
938 980 1146 1019 causas
1177 963 1382 1017 mortis
1413 961 1581 1032 regiae
1637 961 1836 1032 vippe-

189 1054 323 1108 rina
349 1053 502 1124 cepit
531 1051 846 1107 calliditate
867 1051 1185 1124 exquirere.
1205 1051 1466 1107 Accitum
1494 1066 1748 1121 namque
1766 1049 1838 1105 ad

192 1160 254 1197 se
281 1142 579 1214 quendam
606 1140 826 1195 Arnulfi
862 1141 1015 1212 regis
1037 1139 1586 1209 familiarissimum,
1611 1138 1840 1210 magnis

190 1249 329 1288 eum
360 1231 710 1286 muneribus
734 1234 916 1302 rogat,
951 1233 1017 1284 ut
1048 1246 1110 1285 se
1140 1230 1394 1300 adjuvet.
1423 1229 1528 1294 Qui
1587 1243 1721 1283 cum
1781 1243 1842 1282 se

190 1338 308 1375 non
341 1319 513 1375 aliter
541 1335 714 1390 posse
745 1322 1076 1388 testaretur,
1108 1318 1222 1372 nisi
1268 1316 1560 1373 civitatem
1617 1315 1844 1371 domini

186 1411 277 1464 sui
298 1409 554 1463 traderet
571 1406 807 1474 dicioni,
833 1407 937 1463 illa
953 1407 1130 1462 etiam
1154 1410 1330 1477 atque
1356 1406 1533 1460 etiam
1555 1403 1682 1460 auri
1704 1421 1843 1476 pon-

187 1500 329 1554 dera
361 1515 480 1553 non
514 1495 706 1552 solum
735 1495 1040 1568 pollicens,
1069 1512 1269 1550 verum
1301 1495 1477 1550 etiam
1507 1494 1565 1548 in
1597 1511 1845 1566 praesen-

189 1589 410 1642 tiarum
441 1585 727 1652 tribuens,
759 1590 904 1653 orat,
938 1590 1003 1640 ut
1032 1583 1241 1657 poculo
1273 1583 1527 1655 quodam
1551 1583 1623 1637 ab
1644 1599 1712 1638 ea
1731 1581 1844 1637 sibi

190 1675 407 1733 collato
440 1674 746 1730 dominum
783 1689 956 1730 suum
986 1689 1182 1746 regem
1215 1675 1440 1745 potaret
1471 1690 1484 1740 ;
1519 1672 1674 1743 quod
1729 1687 1844 1726 non

192 1764 403 1821 mortis
431 1762 761 1835 periculum
791 1763 973 1832 daret,
998 1763 1099 1818 sed
1132 1760 1347 1818 mentis
1379 1760 1663 1816 feritatem
1699 1758 1846 1814 mul-

192 1858 368 1911 ceret.
403 1854 539 1918 Quae
565 1852 762 1920 etiam,
805 1853 929 1908 suis
959 1856 1025 1907 ut
1079 1852 1253 1907 ﬁdem
1314 1849 1485 1905 dictis
1539 1849 1842 1920 praeberet,

192 1947 330 2000 ante
359 1942 452 1999 sui
481 1942 670 2014 ipsius
697 1941 1067 2014 praesentiam
1089 1940 1198 1995 hoc
1218 1955 1402 1995 unum
1425 1953 1667 1993 suorum
1685 1940 1847 2009 potat

193 2047 533 2099 servorum;
565 2030 667 2103 qui
693 2030 870 2086 unius
902 2030 1056 2086 horae
1084 2029 1271 2100 spatio
1299 2027 1636 2098 conspectui
1667 2025 1845 2096 hujus

194 2120 672 2188 adstans,'sanus
697 2118 1000 2174 abscessit.
1029 2118 1247 2173 Verum
1293 2115 1608 2171 veridicam
1667 2115 1848 2170 Maro-

195 2209 288 2266 nis
319 2210 455 2281 (68),
490 2208 753 2282 inquam,
786 2207 945 2263 illius
976 2206 1329 2262 sententiam
1355 2204 1412 2260 in
1441 2204 1698 2259 medium
1722 2221 1850 2275 pro-

199 2301 460 2355 feramus
483 2315 496 2353 :

264 2387 398 2438 Auri
429 2400 579 2436 sacra
608 2388 793 2448 fames,
823 2385 954 2450 quid
981 2399 1090 2436 non
1121 2385 1367 2434 mortalia
1404 2386 1622 2448 pectora
1641 2383 1822 2446 cogis?

199 2467 517 2541 Sumptu'm
541 2484 795 2539 namque
815 2465 1005 2521 loetale
1025 2465 1300 2538 poculum
1318 2466 1567 2525 festinus
1585 2465 1704 2537 regi
1728 2480 1854 2536 pro-

199 2558 386 2629 pinat.
419 2557 540 2621 Quo
566 2562 801 2628 accepto
831 2559 997 2612 tanta
1024 2554 1181 2610 hunc
1204 2556 1510 2611 confestim
1537 2553 1727 2610 somni
1744 2554 1854 2608 vir-

199 2653 298 2702 tus
329 2645 562 2714 invasit,
597 2645 875 2718 quatinus
904 2643 1094 2699 tocius
1112 2645 1399 2700 exercitus
1419 2644 1698 2716 strepitus
1716 2659 1850 2698 eum

200 2731 398 2789 triduo
424 2733 696 2807 evigilare
728 2733 1012 2804 nequiret.
1047 2732 1251 2788 Fertur
1293 2737 1511 2800 autem,
1571 2730 1852 2802 quoniam

203 2823 347 2878 dum
379 2821 697 2878 familiares
729 2821 885 2877 hunc
916 2822 1091 2876 modo
1137 2822 1405 2894 strepitu,
1467 2821 1638 2876 modo
1693 2823 1852 2874 tactu

200 2912 620 2984 inquietarent,
655 2911 869 2983 apertis
912 2909 1097 2966 oculis
1146 2910 1228 2965 nil
1260 2911 1494 2978 sentire,
1556 2907 1637 2962 nil
1693 2907 1852 2979 loqui

203 3018 376 3072 posse
405 3000 678 3073 perfecte.
702 3000 932 3056 Positus
954 3003 1149 3055 tamen
1172 2999 1231 3053 in
1254 2999 1469 3054 mentis
1489 3014 1694 3053 exessu
1718 2997 1851 3068 (69),

204 3090 499 3162 mugitum
531 3089 792 3157 reddere,
821 3105 936 3144 non
968 3089 1142 3144 verba
1171 3089 1358 3157 edere,
1391 3087 1715 3142 videbatur.
1745 3086 1858 3140 Hu-

196 3181 300 3251 jus
328 3178 547 3251 quippe
578 3177 657 3233 rei
693 3177 848 3233 accio
877 3177 1153 3250 repedare
1183 3193 1387 3232 omnes
1418 3174 1718 3248 compulit,
1737 3191 1854 3230 non

209 3285 496 3341 pugnare.
569 3325 577 3336 ,

278 3358 368 3412 33.
403 3356 586 3412 Credo
618 3360 836 3424 autem,
867 3355 1182 3434 Arnulfu’m
1215 3371 1410 3426 regem
1465 3356 1625 3425 justa
1672 3353 1856 3410 severi

201 3445 427 3519 judicis
457 3445 798 3516 hujusmodi
822 3450 1041 3517 pestem
1070 3444 1388 3500 incurrisse
1435 3460 1701 3499 censura.
1756 3443 1856 3498 Se-

207 3535 414 3590 cundae
436 3534 593 3590 enim
613 3550 704 3588 res
727 3534 869 3588 dum
891 3533 1205 3606 imperium
1225 3534 1404 3604 huius
1432 3533 1635 3588 ubiubi
1658 3530 1858 3604 magni

205 3624 484 3691 facerent,
515 3621 719 3679 virtuti
755 3639 872 3676 sua:
904 3627 1113 3677 cuncta
1143 3622 1370 3689 tribuit,
1417 3638 1532 3676 non
1592 3621 1856 3676 debitum

203 3712 594 3784 omnipotenti
629 3711 740 3767 Deo
773 3711 1053 3766 honorem
1087 3710 1359 3767 reddidit.
1389 3711 1727 3766 Sacerdotes
1756 3709 1857 3765 Dei

200 3800 383 3858 vincti
412 3800 816 3866 trahebantur,
848 3816 1024 3856 sacrae
1053 3799 1312 3872 virgines
1341 3798 1396 3853 vi
1445 3797 1856 3871 opprimeban-

202 3896 321 3963 tur,
353 3891 680 3964 conjugatzs
708 3887 1096 3946 violabantur.
1147 3889 1346 3959 Neque
1389 3887 1544 3943 enim
1602 3887 1855 3944 ecclesia:

203 3979 680 4053 confugientibus
710 3981 978 4052 poterant
993 3995 1122 4034 esse
1139 3977 1387 4050 asylum.
1408 3977 1471 4033 In
1489 3977 1582 4033 his
1602 3993 1857 4050 namque

205 4068 522 4126 simbolam
555 4069 868 4136 faciebant,
891 4071 1091 4141 gestus
1106 4066 1317 4139 turpis,
1351 4070 1559 4123 cantus
1579 4066 1854 4134 ludicres,

209 4158 678 4216 dibachationes.
707 4157 818 4214 Sed
850 4162 906 4214 et
931 4156 1207 4212 mulieres
1237 4155 1439 4212 eodem
1473 4155 1726 4228 publice,
1753 4173 1857 4227 pro

202 4249 391 4318 nefas,
421 4248 943 4322 prostituebantur.

275 4338 367 4393 34.
402 4337 668 4409 Denique
697 4337 1038 4393 redeuntem
1071 4350 1267 4407 regem
1299 4349 1514 4406 magna
1546 4349 1680 4389 cum
1700 4333 1854 4390 vale-

202 4427 411 4483 tudine
440 4425 752 4482 Arnulfum
798 4425 1040 4498 palatim
1086 4442 1186 4480 rex
1240 4423 1414 4479 Wido
1464 4424 1854 4495 persequitur.

205 4517 472 4588 Cumque
500 4514 781 4571 Arnulfus
813 4514 1098 4571 Bardonis
1131 4518 1391 4570 montem
1422 4513 1854 4579 conscenderet,

201 4605 315 4663 hoc
332 4621 575 4662 suorum
589 4603 831 4661 consilio
847 4603 1127 4674 definivit,
1143 4603 1422 4675 quatinus
1438 4601 1854 4674 Berengarium

203 4695 431 4751 lumine
456 4695 728 4767 privaret,
765 4693 965 4765 sicque
995 4707 1239 4748 securus
1271 4690 1496 4746 Italiam
1547 4691 1850 4747 obtineret.

201 4785 600 4858 Cognatorum
630 4799 766 4840 vero
793 4781 1128 4854 Berengarii
1161 4797 1336 4848 unus,
1369 4779 1468 4851 qui
1502 4796 1615 4836 non
1676 4797 1855 4853 parva

200 4873 448 4931 Arnulfo
479 4872 601 4946 regi
630 4871 1050 4928 familiaritatis
1079 4869 1269 4943 gratia
1297 4869 1621 4938 inherebat,
1641 4870 1854 4942 hujus-

200 4963 364 5022 modi
386 4961 698 5020 consilium
721 4965 786 5017 ut
802 4959 1057 5033 agnovit,
1082 4959 1304 5031 absque
1326 4974 1489 5014 mora
1505 4958 1853 5032 Berengario

202 5051 500 5128 patefecit.
534 5051 644 5121 Qui
677 5067 812 5108 mox
847 5053 908 5107 ut
929 5049 1133 5119 sensit,
1184 5047 1425 5106 lucerna
1483 5065 1661 5120 quam
1720 5053 1853 5105 ante

1945 610 2119 676 atque
2149 609 2434 659 Veronam
2467 603 2726 676 percitus
2751 605 2929 662 venit.

2012 695 2102 748 3b.
2139 695 2353 748 Omnes
2383 697 2596 748 extunc
2627 693 2929 750 ltalienses
2959 695 3269 751 Arnulfum
3290 696 3594 768 ﬂoccipcn-

1945 784 2100 850 dere,
2129 780 2329 836 nichili
2363 780 2595 836 habere.
2628 782 2790 838 Unde
2835 801 2970 839 cum
3025 785 3292 840 Ticinum
3346 786 3589 853 veniret,

1947 888 2061 926 non
2088 871 2315 924 modica
2343 870 2515 924 horta
2545 875 2632 927 est
2663 873 2721 926 in
2754 871 2982 928 civitate
3013 873 3229 929 sedicio
3256 891 3268 942 ;
3313 878 3594 946 tantaque

1947 959 2075 1014 istic
2110 958 2394 1014 exercitus
2426 965 2651 1032 strages
2683 961 2832 1016 facta
2861 966 2968 1028 est,
3001 967 3066 1016 ut
3108 962 3289 1035 cripte
3319 963 3589 1031 civitatis,

1949 1065 2095 1119 quas
2118 1047 2229 1102 alio
2247 1049 2481 1102 nomine
2498 1047 2723 1104 cloacas
2737 1050 2960 1115 dicunt,
2985 1050 3194 1106 horum
3213 1053 3591 1108 cadaveribus

1948 1136 2328 1208 replerentur.
2363 1138 2526 1202 Quod
2559 1138 2842 1193 Arnulfus
2873 1156 3138 1208 cernens,
3175 1141 3450 1212 quoniam
3492 1159 3594 1214 per

1948 1225 2236 1280 Veronam
2271 1243 2382 1280 non
2418 1226 2625 1298 potuit,
2658 1244 2762 1298 per
2791 1228 3133 1284 Hannibalis
3178 1230 3354 1299 viam,
3413 1247 3591 1302 quam

1951 1315 2200 1369 Bardum
2236 1317 2348 1386 (70)
2400 1315 2622 1380 dicunt,
2689 1320 2744 1370 et
2801 1323 3058 1372 montem
3118 1318 3268 1374 Iovis
3320 1320 3594 1390 repedare

1952 1403 2224 1474 disponit.
2246 1403 2508 1475 Cumque
2521 1405 2864 1476 Eporegiam
2881 1407 3254 1477 pervenisset,
3279 1408 3596 1463 Anscarius

1953 1491 2210 1548 marchio
2243 1493 2374 1546 istic
2405 1493 2626 1557 aderat,
2660 1495 2831 1563 cujus
2856 1499 2913 1549 et
2942 1495 3175 1550 hortatu
3196 1495 3394 1552 civites
3416 1497 3598 1552 rebel-

1951 1579 2128 1635 labat.
2148 1580 2364 1635 Verum
2390 1580 2500 1634 hoc
2520 1581 2635 1634 Arn
2646 1580 2800 1635 ulfus
2818 1582 3205 1652 jurejurando
3225 1583 3595 1654 promiserat,

1954 1685 2258 1740 nunquam
2291 1686 2352 1725 se
2374 1686 2407 1724 a
2428 1667 2552 1723 loco
2574 1669 2777 1724 eodem
2802 1669 3223 1738 discessurum,
3247 1673 3437 1742 quoad
3459 1689 3599 1743 prae-

1955 1757 2151 1813 sentiae
2182 1773 2301 1812 sua:
2330 1760 2754 1828 praesentarcnt
2783 1757 3152 1814 Anscarium.
3185 1761 3240 1814 Is
3261 1762 3480 1826 autem,
3536 1763 3602 1814 ut

1953 1851 2077 1902 erat
2109 1846 2283 1900 homo
2313 1845 2479 1902 valde
2509 1844 2948 1913 formidolosus,
2981 1851 3039 1902 et
3094 1847 3334 1904 omnino
3391 1845 3603 1904 similis

1957 1952 2072 2006 quo
2102 1934 2173 1989 de
2205 1935 2363 1990 Maro
2395 1935 2477 1989 ait
2502 1934 2616 2006 (74)
2646 1953 2657 1990 :

2017 2042 2427 2152 Iljgix'géitsaopum,
2461 2039 2642 2103 lingua
2671 2040 2873 2100 melior,
2908 2041 3001 2090 sed
3031 2041 3224 2106 frigida
3250 2042 3391 2093 bello

1957 2203 2027 2256 de
2060 2199 2295 2256 castello
2320 2200 2474 2267 exiit,
2511 2204 2567 2256 et
2590 2201 2761 2272 juxta
2792 2217 3028 2256 murum
3048 2202 3297 2258 civitatis
3318 2202 3377 2256 in
3409 2219 3601 2258 caver-

1958 2291 2050 2346 nis
2082 2293 2378 2361 petrarum
2411 2289 2600 2344 latuit.
2633 2291 2745 2344 lloc
2774 2295 2972 2345 autem
3015 2307 3081 2346 eo
3110 2290 3266 2360 fecit,
3324 2291 3604 2363 quatinus

1958 2379 2112 2434 licito
2134 2382 2373 2451 possent
2395 2378 2514 2450 regi
2533 2377 2776 2433 Arnulfo
2800 2379 3155 2451 satisfacere,
3175 2381 3519 2436 Anscarium
3543 2381 3603 2436 in

1960 2469 2104 2523 urbe
2138 2485 2252 2523 non
2286 2484 2435 2522 esse.
2471 2471 2672 2539 Itaque
2694 2468 3118 2540 jusjurandum
3149 2485 3250 2525 rex
3276 2469 3433 2527 istud
3453 2486 3608 2526 acce-

1961 2557 2065 2629 pit,
2091 2560 2264 2628 atque
2295 2556 2405 2612 iter
2427 2556 2580 2628 quod
2612 2561 2842 2628 ceperat
2872 2557 3032 2612 abiit.

2031 2647 2121 2701 36.
2156 2646 2280 2718 (An.
2311 2645 2439 2714 899,
2471 2647 2595 2700 Dec.
2620 2645 2699 2716 8.)
2757 2645 3171 2718 Profectusque
3229 2649 3289 2703 in
3348 2649 3604 2722 propria,

1961 2734 2309 2806 turpissima
2331 2733 2659 2790 valetudine
2675 2733 2975 2806 expiravit.
2992 2734 3234 2791 Minutis
3252 2737 3468 2809 quippe
3487 2754 3610 2793 ver-

1963 2825 2159 2879 mibus
2185 2841 2333 2895 quos
2364 2823 2726 2895 pedunculos
2757 2822 2925 2879 aiunt
2942 2823 3314 2880 vehementer
3333 2825 3608 2894 afflictus,

1964 2913 2237 2984 spiritum
2271 2911 2544 2967 reddidit.
2577 2913 2778 2967 Fertur
2807 2917 3024 2981 autem,
3061 2913 3217 2984 quod
3237 2914 3456 2985 prmfati
3483 2931 3608 2970 ver-

1965 3018 2089 3056 mes
2111 3002 2253 3056 adeo
2285 3000 2686 3069 scaturrirent,
2721 3005 2786 3056 ut
2815 3001 2993 3056 nullis
3034 3003 3394 3059 medicorum
3453 3002 3609 3059 curis

1965 3089 2151 3144 minui
2183 3092 2443 3161 possent.
2477 3088 2682 3143 Utrum
2711 3105 2846 3144 vero
2875 3106 2979 3160 pro
3011 3093 3131 3144 tam
3163 3089 3450 3146 immenso
3485 3107 3608 3147 sce-

1965 3179 2100 3246 lere,
2134 3178 2568 3250 Hungariorum
2609 3176 2834 3233 scilicet
2889 3177 3224 3246 emissione,
3283 3179 3610 3236 secundum

1883 3254 1926 3322 C
1965 3267 2310 3339 prophetam
2339 3265 2560 3338 duplici
2586 3265 2663 3321 sit
2693 3259 3045 3321 contricione
3091 3267 3351 3339 attritus,
3411 3285 3486 3323 an
3544 3284 3613 3323 ex

1965 3356 2219 3429 presenti
2250 3355 2536 3427 supplicio
2567 3359 3020 3426 consequeretur
3046 3356 3276 3411 veniam
3322 3356 3383 3411 in
3413 3357 3610 3412 futuro

1966 3447 2091 3514 (Jer.
2125 3461 2266 3512 xvu,
2300 3446 2410 3513 13),
2436 3443 2544 3499 soli
2573 3442 2734 3500 illius
2764 3443 3020 3499 scientiae
3052 3444 3442 3514 dimittamus,
3496 3462 3610 3518 quo

1966 3536 2037 3590 de
2068 3533 2378 3606 Apostolus
2410 3533 2587 3588 dicit:
2623 3555 2651 3583 «
2685 3532 2874 3589 Nolite
2906 3536 3039 3589 ante
3059 3537 3293 3606 tempus
3318 3529 3605 3606 judicare,

1966 3624 2149 3679 donec
2178 3622 2371 3679 veniat
2399 3621 2703 3691 Dominus,
2738 3621 2838 3693 qui
2870 3626 2928 3677 et
2955 3621 3338 3679 inluminabit
3366 3624 3613 3680 abscon-

1967 3713 2092 3768 dita
2121 3711 2494 3768 tenebrarum
2527 3715 2585 3767 et
2611 3709 3010 3767 manifestabit
3038 3710 3284 3768 consilia
3305 3712 3570 3768 cordium
3597 3730 3610 3781 ;

1966 3805 2024 3857 et
2055 3805 2198 3856 tunc
2226 3800 2356 3857 laus
2387 3799 2498 3856 erit
2526 3799 2844 3872 unicuique
2873 3817 2907 3856 a
2958 3800 3074 3856 Deo
3107 3802 3156 3871 (Ι
3185 3801 3312 3858 Cor.
3348 3818 3424 3871 IV,
3473 3802 3550 3870 5).
3583 3820 3611 3853 io

2037 3891 2106 3944 37
2114 3932 2126 3944 .
2160 3888 2286 3950 (An.
2311 3889 2459 3952 896.)
2487 3889 2696 3946 Justus
2726 3888 2908 3961 igitur
2937 3893 3090 3945 Deus
3121 3889 3286 3946 uxori
3325 3889 3612 3959 Widonis,

1969 3996 2098 4052 quae
2136 3979 2276 4034 huic
2307 3982 2614 4051 paraverat
2644 3981 2914 4048 mortem,
2947 3982 3114 4050 parat
3137 3978 3438 4034 viduitatis
3460 3979 3616 4035 dolo-

1965 4084 2110 4125 rem.
2147 4067 2310 4123 Sicut
2326 4067 2484 4122 enim
2505 4066 2728 4138 prtefati
2751 4082 2980 4133 sumus,
2999 4066 3141 4122 dum
3159 4067 3499 4122 redeuntem
3514 4069 3616 4122 Ar-

1966 4155 2196 4211 nulfum
2228 4155 2395 4213 Wido
2427 4170 2526 4210 rex
2555 4170 2585 4210 e
2613 4153 2856 4226 vestigio
2889 4159 3250 4225 sequeretur,
3285 4155 3447 4224 justa
3503 4155 3615 4210 ﬂu-

1962 4245 2126 4301 vium
2157 4245 2468 4300 defunctus
2495 4247 2585 4299 est
2604 4244 2844 4299 Tarum.
2876 4243 3056 4314 Cujus
3077 4243 3304 4299 obitum
3334 4243 3618 4317 Berenga-

1963 4334 2088 4388 rius
2120 4337 2185 4388 ut
2215 4332 2456 4400 audivit,
2493 4331 2740 4388 festinus
2769 4331 3008 4403 Papiam
3039 4331 3218 4399 venit,
3249 4347 3614 4404 regnumque

1965 4427 2232 4495 potenter
2264 4421 2503 4493 accepit.
2527 4419 2752 4477 Fideles
2777 4437 2912 4476 vero
2931 4421 3304 4493 fautoresque
3321 4421 3613 4489 Widonis,

1965 4511 2132 4568 veriti
2163 4527 2234 4566 ne
2261 4511 2332 4566 ab
2365 4509 2705 4566 eisinlatam
2726 4509 3111 4584 Berengarius
3133 4510 3515 4567 ulcisceretur
3535 4511 3618 4567 in-

1885 4626 1931 4691 D
1956 4601 2198 4691 juriam,
2225 4605 2281 4655 et
2311 4599 2450 4671 quia
2481 4615 2710 4691 semper
2727 4598 3031 4656 ltalienses
3060 4599 3311 4672 geminis
3334 4601 3418 4656 uti
3434 4601 3619 4658 domi-

1964 4691 2056 4746 nis
2086 4689 2308 4757 volunt,
2344 4687 2624 4759 quatinus
2647 4687 2898 4744 alterum
2918 4688 3158 4746 alterius
3175 4693 3393 4747 terrore
3418 4690 3620 4748 coher-

1963 4783 2150 4850 ceant,
2182 4776 2451 4834 Widonis
2474 4777 2627 4850 regis
2659 4777 2917 4834 defuncti
2940 4778 3152 4848 ﬁlium,
3184 4779 3421 4836 nomine
3449 4781 3618 4837 Lam-

1962 4871 2213 4935 bertum,
2232 4867 2864 4940 elegantemjuvenem,
2881 4868 3072 4925 adhuc
3086 4868 3398 4942 ephcebum
3416 4869 3617 4926 nimis-

1961 4976 2075 5031 que
2101 4956 2468 5024 bellicosum,
2503 4973 2699 5030 regem
2731 4958 3117 5015 constituunt.
3151 4958 3313 5031 Cepit
3355 4958 3608 5028 denique

1961 5049 2117 5104 hunc
2138 5047 2296 5104 adire
2312 5046 2589 5118 populus,
2610 5046 3026 5121 Berengarium
3049 5048 3332 5104 deserere.
3351 5049 3613 5117 Cumque

1558 5190 1797 5249 VARI/E
1834 5191 2238 5253 LECTIONES.

276 5269 321 5308 ⁸⁸
351 5273 594 5344 paratur
614 5267 667 5327 1.

1808 5361 2016 5426 NOTIE

298 5468 390 5539 68)
421 5468 551 5524 zEn.
585 5485 668 5536 ιιι,
701 5467 794 5539 56,
824 5467 915 5522 57.

300 5541 393 5597 69)
426 5541 490 5596 Id
521 5544 612 5597 est
641 5554 904 5596 excessu.

277 5608 393 5681 (70)
422 5611 534 5669 Ubi
576 5612 752 5668 hodie
803 5609 1110 5669 castellum
1166 5608 1315 5665 Bard
1369 5609 1474 5667 vim
1527 5608 1853 5678 imminere,

201 5681 493 5763 Eporegia
521 5685 844 5762 Augustam
872 5683 1119 5744 tendens
1146 5681 1381 5758 aspicis.
1404 5682 1516 5742 Sed
1539 5683 1857 5763 Liudpran-

1964 5467 2106 5540 dum
2137 5480 2207 5522 ea
2235 5480 2378 5540 quas
2390 5463 2648 5540 Annales
2679 5465 2998 5540 Fuldenses
3030 5464 3102 5522 de
3143 5457 3334 5540 primo
3379 5464 3606 5540 Arnulﬂ

1966 5539 2156 5666 reqittu
2187 5536 2442 5594 exDItalia
2470 5542 2728 5610 narrant,
2765 5538 2930 5598 alteri
2968 5536 3273 5615 perperam
3329 5539 3608 5620 tribuere,

1967 5627 2042 5666 na
2069 5627 2099 5666 e
2133 5651 2146 5666 .

1967 5627 2146 5685 patet.-

2037 5683 2152 5770 (η)
2179 5681 2308 5741 ίΕη.
2335 5696 2413 5752 x1,
2444 5680 2568 5744 638.
