4050 6386
497 354 616 418 807

1454 344 1928 412 LIUT'PRANDI
1972 338 2520 407 CREMONENSIS
2565 339 2945 405 EPISCOPI.

3809 340 3926 402 808

489 484 1459 560 'Berengarius'Lamberto,'magno
1477 498 1610 538 cum
1627 475 1877 537 exercitu
1904 481 2138 553 Papiam
2169 484 2224 548 Α
2254 483 2379 532 tum
2412 478 2644 548 ingenio
2676 469 2913 546 callens,
2939 477 2996 532 in
3029 475 3155 548 ipso
3201 490 3299 552 eos
3339 473 3558 532 noctis
3602 471 3921 531 conticiuio

499 575 778 644 tendenti,
812 574 1113 647 copiarum
1144 573 1433 646 paucitate
1462 571 1694 627 obviare
1712 569 1998 641 nequiret,
2032 570 2140 624 Ve-

499 674 699 740 ronam
728 663 916 735 petiit,
952 663 1222 735 isticque,
1252 677 1495 718 securus
1557 659 1774 733 deguit.
1836 659 1960 714 Non
2011 663 2146 731 post

494 752 751 808 multum
777 767 912 807 vero
937 750 1215 822 temporis
1240 748 1586 805 Lambertus
1609 766 1708 804 rex
1729 764 1862 803 cum
1888 751 2043 804 esset
2056 748 2145 802 vir

493 857 749 909 severus,
783 839 1146 913 principibus
1173 839 1369 913 gravis
1391 843 1481 894 est
1505 838 1688 893 visus.
1712 837 1871 893 Unde
1893 841 1952 892 et
1990 836 2144 908 lega-

493 935 581 988 tOs
606 929 896 985 Veronam
928 928 1208 1000 dirigunt,
1242 942 1439 999 regem
1472 925 1892 998 Berengarium
1950 927 2021 981 ad
2081 941 2144 980 se

489 1019 706 1087 venire,
741 1018 1116 1074 Lambertum
1148 1017 1284 1072 vero
1317 1015 1606 1088 expellere
1629 1019 1854 1088 petunt.

560 1109 650 1162 38.
683 1107 1099 1180 Magimfredus
1128 1109 1428 1178 praeterea,
1454 1103 2144 1178 praedivesMediolanen-

491 1195 573 1252 sis
591 1195 754 1251 urbis
773 1211 992 1260 comes,
1019 1193 1422 1266 quinquennio
1436 1191 1574 1247 huic
1587 1189 1817 1246 rebellis
1841 1189 2139 1256 extiterat;

488 1285 590 1356 qui
621 1301 736 1340 non
770 1283 961 1338 solum
997 1283 1199 1337 urbem
1232 1282 1292 1335 in
1316 1297 1435 1353 qua
1455 1279 1687 1336 rebellis
1708 1283 1851 1344 crat,
1871 1275 2146 1333 Mediola-

489 1374 654 1430 nium
683 1371 930 1439 scilicet,
955 1371 1316 1438 defenderat,
1350 1385 1554 1425 verum
1587 1368 1762 1424 etiam
1793 1365 1983 1421 vicina
2031 1365 2140 1420 cir-

488 1471 864 1534 cumquaque
885 1461 1013 1516 loca
1028 1460 1342 1515 Lamberto
1365 1457 1678 1514 servientis.
1699 1455 1876 1510 nimis
1891 1457 2142 1527 depopu-

487 1550 668 1607 labat.
696 1551 860 1616 Quod
893 1550 1111 1605 factum
1143 1565 1240 1603 rex
1269 1564 1387 1602 non
1420 1561 1633 1618 passus
1667 1549 1756 1599 est
1785 1542 1943 1599 abire
1986 1542 2139 1598 inul-

487 1641 612 1692 tum
641 1638 708 1704 6°,
741 1633 1264 1708 psalmographum
1295 1635 1340 1668 το
1361 1632 1504 1687 illud
1540 1647 1778 1704 persepe
1801 1631 2135 1686 ruminans:

490 1747 517 1775 ‹‹
550 1726 696 1780 Cum
739 1734 1013 1795 accepero
1073 1726 1326 1794 tempus,
1389 1738 1494 1793 ego
1545 1721 1808 1790 justitias
1859 1720 2137 1790 judicabo

2254 565 2550 638 opprimit,
2586 566 2940 621 dormientes
2963 564 3113 632 ferit,
3147 561 3464 620 oscitantes
3480 562 3758 636 jugulat.
3784 567 3924 619 Ven-

2252 660 2378 710 tum
2413 655 2664 726 denique
2691 655 2762 709 ad
2793 654 2953 726 ipsos
2986 658 3091 721 est,
3127 652 3226 726 qui
3249 653 3428 724 hujus
3445 651 3741 708 ductores
3764 669 3923 708 exer-

2255 745 2404 799 citus
2435 749 2619 798 erant.
2652 747 2913 815 Cumque
2943 743 3015 798 iis
3046 759 3161 798 non
3193 759 3261 798 ex
3294 739 3701 797 multitudine
3755 741 3920 809 alius,

2254 833 2352 888 sed
2382 848 2479 887 rex
2510 831 2634 903 ipse
2662 831 2922 902 prazclari
2949 833 3130 903 hujus
3165 831 3438 886 facinoris
3463 830 3732 885 nuntius
3755 835 3919 899 esset,

2251 937 2368 976 non
2397 921 2524 975 dico
2555 921 2877 992 pugnandi,
2908 937 3109 976 verum
3134 919 3393 992 fugiendi
3424 925 3631 975 terror
3656 918 3789 991 ipse
3808 921 3923 976 abs-

2251 1009 2386 1064 tulit
2418 1008 2773 1064 facultatem.
2808 1013 3024 1064 Verum
3059 1007 3466 1080 Ildeprandus,
3491 1007 3646 1080 fnga
3694 1006 3912 1080 lapsus,

2252 1097 2631 1153 Adelbertum
2655 1085 2806 1152 intra
2823 1097 3164 1153 animalium
3183 1097 3438 1170 praesepe
3456 1096 3679 1152 lalitan
3689 1100 3808 1153 tem
3825 1098 3914 1152 de-

2253 1185 2506 1256 reliquit.
2544 1185 2649 1250 Qui
2681 1187 2824 1240 dum
2848 1190 3113 1258 repertus
3141 1190 3296 1242 esset
3335 1191 3516 1257 atque
3565 1188 3709 1241 ante
3767 1185 3914 1258 regis

2249 1275 2616 1347 praesentiam
2649 1275 2878 1341 ductus,
2913 1291 3047 1330 eum
3079 1274 3211 1330 ilico
3243 1274 3324 1330 ita
3338 1273 3624 1330 convenit
3650 1293 3663 1330 :
3694 1295 3724 1325 «
3744 1274 3911 1330 Sibil-

2251 1363 2370 1418 lino
2404 1363 2606 1435 spiritu
2635 1379 2873 1419 uxorem
2905 1367 3068 1418 tuam
3099 1368 3330 1419 Bertam
3362 1363 3764 1437 prephctassc
3793 1379 3912 1420 cre-

2250 1452 2467 1519 dimus,
2500 1468 2627 1523 quae
2659 1455 2714 1506 te
2737 1451 2978 1507 scientia
3000 1468 3107 1506 sua
3123 1468 3316 1523 regem
3340 1455 3439 1507 aut
3457 1453 3710 1508 asinum
3738 1453 3911 1508 factu-

2253 1556 2374 1594 ram
2409 1539 2698 1611 promisit.
2730 1539 2946 1595 Verum
2979 1539 3114 1612 quia
3143 1557 3340 1613 regem
3376 1539 3600 1608 noluit,
3669 1547 3794 1610 aut,
3854 1547 3913 1596 ut

2250 1627 2440 1701 magis
2471 1629 2825 1684 credendum
2856 1632 2963 1696 est,
2991 1646 3102 1684 non
3135 1631 3344 1701 potuit,
3369 1629 3640 1697 asinum,
3667 1647 3912 1701 nemea-

2249 1717 2476 1784 tiretur,
2509 1718 2716 1784 effecit,
2751 1718 2893 1773 dum
2923 1720 2982 1773 te
3013 1735 3148 1773 cum
3177 1719 3434 1775 Arcadiae
3454 1719 3826 1792 pecuaribus
3844 1720 3911 1775 ad

486 1813 658 1882 (Psal.
691 1819 877 1881 Lxxi'v,
907 1814 983 1880 3).
1011 1831 1038 1864 η
1074 1812 1220 1866 Nam
1249 1815 1379 1884 post
1405 1809 1707 1882 paululum
1741 1809 1952 1882 capitis
1981 1809 2137 1864 hunc
2169 1855 2214 1920 Β
2249 1823 2503 1878 praesepe
2535 1806 2823 1862 declinare
2853 1808 3075 1884 coegit!
3113 1831 3140 1857 ››
3173 1807 3436 1864 Preterea
3477 1807 3598 1876 hoc
3634 1825 3772 1864 cum
3805 1807 3909 1866 isto

487 1903 675 1920 g,,,_”,
719 1905 734 1920 1
777 1901 1040 1920 j_x____,_
1081 1898 1357 1920 _-,_1__L3_
1410 1900 1538 1920 n___
1576 1915 1664 1920 μ--
1697 1893 1968 1920 ι......’...έΔ
1997 1914 2100 1920 ---μ
2245 1895 2508 1920 -......ι-ιιε
2548 1896 2858 1920 ..η-2--..ι.--
2909 1896 3248 1920 --ἔ..,.2--..ι--..
3302 1897 3541 1920 η-Α-ΞΑ...
3588 1899 3905 1920 Δ-----..ι--..-

477 1903 742 1973 jusserat
769 1901 1046 1956 damnare
1077 1898 1384 1956 sententia.
1409 1900 1543 1963 Qua
1575 1915 1668 1954 res
1697 1903 1975 1954 terrorem
1993 1914 2132 1953 cun-

486 1989 595 2045 ctis
624 1989 996 2045 Italiensibus
1028 2005 1143 2045 non
1177 1987 1488 2042 minimum
1520 1987 1750 2042 adtulit.

555 2078 643 2132 39.
679 2079 800 2150 (An.
827 2077 977 2146 898.)
1011 2077 1272 2147 Denique
1301 2076 1409 2133 hoc
1439 2077 1639 2132 eodem
1680 2081 1938 2148 tempore
1959 2073 2128 2129 Adcl-

483 2169 704 2231 bertus,
724 2164 974 2221 illastris
991 2166 1315 2220 Tuscorum
1333 2164 1614 2231 marchio,
1640 2169 1814 2235 atque
1837 2169 1853 2218 Ι
1865 2163 2130 2235 ldepran-

481 2256 614 2322 dus,
651 2257 976 2326 prapotens
1009 2269 1225 2319 comes,
1265 2253 1403 2307 huic
1461 2253 1573 2307 nisi
1631 2257 1770 2307 sunt
1827 2251 2124 2307 rebellare.

483 2345 678 2400 Tantae
709 2341 922 2414 quippe
947 2339 1290 2396 Adelbertus
1329 2345 1454 2395 erat
1509 2341 1800 2412 potentize,
1859 2345 1924 2394 ut
1979 2341 2130 2394 inter

481 2448 687 2488 omnes
719 2431 894 2487 Italiae
927 2429 1218 2502 principes
1243 2429 1404 2485 solus
1432 2429 1557 2502 ipse
1577 2432 1961 2501 cognomento
1983 2428 2130 2483 dice-

482 2527 643 2577 retur
671 2521 858 2576 Dives.
893 2519 1037 2574 Huic
1068 2522 1192 2574 erat
1210 2535 1353 2572 uxor
1375 2518 1611 2573 nomine
1628 2518 1820 2585 Berta,
1843 2517 2125 2588 Hugonis,

483 2615 682 2666 nostro
713 2613 846 2686 post
875 2612 1135 2680 tempore
1167 2606 1342 2679 regis,
1376 2609 1600 2673 mater;
1641 2607 1811 2676 cujus
1848 2605 2128 2660 instinctu

478 2706 602 2756 tam
629 2697 848 2755 nefaria
877 2697 1030 2770 cepit
1058 2696 1186 2768 ipse
1217 2696 1495 2750 facinora.
1528 2695 1674 2748 Nam
1698 2693 1938 2749 collecto
1969 2710 2129 2749 exer-

481 2789 623 2857 citu,
671 2804 803 2844 cum
867 2785 1212 2856 Ildeprando
1258 2784 1469 2839 comite
1506 2786 1840 2838 constanter
1891 2782 2129 2855 Papiam

478 2878 713 2936 tendere
737 2875 996 2932 festinat.

550 2969 638 3022 40.
672 2965 1012 3021 Lambertus
1043 2962 1265 3017 interea
1295 2977 1412 3027 rex,
1439 2960 1648 3016 harum
1673 2977 1865 3017 rerum
1888 2960 2130 3029 inscius,

479 3057 541 3112 in
582 3055 862 3120 Marinco,
898 3053 966 3107 40
999 3052 1179 3106 ferme
1209 3049 1451 3104 milibus
1483 3049 1658 3122 Papia
1686 3051 1934 3117 distans,
1956 3067 2131 3106 vena-

483 3145 745 3201 tionibus
776 3143 1115 3212 occupatur.
1149 3139 1413 3210 Cumque
1445 3138 1664 3211 prcefati
1689 3139 1947 3194 marchio
1968 3143 2025 3195 et
2045 3156 2136 3195 co-
2167 3213 2170 3220 Ι

2245 1895 2511 1951 nonnulli
2545 1896 2877 1972 capiuntur,
2909 1896 3267 1966 vinciuntur,
3302 1897 3547 1970 Papiam
3585 1899 3905 1966 ducuntur;

2241 1985 2504 2042 custodia
2530 1986 2961 2056 mancipantur.

2311 2076 2397 2129 42.
2433 2075 2534 2129 His
2565 2075 2646 2129 ita
2674 2075 2876 2145 gestis,
2909 2091 3008 2129 rex
3064 2075 3276 2129 iterum
3338 2075 3700 2133 Lambertus
3757 2065 3902 2148 prae?

2241 2163 2355 2218 fato
2390 2163 2447 2216 in
2477 2162 2601 2217 loco
2630 2162 2888 2217 Marinco
2920 2163 3326 2218 venationibus
3369 2169 3703 2237 occupatur
3761 2166 3892 2238 (Oct.

2238 2252 2394 2320 Nov.)
2427 2252 2618 2323 quoad
2650 2251 2914 2306 omnium
2946 2251 3280 2324 principum
3311 2254 3569 2321 decreto,
3597 2254 3744 2326 quid
3799 2272 3894 2309 su-

2238 2357 2340 2411 per
2371 2340 2554 2412 captis
2603 2340 2893 2411 agendum
2952 2345 3125 2410 esset,
3186 2339 3636 2400 deliberaretur.
3695 2343 3807 2398 Sed
3864 2359 3894 2398 ο

2237 2429 2465 2484 utinam
2494 2430 2722 2484 venatio
2752 2429 3058 2496 hzecleras,
3083 2447 3197 2484 non
3231 2434 3462 2502 caperet
3479 2447 3655 2504 rcges
3683 2431 3889 2487 lAiunt

2238 2535 2398 2584 sane,
2434 2518 2610 2585 hunc,
2645 2518 2807 2586 dum,
2839 2519 3304 2587 sicutmorisest,
3335 2537 3509 2592 apros
3533 2522 3721 2577 efreni
3746 2523 3790 2556 ⁷³
3806 2537 3890 2576 se-

2238 2611 2494 2662 ctaretur
2505 2623 2676 2678 equo,
2692 2607 2968 2663 cecidisse
2982 2607 3313 2680 collumque
3327 2609 3597 2682 fregisse.
3617 2609 3835 2665 Verum
3849 2611 3889 2644 7‘

2239 2696 2545 2752 assertioni
2559 2696 2692 2751 huic
2707 2697 2878 2752 ﬁdem
2895 2698 3132 2769 preberc
3147 2714 3261 2752 non
3276 2698 3607 2755 absurdum
3631 2717 3762 2756 esse
3779 2715 3890 2754 non

2241 2785 2386 2840 dico.
2422 2785 2519 2841 Est
2549 2785 2703 2840 enim
2720 2784 2832 2840 alia
2847 2785 3050 2866 mortis
3072 2786 3273 2857 hujus,
3291 2803 3417 2858 qua:
3441 2787 3892 2844 mihiverisimi-

2239 2874 2350 2930 lior
2378 2873 2624 2942 videtur,
2655 2879 2826 2946 atque
2875 2875 3150 2930 omnibus
3208 2892 3242 2930 a
3301 2875 3537 2947 populis
3596 2882 3888 2945 narratur;

2242 2963 2502 3018 assertio.
2538 2962 2957 3033 Magimfredus
2988 2963 3439 3020 Mediolanensis
3471 2966 3640 3022 urbis
3675 2983 3885 3034 comes,

2242 3053 2411 3122 cujus
2449 3050 2622 3122 paulo
2680 3051 2951 3123 superius
3009 3051 3251 3108 fecimus
3303 3054 3691 3123 mentionem,
3754 3055 3888 3109 dum

2242 3158 2345 3213 pro
2373 3139 2583 3196 scelere
2614 3139 2675 3194 in
2707 3157 2829 3195 rem
2864 3140 3160 3212 publicam
3192 3145 3364 3214 atque
3395 3143 3453 3198 in
3487 3160 3690 3216 regem
3731 3160 3887 3199 com-

481 3251 606 3290 mes
636 3249 771 3289 cum
802 3232 1091 3286 immenso
1125 3227 1494 3284 sedinvalido
1517 3228 1844 3284 Tuscorum
1868 3229 2123 3284 exercitu
2159 3227 2200 3294 C
2241 3229 2422 3285 misso
2453 3229 2662 3300 capitis
2685 3229 2909 3300 judicio
2942 3231 3343 3296 damnaretur,
3376 3231 3622 3287 unicum
3658 3248 3884 3303 posses-

479 3322 765 3379 Bardonis
801 3321 1060 3375 montem
1090 3316 1427 3386 transirent,
1460 3316 1766 3372 Lamberto
1790 3315 1910 3389 regi
1935 3317 2126 3372 medio

480 3409 540 3464 in
573 3422 810 3465 nemore
840 3405 1097 3469 venanti,
1129 3409 1193 3459 ut
1215 3410 1340 3461 sese
1359 3421 1450 3460 res
1467 3404 1770 3472 habuerat,
1800 3405 2124 3460 nuntiatur.

478 3502 537 3552 ls
557 3513 713 3563 vero,
734 3497 890 3552 sicut
909 3498 1030 3550 erat
1045 3493 1225 3548 animi
1244 3497 1523 3549 constans
1539 3491 1881 3564 viribusque
1897 3497 2124 3565 potens,

483 3601 624 3641 suos
639 3599 753 3640 non
769 3597 980 3655 passus
1008 3586 1096 3638 est
1126 3581 1342 3638 milites
1363 3580 1670 3653 prestolari
1698 3599 1709 3648 ;
1730 3583 1828 3637 sed
1871 3581 2129 3638 collectis

481 3689 629 3745 quos
643 3689 842 3730 secum
855 3672 1158 3738 habuerat,
1175 3675 1408 3727 centum
1426 3671 1605 3726 ferme
1623 3670 1790 3726 militi
1801 3671 1930 3740 bus,
1949 3685 2125 3726 cursu

484 3762 706 3834 prepeti
739 3761 821 3818 eis
853 3761 1083 3817 obviare
1113 3760 1369 3816 festinat.

495 3925 498 3930 Ι
553 3851 640 3906 41.
675 3851 929 3907 Jamiam
961 3849 1314 3906 Placentiam
1334 3853 1588 3917 venerat,
1623 3866 1757 3905 cum
1809 3848 1913 3903 hi"
1965 3849 2131 3920 juSta

481 3941 724 3997 ﬂuvium
741 3940 1126 3998 Sesterionem
1140 3940 1210 3996 ad
1232 3941 1484 4012 burgum
1508 3940 1642 4012 (72),
1673 3939 1732 3995 in
1755 3953 1868 4011 quo
1887 3939 2131 3996 sanctis-

482 4030 616 4086 simi
650 4032 694 4066 ⁷²
724 4035 780 4087 et
810 4030 1067 4104 praetiosi
1091 4029 1365 4102 martyris
1389 4029 1619 4085 Domini
1644 4045 1854 4100 corpus
1873 4028 2128 4101 positum

479 4124 808 4190 veneratur,
842 4124 1034 4177 castra
1065 4123 1316 4175 metasse
1360 4118 1727 4174 nuntiantur.
1792 4117 2130 4190 Ignorantes

481 4207 681 4280 itaque
706 4210 847 4282 quid
879 4213 1303 4281 superventura
1333 4224 1446 4263 nox
1475 4211 1722 4279 pareret,
1768 4206 2129 4263 temetolenti

478 4301 612 4368 post
629 4298 914 4355 nonnulla
935 4296 1166 4353 inutilia
1183 4297 1594 4369 tragodimata,
1619 4295 1676 4352 id
1701 4299 1790 4351 est
1808 4296 2129 4362 cautiones,

477 4401 682 4442 somno
713 4404 841 4444 sese
869 4388 1097 4454 dedere,
1130 4390 1372 4442 stertere
1397 4403 1410 4453 ;
1436 4387 1716 4441 nauSeam
1738 4383 1834 4440 alii
1858 4390 2131 4456 sumptus

2239 3318 2423 3374 sionis
2454 3335 2572 3372 suae
2604 3318 2906 3386 vicarium,
2935 3319 3241 3391 Hugonem
3273 3319 3482 3387 ﬁlium,
3545 3321 3880 3392 dereliquit.

2237 3408 2418 3472 Quem
2445 3407 2586 3462 dum
2621 3407 2966 3463 Lambertus
2998 3425 3094 3463 rex
3126 3425 3256 3463 cum
3284 3409 3468 3464 forma
3501 3410 3742 3484 egregia
3760 3411 3881 3463 tum

2237 3494 2552 3551 nonnullos
2581 3511 2854 3566 superare
2884 3495 3100 3552 videret
3130 3497 3385 3564 audatia,
3419 3496 3605 3554 animi
3645 3497 3739 3553 sui
3772 3513 3883 3552 non

2238 3599 2480 3662 parvum
2513 3600 2616 3656 pro
2642 3583 2824 3656 patris
2873 3588 3059 3641 morte
3118 3585 3374 3641 dolorem
3429 3585 3660 3644 collatis
3722 3586 3882 3640 nisus

2238 3678 2326 3730 est
2351 3672 2648 3729 beneficiis
2681 3671 2934 3728 mulcere
2963 3674 3438 3746 quamplurimis.
3474 3675 3642 3732 Unde
3666 3679 3723 3732 et
3753 3691 3881 3730 eum

2238 3768 2444 3835 praeter
2471 3765 2690 3818 ceteros
2717 3761 3130 3819 familiaritatis
3163 3762 3461 3837 privilegio
3484 3764 3744 3821 dederat.
3782 3764 3880 3818 Fa-

2237 3857 2398 3907 ctum
2429 3855 2518 3906 est
2547 3856 2766 3923 autem,
2797 3850 2938 3906 dum
2972 3853 3313 3908 Lambertus
3355 3869 3452 3908 rex
3493 3853 3795 3909 nominato
3827 3851 3881 3904 in

2239 3939 2364 3995 loco
2399 3939 2652 3994 Marinco
2683 3943 2996 3996 venaretur
3019 3942 3081 4009 ⁷⁵,
3113 3973 3182 3982 -
3214 3946 3304 3998 est
3319 3943 3475 3998 enim
3498 3943 3704 3998 eodem
3725 3940 3880 3996 mira:

2240 4027 2667 4101 magnitudinis
2698 4031 2753 4084 et
2784 4029 3132 4086 amaenitatis
3163 4029 3330 4086 lucus
3361 4032 3503 4087 adeo
3556 4027 3879 4088 venationi-

2238 4118 2348 4173 bus
2382 4121 2552 4189 aptus
2582 4149 2650 4158 —
2680 4116 2793 4173 huc
2823 4117 3077 4190 illucque
3118 4119 3368 4185 cunctis,
3419 4123 3483 4174 ut
3531 4121 3715 4176 moris
3773 4113 3874 4183 est,

2238 4205 2724 4275 discurrentibus,
2753 4205 2862 4262 hoc
2893 4223 3024 4262 cum
3045 4225 3159 4264 uno
3183 4207 3404 4264 scilicet
3422 4209 3664 4283 Hugone
3685 4209 3876 4279 ipsum

2239 4295 2607 4352 solummodo
2649 4296 2708 4351 in
2739 4311 2974 4352 nemore
3032 4298 3405 4356 remansisse.
3470 4299 3734 4371 Cumque
3783 4295 3876 4349 rex

2240 4401 2445 4456 aprum
2473 4385 2532 4439 in
2559 4385 2809 4441 transitu
2849 4385 3299 4456 praestolaretur,
3351 4388 3570 4459 diuque
3630 4383 3874 4442 multum

475 4473 926 4550 intemperantia
955 4475 1163 4532 facere.
1203 4472 1324 4530 Rex
1353 4474 1552 4546 igitur,
1589 4472 1722 4530 cum
1755 4473 1939 4529 animi
1973 4473 2133 4529 ferox
2159 4459 2206 4523 D
2238 4476 2566 4530 remorante
2591 4473 2766 4546 longa
2791 4474 3541 4547 expectationelassaretur,
3574 4471 3873 4550 paululum

1828 4569 2068 4627 VARI/E
2107 4569 2409 4628 LECTION
2420 4573 2519 4627 ES.

550 4643 594 4678 ⁶⁹
625 4643 876 4700 multum
921 4644 963 4700 Ι.
1038 4642 1633 4716 7?_spalmographum
1665 4643 1717 4716 id
1771 4643 1810 4676 τί
1845 4642 1882 4698 h
1915 4644 1966 4697 1.

2046 4644 2091 4676 τ’
2119 4643 2481 4700 sanctissimi
2540 4643 2592 4698 4.

2672 4644 2715 4678 ⁷³
2773 4644 2812 4699 1'.
2873 4659 2920 4700 θ.
2981 4644 3202 4700 eﬂ'reni.
3280 4647 3324 4680 7‘
3373 4646 3426 4700 3.
3487 4645 3557 4702 3a
3613 4645 3707 4700 3b.
3769 4642 3872 4696 etc.

479 4711 1211 4796 sfquentz'q‘usqaecolluin
1245 4711 1468 4796 fregit;
1506 4717 1584 4796 ita
1639 4714 1909 4795 effer-unt:
1965 4714 2180 4770 Verum
2235 4715 2375 4786 quia
2436 4717 2762 4796 secundum
2804 4715 2973 4796 beati
3022 4717 3156 4796 _Job_
3186 4718 3536 4796 sententiam
3595 4714 3876 4796 terminus

480 4791 610 4863 έἨέεὲ

637 4786 920 4912 praeteriri
953 4793 1067 4840 non
1099 4787 1307 4859 potuit,
1332 4786 1500 4840 illum
1532 4786 1908 4841 Dominicum
1940 4801 2273 4842 sermonem
2323 4804 2437 4859 quo
2497 4787 2710 4842 dicitur
2761 4795 2814 4842 et
2867 4789 3083 4844 inimici
3135 4790 3398 4850 hominis,
3429 4790 3708 4845 domestici
3762 4787 3878 4863 ejus

673 4878 691 4912 λ.
723 4875 820 4912 vn.
850 4862 903 4912 6‘)
934 4856 1287 4912 adimplevit.
1320 4857 1465 4912 Nam
1496 4857 1639 4912 dum
1672 4857 1964 4912 quendam
2018 4855 2480 4912 Maqimfridum.
2539 4857 2696 4912 illius
2757 4857 3109 4912 Magimfridi
3161 4861 3552 4912 nrmnotentis.
3614 4864 3676 4912 ut
3732 4857 3871 4911 dixi-

487 4857 820 4940 (δὶιιὶθνιέγῃζ
850 4862 903 4940 6_)
934 4857 1287 4940 adimplevit:
1320 4857 1639 4940 Namdum
1672 4857 1967 4940 quendam
2018 4857 2480 4940 Magimfrid‘um,
2532 4857 2696 4940 illius
2757 4857 3137 4940 Magimfridi“
3161 4861 3579 4940 praepotentis,
3614 4864 3676 4916 ut
3732 4857 3871 4940 dixit

479 4927 636 4999 inus,
669 4927 1122 5001 Mediolanensis
1152 4929 1314 4985 urbis
1345 4928 1595 5001 comitis,
1624 4927 2008 5001 quempaulo
2040 4927 2310 5000 superius
2341 4927 2500 5001 regia
2519 4929 2788 5000 jussione
2811 4927 2912 5001 pro
2944 4927 3255 4987 rebellione
3279 4927 3614 4987 'hominem
3663 4927 3874 4985 exsisse

485 5002 912 5071 assueru-imus,
934 5000 1143 5073 ﬁlium,
1177 5000 1435 5073 paternis
1460 4999 1758 5073 beneﬁciis
1791 4999 2091 5073 donatum,
2116 4999 2308 5056 nimia
2339 4999 2750 5073 familiaritate,
2784 4999 2917 5055 cum
2951 5019 3052 5073 pro
3112 5003 3407 5059 fidelitatis
3449 5005 3727 5073 firmitate
3753 5003 3873 5053 tum

485 5079 737 5151 paternae
769 5069 929 5130 necis
961 5069 1266 5141 oblivione,
1301 5089 1400 5127 rex
1431 5071 1540 5126 sibi
1569 5088 1603 5124 a
1632 5069 1870 5150 secretis
1904 5069 1920 5142 [
1927 5072 2000 5150 ad
2031 5076 2319 5126 secretum
2349 5072 2420 5196 ἢ
2437 5072 2686 5140 fecisset,
2740 5069 2991 5143 eumqu'e
3051 5075 3373 5130 venationis
3422 5092 3622 5140 causa,
3683 5070 3735 5152 si
3781 5082 3870 5122 VC-

485 5149 640 5196 natio
673 5146 786 5196 dici
819 5149 1013 5196 notest
1043 5161 1160 5196 oua
1189 5161 1308 5196 rex.
1343 5160 1459 5196 non
1493 5159 1648 5196 aper.
1680 5145 1924 5196 canitur.
1959 5157 2158 5196 secum
2179 5144 2250 5196 ad
2275 5160 2387 5196 ora;
2417 5148 2578 5196 atum
2603 5143 2798 5196 locum
2822 5143 2901 5196 ire
2923 5144 3213 5196 iussisset.
3233 5147 3460 5196 accidit-
3485 5149 3770 5196 utceteris
3789 5153 3870 5194 ve-

480 5141 786 5226 natiodici
819 5149 1013 5217 potest
1043 5161 1160 5226 qua
1189 5161 1308 5226 rex,
1343 5160 1459 5197 non
1493 5159 1648 5212 aper,
1680 5141 1924 5212 capitur,
1959 5146 2158 5226 secum
2174 5144 2387 5226 adprae

2417 5146 2578 5198 'atum
2603 5143 2798 5198 locum
2822 5142 3213 5213 ire’jussisset,
3233 5147 3460 5214 accidit,
3485 5151 3550 5201 ut
3565 5142 3770 5214 ceteris
3789 5153 3874 5214 ve-

484 5209 1028 5296 patoribpsaprum
1154 5214 1352 5296 medio
1368 5209 1604 5296 nemore
1630 5209 2146 5296 persequentibus,
2171 5209 2384 5287 indago
2416 5215 2670 5296 [undago
2700 5214 2754 5296 β]
2787 5209 2954 5294 ferini
2975 5217 3306 5295 anfractus,
3332 5209 3484 5296 regis
3504 5209 3875 5296 ejusdem.tu

482 5283 1269 5367 Magimfridipustodiaper
1298 5285 1546 5367 divortia
1568 5283 1744 5367 tutari
1772 5283 2096 5367 debuisset...
2110 5283 2378 5367 quagvero
2397 5283 2662 5367 castodia
2683 5286 2824 5367 dum
2843 5285 3025 5341 nimia
3048 5305 3146 5367 rex
3167 5283 3563 5367 expectatione
3584 5287 3871 5367 fatigatus,

484 5353 810 5430 commissa
830 5353 1187 5430 Magimfridi
1216 5356 1517 5430 obtutibus
1533 5353 1752 5430 vigilia,
1778 5371 1903 5410 sese
1921 5355 2098 5430 quieti
2117 5355 2391 5430 dedisset,
2413 5356 2819 5430 Magimfridus
2838 5373 2951 5412 non
2970 5364 3221 5429 paternae
3239 5353 3398 5417 necis
3423 5361 3521 5416 sed
3545 5353 3872 5416 caeterarum

485 5445 618 5504 quas
645 5427 815 5510 rex_ei
827 5425 1103 5510 intulerat
1121 5430 1411 5510 inmemor
1427 5425 1782 5510 bonitatem,
1800 5425 2169 5510 neeﬁ‘usione
2186 5427 2491 5510 sanguinis
2508 5425 2920 5510 agnosceretpr
2935 5425 3149 5488 occisio
3164 5508 3169 5510 _
3182 5433 3356 5510 regis,
3378 5432 3535 5507 ligno
3555 5439 3730 5508 quam
3748 5431 3874 5484 mox

484 5497 601 5563 non
635 5498 862 5556 modico
891 5505 1144 5574 accepto,
1177 5498 1526 5557 dormientis
1550 5497 1711 5556 heroi
1743 5497 2022 5555 cervicem
2052 5500 2272 5558 nefario
2298 5497 2420 5558 ictu
2451 5497 2762 5576 confregit.
2831 5501 2876 5539 ⁷⁵
2907 5497 3311 5563 αθηνειῐιθῐαιη

557 5667 673 5751 ί72)
691 5670 862 5747 Borgo
885 5670 1323 5740 Sun-Omnino:
1353 5669 1566 5732 ﬂuvius
1589 5665 1763 5731 hodie
1786 5669 2024 5733 Stirone.

2157 5598 2387 5662 ΝΟΤίΕ.
