4050 6390
113 383 251 447 809

1084 383 1698 447 ANTAPODOSEOS
1742 382 1947 445 LIBRI
1993 383 2166 446 SEX.
2198 417 2278 430 —
2306 385 2513 446 LIBRI
2558 385 2606 446 Ι.

3431 388 3568 480 sic

117 535 266 575 sese
300 517 487 592 quieti
532 516 712 586 dedit,
761 517 974 592 vigiliae
1023 517 1352 574 custodiam
1398 518 1534 572 huic
1584 517 1784 583 inﬁdo,
1818 517 1872 583 Α
1903 517 2192 590 plevitque
2215 520 2255 552 77
2282 518 2427 574 illud
2451 519 2606 591 quod
2629 531 2727 574 rex
2748 521 2804 574 et
2825 516 3108 591 propheta
3127 518 3287 590 canit
3309 533 3324 576 :
3349 541 3378 574 «
3404 523 3548 588 Quo-

117 607 308 680 quasi
343 609 481 677 fido,
517 607 887 665 commitens.
920 606 1106 680 Igitur
1153 607 1497 662 absentibus
1543 606 1791 678 cunctis,

113 697 407 769 Hugonis
453 713 623 754 mens
671 697 952 765 custodis,
1012 697 1193 752 immo
1253 695 1566 768 proditoris
1621 699 1793 767 atque

115 785 454 854 carniﬁcis,
488 785 829 842 collatorum
862 784 1288 842 beneﬁciorum
1321 785 1634 840 immemor
1665 784 1792 856 plu-

117 875 320 943 rium,
348 873 532 948 patris
583 878 831 930 mortem
882 873 1078 930 animo
1109 873 1262 946 cepit
1309 872 1615 929 revolvere.
1666 874 1793 928 Non

117 963 536 1021 consideravit
566 963 888 1036 genitorem
922 979 1098 1019 suum
1117 963 1341 1034 justam
1367 962 1685 1018 incurrisse
1702 979 1798 1018 ne-

118 1071 307 1123 cem;
361 1054 817 1126 jusjurandum,
878 1053 999 1126 regi
1055 1053 1211 1125 quod
1277 1053 1510 1119 fecerat,
1578 1051 1794 1106 violare

122 1161 252 1200 nou
293 1142 508 1199 metuit
533 1160 547 1211 ;
569 1142 856 1199 vicarium
891 1160 950 1198 se
975 1142 1169 1208 Judze,
1193 1141 1413 1197 domini
1445 1139 1628 1196 nostri
1653 1140 1792 1195 Jesu

120 1233 354 1290 Christi
392 1233 732 1305 proditoris,
778 1231 1057 1305 appellari
1081 1247 1196 1285 non
1228 1229 1498 1296 erubuit;
1531 1232 1588 1284 et
1637 1228 1791 1299 quod

122 1327 218 1379 est
240 1321 505 1396 gravius,
522 1320 947 1393 sempiternum
965 1318 1281 1392 suplicium
1307 1317 1641 1374 subiturum
1665 1331 1792 1372 sese

121 1429 248 1468 non
276 1410 516 1478 timuit;
563 1427 768 1466 verum
816 1409 1123 1465 conamine
1175 1411 1296 1463 toto
1341 1407 1580 1472 virium,
1634 1405 1792 1479 ligno

123 1519 248 1558 non
277 1501 511 1556 modico
523 1498 836 1555 dormienti
854 1498 1070 1554 collum
1091 1496 1280 1569 fregit.
1305 1495 1564 1551 Gladio"6
1577 1495 1793 1567 quippe

122 1590 311 1646 ferire
336 1589 560 1659 timuit,
593 1604 666 1643 ne
709 1587 927 1660 peccati
963 1587 1144 1658 hujus
1189 1588 1482 1641 auctorem
1515 1601 1606 1640 res
1654 1600 1792 1639 eum

123 1679 460 1735 manifesta
485 1677 777 1750 probaret.
812 1677 892 1732 Eo
924 1691 1180 1746 namque
1210 1690 1376 1729 mens
1408 1689 1681 1746 perversa
1712 1673 1793 1728 ita

123 1768 272 1842 egit,
311 1772 380 1824 ut
435 1783 552 1822 non
582 1763 764 1838 gladii
817 1764 1078 1830 cicatrix,
1137 1763 1239 1819 sed
1280 1761 1424 1834 ligni
1482 1761 1792 1817 manifesta

1907 606 2064 662 niam
2097 607 2372 664 laudatur
2395 610 2664 680 peccator
2691 606 2752 662 in
2797 607 3102 663 desideriis
3150 608 3358 666 animae
3407 627 3548 682 suae,

1903 699 1960 752 et
1989 697 2192 768 iniqua
2221 713 2428 770 gerens
2472 696 2838 754 benedicitur
2884 697 3056 767 (Psal.
3087 714 3142 764 x,
3169 699 3247 770 3).
3281 719 3308 753 η
3346 701 3457 756 Sed
3488 704 3552 757 et

1905 783 2065 840 aliud
2124 785 2332 842 fecisse
2387 785 2628 842 minime
2679 785 2868 858 potuit
2906 789 3144 858 propter
3189 787 3308 843 haec
3357 787 3548 861 ipsius

1902 872 2179 929 Veritatis
2208 875 2385 930 verba
2431 874 2718 930 dicentis:
2755 896 2783 925 (ί
2813 872 3005 930 Nichil
3049 879 3340 948 opertum,
3390 871 3548 948 qubd

1903 979 2021 1018 non
2054 963 2359 1031 reveletur,
2390 967 2448 1018 et
2476 963 2788 1032 occultum,
2823 963 2977 1034 quod
3008 981 3125 1020 non
3153 965 3212 1020 in
3246 965 3549 1038 publicum

1901 1051 2096 1107 veniat
2127 1052 2344 1124 (Matth.
2378 1070 2433 1120 x,
2467 1051 2577 1124 26).
2615 1074 2642 1102 »

1973 1141 2061 1194 43.
2095 1141 2196 1195 His
2222 1142 2303 1196 ita
2333 1141 2532 1213 gestis,
2567 1159 2666 1196 rex
2711 1140 3097 1214 Berengarius
3126 1142 3394 1216 ampliori
3433 1145 3548 1216 pri-

1901 1229 2059 1286 stina
2087 1228 2368 1301 dignitate
2394 1230 2554 1302 regia
2591 1230 2949 1298 honoratur;
2994 1231 3338 1289 Adelbertus
3388 1249 3546 1290 mar-

1903 1318 2031 1374 chio
2062 1323 2118 1374 et
2147 1319 2320 1374 ceteri
2352 1320 2422 1374 ad
2457 1320 2691 1392 propria
2715 1321 3103 1376 destinantur.
3539 1326 3541 1328 ’

1974 1408 2060 1462 44.
2101 1407 2274 1464 Juvat
2316 1412 2531 1475 autem,
2582 1413 2746 1480 pater
2785 1410 3114 1478 karissime,
3163 1411 3310 1467 tanti
3361 1412 3544 1484 hujus

1902 1496 2127 1552 obitum
2160 1497 2313 1569 regis
2344 1501 2400 1552 et
2439 1497 2706 1552 deﬂendo
2737 1497 2986 1554 scribere
3017 1504 3074 1554 et
3105 1499 3412 1556 scribendo
3443 1502 3544 1557 dc-

1902 1586 2057 1641 ﬂere.
2092 1586 2283 1642 Inerat
2307 1601 2562 1658 namque
2606 1585 2691 1640 illi
2723 1587 2968 1643 honesta
2997 1604 3228 1644 morum
3261 1589 3540 1662 probitas,

1902 1679 2107 1730 sancta
2136 1678 2194 1731 et
2224 1675 2604 1732 formidolosa
2646 1677 2946 1743 severitas,
2979 1680 3035 1731 et
3065 1693 3240 1748 quem
3264 1678 3546 1748 juventus

1901 1763 2147 1818 ornabat
2176 1763 2236 1819 in
2283 1781 2524 1837 corpore
2555 1763 2885 1837 splendida,
2919 1766 3132 1822 mentis
3161 1766 3405 1822 canities
3441 1768 3547 1822 de-

124 1857 385 1927 collisio,
435 1856 593 1912 hunc
643 1852 1114 1952 repperientibu‘s
1162 1852 1338 1952 ﬁdem
1389 1851 1595 1952 darent
1642 1867 1790 1923 equo
1819 1885 1868 1952 B
1901 1855 2196 1908 coraverat
2257 1857 2479 1909 sancta.
2537 1853 2714 1909 Plane
2764 1853 2898 1925 plus
2953 1853 3080 1926 ipse
3138 1853 3221 1910 rei
3277 1853 3544 1928 publicae,

124 1945 441 2014 cecidisse,
475 1943 726 2018 collique
754 1943 1046 1998 fraccione
1076 1939 1376 1997 hominem
1399 1939 1658 1996 exivisse.
1685 1940 1788 1996 La-

123 2038 372 2110 tuitque
404 2049 508 2109 per
540 2049 725 2091 annos
755 2049 849 2088 res
894 2047 1072 2103 quam
1122 2029 1428 2102 plurimos.
1482 2029 1593 2085 Sed
1643 2029 1786 2084 dum

123 2142 415 2201 processu
446 2121 728 2196 temporis
760 2119 1144 2192 Berengarius
1175 2134 1296 2189 rex,
1339 2117 1500 2173 nullo
1533 2117 1644 2173 sibi
1691 2134 1784 2173 re-

122 2217 402 2284 sistente,
457 2227 706 2286 regnum
762 2208 1008 2266 viriliter
1067 2208 1376 2274 obtineret,
1409 2207 1534 2279 ipse
1591 2209 1786 2264 reatus

122 2305 378 2380 proprii,
411 2302 563 2361 sicut
593 2301 782 2358 fuerat
826 2303 1046 2366 auctor,
1096 2297 1286 2354 extitit
1334 2295 1617 2368 proditor,
1673 2295 1784 2350 im~

1899 1956 2075 2011 quam
2104 1957 2196 1997 res
2246 1941 2482 2014 publica
2530 1942 2757 1998 decoris
2806 1942 2858 1998 ei
2905 1942 3249 2000 contulerat.
3286 1946 3444 2011 Quod
3497 1943 3548 2000 si

1898 2046 2013 2086 non
2046 2029 2159 2086 cita
2215 2046 2374 2087 mors
2431 2030 2587 2086 hunc
2645 2034 2891 2104 raperet,
2937 2031 2989 2088 is
3047 2036 3201 2088 esset
3257 2033 3358 2105 qui
3415 2037 3548 2106 post

1898 2118 2293 2175 Romanorum
2325 2119 2643 2192 potentiam
2671 2122 2861 2177 totum
2905 2119 3015 2178 sibi
3050 2121 3249 2178 orbem
3299 2121 3546 2178 viriliter

1897 2207 2260 2280 subjugaret.

1467 2461 1724 2503 EXPLICIT
1761 2458 1927 2504 LIBER
1964 2460 2208 2503 PRIMUS.

1161 2651 1526 2710 INCIPIUNT
1566 2650 1920 2710 CAPITULA
1961 2649 2156 2710 LIBRI
2191 2648 2517 2707 SECUNDI.

129 2817 185 2875 Ι.
209 2816 297 2874 De
327 2830 395 2870 eo
425 2811 582 2885 quod
612 2811 746 2882 post
766 2811 1015 2865 mortem
1044 2804 1269 2862 Arnulﬁ
1291 2803 1600 2862 Hlodoicus
1626 2803 1784 2861 ﬁlius

203 2906 335 2977 ejus
364 2918 466 2959 rex
494 2899 890 2957 constituitur.

126 2997 186 3050 2.
221 2989 509 3064 Hungarii
542 2987 745 3045 audita
775 3000 914 3042 nece
943 2983 1170 3040 Arnulﬂ
1193 2982 1536 3055 Bagaoriam
1555 2985 1779 3053 petunt.

128 3085 182 3139 3.
235 3079 598 3138 Hulodoicus
648 3075 868 3132 bellum
911 3071 1228 3147 Hungariis
1275 3074 1443 3144 parat
1477 3071 1646 3142 juxta
1678 3070 1781 3126 Le-

201 3185 514 3227 mannum.

131 3263 183 3316 4.
219 3257 504 3332 Hungarii
539 3253 746 3330 positis
775 3251 1006 3310 insidiis
1054 3248 1360 3307 Hulodoici
1391 3247 1610 3306 milites
1651 3247 1783 3305 vin-

204 3352 366 3406 cunt.

133 3441 190 3496 5.
223 3437 477 3510 Fugiens
518 3431 912 3490 Hulodoicus:
943 3428 1219 3503 Hungarii
1274 3429 1629 3484 Francorum
1678 3427 1780 3482 Sa-

205 3543 425 3584 xonum
457 3528 514 3581 et
544 3525 868 3580 Suevorum
898 3525 1115 3577 terram
1145 3518 1572 3590 depraedantur.

137 3637 190 3690 6.
220 3635 300 3690 De
330 3631 646 3690 rebellione
675 3628 970 3684 Adelberti
1001 3625 1253 3694 comitis,
1290 3629 1347 3680 et
1396 3623 1650 3696 qualiter
1683 3622 1784 3676 de-

208 3723 459 3796 cipiente
490 3721 740 3776 Hattone
772 3716 1207 3789 archiepiscopo
1240 3714 1314 3770 sit
1337 3712 1674 3769 decollatus.

137 3833 191 3886 7.
223 3829 629 3902 Exploratores
662 3823 910 3897 regressi
941 3823 1098 3896 quod
1132 3821 1444 3877 consilium
1496 3817 1781 3874 dederint.

143 3921 193 3976 8.
227 3919 415 3984 Quare
447 3913 733 3988 Hungarii
782 3911 967 3969 territi
1019 3912 1091 3968 ab
1131 3910 1308 3967 Italico
1353 3910 1623 3982 ingressu
1668 3907 1788 3962 sint

214 4023 425 4064 reVGPSl
434 4048 446 4061 .

143 4099 197 4154 9.
230 4095 486 4164 Qualiter
514 4091 795 4165 Hungarii
827 4093 1094 4164 reparato
1126 4088 1377 4146 exercitu
1425 4085 1687 4142 venerint
1735 4087 1792 4139 et

216 4185 398 4245 Italici
429 4185 516 4242 eis
547 4182 924 4241 occurrerint.

150 4296 235 4352 10.
269 4293 381 4351 Cur
414 4308 514 4349 rex
543 4290 929 4362 Berengarius
966 4287 1038 4342 ad
1090 4283 1311 4342 bellum
1359 4300 1475 4339 non
1525 4281 1676 4348 ierit,
1701 4278 1790 4335 vel

221 4401 322 4442 cur
350 4380 610 4455 Hungari
641 4377 819 4436 Italos
848 4375 1126 4449 fugerint.

155 4493 240 4550 11.
282 4491 592 4564 Fugientes
643 4484 856 4560 pagani
914 4480 1254 4540 christianis
1314 4494 1514 4552 pacem
1565 4479 1791 4548 petunt,

224 4596 396 4654 quam
428 4596 544 4636 non
577 4574 914 4648 adquirunt.

162 4653 331 4728 127De
359 4665 627 4743 proludio
658 4679 887 4737 pugnae,
939 4661 998 4717 in
1035 4675 1150 4732 quo
1180 4658 1485 4714 vincerunt
1514 4653 1796 4726 Hungarii

228 4763 536 4834 postquam
567 4756 863 4828 fugerunt.

162 4869 249 4924 13.
280 4871 354 4922 De
384 4881 452 4922 eo
484 4863 639 4935 quod
672 4862 908 4934 propter
936 4856 1286 4927 defatigatos
1317 4854 1359 4888 ⁷⁸
1407 4868 1590 4924 equos
1625 4865 1802 4922 super

233 4955 472 5012 fluvium
504 4952 777 5008 Brentam
807 4946 1022 5021 pagani
1050 4943 1401 5000 christianos
1423 4938 1808 5012 prestolaren-

232 5049 345 5112 tur,
377 5043 581 5114 eisque
627 5053 830 5112 pacem
890 5035 1219 5108 quaererent
1247 5032 1312 5099 79,
1347 5046 1526 5102 quam
1569 5045 1684 5084 non
1716 5028 1811 5084 de-

234 5135 460 5190 derunt.

172 5226 256 5282 14.
286 5222 448 5290 Quod
480 5217 795 5277 consilium
826 5212 1111 5288 Hungarii
1144 5212 1216 5268 ob
1239 5206 1705 5282 desperationem
1725 5205 1813 5261 in-

231 5311 514 5379 venerint,
547 5313 606 5368 et
635 5305 779 5381 quid
809 5304 1080 5363 dixerint.

1891 2803 1978 2860 15.
2013 2804 2311 2870 Quomodo
2343 2801 2626 2874 Hungarii
2655 2801 2861 2874 positis
2891 2801 3124 2860 insidiis
3155 2817 3333 2876 super
3383 2804 3538 2862 chri-

1965 2892 2187 2948 stianos
2217 2891 2452 2947 irruunt
2480 2891 2524 2926 ⁸⁰
2555 2893 2611 2946 et
2630 2890 2892 2948 vincunt.

1893 2981 1980 3036 16.
2006 2981 2169 3047 Quod
2198 2979 2504 3035 victoriam
2536 2996 2652 3036 non
2684 2996 2788 3052 pro
2819 2996 3020 3037 eorum
3051 2981 3412 3052 fortitudine,
3436 2982 3539 3040 sed

1963 3085 2068 3141 pro
2099 3067 2556 3124 christianorum
2588 3071 2823 3140 peccato
2854 3067 3188 3128 habuerint.

1893 3157 1980 3214 17.
2013 3157 2177 3224 Quod
2206 3172 2272 3213 eo
2316 3161 2576 3229 tempore
2631 3156 2987 3213 Hulodoicus
3020 3174 3119 3214 rex
3174 3159 3532 3216 Francorum

1961 3245 2230 3313 moritur,
2258 3249 2317 3301 ct
2340 3245 2690 3302 Chunradus
2721 3262 2823 3317 pro
2854 3261 2920 3300 eo
2950 3245 3274 3302 ordinatur.

1808 3347 1852 3416 α
1891 3335 1984 3393 18.
2013 3333 2160 3401 Quid
2192 3335 2301 3390 sub
2333 3350 2399 3389 eo
2430 3333 2720 3406 principes
2741 3337 2927 3402 erant,
2949 3333 3101 3392 inter
3122 3351 3272 3408 quos
3291 3339 3347 3392 et
3367 3335 3536 3393 Hein-

1961 3425 2117 3480 ricus
2147 3425 2442 3481 Saxonum
2473 3424 2590 3478 dux
2605 3427 2747 3479 erat.

1895 3515 1980 3570 19.
2013 3515 2093 3570 De
2122 3528 2188 3568 eo
2221 3513 2373 3584 quod
2405 3511 2710 3568 Heinricus
2743 3516 2799 3568 et
2819 3513 3008 3570 caateri
3027 3513 3321 3586 principes
3342 3513 3536 3571 Chun-

1965 3603 2105 3660 rado
2134 3601 2542 3658 rebellaverint
2571 3602 2713 3673 regi,
2748 3607 2804 3658 et
2834 3603 2905 3658 ab
2931 3620 2996 3658 eo
3038 3603 3174 3658 victi
3208 3604 3444 3674 fuerint,
3482 3607 3541 3660 et

1965 3692 2102 3764 quia
2129 3689 2421 3746 Arnaldus
2453 3690 2512 3746 in
2547 3689 2903 3763 llungariam
2937 3691 3150 3763 fugerit
3177 3693 3240 3746 εί.

1893 3784 1982 3837 20.
2017 3780 2436 3836 Chouonradus
2482 3796 2580 3835 rex
2624 3780 2882 3836 moriens
2913 3780 3206 3852 principes
3241 3797 3444 3836 omnes
3473 3781 3546 3836 de

1967 3887 2124 3942 pace,
2159 3874 2216 3924 et
2247 3874 2310 3923 ut
2341 3869 2676 3924 Heinricum
2711 3885 2906 3941 regem
2939 3869 3318 3937 constituant,
3343 3869 3543 3926 exhor-

1967 3963 2141 4025 tatur,
2175 3957 2266 4011 cui
2297 3962 2353 4012 et
2374 3957 2591 4028 regalia
2614 3961 2956 4012 ornamenta
2985 3957 3353 4012 transmittit.

1895 4048 1986 4103 21.
2023 4046 2369 4102 Chuonrado
2404 4061 2537 4115 rege
2568 4049 2819 4111 mortuo,
2843 4044 3129 4100 Arnaldus
3154 4045 3224 4098 ab
3247 4044 3544 4115 Hungaria

1971 4135 2123 4191 redit
2151 4138 2325 4205 atque
2354 4132 2620 4188 Heinrico
2653 4132 2774 4204 regi
2805 4131 3024 4188 bellum
3055 4136 3241 4203 parat.

1896 4228 1986 4280 22.
2022 4222 2327 4278 Heinricus
2347 4219 2586 4276 Arnaldi
2609 4219 2873 4276 animum
2895 4219 3359 4291 prudentissima
3380 4219 3543 4275 locu-

1971 4313 2126 4368 tione
2156 4310 2405 4382 mitigat.

1898 4404 1987 4459 23.
2020 4399 2311 4457 Arnaldus
2343 4415 2585 4454 suorum
2618 4398 3017 4455 exhortatione
3067 4395 3322 4454 militum
3373 4396 3548 4454 Hein-

1973 4491 2077 4545 rici
2110 4489 2177 4544 ﬁt
2205 4486 2373 4543 miles
2399 4487 2571 4559 regis.

1901 4582 1989 4636 24.
2025 4577 2238 4635 Audita
2269 4576 2552 4650 Hungarii
2595 4580 2780 4632 morte
2830 4575 3187 4643 Chuonradi,
3234 4574 3550 4633 Saxoniam

1977 4666 2405 4740 ingrediuntur.

1908 4758 1997 4813 25.
2032 4757 2150 4811 Rex
2205 4752 2530 4820 Heinricus,
2567 4768 2928 4825 quamquam
2982 4751 3273 4823 inﬁrmus,
3316 4753 3400 4811 eis
3461 4768 3556 4810 oc-

1984 4844 2186 4901 currit.

1913 4936 2004 4991 26.
2039 4931 2299 4997 Qualiter
2329 4931 2402 4987 ad
2453 4947 2712 5003 pugnam
2761 4948 2900 4989 suos
2957 4931 3294 4990 exhortatus
3324 4931 3400 4989 sit
3447 4927 3559 4985 mi-

1987 5023 2139 5079 lites.

1914 5113 2006 5169 27.
2040 5112 2121 5166 De
2152 5111 2304 5166 bono
2335 5113 2464 5166 voto
2495 5107 2750 5166 Heinrici
2778 5110 2951 5182 regis.

1921 5202 2010 5258 38.
2045 5201 2125 5257 De
2165 5199 2372 5256 nuntio
2422 5199 2523 5271 qui
2569 5198 2899 5270 Hungarios
2945 5197 3006 5253 in
3052 5195 3392 5268 Meresburg
3436 5211 3565 5254 esse

1991 5289 2320 5347 nuntiabat.

1506 5437 1747 5497 νΑΒΙίΕ
1785 5433 2202 5495 LEGTIONES.

234 5582 275 5620 ⁷⁸
307 5578 510 5640 Gladio
539 5605 609 5622 -ο
638 5574 700 5634 in
741 5570 1049 5648 publicum
1095 5567 1292 5627 veniat
1335 5565 1529 5626 desunt
1576 5564 1639 5625 in
1685 5561 1956 5625 codicibus
1985 5561 2040 5622 3.
2116 5561 2158 5600 ⁷⁷
2233 5557 2527 5636 impletque
2557 5559 2609 5620 1.
2685 5557 2727 5596 ⁷⁸
2802 5554 3145 5633 defetigatos
3180 5557 3230 5615 1.
3303 5551 3352 5595 ἰθ
3421 5567 3573 5632 quo.

169 5684 349 5746 rerent
383 5682 433 5740 1.
512 5676 560 5714 ⁸ο
653 5675 848 5737 irruat
882 5674 934 5730 1.
1006 5668 1053 5706 ⁸³
1127 5665 1383 5744 fugerint
1414 5673 1462 5729 1.

476 5805 744 5888 Parnm,
787 5796 1106 5871 CXXXVI.

3174 5781 3256 5866 ΒΩ
