4050 6390
177 600 418 669 gustas,
452 614 571 670 qua
599 597 913 663 Poenorum
942 601 1052 659 iter
1079 608 1224 673 erat,
1256 605 1400 663 vias.
1432 606 1700 681 Cumque
1728 610 1839 671 θίξιν

177 685 487 744 cumcirca
515 687 715 761 sepius
743 693 800 747 et
828 690 1041 751 iterum
1073 693 1232 757 Pmni
1256 694 1677 769 depopu-lantes
1708 700 1837 757 red-

175 772 361 843 irent,
392 774 665 849 clangore
695 794 829 837 cum
887 779 1145 839 maximo
1197 799 1267 845 ex
1311 783 1633 856 improvisa
1664 791 1839 860 atque

175 861 485 935 insperato
514 863 579 921 hi
607 882 677 923 ex
705 865 938 925 insidiis
985 870 1354 942 prosilientes
1387 874 1470 941 ‘5’,
1509 891 1608 931 eos
1640 874 1840 935 leviter

172 951 585 1013 trucidabant.
617 953 849 1012 Clamor
875 974 945 1013 ex
972 959 1367 1033 ore,ietusque
1389 961 1566 1020 simul
1593 981 1627 1019 a
1656 980 1836 1027 manu

175 1046 616 1114 processerant.
648 1042 845 1117 Neque
869 1046 1027 1103 enim
1077 1047 1258 1118 Poeni,
1290 1051 1392 1121 qui
1423 1052 1637 1123 quidve
1662 1058 1838 1123 esset,

176 1129 350 1202 prius
380 1130 532 1189 scire
562 1136 1038 1206 poterant,quam
1071 1135 1319 1193 istorum
1369 1138 1598 1211 spicula
1627 1140 1838 1199 horum

178 1219 539 1291 corporibus
576 1220 930 1279 inhererent.
966 1225 1085 1281 Hac
1127 1226 1380 1299 denique
1429 1228 1585 1284 fama
1614 1229 1839 1303 hocque

178 1307 463 1366 exercitio
495 1310 766 1366 nonnulli
797 1311 1195 1370 Romanorum
1245 1317 1416 1372 acciti
1460 1319 1522 1389 [ἑ.
1549 1334 1599 1374 e.
1631 1336 1839 1392 provo-

181 1397 348 1469 cati],
381 1396 656 1470 plurimis
686 1399 891 1456 Poenos
920 1400 981 1456 in
1013 1401 1163 1473 locis
1201 1409 1660 1477 prostraverant;
1686 1408 1843 1465 calli-

180 1486 382 1559 doque
411 1486 520 1545 hoc
548 1487 805 1547 Africani
838 1489 1084 1548 consilio
1105 1493 1324 1562 adtriti,
1359 1495 1623 1553 civitates
1661 1498 1842 1569 pumi-

168 1579 283 1637 ωε
311 1580 486 1651 rupto
516 1576 730 1635 {cedere
753 1578 1438 1655 deserebant,solumque
1466 1584 1841 1645 Garelianum

180 1668 450 1726 mentem
479 1663 595 1725 sibi
624 1682 727 1738 pro
758 1668 1084 1727 munitione
1113 1670 1465 1745 delegerant.

189 1804 197 1810 .
249 1753 347 1810 5i.
378 1754 605 1815 Joanne
634 1754 851 1828 itaque,
884 1762 953 1812 ut
977 1758 1198 1831 praefati
1220 1778 1607 1836 sumus,papa
1627 1766 1842 1822 consti-

178 1845 332 1912 tuto,
367 1842 691 1900 Landolfus
720 1845 987 1919 quidam,
1009 1847 1099 1903 vir
1127 1852 1406 1907 strenuus
1434 1852 1840 1926 bellorumque

172 1931 459 2001 exercitia
490 1933 719 2004 doctus,
760 1935 1301 1999 Beneventanorum
1339 1945 1397 1997 et
1425 1944 1834 2015 Capuanorum

178 2022 455 2088 omnium
486 2022 759 2099 princeps
788 2023 1262 2087 clarebat.Pmnis
1299 2028 1484 2102 igitur
1512 2035 1731 2090 statum
1752 2032 1837 2095 rei

181 2108 439 2180 publicae
460 2125 576 2169 non
592 2109 1836 2187 mediocriterlabefactantibus,Landoltum

180 2196 343 2267 hunc
366 2197 695 2272 principem
712 2200 1185 2276 egregium,quid
1204 2222 1455 2279 superre
1470 2207 1840 2281 hujuscemo-

185 2284 443 2357 diquam
454 2286 710 2345 Africani
725 2294 907 2362 agunt
922 2291 1221 2351 John-nues
1233 2295 1485 2353 consulit
1496 2299 1838 2371 papa.Quod

187 2374 466 2447 princeps
511 2380 578 2432 ut
624 2377 867 2446 audivit,
910 2397 1122 2452 papam
1171 2398 1275 2455 per
1320 2383 1711 2449 internuntios
1758 2389 1840 2450 ita

189 2462 465 2520 convenit
496 2481 509 2521 :
545 2485 574 2515 «
606 2465 718 2527 Res
748 2465 891 2535 haec,
937 2469 1220 2541 spiritalis
1257 2477 1443 2545 pater,
1474 2477 1704 2549 magnis
1752 2482 1842 2535 est

186 2551 599 2625 investiganda
627 2554 907 2612 consiliis.
941 2557 1155 2616 Mittite
1176 2560 1428 2634 denique
1449 2565 1521 2621 ad
1550 2567 1839 2639 Argorum

186 2640 627 2713 imperatorem,
658 2644 829 2716 cujus
858 2649 916 2702 et
956 2647 1071 2720 ipsi
1118 2665 1247 2708 eam
1291 2668 1419 2724 qua
1448 2653 1535 2710 cis
1560 2671 1721 2712 mare
1751 2662 1842 2714 est

188 2732 431 2797 terram,
464 2729 617 2787 sicut
639 2736 697 2788 et
727 2738 1012 2805 nostram,
1046 2738 1399 2812 depopulare
1428 2759 1545 2800 non
1585 2750 1837 2802 cessant.

188 2817 534 2877 Camerinos
565 2818 742 2875 etiam
769 2825 944 2895 atque
962 2825 1292 2901 Spoletinos
1307 2833 1575 2887 nostrum
1597 2833 1668 2889 ad
1686 2834 1843 2889 auxi-

187 2904 335 2971 lium
353 2905 596 2963 invitato
617 2926 629 2976 ;
658 2907 923 2968 iniamus
939 2917 1051 2970 Deo
1072 2919 1395 2989 protectore
1416 2936 1551 2975 cum
1578 2920 1672 2977 bis
1693 2924 1840 2979 acri-

188 2998 276 3050 ter
305 2994 552 3053 bellum.
586 2996 646 3054 Si
675 2998 987 3070 vincimus,
1021 3019 1138 3061 non
1189 3004 1555 3065 multitudini
1593 3012 1695 3067 sed
1726 3012 1841 3069 Deo

188 3083 437 3141 victoria
462 3084 814 3158 imputetur;
850 3090 900 3145 si
930 3107 1064 3148 vero
1093 3093 1343 3151 vicerint
1374 3097 1553 3168 Poeni,
1588 3102 1842 3172 peccatis

190 3173 409 3229 nostris
441 3178 501 3237 et
527 3192 643 3235 non
675 3175 945 3236 inberciae
975 3180 1305 3252 deputetur.
1339 3207 1369 3236 »

184 378 315 443 ΕΒΗ
1143 378 1766 453 ΑΝΤΑΡθθοδΕοε
1802 382 2019 455 LIBRI
2062 385 2236 453 SEX.
2265 421 2343 445 -ν-
2370 390 2519 456 LIB.
2559 390 2641 457 Ῑῐ.

179 503 447 575 traditis,
480 506 667 611 Penee
696 514 901 573 contra
924 514 1507 611 properatdatuitque
1536 535 1703 581 secus
1732 534 1837 611 an~
1864 520 1922 594 Α
1950 522 2117 583 cibus
2152 527 2460 597 annuisse,
2512 528 2794 602 quatinus
2842 529 3019 595 Poeni,
3047 533 3336 608 fugerent,
3382 538 3442 593 et
3482 535 3599 611 ipsi

3479 396 3601 463 836

1943 612 2248 671 victoriam
2278 616 2628 675 obtinerent.

2013 720 2102 776 55.
2132 721 2248 777 Hoc
2273 723 2334 778 in
2364 726 2625 797 tempore
2655 726 2991 786 Adelbertis
3014 729 3340 787 Tuscorum
3390 736 3598 806 potens

1948 809 2206 865 marchio
2237 812 2501 882 moritur,
2535 814 2810 888 ﬁliusque
2841 818 2969 888 ejus
2986 818 3160 876 Wldo
3187 838 3220 877 a
3253 824 3597 896 Berengario

1947 912 2081 968 rege
2111 899 2371 956 marchio
2402 903 2584 973 patris
2614 902 2738 959 loco
2769 906 3168 964 constituitur.
3203 910 3371 966 Berta
3401 916 3597 969 autem

1949 1001 2094 1041 uxor
2122 988 2250 1058 ejus
2282 1004 2417 1045 cum
2448 990 2697 1048 Widone
2717 993 2837 1049 ﬁlio
2859 1000 2991 1067 post
3008 996 3201 1053 mariti
3231 999 3456 1056 obitum
3480 1016 3597 1058 non

1948 1074 2193 1132 minoris
2224 1077 2378 1133 facta
2407 1083 2496 1135 est
2525 1096 2703 1153 quam
2734 1082 2822 1137 vir
2840 1100 2985 1140 suus
3006 1089 3597 1158 potenttzeﬂumeum

1948 1163 2265 1221 calliditate
2296 1167 2380 1235 ηδ,
2416 1170 2783 1237 muneribus,
2835 1176 2961 1229 tum
3008 1174 3279 1247 hymenei
3325 1178 3597 1237 exercitio

1948 1252 2480 1320 dulcis,nonnullos
2503 1257 2614 1313 sibi
2642 1259 2843 1317 ﬁdeles
2862 1263 3315 1321 effeceratUnde
3329 1268 3596 1342 contigit,

1949 1344 2014 1396 ut
2042 1343 2183 1398 dum
2215 1343 2391 1417 paqu
2442 1350 2574 1418 post
2599 1365 2633 1402 a
2663 1351 3009 1423 Berengario
3060 1353 3245 1410 simul
3288 1370 3423 1412 cum
3473 1357 3595 1421 ﬁlio

1949 1434 2255 1502 caperetur
2276 1436 2336 1489 et
2365 1434 2604 1491 castella
2633 1438 2829 1494 omnia
2844 1440 2963 1513 regi
2978 1442 3324 1517 Berengario
3355 1445 3599 1507 minime

1948 1519 2294 1591 reddidisse,
2329 1522 2431 1577 sed
2464 1523 2712 1581 ﬁrmiter
2747 1526 3029 1598 tenuisse,
3064 1546 3312 1603 eamque
3340 1536 3601 1609 postumo-

1948 1607 2091 1663 dum
2118 1609 2188 1665 de
2213 1610 2479 1667 custodia
2508 1613 2685 1669 simul
2716 1628 2851 1669 cum
2884 1614 2999 1672 ﬁlio
3031 1616 3327 1676 liberasse.

2019 1713 2108 1768 56.
2134 1712 2288 1782 Haec,
2323 1718 2387 1771 ut
2413 1732 2616 1777 rumor
2636 1722 2743 1786 est,
2774 1723 2892 1776 tres
2924 1737 2992 1776 ex
3019 1722 3141 1781 viro
3165 1740 3272 1779 suo
3298 1730 3601 1799 genuerat,

1948 1800 2255 1860 Widonem
2300 1820 2473 1877 quem
2530 1807 2930 1879 przediximus,
2980 1814 3153 1884 atque
3203 1813 3601 1889 Lambertumll

1868 1892 1916 1960 Β
1948 1891 2049 1963 qui
2078 1908 2236 1948 nunc
2261 1910 2450 1966 usque
2481 1894 2703 1954 lumine
2733 1899 2994 1971 privatus
3026 1904 3315 1976 superest,
3359 1904 3600 1969 Ermen-

1946 1981 2190 2053 gardam
2220 1982 2398 2039 etiam
2428 1988 2655 2056 gratam
2688 2004 2857 2049 suam
2890 1988 3009 2050 sibi
3035 1991 3602 2059 afroditidulcedine

1946 2069 2496 2144 coequalem,quam
2519 2068 2826 2136 Adelberto
2848 2076 3140 2152 Eporegize
3161 2076 3413 2139 civitatis
3443 2099 3600 2148 mar-

1945 2156 2160 2227 chioni,
2196 2159 2355 2221 Gisla
2398 2161 2730 2235 Berengarii
2762 2165 2916 2239 regis
2941 2166 3082 2234 ﬁlia,
3124 2168 3463 2243 Berengarii
3493 2170 3602 2234 sci.

1946 2243 2083 2302 licet
2113 2248 2267 2323 regis
2297 2249 2479 2321 hujus
2509 2256 2716 2319 matre,
2749 2254 3277 2331 mortua,hymeuei
3295 2258 3601 2323 consortio

1948 2335 2269 2408 copularat.
2302 2340 2437 2405 Quae
2467 2340 2519 2395 ei
2551 2338 2740 2397 ﬁlium
2779 2346 3064 2416 genuerat
3104 2345 3341 2405 nomine
3388 2348 3603 2405 Ansca-

1946 2422 1997 2478 ri
2007 2424 2233 2498 um,qui
2267 2430 2497 2498 quanta:
2511 2428 2742 2485 virtutis
2764 2434 3111 2505 quantaeque
3126 2431 3375 2489 audatize
3396 2433 3597 2506 fuerit,

1945 2510 2096 2569 liber
2124 2515 2490 2588 subsequens
2522 2513 2860 2574 declarabit.

2019 2620 2108 2675 57.
2142 2619 2243 2676 His
2273 2621 2638 2694 temporibus
2668 2623 2857 2681 isdem
2886 2626 3254 2700 Adelbertus,
3286 2646 3473 2705 gener
3504 2649 3603 2689 re-

1950 2708 2103 2788 gius,
2136 2710 2454 2783 Eporegiae,
2486 2710 2739 2771 civitatis
2771 2715 3049 2786 marchio,
3090 2722 3268 2791 atque
3297 2720 3602 2781 Odelricus

1950 2797 2151 2870 palatii
2183 2816 2399 2869 comes,
2433 2801 2535 2873 qui
2564 2817 2634 2858 ex
2663 2802 2989 2863 Suevorum
3028 2808 3323 2882 sanguine
3359 2810 3604 2869 duxerat

1951 2887 2263 2960 originem,
2295 2906 2521 2947 necnon
2552 2894 2609 2951 et
2638 2891 2999 2952 Gislebertus
3029 2896 3605 2970 praedivescomes'at

1952 2978 2613 3051 strenuus,Lampertus
2634 2982 2812 3037 etiam
2843 2982 3291 3042 Mediolanensis
3323 2987 3604 3061 archiepi-

1953 3081 2186 3137 scopus,
2220 3066 2602 3147 nonnullique
2622 3068 2719 3129 alii
2733 3071 3035 3147 principes
3048 3072 3602 3150 Italiae,Bercngario

1952 3152 2197 3212 rebelles
2227 3154 2555 3217 extiterant.
2586 3158 2779 3217 Causa
2804 3163 3002 3219 autem
3033 3161 3371 3220 rebellionis
3384 3163 3600 3225 herum

259 3261 350 3317 52.
387 3261 489 3318 His
515 3262 731 3320 auditis
753 3282 905 3338 papa
925 3241 1166 3327 nuntios
1186 3269 1497 3329 confestim
1513 3276 1841 3333 Constanti-

1957 3241 2075 3298 haec
2104 3241 2232 3298 fuit.
2265 3243 2417 3338 Dum
2448 3245 2792 3338 Lampertus
2840 3246 3113 3338 defuncto
3161 3251 3602 3315 decessoresue

192 3350 453 3423 nepolim
475 3350 695 3424 dirigit,
710 3344 1054 3427 suppliciter
1069 3356 1447 3431 imperatoris
1463 3364 1844 3423 amminicula

192 3439 307 3499 sibi
337 3439 465 3496 dari
497 3441 840 3512 deposcens.
873 3444 1196 3517 Imperator
1214 3463 1368 3518 vero,
1392 3454 1461 3509 ut
1486 3450 1575 3507 vir
1604 3455 1846 3511 sanctis-

194 3527 381 3585 simus
410 3529 476 3565 ¹⁵³
505 3529 723 3602 Deique
746 3530 984 3601 timens,
1015 3534 1215 3607 cepias
1236 3538 1460 3611 absque
1491 3557 1655 3599 mora
1694 3543 1844 3600 clas-

194 3617 357 3675 sibus
415 3618 683 3676 advectas
732 3619 961 3685 direxit,
1011 3624 1277 3697 Cumque
1328 3643 1431 3700 per
1471 3628 1844 3688 Garelianum

194 3708 411 3766 ﬂumen
440 3709 918 3779 conscenderent,
950 3710 1138 3771 adfuit
1166 3718 1226 3771 et
1255 3732 1407 3788 papa
1434 3717 1689 3776 Joannes
1721 3720 1839 3793 (an.

193 3796 345 3868 946),
381 3813 521 3857 cum
553 3797 833 3859 Landolt‘o
865 3800 1084 3872 pariter
1110 3802 1652 3867 Beneventanorum
1680 3811 1843 3882 prin-

193 3884 318 3958 cipe
346 3885 776 3957 potentissimo,
811 3888 1136 3951 Camerinis
1168 3892 1349 3951 etiam
1381 3899 1557 3968 atque
1600 3898 1844 3970 Spoleti-

195 3974 561 4033 nis.Horrida
581 3976 725 4032 satis
755 3976 1006 4051 denique
1026 3979 1180 4040 inter
1207 3997 1306 4039 eos
1335 4000 1535 4057 pugna
1564 3987 1840 4047 exoritur.

180 4061 410 4123 .Verum
441 4063 586 4119 dum
617 4063 1073 4129 Christianorum.
1100 4071 1512 4142 partemPoeni
1530 4076 1843 4147 praevalere

200 4150 691 4224 conspicerent,in
722 4153 1015 4221 Gareliani
1037 4158 1253 4219 montis
1274 4162 1678 4221 summitatem
1704 4182 1841 4222 con-
1921 4206 1927 4213 -

195 4240 452 4314 fugiunt,
486 4247 893 4318 angustasque.
925 4250 1159 4310 tantum
1194 4249 1318 4309 vias
1362 4251 1671 4313 defendere
1716 4270 1840 4312 mo-

196 4327 442 4387 liuntur.

263 4418 352 4475 53.
384 4418 468 4489 Ex
496 4422 661 4493 parte.
686 4438 820 4481 vero
850 4422 969 4494 illa,
1001 4441 1121 4499 qua
1165 4425 1460 4485 difﬁcilior
1497 4430 1563 4465 ¹δ⁴
1592 4436 1718 4490 erat
1747 4450 1842 4495 as~

197 4522 406 4565 census
436 4508 714 4583 Pcenique
745 4512 817 4569 ad
873 4513 1219 4588 fugiendum
1251 4517 1463 4589 aptior,
1496 4518 1662 4576 Greci
1718 4537 1843 4578 cas-

172 4600 352 4657 .trum
383 4595 478 4659 die
507 4597 635 4672 ipsa
665 4600 1072 4672 constituunt;
1105 4604 1166 4665 in
1199 4622 1312 4678 quo
1344 4606 1688 4676 residentes,
1721 4610 1842 4669 Poe~

198 4701 323 4753 nos,
353 4702 433 4743 ne
453 4686 743 4762 fugerent,
783 4689 1193 4763 observabant,
1244 4694 1609 4769 cottidieque
1652 4715 1843 4772 oppuv-

198 4778 442 4851 gnantes
469 4794 586 4841 non
616 4778 987 4843 mediocriter
1015 4782 1411 4842 trucidabant.

263 4866 352 4931 5t.
384 4866 583 4927 Grecis
610 4865 793 4942 igitur
821 4869 1164 4946 Latinisque
1192 4873 1429 4933 cottidie
1456 4876 1841 4939 conﬂictanti-n

199 4952 330 5027 bus,
376 4954 494 5013 Deo
538 4956 878 5027 miserante,
908 4960 1221 5021 Pmnorum
1279 4980 1383 5020 nec
1415 4981 1571 5025 unus
1602 4967 1844 5041 quidem

197 5044 611 5120 superfuit,qui
641 5052 890 5111 nonaut
918 5050 1112 5123 gladio
1132 5052 1649 5124 trueidaretur,aut
1675 5059 1845 5119 vivus

201 5134 472 5196 continuo
502 5143 827 5210 caperetur.
859 5137 987 5197 Visi‘
1036 5146 1177 5201 sunt
1222 5145 1418 5199 autem
1470 5160 1506 5199 ο,
1552 5144 1846 5219 religiosis

201 5222 465 5282 ﬁdelibus
492 5225 554 5283 in
596 5227 801 5285 eodem
848 5226 1001 5285 bello
1054 5229 1414 5288 sanctissimi
1448 5233 1513 5268 ³⁸⁵
1543 5232 1747 5295 Petrus
1786 5240 1847 5293 et

199 5311 410 5397 Paulus
439 5315 708 5390 apostoli,
742 5333 996 5392 quorum
1023 5318 1372 5379 christianos
1395 5320 1691 5387 credimus
1718 5342 1844 5397 pre-

1953 3329 2401 3395 Mediolanensis
2451 3333 2926 3415 archiepiscopus
2972 3335 3230 3399 ordinari
3278 3340 3600 3413 debuisset,

1954 3437 2069 3475 non
2102 3436 2338 3493 parvam
2368 3428 2441 3479 ab
2452 3439 2519 3479 eo
2533 3440 2630 3482 rex
2641 3423 3030 3501 Berengarius
3044 3432 3246 3487 conus
3261 3434 3601 3493 sancer

1953 3506 2226 3565 instituta
2240 3514 2474 3585 patrum
2486 3512 2799 3584 pecuniam
2821 3515 3404 3593 exigebatg'ussitqne
3424 3520 3603 3579 scribi

1953 3596 2012 3652 in
2042 3597 2259 3656 tabulis
2288 3603 2420 3673 post
2450 3601 2648 3659 datam
2679 3602 2793 3659 sibi
2823 3604 3154 3679 pecuniam,
3181 3612 3470 3680 quantum
3499 3626 3601 3666 ως

1950 3686 2242 3755 bicularii,
2271 3695 2559 3763 quantum
2607 3691 2899 3761 bestiarii,
2951 3700 3239 3771 quantum
3277 3698 3603 3771 pavonarii,

1953 3776 2067 3849 ipsi
2113 3777 2290 3833 etiam
2336 3778 2600 3841 altilium
2649 3783 2943 3852 custodes,
2990 3785 3261 3859 accipere
3297 3787 3598 3849 deberent.

1954 3865 2299 3939 Lampertus
2325 3867 2503 3942 igitur
2525 3869 3043 3944 archipraesulatus
3066 3891 3263 3930 amore
3284 3874 3602 3937 vehemen-

1951 3957 2042 4009 ter
2071 3955 2389 4026 animatus,
2444 3975 2809 4033 quaecunque
2837 3977 2936 4019 rex
2980 3968 3345 4037 poposcerat,
3379 3970 3601 4039 quanto

1953 4059 2088 4099 cum
2122 4043 2318 4100 dolore
2360 4045 2663 4114 tribueret,
2714 4063 2783 4105 ex
2832 4048 2942 4105 hoc
2985 4049 3312 4125 intelligere
3356 4054 3601 4126 pateris,

1952 4133 2107 4203 quod
2141 4133 2512 4206 subsequens
2540 4134 2709 4193 lectio
2741 4135 3079 4195 declarabit.

2020 4238 2112 4294 58.
2145 4237 2478 4297 Odelricum
2516 4240 2717 4313 palatii
2760 4242 3057 4315 comitem,
3105 4250 3285 4318 quem
3330 4247 3597 4320 βαβαὶιί-

1953 4344 2108 4394 mus,
2137 4327 2409 4387 vinctum
2442 4330 2827 4404 Berengarius
2878 4336 3021 4393 tunc
3050 4336 3303 4393 tenebat.
3333 4337 3600 4411 Cumque

1953 4417 2330 4489 Lampertum
2350 4419 2823 4493 archipraesulem
2835 4423 3234 4493 constitueret,
3265 4425 3603 4485 Odetricuur

1951 4505 2215 4574 ei,donec
2245 4505 2389 4579 quid
2418 4508 2489 4565 de
2518 4524 2584 4566 eo
2612 4509 2964 4569 deliberaret
2992 4517 3209 4585 ageret,
3232 4515 3601 4573 commendas

1949 4594 2050 4653 vit.
2086 4595 2139 4651 Is
2170 4599 2369 4653 autem
2396 4597 2653 4670 pecuniae
2686 4598 2905 4667 muitai,
2921 4614 3097 4674 quam
3128 4619 3237 4676 pro
3258 4604 3600 4679 episcepatn

1949 4688 2238 4757 erogaret,
2270 4702 2387 4742 non
2440 4686 2757 4760 inmemor,
2787 4688 2898 4747 hoc
2928 4707 3065 4749 cum
3117 4697 3291 4767 capto
3327 4695 3489 4770 cepit
3524 4696 3604 4754 de

1951 4774 2079 4846 eius
2104 4773 2453 4833 inﬁdelitate
2473 4776 2789 4837 discutere.

2019 4881 2112 4937 59.
2143 4880 2352 4938 Paucis
2378 4883 2632 4956 denique
2661 4883 3026 4960 interpositis
3069 4889 3314 4960 solibus,
3350 4902 3457 4947 rex
3494 4890 3601 4949 B’eu

1951 4970 2511 5043 rengariumnuntiis
2536 4973 2796 5043 directis,
2830 4976 3161 5035 Odelrieum
3193 4981 3271 5035 ad
3311 4996 3374 5036 se
3402 4980 3599 5036 vcnire

1950 5058 2404 5132 praecepiLQn‘os
2424 5061 2823 5135 byronicabac
2849 5068 3228 5139 responsione
3260 5067 3603 5125 convenisse

1951 5164 2070 5207 non
2097 5148 2345 5205 dubium
2370 5154 2461 5206 est
2492 5167 2505 5206 :
2543 5152 2919 5210 «Sacerdotis
2939 5156 3129 5212 ofﬁcio
3150 5155 3387 5228 penitus
3404 5166 3603 5215 carere

1951 5237 2154 5306 debeo,
2186 5239 2647 5313 sijugulandum
2674 5244 3011 5315 quempiam
3032 5245 3091 5300 in
3119 5262 3331 5303 manus
3348 5245 3600 5320 alicujus

1950 5327 2269 5389 tradidero.
2303 5352 2340 5381 ››
2364 5328 2773 5393 Intellexerant
2820 5331 3025 5405 itaque
3060 5334 3255 5395 nuntii
3297 5334 3456 5394 hunc
3484 5352 3600 5412 pu-

1549 5502 1793 5566 VARIE
1811 5505 2249 5572 ,ΜΘΝ

265 5662 330 5699 ιιι
403 5663 867 5741 prosilientisl-
925 5667 991 5705 ιω
1014 5667 1484 5739 ωαιὶεῑωνιρ
1562 5675 1628 5718 ιω
1656 5652 1835 5742 ωδε

1978 5654 2031 5739 l.
2109 5680 2176 5717 1⁸⁸
2206 5676 2531 5739 sanctisimi
2563 5679 2615 5739 Ι.
2695 5680 2762 5721 ίδθ
2791 5680 3063 5746 callida“
3090 5674 3157 5747 ε(
3214 5702 3215 5705 ‘
