4050 6392
451 370 596 438 831.

1409 373 1893 440 LIUTPRANDI
1937 374 2485 441 CREMONENSIS
2527 377 2905 444 EPISCOPI.

3705 421 3710 424 -
3739 375 3861 438 832

451 507 603 585 plice
630 504 962 577 rebellasse,
986 519 1162 583 quem
1192 525 1225 566 a
1253 524 1387 584 rege
1416 508 1530 568 sibi
1559 509 1843 567 traditum
1874 509 2096 583 absque
2123 511 2180 579 Α
2209 511 2344 570 fidei
2373 516 2486 570 tuas
2517 518 2573 571 te
2603 513 2796 588 ipsum
2818 510 3199 583 committo,si
3216 511 3367 572 male
3390 516 3592 572 contra
3613 530 3708 573 me
3729 530 3864 590 ege-

453 601 579 671 ejus
609 597 846 655 licentia
899 603 1179 654 noverant
1231 599 1528 655 dimisisse
1577 601 1663 654 “5".
1691 599 1798 664 Qui
1847 599 2096 672 regressi

451 687 716 761 protinus
747 687 818 744 ad
850 703 1067 761 regem,
1098 689 1513 744 Terentianum
1563 688 1708 744 illud
1747 689 1859 761 (90)
1891 706 1994 761 pro
2016 705 2100 744 re-

451 775 763 849 sponsione
793 777 1077 832 dederunt
1110 795 1122 833 :
1156 779 1293 834 Huic
1321 779 1677 846 commendes,
1711 787 1762 834 et
1791 779 1921 850 quid
1961 783 2100 834 recte

447 870 703 922 curatum
733 866 886 922 velis.

517 954 607 1009 60.
641 953 763 1017 Quo
820 957 1079 1026 tempore
1138 954 1425 1010 Rodulfus
1479 971 1580 1010 rex
1637 955 2098 1027 superbissimus

449 1041 966 1114 Burgundionibus
997 1042 1343 1115 imperabat.
1377 1045 1479 1099 Cui
1502 1045 1558 1098 in
1590 1049 1971 1117 augmentum
1996 1061 2095 1116 po-

446 1129 643 1185 tentia
673 1130 783 1185 hoc
815 1131 1150 1200 accessit,ut
1174 1132 1566 1202 potentissimi
1589 1137 1909 1188 Suevorum
1932 1133 2097 1188 ducis

331 1229 336 1236 ‘
447 1218 771 1274 Bruchardi
802 1218 1006 1287 filiam,
1039 1220 1277 1276 nomine
1307 1220 1682 1289 Bertam,sibi
1710 1221 1980 1293 conjugio
2001 1237 2098 1276 co-

445 1306 693 1379 pularet.
726 1307 911 1380 Igitur
941 1307 1262 1377 Italienses,
1288 1309 1512 1365 nuntiis
1542 1309 1971 1376 directis,hunc
2000 1327 2094 1366 ve-

446 1395 592 1464 nire,
626 1397 1041 1469 Berengarium
1069 1413 1204 1452 vero
1235 1397 1518 1469 expellere
1551 1403 1778 1470 petunt.

513 1485 604 1540 61.
629 1484 784 1540 Inter
813 1486 1105 1557 agendum
1138 1490 1335 1541 autem
1357 1486 1600 1558 contigit
1625 1490 1743 1556 (an.
1775 1489 1901 1557 921)
1933 1487 2095 1542 Hun-

445 1572 640 1645 garios
667 1572 956 1628 Veronam
978 1573 1494 1645 hisignorantibus
1510 1575 2094 1648 advenisse;quorum

444 1661 560 1715 duo
591 1676 756 1732 reges
786 1662 1006 1716 Dursac
1037 1666 1094 1717 et
1122 1663 1309 1734 Bugat
1357 1663 1703 1718 amicissimi
1750 1665 2094 1737 Berengario

446 1749 700 1805 fuerant.
723 1749 1072 1806 Adelbertus
1102 1750 1354 1822 denique
1380 1752 1641 1808 marchio
1673 1757 1848 1825 atque
1879 1754 2095 1810 Odelri-

2208 603 2309 672 ris,
2345 605 2628 661 rationem
2664 606 3031 662 redditurum
3063 609 3200 661 Deo.
3237 626 3265 656 »

2276 695 2366 748 64.
2403 694 2567 749 Hunc
2597 695 2850 766 denique
2888 697 2959 750 ad
3003 695 3239 767 propria
3283 697 3647 764 redeuntem,
3702 697 3863 770 regis

2208 799 2384 854 gener
2412 783 2756 840 Adelbertus
2789 784 3079 856 ceterique
3103 785 3201 857 qui
3223 801 3358 840 cum
3379 802 3444 841 eo
3469 785 3646 841 simul
3679 785 3867 842 rebel-

2207 871 2292 926 les
2339 874 2666 944 extiterant,
2719 875 2939 945 accepti
2985 873 3390 930 immemorem
3443 875 3725 943 beneﬁtii,
3787 875 3863 931 ob

2207 961 2543 1027 Rodulfum,
2573 967 2637 1016 ut
2658 963 2946 1040 adveniat,
2980 962 3260 1035 dirigunt.
3278 963 3572 1020 Profectus
3602 964 3864 1037 denique

2207 1050 2410 1104 eodem
2442 1050 2964 1117 Gislebertus,ante
2978 1053 3044 1107 30
3074 1052 3198 1106 dies
3229 1069 3363 1107 eum
3387 1053 3612 1108 Italiam
3643 1055 3865 1110 adven-

2207 1141 2328 1194 tare
2355 1140 2558 1211 coegit.
2594 1141 2699 1204 Qui
2733 1144 3041 1213 susceptus
3072 1142 3134 1176 ¹⁶¹
3186 1143 3258 1197 ab
3307 1142 3599 1212 omnibus,
3633 1142 3715 1198 nil
3747 1144 3861 1199 Be-

2208 1227 2472 1300 rengario
2503 1245 2571 1284 ex
2601 1231 2760 1284 omni
2793 1247 2970 1302 regno
3000 1227 3209 1301 praeter
3254 1231 3546 1286 Veronam
3585 1231 3816 1288 dimisit
3844 1251 3858 1301 ;

2206 1316 2512 1388 tenuitque
2535 1321 2720 1372 totum
2744 1334 2848 1389 per
2864 1319 3184 1374 triennium
3207 1319 3450 1375 viriliter
3465 1337 3711 1393 regnum
3735 1322 3859 1393 (an.

2205 1406 2310 1459 922
2337 1410 2466 1461 Jan.
2501 1439 2569 1445 —
2597 1408 2704 1461 926
2729 1407 2892 1480 λίψ).

2275 1496 2363 1549 65.
2398 1500 2540 1549 Cum
2577 1497 2641 1550 12
2672 1496 2909 1551 sibimet
2937 1495 3095 1552 horis
3143 1496 3319 1552 homo
3371 1497 3614 1569 placeat,
3648 1497 3861 1571 displi-

2205 1587 2350 1649 ceat,
2383 1584 2491 1639 hoc
2522 1585 2694 1639 modo
2725 1585 2931 1658 diligat
2962 1586 3046 1653 ¹⁶²,
3081 1584 3225 1640 illud
3259 1603 3393 1641 mox
3422 1593 3772 1659 aspernetur
3794 1589 3863 1624 ¹⁶³

2205 1673 2303 1743 qui
2339 1673 2459 1727 ﬁeri
2488 1677 2696 1745 potest,
2735 1678 2800 1728 ut
2847 1673 3122 1730 omnibus
3169 1692 3400 1747 semper
3447 1677 3866 1748 aequanimiter

2203 1760 2466 1833 placeat?
2497 1762 2682 1834 Igitur
2713 1762 2866 1818 infra
2895 1763 3213 1819 triennium
3252 1764 3409 1820 istud
3441 1782 3539 1820 rex
3567 1766 3862 1823 Rodulfus

445 1853 551 1893 cus
595 1853 791 1893 comes
821 1837 1044 1910 palatii.
1067 1837 1424 1896 Gislebertus
1446 1840 1621 1896 etiam
1645 1843 2092 1914 comes,plures-
2126 1880 2174 1945 B
2205 1850 2560 1921 quibusdam
2593 1851 2801 1922 bonus,
2837 1851 2968 1908 aliis
2999 1853 3189 1925 gravis
3216 1858 3306 1909 est
3328 1854 3512 1911 visus.
3545 1855 3708 1911 Unde
3737 1857 3862 1912 fac-

457 1925 902 1945 ____A,,,,_____.
1219 1927 1429 1945 ,πη
2028 1934 2089 1945 ..Α
2213 1943 2219 1945 _
2436 1943 2442 1945 λ
2959 1942 2968 1945 _
3138 1942 3171 1945 ,_
3569 1943 3580 1945 _

450 1942 564 2017 que
589 1925 856 2017 alii,d1_1_m
888 1927 947 1981 in
970 1928 1266 2017 montanis
1280 1927 1558 1984 Brixianze
1591 1931 1841 1988 civitatis
1874 1950 1998 2004 qua:
2024 1934 2095 1988 50
2126 1925 2174 1945 υ
2206 1943 2331 1993 tum
2363 1943 2473 2007 est,
2505 1944 2570 1995 ut
2597 1941 2779 1997 totius
2809 1942 2972 2014 regni
3022 1942 3215 1998 media
3244 1959 3378 2014 pars
3409 1943 3610 2017 populi
3642 1945 3862 2002 Rodul-

445 2013 721 2072 miliariis
757 2014 984 2073 Verona
1013 2016 1195 2072 distat
1226 2017 1312 2089 ‘53,
1338 2019 1738 2075 conventicula
1785 2021 1856 2076 ob
1889 2021 2096 2077 Beren-

443 2103 591 2176 garii
642 2103 1025 2176 dejectionem
1087 2104 1388 2174 haberent,
1434 2109 1658 2180 rogavit
1707 2109 2095 2182 Berengarius

443 2191 752 2264 Hugarios,
787 2197 853 2249 ut
880 2192 930 2248 si
961 2209 1022 2250 se
1073 2199 1360 2262 amarent,
1413 2213 1591 2268 super
1639 2198 1910 2254 inimicos
1956 2217 2097 2255 suos

441 2279 753 2338 irruerent.
813 2281 883 2337 Hi
911 2299 1072 2351 vero,
1104 2287 1169 2340 ut
1199 2288 1366 2340 erant
1397 2285 1556 2340 necis
1613 2286 1788 2352 avidi,
1839 2287 2095 2343 bellandi

444 2368 660 2442 cupidi,
707 2387 742 2426 a
791 2370 1138 2445 Berengario
1189 2390 1323 2428 mox
1361 2374 1626 2444 praeduce
1676 2379 1932 2447 accepto,
1993 2394 2098 2448 per

444 2457 675 2532 ignotas
698 2459 824 2516 vias
857 2476 891 2515 a
914 2464 1078 2533 tergo
1099 2460 1207 2518 hos
1229 2478 1417 2533 usque
1430 2463 1782 2531 adveniunt;
1816 2467 2095 2536 tantaque

442 2546 575 2603 illos
618 2550 760 2603 tunc
803 2547 1096 2604 celeritate
1142 2549 1505 2618 confodiunt,
1555 2555 1621 2606 ut
1663 2569 1768 2607 nec
1813 2552 2093 2609 induendi

446 2633 684 2706 quidem
714 2635 1053 2691 sumendive
1085 2653 1249 2691 arma
1277 2637 1535 2708 spatium
1584 2639 1798 2696 habere
1838 2642 2088 2713 quirent.

444 2722 640 2794 Captis
669 2721 850 2794 igitur
877 2724 1146 2795 cesisque
1176 2725 1405 2792 multis,
1439 2726 1740 2784 Odelricus
1771 2729 1969 2802 palatii
1999 2748 2092 2786 co-

453 2825 602 2876 mes,
636 2809 737 2881 qui
767 2827 831 2866 se
861 2828 976 2867 non
1007 2813 1074 2848 ¹⁵⁰
1102 2811 1344 2869 viriliter
1387 2815 1741 2885 defenderat,
1787 2818 2090 2889 occiditur,

448 2896 796 2955 Adelbertus
846 2903 1041 2956 autem
1093 2901 1354 2958 marchio
1386 2907 1442 2959 et
1471 2904 1830 2964 Gislebertus
1863 2908 1972 2963 vivi
2005 2927 2094 2966 ca-

451 2986 714 3059 piuntur'

466 3079 468 3081 ’
515 3077 610 3132 62.
635 3075 852 3132 Verum
880 3078 1243 3151 Adelbertus,
1277 3084 1342 3136 ut
1372 3085 1494 3138 erat
1519 3082 1607 3138 vir
1633 3100 1749 3140 non
1778 3084 2091 3143 bellicosus

444 3165 546 3220 sed
579 3165 916 3239 sagacitatis
935 3167 1000 3203 ¹⁶⁰
1019 3167 1315 3242 nimieque
1333 3170 1838 3242 calliditatis,dum
1861 3175 2090 3232 inruere

442 3253 770 3328 Hungarios
797 3256 1058 3330 undique
1090 3263 1370 3326 cerneret,
1405 3266 1672 3334 essetque
1704 3261 1789 3317 illi
1828 3264 2087 3337 fugiendi
2118 3251 2160 3318 C

441 3357 576 3414 spes
605 3343 798 3401 omnis
829 3345 1306 3414 ablata,balteum
1339 3349 1717 3423 armillasque
1749 3369 1954 3409 aureas
1971 3371 2091 3410 om-

441 3445 696 3502 nemque
722 3434 1067 3505 przsciosum
1101 3435 1442 3508 abparatum
1467 3440 1728 3510 projecit,
1758 3441 2088 3515 vilibusqu'e

441 3535 505 3574 se
536 3519 739 3576 militis
773 3521 864 3577 sui
885 3521 1088 3578 induit
1110 3525 1495 3593 vestimentis,
1548 3545 1621 3583 ne
1673 3529 1744 3585 ab
1777 3530 2088 3603 Hungariis

443 3610 546 3688 qui
567 3614 723 3666 esset
743 3610 1383 3685 dinosceretur.Gaptus
1402 3614 1599 3688 itaque
1619 3619 2086 3694 sciscitatusque,

442 3701 577 3774 quis
605 3698 992 3767 esset,militis
1023 3701 1334 3771 cujusdam
1358 3703 1601 3760 militem
1621 3722 1682 3761 se
1705 3723 1832 3763 esse
1853 3725 2090 3782 respon-

448 3787 920 3862 dit.Rogavitque
949 3805 1012 3843 se
1048 3789 1119 3843 ad
1161 3789 1420 3846 vicinum
1455 3794 1780 3868 castellum,
1810 3799 2089 3856 vocabulo

440 3875 784 3944 Calcinaria,
819 3877 974 3946 duci,
1008 3876 1066 3932 in
1091 3893 1206 3949 quo
1238 3884 1528 3952 parentes,
1553 3884 1652 3954 qui
1684 3901 1818 3940 eum
1849 3887 2091 3945 rcdime—

441 3971 591 4034 rent,
625 3983 686 4023 se
718 3965 933 4023 habere
977 3967 1294 4024 asserebat.
1327 3969 1552 4028 Dnctus
1583 3973 1784 4045 igitur,
1804 3976 1942 4048 quia
1972 3995 2088 4034 non

440 4056 698 4130 agnitus,
729 4054 1015 4112 vilissimo
1046 4056 1247 4130 praetio
1277 4065 1666 4132 comparatur.
1701 4064 1855 4119 Emit
1893 4069 2089 4123 autem

437 4144 605 4202 illum
632 4161 778 4201 suus
809 4144 997 4218 ipsius
1029 4147 1223 4216 miles,
1256 4148 1492 4205 nomine
1525 4151 1658 4206 Leo.

507 4234 598 4290 63.
629 4232 990 4291 Gislebertus
1020 4235 1292 4308 denique,
1342 4238 1482 4310 quia
1524 4240 1783 4313 agnitus,
1839 4244 2091 4318 ﬂagella-

435 4326 554 4392 tus,
580 4321 830 4390 vinctus,
867 4323 1234 4394 seminudus,
1263 4330 1397 4383 ante
1428 4328 1581 4401 regis
1605 4331 1928 4405 Berengarii
1952 4353 2089 4407 prae-

437 4412 689 4468 sentiam
719 4411 1288 4470 ducitur.Enimvero
1301 4416 1445 4472 dum
1460 4421 1593 4474 ante
1608 4437 1742 4475 eum
1767 4421 1892 4478 sine
1915 4424 2089 4480 femo-

437 4499 856 4566 ralibus,curta
885 4499 1132 4559 indutus
1162 4504 1535 4573 endromade,
1569 4508 1802 4577 ductus,
1831 4513 1984 4584 regis
2016 4514 2088 4569 ad

2204 2029 2348 2096 fum,
2385 2029 2577 2084 media
2609 2031 3022 2103 Bcrengarium
3070 2031 3261 2088 vellet.
3294 2033 3511 2088 Parant
3548 2034 3749 2106 itaque
3783 2036 3864 2091 ci-

2202 2116 2314 2172 vile
2348 2135 2459 2173 non
2483 2118 2777 2174 modicum
2810 2119 3030 2175 bellum
3064 2139 3077 2189 ;
3112 2125 3169 2176 et
3199 2122 3476 2193 quoniam
3496 2122 3694 2191 Wido,
3730 2124 3860 2180 Pla-

2204 2206 2445 2261 centinae
2477 2207 2728 2262 civitatis
2753 2208 3082 2281 episcopus,
3116 2211 3449 2283 Berengarii
3479 2211 3752 2284 partibus
3780 2214 3865 2270 fa-

2202 2295 2391 2360 vebat,
2426 2297 2494 2349 12
2524 2294 2694 2368 longe
2723 2296 3020 2354 Placentia
3047 2298 3315 2355 miliariis
3339 2301 3510 2372 juxta
3539 2300 3864 2360 Florentio-

2203 2383 2321 2439 lam
2353 2383 2571 2440 bellum
2603 2385 2968 2442 constituunt
2999 2389 3084 2442 “5‘.

2415 2474 2566 2528 Tum
2598 2491 2775 2546 quam
2809 2476 2953 2531 satis
2984 2476 3222 2533 horrida
3244 2495 3442 2552 pugna

2415 2562 2612 2618 Oritur
2637 2563 2821 2620 civilis
2851 2568 2907 2620 et
2931 2569 3078 2634 atra,
3411 2591 3418 2594 -

2414 2651 2557 2720 Heu,
2591 2656 2869 2724 quattuor
2899 2659 3035 2710 ante
3064 2655 3356 2713 Kalendas

2414 2741 2627 2805 Quater
2658 2743 2722 2778 ¹⁶⁵
2751 2743 3012 2812 Sextilis;
3049 2747 3108 2799 at
3137 2745 3262 2817 ipse

2414 2829 2628 2886 Radios
2657 2848 2951 2904 emergere
2981 2833 3254 2904 Phaabus,

2412 2919 2634 2974 Bucina
2667 2921 2821 2976 Mars
2852 2937 2986 2997 cum
3010 2922 3216 2994 strepit
3245 2923 3381 2979 alta.

2414 3009 2599 3064 Gnato
2629 3008 2801 3065 Pater
2831 3009 2955 3082 ipse
2987 3012 3344 3083 perhennem

2413 3099 2546 3153 Fert
2570 3098 2898 3166 interitum,
2929 3100 3281 3174 genitusque

2412 3185 2694 3241 Perhimit
2723 3191 2971 3259 patrem,
3006 3189 3169 3245 dolor
3197 3191 3269 3247 he
3301 3193 3367 3228 ¹⁶⁶
3398 3193 3569 3266 quis?

2412 3273 2640 3330 Lmtum
2671 3281 2837 3348 parat
2865 3293 2995 3333 ecce
3026 3280 3220 3351 nepoti

2409 3363 2658 3433 Abavus,
2694 3368 3045 3426 sternendus
3071 3369 3140 3424 ab
3174 3369 3333 3442 ipso;

2409 3452 2599 3509 Furiis
2631 3453 2898 3525 pulsatus
2930 3457 3000 3512 ab
3034 3458 3176 3514 atris

2411 3542 2669 3598 Fratrem
2700 3544 2845 3599 fodit
2873 3545 3106 3602 eminus
3136 3547 3298 3604 alter.

2410 3633 2794 3705 Berengarius
2825 3633 2944 3690 ruit
2973 3635 3098 3708 ipse

2411 3721 2633 3777 Medios
2666 3738 2765 3778 rex
2795 3739 2898 3795 per
2920 3724 3075 3781 citus
3106 3726 3326 3799 hostes,

2413 3813 2739 3880 Properans
2775 3813 2837 3846 ¹⁶⁷
2869 3829 2974 3868 ceu
3002 3813 3200 3887 fulgur
3230 3817 3302 3872 ab
3334 3816 3471 3887 alto,

2412 3899 2614 3953 Cancri
2637 3917 2820 3972 grave
2852 3901 3016 3959 sidus
3044 3904 3254 3962 aristas

2412 3986 2591 4042 Deicit
2621 4005 2755 4043 cum
2788 3989 2933 4046 falce
2966 3992 3031 4027 ¹⁶⁸
3063 3994 3338 4050 novellas.

2408 4075 2590 4132 Aliter
2621 4095 2737 4133 non
2770 4079 2928 4135 ferus
2951 4085 3007 4136 et
3029 4086 3191 4139 atrox

2413 4165 2692 4222 Miserum
2720 4183 2819 4224 rex
2847 4168 2972 4241 ipse
3001 4171 3286 4229 Rodulfus

2412 4254 2597 4310 Deicit
2627 4272 2905 4314 mucrone
2927 4260 3246 4332 popellum.

2267 4342 2356 4397 66.
2390 4343 2635 4399 Dederat
2683 4362 2780 4400 rex
2829 4346 3114 4405 Rodulfus
3156 4351 3536 4410 Waldradam
3586 4373 3849 4415 sororem

2198 4448 2387 4504 suam,
2426 4436 2544 4488 tam
2577 4433 2765 4490 forma
2796 4453 2970 4508 quam
3003 4439 3289 4511 sapientia
3319 4460 3445 4515 qua:
3470 4462 3627 4501 nunc
3657 4464 3850 4521 usque

2199 4525 2465 4592 superest
2495 4521 2739 4579 honesta
2770 4529 3053 4595 matrona,
3083 4530 3390 4602 conjugem
3423 4533 3718 4593 Bonefatio
3751 4555 3847 4595 co-

437 4589 617 4687 pedes
647 4607 867 4700 pronps
899 4591 1125 4692 concita
1153 4594 1402 4649 caderet.
1436 4594 1495 4649 in
1528 4598 1886 4700 genitalium:
1901 4607 2091 4658 osten-
2118 4623 2164 4689 D
2198 4589 2324 4664 miti
2355 4611 2892 4686 potentissimo,qui
2925 4589 3123 4672 nostro
3153 4589 3292 4690 βδεῖ
3308 4625 3568 4696 tempore
3747 4589 3850 4685 fla-

438 4675 603 4733 sione
633 4677 1033 4734 membrorum
1081 4679 1198 4736 riso
1243 4698 1446 4738 omnes
1493 4685 1812 4743 emoririer.
1847 4689 1965 4746 Rex
1990 4709 2087 4747 au-

435 4767 578 4832 tem,
611 4764 845 4836 pietatis
877 4770 942 4821 ut
999 4772 1122 4824 erat
1150 4775 1395 4840 amator,
1433 4773 1834 4833 misericordia
1865 4796 1993 4851 quas
2034 4783 2086 4838 ei

435 4852 603 4911 nulla
630 4852 1366 4928 debebaturinclinatus,ei
1389 4877 1526 4931 non,
1560 4867 1625 4918 ut
1653 4866 1906 4938 populus
1928 4874 2087 4942 opta-

433 4942 533 5013 vil,
567 4942 792 5000 malum
841 4961 945 5016 pro
996 4944 1150 5002 malo
1199 4948 1491 5019 reddidit;
1525 4968 1728 5009 verum
1777 4957 2082 5016 confestim

433 5032 620 5121 lotum
653 5032 1011 5106 obtimisque
1031 5035 1290 5092 vestibus
1315 5037 1750 5113 indutum,eum
1773 5045 1933 5103 abire
1959 5066 2084 5121 pro-

435 5120 729 5180 misit.Cui
750 5126 808 5182 et
829 5123 990 5180 ait:«
1015 5123 1446 5196 Jusjurandum
1487 5133 1602 5186 ate
1632 5132 1862 5191 nullum
1895 5120 2081 5212 exigo,

2197 4699 2557 4755 merinorum
2589 4704 2646 4756 et
2676 4702 3110 4773 Spoletinorum
3157 4708 3347 4766 extitit
3395 4714 3677 4771 marchio.
3715 4718 3844 4791 Hic,

2197 4787 2441 4844 collecta
2471 4789 2868 4862 multitudine,
2904 4810 3037 4850 cum
3071 4796 3349 4856 Gariardo
3383 4803 3600 4874 pariter
3634 4787 3849 4866 comite

2197 4876 2446 4934 Rodulfo
2479 4879 2538 4934 in
2571 4879 2858 4936 auxilium
2890 4889 3144 4955 venerat,
3179 4892 3448 4961 atque,ut
3468 4898 3592 4950 erat
3619 4896 3848 4956 Virtam

2197 4965 2444 5022 callidus
2468 4984 2644 5040 quam
2667 4971 3092 5042 audax,maluit
3114 4977 3308 5048 potius
3331 4996 3465 5038 cum
3481 4983 3605 5041 suis
3627 4984 3688 5041 in
3708 4985 3852 5044 insi-

2195 5053 2306 5147 diis
2335 5055 2564 5128 positus
2594 5057 2675 5113 rei
2721 5060 2937 5117 exitum
2977 5069 3298 5137 expectare,
3357 5087 3534 5143 quam
3581 5075 3846 5147 primum

2192 5141 2332 5198 belli
2390 5143 2675 5218 impetum
2735 5149 3044 5208 sustinere.
3089 5141 3626 5228 Jamjam‘Rodul-ﬁ
3675 5181 3848 5238 pane

1790 5242 2031 5300 VARI/E
2090 5248 2396 5307 LEGTION
2401 5253 2504 5308 ES.

507 5323 574 5359 ³⁸7
605 5322 846 5408 dimissa
876 5327 930 5383 4.
982 5329 1074 5408 71-53
1105 5327 1307 5408 dictat.
1385 5331 1450 5365 ³⁵³
1479 5349 1532 5388 ν.
1593 5351 1650 5390 n.
1683 5337 1735 5392 5.
1766 5340 1821 5394 5.
1856 5359 1908 5396 a.
1987 5345 2052 5379 ¹⁶⁰
2083 5364 2091 5400 ι

2210 5349 2412 5405 ltitatis
2442 5350 2496 5405 4.
2575 5351 2636 5386 ίδί
2668 5369 2736 5408 su

2743 5359 3017 5446 psceptus
3042 5358 3134 5446 in."
3174 5362 3240 5446 ¹¹⁶²
3267 5364 3305 5421 i.
3335 5382 3414 5423 m.
3448 5385 3500 5424 a.
3519 5386 3578 5446 q.
3610 5372 3650 5446 f.
3683 5390 3739 5446 p.
3777 5380 3847 5434 ut

437 5409 493 5449 ο.
526 5411 575 5463 s,
607 5410 670 5452 ae.
705 5412 762 5467 p.
795 5396 988 5455 desunt
1012 5404 1066 5456 2.
1146 5401 1211 5435 ¹⁶³
1242 5408 1650 5474 asperneretur
1678 5409 1732 5466 οΙ.
1811 5413 1876 5448 ¹⁶⁴
1965 5396 2091 5473 arari

438 5463 506 5500 ¹⁶⁷
535 5464 818 5538 Properas
847 5485 990 5527 corr.
1022 5472 1347 5545 Properans
1368 5474 1421 5532 4.
1500 5477 1780 5553 Properas
1808 5487 1865 5544 2.
2029 5490 2091 5546 Ρι

2210 5396 2465 5477 "at-"h5-
2483 5396 3017 5495 'quatuB}”5T"§'J.°
3042 5396 3136 5469 7.1.66
3335 5396 3755 5512 quugntiuslbﬁi

2210 5496 2305 5550 erat
2331 5493 2368 5549 5
2397 5510 2450 5550 a.
2530 5495 2594 5529 16⁸
2624 5493 2830 5555 falfaoe
2859 5499 2912 5557 Ι.

2026 5589 2260 5649 NOTAE.

509 5651 626 5726 (90)
651 5651 899 5728 Adelphi
928 5657 1022 5726 III,
1055 5675 1138 5730 III,
1163 5663 1249 5718 19.

2272 5680 2384 5756 (91)
2409 5683 2574 5744 Anno
2599 5683 2706 5743 946
2735 5703 2803 5749 ex
2823 5686 3109 5757 Chronico
3138 5694 3418 5759 Farfensi.
