4050 6392
189 382 322 447 833

151 613 157 615 λ
192 622 372 693 signo
405 615 678 690 colligere
721 612 910 686 spolia
938 611 1300 684 satagebant,
1334 628 1467 666 cum
1512 610 1855 666 Bonefacius

191 715 378 782 atque
399 705 738 768 Gariardus,
763 701 956 758 subito
977 717 1046 756 ex
1068 699 1298 755 insidiis
1323 703 1722 771 properantes,
1745 698 1874 754 hos.

195 804 364 855 tanto
394 796 583 854 levius
612 797 830 866 quanto
867 790 1227 862 inopinatius
1259 788 1611 845 sautiabant.
1647 788 1852 859 Peper-

191 891 362 945 cerat
390 884 709 942 Gariardus
750 877 1265 946 nonnullis,hasta
1307 894 1405 932 eos
1435 881 1492 932 et
1539 893 1653 931 non
1704 876 1852 931 ferro

193 976 564 1051 percutiens;
597 969 928 1027 Bonefatius
958 985 1112 1034 vero,
1141 967 1286 1022 nulli
1321 982 1587 1039 parcens,
1608 965 1856 1020 immen-

191 1083 328 1124 sam
361 1065 578 1120 fecerat
604 1065 878 1132 stragem.
902 1057 1149 1129 Signum
1180 1055 1376 1127 itaque
1395 1053 1644 1110 victoriae
1676 1053 1850 1107 Bone-

191 1155 390 1213 facius
442 1153 770 1223 concrepat,
819 1145 1286 1216 conveniuntque
1343 1143 1443 1215 qui
1501 1159 1568 1198 ex
1621 1141 1850 1197 Rodulﬁ

193 1249 366 1319 parte
420 1241 787 1313 aufugerant,
837 1237 1369 1309 persequentesque
1414 1230 1847 1304 Berengaricos,

192 1335 400 1407 fugam
434 1329 566 1386 illos
588 1327 733 1384 inire
755 1325 1056 1398 cogebant.
1078 1320 1460 1395 Berengarius
1481 1337 1613 1377 vero
1636 1320 1706 1375 ad
1733 1335 1849 1375 non

191 1421 567 1494 incognitum
593 1418 834 1473 Veronae
873 1412 1125 1487 perrexit
1163 1411 1395 1468 asilum.
1421 1411 1605 1465 Tanta
1635 1409 1850 1481 quippe

194 1517 339 1568 tunc
371 1507 810 1565 interfectorum
861 1508 1086 1574 strages
1145 1501 1297 1556 facta
1353 1503 1462 1565 est,
1496 1502 1561 1554 ut
1592 1498 1847 1553 militum

193 1616 389 1674 usque
416 1597 593 1654 hodie
617 1609 936 1668 permagna
963 1591 1174 1647 raritas
1203 1589 1508 1645 habeatur.

266 1690 359 1744 67.
388 1687 492 1743 His
523 1686 604 1742 ita
625 1682 895 1757 peractis,
918 1696 1166 1752 regnum
1192 1678 1302 1734 sibi
1326 1695 1423 1734 rex
1445 1676 1732 1733 Rodulfus
1755 1693 1850 1748 po-

191 1776 528 1836 tentissime
571 1772 924 1844 subjugavit,
954 1768 1304 1842 Papiamque
1336 1766 1555 1823 concite
1587 1766 1845 1832 veniens,

191 1864 688 1942 congregatisque
716 1860 1007 1917 omnibus
1043 1875 1056 1912 :
1087 1880 1114 1907 «
1146 1855 1452 1924 Quoniam,
1492 1854 1722 1958 inquit,‘
1749 1871 1846 1910 su-
1876 1893 1925 1958 B

189 1957 362 2031 perni
396 1952 659 2011 muneris
683 1949 951 2022 largitate
988 1946 1132 2003 mihi
1165 1945 1408 2018 contigit
1438 1944 1678 2001 devictis
1708 1944 1844 2002 hos-

193 2047 359 2104 tibus
390 2042 556 2118 regni
587 2040 800 2098 solium
845 2035 1113 2109 adipisci,
1145 2052 1300 2090 nunc
1329 2033 1488 2088 cordi
1519 2037 1607 2089 est
1642 2037 1846 2089 vestrae

193 2153 290 2193 me
320 2148 572 2207 regnum
615 2129 882 2185 Italicum
930 2125 1064 2181 ﬁdei
1115 2123 1543 2190 commendare,
1575 2123 1844 2195 Burgun-

191 2227 474 2296 diamque
523 2219 774 2295 patriam
826 2219 1083 2272 veterum
1114 2213 1372 2269 visere.»
1403 2212 1506 2268 Cui
1550 2229 1684 2268 mox
1733 2213 1845 2268 Ita-

189 2315 410 2371 lienses
437 2329 451 2368 :
479 2332 508 2363 «
534 2309 595 2367 Si
624 2309 844 2364 bonum
875 2304 1003 2373 tibi,
1035 2303 1330 2375 inquiunt,
1352 2301 1602 2368 videtur,
1636 2305 1844 2373 praasto

192 2419 426 2460 sumus.
459 2422 487 2451 ))

263 2493 355 2549 68.
380 2490 570 2563 Igitur
590 2489 718 2560 post
746 2481 974 2540 Rodulﬁ
1000 2480 1153 2553 regis
1176 2479 1536 2548 abscessum,
1561 2480 1714 2536 malo
1735 2479 1844 2536 Ve-

194 2597 479 2639 ronenses
510 2579 744 2648 accepto
775 2571 1040 2637 consilio,
1061 2570 1189 2626 vita:
1223 2568 1489 2624 insidiari
1513 2569 1844 2642 Berengarii

195 2671 553 2736 moliuntur;
578 2665 734 2738 quod
757 2659 1167 2733 Berengarium
1190 2676 1308 2714 non
1329 2658 1516 2714 latuit.
1533 2659 1678 2714 Tam
1696 2658 1844 2714 servi

194 2766 393 2818 autem
426 2760 628 2814 auctor
653 2771 719 2810 ac
747 2754 1008 2824 repertor
1027 2748 1300 2804 facinoris
1323 2747 1688 2803 Flambertus
1715 2747 1843 2819 qui-

193 2851 333 2907 dam
364 2851 510 2914 erat,
535 2861 708 2917 quem
739 2838 1165 2912 sibi,quoniam
1197 2855 1264 2894 ex
1294 2840 1666 2893 sacrosancto
1688 2837 1845 2892 fonte

201 2939 391 2996 ﬁlium
447 2937 573 3008 ejus
618 2934 975 3004 susceperat,
999 2931 1357 3000 compatrem
1406 2943 1507 2981 rex
1554 2927 1841 2990 effecerat.

195 3027 390 3085 Pridie
420 3040 554 3082 vero
584 3038 761 3095 quam
809 3021 1122 3092 pateretur,
1156 3016 1406 3072 eundem
1439 3017 1509 3070 ad
1560 3032 1621 3072 se
1653 3016 1843 3072 Flam-

193 3119 433 3174 bertum
464 3112 659 3170 venire
687 3108 978 3183 pracepit.
1009 3107 1111 3161 Cui
1142 3109 1198 3162 et
1223 3105 1305 3161 ait
1334 3123 1346 3160 :

265 3207 356 3260 69.
383 3225 413 3255 «
444 3203 504 3260 Si
535 3201 678 3258 mihi
722 3204 917 3255 tecum
965 3196 1249 3252 hactenus
1280 3212 1394 3250 non
1442 3198 1497 3251 et
1542 3195 1739 3251 multae
1789 3199 1845 3252 et

187 3297 365 3368 justaa
396 3309 586 3349 causa:
618 3292 684 3326 “‘9
713 3287 929 3345 amoris
974 3289 1186 3350 essent,
1213 3301 1444 3356 quoquo
1491 3285 1682 3355 modo,
1717 3302 1843 3357 quae
1873 3258 1916 3326 α

197 3385 269 3440 de
303 3388 358 3440 te
409 3383 704 3447 dicuntur,
729 3375 888 3433 credi
911 3376 977 3410 17°
1001 3376 1260 3446 possent.
1297 3373 1569 3428 lnsidiari
1617 3378 1672 3429 te
1716 3374 1844 3429 vitae

196 3490 337 3530 mea:
370 3471 568 3539 aiunt;
605 3467 705 3526 sed
737 3483 853 3522 non
894 3479 999 3537 ego
1029 3461 1302 3518 credulus
1339 3461 1477 3517 illis.
1510 3462 1846 3520 Meminisse

199 3566 394 3618 autem
443 3563 500 3615 te
544 3556 692 3625 volo,
715 3557 1185 3627 quautecumque
1233 3550 1336 3605 tibi
1381 3550 1742 3619 accessiones
1789 3556 1847 3608 et

200 3651 442 3707 fortuna:
471 3651 530 3704 et
559 3643 863 3718 dignitatis
903 3640 1136 3706 fuerint,
1171 3656 1269 3695 eas
1318 3643 1372 3693 te
1421 3655 1536 3694 non
1582 3641 1845 3712 potuisse

199 3739 311 3797 nisi
336 3737 483 3794 meis
508 3733 805 3792 beneﬁciis
833 3730 1130 3802 consequi.
1150 3728 1313 3785 Unde
1343 3733 1399 3784 et
1426 3728 1536 3784 hoc
1567 3729 1762 3785 animo
1784 3730 1841 3785 in

201 3846 307 3885 nos
337 3844 466 3884 esse
495 3826 693 3893 debes,
737 3826 802 3878 ut
826 3819 1081 3894 dignitas
1132 3834 1262 3873 mea
1288 3817 1345 3872 in
1369 3833 1565 3874 amore
1589 3822 1762 3892 atque
1782 3818 1842 3874 in

199 3916 478 3973 ﬁdelitate
507 3919 608 3970 tua
637 3910 1028 3984 conquiescat.
1054 3908 1252 3980 Neque
1279 3923 1413 3963 vero
1443 3907 1718 3980 cuiquam
1749 3926 1841 3964 sa-

198 4007 375 4062 lutem
409 4021 474 4061 ac
505 4005 770 4060 fortunas
801 4017 940 4057 suas
981 4001 1154 4054 tanta:
1185 4013 1336 4052 cura:
1369 3996 1550 4053 fuisse
1579 4014 1842 4070 unquam

199 4099 357 4168 puto,
382 4092 584 4166 quanti
611 4090 756 4147 mihi
783 4089 894 4145 fuit
921 4088 1107 4144 honos
1136 4091 1293 4142 tuus.
1318 4086 1380 4142 In
1411 4103 1526 4158 quo
1558 4103 1688 4143 mea
1717 4105 1840 4143 om-

198 4185 294 4241 nia
322 4182 537 4250 studia,
563 4197 796 4237 omnem
828 4194 1086 4251 operam,
1108 4191 1330 4243 curam,
1356 4175 1730 4246 industriam,
1754 4193 1844 4232 co-

197 4271 533 4346 gitationem
565 4271 745 4342 hujus
779 4266 1028 4324 civitatis
1072 4281 1303 4321 omnem
1353 4264 1471 4320 ﬁxi.
1495 4264 1688 4320 Unum
1732 4265 1842 4322 hoc

198 4363 279 4418 sic
308 4361 520 4418 habeto
550 4377 563 4416 :
589 4359 638 4415 si
662 4363 776 4415 ate
799 4355 944 4412 mihi
977 4358 1262 4412 servatam
1285 4354 1458 4409 ﬁdem
1484 4353 1838 4424 intellexero,

196 4467 308 4508 nen
339 4449 484 4506 mihi
514 4453 633 4505 tam
669 4465 800 4504 mea
837 4445 1000 4502 salus
1037 4461 1190 4512 cara,
1225 4460 1401 4515 quam
1432 4443 1619 4514 pietas
1649 4442 1758 4499 erit
1782 4443 1841 4499 in

198 4539 496 4596 referenda
526 4537 713 4611 gratia
735 4535 1018 4608 jucunda.
1043 4555 1072 4584 »

1166 386 1782 450 ANTAI’ODOSEOS
1827 386 2032 451 LIBRI
2080 389 2347 453 SEX.-—
2376 392 2521 467 LIB.
2567 395 2644 458 II.

192 545 410 586 omnes
442 522 661 583 milites
689 520 979 596 fugerant,
1001 525 1057 576 et
1078 521 1576 593 Berengarii,dato
1605 520 1853 577 victoriae
1883 525 1938 590 Α

3490 402 3608 466 834

2039 524 2127 578 71.
2163 525 2431 583 Beneﬁcii
2469 528 2682 602 quippe
2737 531 3015 602 praeteriti
3061 535 3117 589 et
3162 536 3466 606 praesentis
3496 537 3606 594 im-

1963 628 2207 688 memor,
2241 615 2571 673 insomnem
2620 617 2782 675 illam
2829 621 2983 694 regis
3013 623 3071 677 in
3115 641 3316 680 necem
3358 625 3610 698 populos

1963 698 2298 772 instigando
2345 706 2597 777 pertulet
2636 713 2888 765 noctem.
2922 711 3040 767 Rex
3095 717 3260 769 nocte
3307 711 3428 782 illa,
3462 732 3608 787 que-

1962 788 2343 848 madmodum
2387 798 2443 849 et
2485 795 2695 851 solitus
2746 801 2888 869 erat,
2930 799 3105 870 juxta
3148 801 3457 874 melesiam,
3488 821 3605 860 non

1960 874 2021 930 in
2053 877 2225 934 domo
2257 897 2384 953 qua;
2415 883 2644 939 defendi
2675 893 2891 958 posset,
2925 890 3025 944 sed
3055 889 3115 944 in
3144 891 3437 963 tuguriolo
3469 910 3607 965 quo-

1960 965 2096 1020 dam
2148 971 2422 1026 manebat
2465 974 2882 1032 ammnissimo.
2913 979 3022 1034 Sed
3071 983 3129 1035 et
3179 982 3450 1037 custodes
3497 1000 3606 1039 no-

1959 1056 2050 1108 cte
2093 1057 2295 1112 eadem
2345 1075 2459 1116 non
2507 1069 2804 1134 posuerat,
2839 1066 3018 1121 nichil
3071 1068 3380 1140 suspicans
3428 1071 3603 1126 etiam

1959 1142 2118 1198 mali.

2204 1235 2276 1289 Se
2303 1237 2559 1308 primum
2591 1240 2860 1312 quatiens
2890 1245 3095 1318 strepit

2207 1322 2427 1396 Gallus,
2459 1343 2590 1383 cum
2617 1329 2821 1402 vigiles
2851 1331 2988 1388 facit

2206 1409 2498 1482 Mortales,
2534 1415 2703 1472 solito
2734 1424 2902 1473 sonat

2205 1497 2276 1552 Et
2306 1500 2540 1571 pulsata
2569 1505 2678 1560 Deo
2706 1507 2862 1562 canit

2203 1586 2336 1642 Jam
2367 1592 2507 1644 tunc
2536 1608 2694 1648 aenea
2725 1593 3016 1666 machina,

2202 1674 2532 1749 Invitatque
2563 1681 2776 1738 docens
2807 1683 2953 1739 bene

2207 1764 2510 1822 Loetheum
2541 1770 2656 1841 (92)
2687 1786 2862 1842 grave
2894 1789 3189 1845 spernere,

2206 1852 2432 1910 Laudes
2463 1855 2599 1912 huic
2631 1860 2803 1916 modo
2835 1862 3095 1933 reddere,

2205 1941 2314 2007 Qui
2341 1943 2523 2000 vitam
2555 1946 2780 2014 tribuit,
2815 1949 2975 2005 dedit

2205 2031 2270 2085 Et
2300 2032 2468 2088 nobis
2494 2051 2777 2108 superam
2808 2037 2954 2093 bene

2204 2119 2475 2176 Sanctam
2509 2139 2749 2194 querere
2779 2125 3070 2197 patriam;

2207 2208 2309 2264 llic
2326 2211 2348 2230 *
2378 2227 2474 2266 rex
2497 2211 2802 2268 ecclesiam
2836 2215 2997 2286 petit,

2201 2300 2280 2352 Ac
2311 2297 2514 2355 laudes
2545 2300 2791 2357 Domino
2823 2303 2997 2359 canit.

2205 2386 2572 2444 Flambertus
2602 2407 2920 2464 properans
2949 2393 3120 2462 volat,

2204 2476 2462 2541 Quocum
2497 2477 2682 2534 multa
2710 2479 2887 2536 simul
2919 2498 3151 2552 manus,

2203 2563 2276 2618 Ut
2304 2581 2498 2638 regem
2530 2566 2822 2640 perhimat
2849 2570 3090 2627 bonum.

2203 2652 2322 2709 Rex
2351 2653 2564 2711 horum
2593 2655 2730 2728 vigil
2760 2657 3005 2732 inscius,

2203 2742 2381 2798 Audit
2411 2745 2553 2800 dum
2585 2745 2916 2818 strepitum,
2950 2747 3128 2804 nichil

2202 2831 2570 2904 Formidans,
2599 2841 2871 2908 properat
2896 2837 3066 2906 citus,

2203 2918 2319 2974 Hoc
2353 2920 2491 2990 quid
2522 2921 2708 2978 visere
2739 2924 2846 2992 sit;
2881 2924 3036 2980 videt

2199 3009 2469 3065 Armatas
2500 3010 2753 3067 militum
2787 3029 3018 3068 manus.

2206 3096 2598 3153 Flambertum
2627 3104 2793 3156 vocat
2820 3101 3092 3158 emimus.

2202 3186 2343 3252 Quid
2372 3188 2526 3243 turbe
2555 3195 2651 3255 est,
2684 3188 2784 3257 ait,
2817 3205 2884 3245 en
2917 3190 3050 3245 bone

2145 3330 2156 3340 ,
2209 3277 2337 3332 Vir?
2365 3277 2497 3348 quid
2520 3293 2668 3332 nunc
2685 3278 2921 3349 populus
2951 3281 3105 3352 cupit

2199 3370 2458 3421 Armatus
2486 3368 2727 3438 referens
2753 3372 2992 3424 manus?

2204 3455 2524 3524 Respondit
2551 3473 2564 3511 :
2605 3457 2827 3513 Vereare
2855 3459 2960 3513 nil.

2204 3546 2266 3600 Te
2295 3561 2404 3600 non
2436 3553 2498 3600 ut
2517 3545 2795 3617 perhimat
2821 3549 2957 3613 ruit,

2199 3634 2305 3690 Sed
2324 3651 2582 3708 pugnare
2612 3636 2786 3691 libens
2814 3639 2966 3708 cupit

2203 3725 2326 3781 Haec
2356 3740 2482 3779 cum
2507 3727 2686 3796 parte,
2715 3733 2871 3781 tuum
2896 3728 3034 3799 petit

2200 3815 2323 3869 Mox
2350 3816 2447 3886 qui
2476 3814 2666 3870 tollere
2691 3817 2971 3887 spiritum.

2199 3907 2486 3976 Deceptus
2515 3908 2788 3977 properat
2813 3906 2925 3961 ﬁde

2202 3993 2320 4048 Rex
2349 3993 2480 4063 hac,
2513 3992 2572 4047 in
2602 3993 2828 4049 medios
2857 3994 3033 4050 simul

2199 4083 2349 4136 Tum
2374 4083 2439 4117 ¹τ²
2460 4083 2521 4153 [i.
2545 4099 2616 4138 ε..
2636 4083 2796 4153 tunc]
2818 4087 3024 4154 captus
3046 4080 3208 4140 male
3238 4084 3504 4155 ducitur;

2196 4173 2242 4226 A
2271 4175 2431 4244 tergo
2461 4171 2618 4228 hunc
2652 4171 2782 4227 ferit
2810 4171 3029 4244 impius

2200 4259 2527 4332 Romphea;
2562 4259 2717 4317 cadit
2745 4259 2859 4315 heu
2889 4261 3043 4333 pius,

2199 4348 2563 4420 Felicemque
2593 4365 2768 4405 suum
2797 4348 2913 4406 Deo

2198 4439 2579 4495 Commendat
2608 4438 2702 4510 pie
2727 4438 2999 4510 spiritum
3023 4439 3036 4493 ι

2018 4532 2108 4586 72.
2145 4527 2405 4599 Denique
2437 4544 2614 4599 quam
2659 4527 3028 4584 innocentem
3060 4528 3406 4602 sanguinem
3431 4529 3596 4586 fude-

262 4630 352 4684 70.
388 4627 491 4684 His
521 4626 787 4700 eXpletis,
816 4639 1059 4681 aureum
1104 4639 1219 4678 non
1250 4621 1409 4692 parvi
1441 4622 1713 4694 ponderis
1744 4639 1842 4695 po-
1870 4627 1918 4692 D
1951 4621 2066 4676 rint
2099 4622 2504 4691 quantumque
2548 4617 2799 4690 perversi
2839 4634 3103 4690 perverse
3147 4619 3394 4692 egerint,
3427 4619 3598 4677 nobis

198 4717 394 4774 culum
425 4735 518 4774 res
544 4717 607 4789 Iei
656 4713 930 4789 porrexit,
959 4715 1132 4784 atque
1180 4711 1481 4784 subjunxit
1513 4729 1525 4766 :
1554 4735 1580 4761 «
1614 4712 1843 4768 Amoris

197 4806 519 4879 salutisque
550 4805 664 4861 mei
714 4820 892 4860 causa
935 4801 1088 4874 quod
1140 4801 1488 4869 continetur,
1537 4800 1719 4857 bibito
1743 4802 1840 4870 m;

195 4897 346 4969 quod
378 4895 659 4962 continet,
685 4893 919 4950 habeto.
945 4913 974 4941 »
996 4891 1143 4946 Vere
1165 4890 1383 4962 quippe
1404 4895 1460 4945 et
1481 4890 1705 4962 absque
1729 4907 1846 4946 am-

194 4985 474 5059 biguitate
505 4988 636 5057 post
667 4987 871 5056 potum
915 4979 1176 5035 introivit
1213 4978 1274 5034 in
1318 4978 1484 5034 illum
1517 4979 1840 5048 Sathanas;

196 5075 691 5148 quemadmodum
717 5076 773 5128 et
803 5072 872 5127 de
898 5069 929 5126 J
939 5070 1052 5125 uda
1081 5067 1373 5140 proditore
1399 5067 1625 5123 Domini
1659 5067 1844 5124 nostri

194 5164 329 5222 Jesu
360 5163 576 5220 Christi
610 5161 897 5234 scriptum
929 5161 1017 5214 est
1049 5177 1062 5214 :
1099 5159 1240 5226 Quia
1262 5160 1383 5229 post
1415 5157 1685 5212 bucellam
1715 5161 1844 5212 tunc

193 5253 442 5310 introivit
467 5253 527 5308 in
558 5252 721 5308 illum
749 5249 1025 5308 Sathauas
1054 5248 1230 5322 (Joan.
1263 5263 1386 5316 xm,
1417 5245 1529 5318 27).

1952 4708 2347 4774 reticentibus,
2380 4706 2562 4778 lapsis
2591 4710 2724 4762 ante
2749 4708 3058 4779 cujusdam
3089 4708 3329 4767 aaclesiaa
3350 4710 3606 4782 januam.

1953 4797 2200 4872 positus,
2220 4811 2570 4868 sanguinem
2612 4796 2740 4867 ejus
2783 4799 3226 4856 transeuntibus
3259 4798 3484 4856 cunctis
3514 4816 3603 4856 os-

1950 4888 2197 4944 tendens
2228 4885 2512 4940 insinuat.
2544 4884 2716 4940 Nullo
2748 4885 2964 4959 quippe
2996 4887 3292 4945 delibutus
3326 4905 3599 4961 aspersu-

1953 4993 2097 5049 sque
2127 4976 2352 5046 liquore
2383 4974 2650 5030 discedit.

2022 5066 2110 5120 73.
2131 5063 2423 5120 Nutrierat
2443 5063 2553 5120 sibi
2574 5081 2672 5119 rex
2688 5065 3073 5138 Berengarius
3092 5065 3457 5122 familiariter
3477 5064 3597 5122 lau-

1951 5162 2120 5229 teque
2143 5155 2439 5226 juvenem,
2469 5152 2650 5209 immo
2685 5153 2924 5210 heroem
2956 5154 3271 5226 quendam,
3309 5153 3445 5211 Milo
3490 5171 3595 5211 no-

1951 5245 2127 5315 mine,
2152 5242 2435 5300 memoria
2463 5242 2609 5300 satis
2629 5259 2695 5300 ac
2725 5242 2899 5300 laude
2929 5242 3194 5317 dignum.
3217 5243 3400 5319 Cujus
3423 5243 3474 5302 si
3495 5259 3596 5305 rex

1543 5370 1785 5429 νΑΡιΙλΕ
1823 5369 2231 5430 LECTIONES.
2449 5437 2452 5440 ,

261 5476 326 5515 ιω
353 5493 485 5536 case
516 5478 568 5536 1.
647 5477 712 5513 ¹⁷⁰
745 5490 859 5550 que
891 5475 964 5532 de
991 5475 1049 5532 te
1077 5471 1233 5531 credi
1266 5473 1317 5531 1.
1394 5471 1458 5508 ¹⁷¹
1489 5469 1654 5530 libitO
1685 5470 1738 5530 4ο
1763 5486 1844 5545 Ρη

1971 5473 2078 5529 ιθ.ῐο
2109 5469 2179 5549 (‘2)
2208 5468 2293 5531 vel
2321 5467 2524 5529 bibito.
2602 5467 2668 5505 ¹⁷²
2697 5468 2862 5529 Tunc
2888 5468 2924 5530 5
2953 5485 3007 5532 a.

1774 5586 2008 5655 NOT/E.

260 5681 367 5768 (92)
400 5683 464 5747 Id
493 5685 584 5747 est
613 5697 907 5748 somnum.
