4050 6386
464 385 589 457 838

1420 376 1903 451 LIUTPRANDI
1947 372 2504 445 CREMONENSlS
2553 372 2923 444 episcopi.

3759 370 3889 439 836

466 528 654 583 fretus
680 518 1146 592 eoneﬂiisesset,
1166 514 1438 578 fortunas
1466 520 1578 577 sibi
1606 528 1811 575 omnes
1842 534 1956 573 non
1991 520 2115 572 tan-
2144 517 2199 584 Α
2226 519 2283 571 et
2313 518 2529 585 rectus,
2560 526 2628 572 ac
2657 515 2921 571 beneﬁcii
2969 512 3081 571 sibi
3111 526 3147 569 a
3173 520 3310 586 rege
3338 504 3554 569 eonlatl
3600 523 3722 569 non
3773 512 3890 567 im-

464 621 594 672 tum
626 613 915 671 adversari
955 612 1214 681 sentiret,
1248 610 1359 666 nisi
1404 609 1545 682 quia
1593 609 1739 664 forte
1768 608 1877 662 hoc
1908 604 2114 661 divinae

466 704 852 777 praevidentiaa
883 701 1191 758 consilium
1234 694 1342 756 fuit
1372 704 1438 755 ut
1466 698 1635 755 aliter
1664 696 1788 754 ﬁeri
1834 713 1950 752 non
1982 711 2115 767 pos-

464 798 574 850 set.
606 793 664 849 Is
702 802 846 848 sane
894 796 1061 847 nocte
1114 788 1340 857 eadem,
1374 802 1491 861 qua
1547 804 1647 843 rex
1702 786 1977 857 deceptus
2030 786 2120 839 est

467 882 874 955 Berengarius,
931 880 1211 936 adhibitis
1267 878 1381 934 sibi
1439 876 1643 949 copiis,
1694 879 2015 931 nocturnas
2062 871 2118 927 ei

462 971 799 1044 vigilarium
827 969 1127 1026 custodias
1156 967 1337 1024 voluit
1364 966 1653 1022 exhibere.
1680 964 1799 1020 Rex
1825 979 1960 1018 vero
1991 976 2120 1033 pro-

462 1060 851 1117 missioni-bus
882 1057 1194 1114 Flamberti
1248 1057 1547 1127 deceptus,
1574 1053 1847 1111 Milonem
1889 1067 1953 1106 se
2001 1056 2117 1105 non

469 1149 660 1206 solum
682 1146 974 1205 custodire
996 1163 1112 1202 non
1135 1144 1286 1211 sivit,
1308 1160 1511 1201 verum
1542 1144 1719 1199 etiam
1744 1146 1921 1213 atque
1941 1139 2117 1194 etiam

465 1238 838 1296 vehementer
868 1232 1188 1309 prohibuit.
1220 1232 1353 1289 Milo
1380 1237 1597 1299 autem,
1629 1231 1783 1287 sicut
1810 1229 1897 1284 vir
1928 1226 2120 1283 ﬁdelis

2226 620 2470 671 memor,
2502 620 2674 675 quem
2727 604 3056 671 defendere,
3083 602 3224 675 quia
3273 601 3478 669 defuit,
3506 616 3623 657 non
3666 600 3884 673 potuit,

2224 692 2382 748 brevi
2414 694 2475 764 [ἱ.
2510 710 2557 748 s.
2590 694 2725 764 cito]
2780 693 2992 748 acriter
3044 691 3340 747 vindicare
3382 690 3626 746 curavit.
3684 689 3889 746 Tertia

2222 781 2443 852 quippe
2491 784 2622 852 post
2678 780 2831 852 regis
2888 794 3088 835 necem
3118 779 3234 848 die,
3286 778 3685 834 Flambertnm
3734 777 3885 833 sibi-

2224 880 2337 940 que
2367 873 2486 923 tam
2527 868 2585 922 in
2634 869 2852 923 nefario
2884 868 3099 924 scelere
3154 867 3510 935 coniventes,
3536 868 3592 922 vi
3650 871 3883 939 captos,

2227 958 2544 1029 suspendio
2572 960 2750 1013 vitam
2801 956 2967 1012 ﬁnire
3011 956 3303 1029 prtecepit,
3336 956 3593 1013 Fuerunt
3641 973 3785 1012 sane
3815 956 3879 1012 in

2228 1046 2334 1101 hoc
2376 1046 2495 1100 viro
2546 1045 2838 1101 nonnullae
2881 1046 3264 1118 perfectisque
3310 1045 3574 1113 virtutes,
3607 1059 3719 1117 que
3769 1050 3887 1100 Deo

2229 1134 2478 1208 propitio
2509 1135 2633 1191 suis
2671 1135 2732 1191 in
2772 1134 2938 1204 locis,
2967 1126 3086 1191 vita
3123 1134 3355 1203 comite,
3386 1132 3615 1192 silentio
3646 1149 3765 1190 non
3796 1138 3888 1189 te-

2229 1228 2459 1297 gentur.

1481 1373 1756 1419 EXPLlClT
1798 1371 1972 1415 LIBER
2016 1365 2326 1413 SECUNDUS
2367 1364 2856 1412 ANTAPODOSEOS.

1390 1462 1898 1527 INCIPIUNT
1960 1457 2449 1520 CAPITULA
2513 1457 2773 1517 LIBRI
2834 1456 3194 1517 TERTII.

504 1579 555 1634 1.
599 1578 681 1635 De
710 1574 881 1632 titulo
919 1575 1100 1646 hujus
1139 1571 1351 1644 operis,
1385 1586 1490 1626 cur
1516 1569 1747 1625 dicatur
1786 1564 2116 1637 Antapodo-
2148 1566 2197 1630 B

681 1682 785 1720 818.

501 1758 556 1810 2.
598 1753 763 1818 Quod
793 1750 1067 1807 defuncto
1111 1746 1456 1819 Berengario
1485 1750 1544 1801 et
1577 1741 1824 1800 Rodulfo
1849 1741 1921 1797 ab
1953 1739 2118 1796 Italia

682 1839 1038 1903 discedente,
1068 1834 1349 1907 Hungarii
1380 1833 1606 1889 Italiam
1636 1831 1957 1887 laniabant.

503 1930 557 1986 3.
600 1927 845 1985 Metrica
874 1924 1187 1997 descriptio
1218 1923 1291 1980 de
1331 1920 1602 1995 Papiensi
1631 1916 1994 1977 lamentabili
2026 1930 2119 1972 ex-

681 2015 929 2072 ustione.

504 2108 554 2162 Ιι.
596 2105 756 2171 Quod
803 2103 901 2161 Dei
951 2101 1184 2174 gladius
1234 2117 1349 2155 non
1411 2098 1677 2155 funditus
1726 2096 1965 2169 Papiam
2016 2094 2115 2149 de-

680 2192 956 2251 struxerit
976 2192 1063 2263 ιτδ,
1094 2191 1194 2251 sed
1229 2188 1631 2245 misericordia
1671 2187 1800 2258 ejus
1831 2182 2115 2241 mirabili-

676 2286 767 2338 ter
797 2281 868 2337 ab
900 2278 1217 2351 Hungariis
1248 2275 1531 2333 liberarit.

498 2374 554 2429 5.
594 2371 758 2438 Quod
789 2369 943 2426 beati
985 2367 1122 2435 Siri,
1151 2366 1417 2438 ejusdem
1462 2362 1711 2420 civitatis
1757 2358 2007 2433 patroni,
2040 2359 2118 2414 sit

676 2457 903 2515 meritis
934 2456 1202 2512 liberata.

497 2550 554 2605 6.
596 2549 760 2616 Quod
791 2547 978 2602 isdem
1010 2545 1215 2600 beatus
1241 2542 1409 2599 Sirus
1436 2540 1677 2613 Papiam
1705 2538 1966 2604 veniens,
1991 2553 2118 2609 pro-

678 2635 874 2708 phetis
904 2632 1144 2705 spiritus
1164 2632 1293 2701 ejus
1324 2628 1683 2687 afﬂuentiam
1715 2631 1772 2684 et
1798 2625 2116 2700 Aquilegiaa

679 2739 884 2780 casum
914 2719 1296 2777 denuntiarit.

498 2818 555 2870 7.
596 2813 713 2869 Cur
738 2809 1221 2881 Ermengardam
1252 2812 1383 2880 post
1419 2806 1710 2862 Adelberti
1750 2805 1856 2861 viri
1890 2803 1981 2860 sui
2016 2819 2114 2858 ne-

684 2917 808 2957 cem
841 2905 962 2955 tam
996 2902 1200 2970 potens
1231 2896 1501 2951 extiterit.

500 2992 555 3048 8.
598 2991 737 3064 Regi
782 2987 1029 3045 Bodulfo
1070 3003 1107 3042 a
1152 2984 1489 3058 Burgundia
1536 3000 1819 3057 regresso,
1870 2983 2112 3038 Ermen-

676 3080 859 3154 garda
900 3078 952 3133 ei
999 3080 1133 3150 post
1183 3073 1490 3147 paululum
1544 3072 1781 3130 rebellis
1824 3071 2015 3129 extitit
2055 3075 2113 3126 et

677 3185 811 3225 cum
845 3165 1217 3223 ltaliensibus
1250 3163 1487 3236 Papiam
1519 3162 1790 3218 tenuerit.
2038 3178 2053 3191 η

496 3263 552 3318 9.
597 3257 883 3316 Rodulfus
914 3273 1012 3313 rex
1040 3272 1176 3311 cum
1206 3253 1459 3310 exercitu
1490 3252 1729 3324 Papiam
1752 3251 1817 3286 ⁸⁷⁵
1843 3249 2051 3305 tendit.

595 3348 757 3415 Quod
790 3344 1186 3417 Ermengarda
1224 3341 1542 3397 calliditate
1573 3357 1681 3395 sua
1722 3339 1832 3395 hoc
1878 3338 2109 3408 faceret,

679 3439 746 3490 ut
782 3432 1070 3489 Rodulfus
1101 3434 1276 3487 noctu
1307 3446 1448 3485 suos
1493 3429 1786 3484 desereret
1833 3431 2008 3498 atque
2040 3427 2112 3482 ad

684 3541 745 3579 se
777 3521 1083 3593 transfuga
1114 3521 1296 3575 ﬁeret.

469 3617 555 3672 11.
598 3612 761 3678 Quod
792 3626 962 3665 mane
993 3610 1141 3664 facto
1171 3624 1232 3663 re
1254 3606 1483 3679 cognita
1503 3604 1733 3662 Rodulﬁ
1765 3604 1978 3661 milites
2001 3604 2115 3660 Me-

682 3698 1004 3756 diolanium
1034 3696 1311 3769 fugerint.

598 3788 898 3846 Italienses
924 3786 995 3842 ob
1026 3786 1329 3858 Hugonem
1359 3785 1618 3840 mittunt.

600 3877 885 3935 Rodulfus
914 3876 1094 3948 igitur
1138 3875 1198 3930 in
1249 3873 1649 3947 Burgundiam
1677 3872 1857 3941 vadit,
1886 3877 1943 3929 et
1970 3873 2113 3929 Bru-

680 3966 964 4023 chardum
1013 3965 1078 4001 ίτδ
1135 3972 1404 4020 socerum
1471 3979 1646 4019 suum
1700 3963 1777 4019 ad
1833 3962 2114 4019 auxilium

680 4062 855 4114 suum
887 4053 1143 4111 adducit.

596 4146 721 4212 Qua
739 4144 1041 4203 occasione
1062 4141 1435 4200 Bruchardus
1455 4140 1869 4199 Mediolanium
1892 4140 1967 4197 sit
1986 4157 2116 4213 pro-

680 4236 887 4303 fectus,
911 4238 969 4290 et
986 4250 1092 4289 cur
1110 4231 1191 4289 ibi
1216 4230 1536 4289 honoriﬁce
1556 4234 1868 4304 susceptus
1888 4231 1960 4287 de
1983 4231 2113 4302 ejus

470 3792 556 3847 12.

471 3882 558 3937 13.

466 4149 554 4206 14.

678 4325 759 4381 sit
788 4328 975 4381 morte
1006 4325 1343 4378 tractatum.
2140 4306 2187 4372 D

595 4413 971 4472 Bruchardus
1017 4410 1362 4469 Mediolanio
1404 4409 1635 4466 rediens
1680 4408 1988 4467 Novariam
2016 4425 2111 4465 ve-

678 4503 787 4571 nit,
817 4501 920 4558 udi
950 4502 1008 4556 et
1033 4499 1108 4557 ab
1133 4499 1508 4556 ltaliensihus
1528 4515 1663 4556 cum
1685 4498 1809 4557 suis
1837 4496 2114 4556 omnibus

466 4418 555 4474 15.

619 4616 625 4623 ·
678 4590 985 4649 Occiditur.

599 4682 734 4739 Post
778 4678 1101 4736 Bruchardi
1159 4695 1360 4735 necem
1409 4678 1695 4735 Rod'ulfus
1744 4677 1802 4733 in
1852 4677 2115 4751 Burgun-

680 4770 839 4826 diam
862 4767 1051 4840 fugiit,
1070 4771 1245 4840 atque
1264 4768 1431 4840 Hugo
1448 4784 1550 4839 per
1570 4767 1937 4840 Tyrrhenum
1954 4782 2115 4823 mare

679 4860 740 4916 in
769 4856 999 4915 italiam
1029 4856 1204 4912 venit.

466 4956 554 5011 17.
595 4947 957 5009 Italiensium
999 4945 1264 5002 nonnulli
1315 4945 1387 5002 ad
1438 4945 1631 5001 Pisam
1679 4944 1730 5000 ei
1777 4949 2111 5014 occurrunt,

675 5044 734 5098 et
760 5035 1049 5096 Johannis
1102 5052 1264 5109 papae
1319 5034 1511 5091 nuntii
1557 5033 1822 5102 veniunt,
1862 5046 2114 5106 quorum

673 5129 915 5185 hertatu
948 5126 1189 5198 Papiam
1224 5138 1472 5197 pergens
1505 5132 1602 5179 rex
1632 5123 1900 5179 efﬁcitur.

465 5220 555 5278 18.
590 5223 674 5277 De
701 5218 955 5277 Widone
983 5215 1139 5289 regis
1181 5213 1445 5288 Hugonis
1488 5214 1687 5281 tratre,
1711 5212 1812 5284 qui
1841 5212 2115 5270 Tusciam

466 4682 556 4739 16.

2441 1564 2581 1616 tunc
2616 1562 2869 1627 tenebat,
2903 1561 3004 1632 qui
3036 1560 3409 1619 Marozotiam
3458 1563 3716 1618 scortum
3771 1561 3893 1618 Ro-

2436 1666 2573 1705 nam
2606 1656 2843 1705 uxorem
2875 1650 3146 1707 habebat.

2226 1739 2311 1807 19,
2353 1738 2435 1795 De
2482 1738 2752 1810 plurimis
2809 1738 3071 1811 Hugonis
3130 1738 3283 1811 regis
3341 1737 3677 1805 virtutibus,
3726 1753 3887 1809 quas

2446 1826 2678 1884 luxuria
2712 1828 2983 1884 ﬁndebat.
3334 1865 3343 1874 .

2220 1918 2310 1972 20.
2355 1917 2517 1982 Quod
2548 1917 2705 1973 idem
2746 1926 2847 1974 rex
2886 1916 3055 1990 Hugo
3086 1917 3235 1974 duos
3267 1915 3418 1974 ﬁlias
3470 1920 3611 1974 tunc
3654 1908 3892 1973 habue-

2438 2005 2533 2062 rit.

2218 2097 2311 2150 21.
2357 2097 2432 2151 De
2461 2104 2529 2151 eo
2558 2095 2714 2166 quod
2769 2112 2867 2151 rex
2917 2095 3079 2167 [iugo
3127 2094 3462 2151 Heinricum
3513 2110 3711 2167 regem
3765 2093 3889 2150 sibi

2435 2184 2693 2240 amicum
2724 2184 2881 2240 facit.

2216 2275 2311 2329 .22.
2354 2275 2536 2340 Quem
2586 2273 2859 2329 nuntium
2911 2291 3010 2330 rex
3057 2271 3621 2346 Constantinopolim
3665 2271 3895 2329 direxit

2439 2363 2699 2418 Romano
2731 2362 3089 2435 imperatori.

2218 2452 2312 2506 23.
2355 2455 2433 2507 De
2463 2451 2696 2507 duobus
2726 2451 2974 2509 canibus
3000 2451 3337 2525 imperatori
3357 2451 3594 2508 directis
3615 2451 3722 2524 qui
3742 2466 3890 2508 eum

2436 2539 2657 2596 laniare
2687 2539 3015 2597 voluerunt.

2221 2630 2315 2686 24.
2355 2631 2542 2696 Quam
2570 2629 2644 2685 ob
2674 2643 2798 2685 rem
2830 2630 2985 2703 regis
3017 2630 3279 2703 iiugonis
3311 2630 3557 2686 nuntius
3587 2629 3659 2686 ab
3690 2628 3891 2703 impe-

2438 2722 2626 2774 ratore
2657 2719 2735 2774 sit
2764 2719 3009 2776 miriﬁce
3041 2723 3373 2791 susceptus.

2221 2807 2310 2863 25.
2356 2812 2433 2862 De
2456 2806 2622 2863 leone
2649 2807 3009 2863 ferocissimo
3031 2824 3206 2879 quem
3242 2808 3535 2865 Romanos
3564 2806 3884 2864 interfecit.

2143 2934 2186 3002 Ο
2222 2899 2313 2952 26.
2355 2896 2617 2960 Qualiter
2637 2897 2932 2952 Romanos
2960 2895 3149 2969 primo
3169 2895 3505 2968 delongaris
3533 2900 3593 2951 et
3621 2900 3888 2968 postmo-

2437 2987 2578 3041 dum
2611 2991 2775 3057 pater
2801 2985 3074 3041 vasilleos
3104 2986 3183 3042 sit
3204 2986 3580 3042 constitutus.

2219 3077 2309 3129 27.
2352 3075 2528 3129 Focas
2558 3075 2916 3131 domesticus
2964 3091 3099 3130 cum
3148 3074 3418 3131 Simeone
3465 3073 3886 3145 Bulgariorum

2434 3180 2565 3236 rege
2596 3180 2865 3236 pugnans
2902 3168 3108 3236 sponte
3156 3164 3346 3236 fugiit,
3381 3179 3515 3219 cum
3568 3164 3882 3220 Romanon

2436 3258 2658 3324 patrem
2686 3252 2957 3309 vasilleos
2989 3253 3208 3309 factum
3244 3253 3428 3307 audit.

2221 3342 2309 3397 28.
2351 3341 2609 3405 Qualiter
2635 3343 2813 3399 Focas
2838 3341 3402 3414 Constantinopolim
3432 3342 3671 3398 veniens
3702 3359 3738 3398 a
3770 3342 3858 3398 Re

2437 3444 2611 3487 mano
2640 3432 2888 3504 capitur,
2921 3437 2980 3487 et
3011 3432 3235 3488 lumine
3264 3430 3544 3504 privatur.

2220 3522 2310 3577 29.
2353 3521 2433 3579 De
2457 3522 2728 3577 Simeone
2749 3520 3157 3594 Bulgariorum
3180 3537 3337 3594 rege,
3355 3521 3455 3594 qui
3476 3520 3641 3593 prius
3666 3537 3881 3579 mona-

2437 3610 2587 3667 chus
2616 3614 2672 3666 et
2701 3611 3078 3682 postmodum
3110 3628 3244 3667 reus
3275 3610 3387 3682 (93)
3419 3614 3508 3666 est
3538 3610 3749 3667 factus.

2220 3701 2311 3755 30.
2353 3699 2433 3756 De
2464 3700 2725 3755 Romano
2757 3698 2858 3771 qui
2887 3699 3071 3755 ﬁliam
3099 3716 3269 3756 suam
3295 3698 3570 3756 Helenam
3601 3702 3887 3757 Constan-

2436 3789 2559 3845 tino
2590 3788 2925 3860 imperatori
2955 3790 3265 3863 conjugem
3297 3788 3481 3845 dedit.

2220 3878 2312 3934 31.
2352 3878 2470 3934 Cur
2496 3876 2876 3949 imperatores
2906 3877 3367 3950 porphirogeniti
3396 3877 3687 3933 dicantur.

2221 3968 2312 4023 32.
2354 3965 2612 4034 Qualiter
2639 3966 2914 4031 Basilius,
2939 3966 3241 4023 interfecto
3265 3965 3503 4022 domino
3530 3982 3643 4022 suo
3665 3965 3886 4023 Micha-

2436 4054 2566 4112 hele
2596 4054 2965 4127 imperatore,
2988 4055 3304 4128 imperator
3330 4055 3410 4112 sit
3436 4055 3648 4113 factus.

2220 4146 2311 4202 33.
2351 4149 2432 4202 De
2458 4159 2525 4200 eo
2555 4144 2711 4216 quod
2738 4144 3023 4201 Dominus
3045 4149 3244 4202 noster
3266 4145 3446 4201 Jesus
3476 4142 3744 4201 Christus
3773 4160 3885 4217 per

2434 4233 2721 4291 visionem
2757 4235 2819 4269 “7
2862 4234 2935 4292 de
2990 4239 3178 4292 morte
3232 4233 3533 4292 Michaelis
3590 4232 3881 4293 Basiliam

2431 4323 2724 4380 terruerit.

2220 4413 2310 4469 34.
2350 4412 2431 4471 De
2462 4412 2803 4486 poenitentia
2834 4412 3032 4470 Basilii
3060 4416 3119 4470 et
3143 4412 3374 4470 ecclesia
3417 4410 3566 4471 miro
3595 4427 3771 4484 opere
3800 4412 3881 4470 ob

2434 4507 2663 4558 reatum
2696 4502 2866 4558 facta.
3386 4518 3389 4519 '

2219 4592 2311 4648 35.
2352 4589 2612 4658 Qualiter
2650 4591 2945 4649 Romanos
2976 4591 3269 4665 principes
3301 4592 3379 4649 sit
3406 4591 3695 4649 allocutus
3724 4594 3784 4648 et
3807 4608 3881 4648 ex

2434 4685 2599 4752 patre
2627 4681 2875 4738 vasileos
2905 4681 3223 4755 imperator
3251 4680 3329 4739 sit
3358 4682 3567 4739 factus.

2218 4770 2311 4826 36.
2352 4770 2514 4834 Quod
2549 4770 2842 4827 Romanos
2866 4788 2935 4827 ex
2964 4770 3175 4827 humili
3207 4772 3286 4828 sit
3316 4775 3488 4827 natus
3519 4770 3810 4843 prosapia.

2220 4860 2312 4915 37.
2354 4860 2649 4916 Romanos
2681 4859 2866 4917 ﬁlium
2896 4877 3073 4917 suum
3102 4860 3592 4933 Christophcrum
3623 4859 3879 4932 impera-

2360 5004 2365 5005 ,
2434 4953 2621 5005 torem
2652 4949 2809 5019 facit,
2858 4954 2915 5006 et
2960 4951 3175 5022 injuste
3206 4949 3586 5009 Constantino
3636 4949 3878 5008 domino

2438 5054 2546 5094 suo
2577 5055 2712 5095 eum
2744 5040 3048 5112 praeponit.

2224 5125 2313 5181 38.
2356 5125 2613 5191 Qualiter
2636 5128 2787 5184 inter
2816 5128 3227 5200 imperatorem
3247 5130 3550 5187 Romanon
3568 5130 3627 5185 et
3648 5127 3879 5187 Simeo-

2438 5232 2574 5273 nem
2606 5234 2719 5291 pax
2743 5217 2824 5275 sit
2852 5218 3188 5277 constituta.

1818 5336 2062 5395 VARIE
2104 5337 2517 5400 LECTIONES.

538 5442 604 5483 "3
633 5442 958 5503 dextuxerit
987 5443 1040 5502 1.
1116 5442 1185 5481 ⁸⁷⁸
1211 5446 1489 5514 ermenga
1519 5439 1569 5497 1.
1599 5440 1655 5496 2.
1724 5435 1799 5474 “‘7‘
1828 5450 2079 5511 papam
2100 5439 2163 5498 '1;

2240 5440 2305 5479 ιτα
2334 5440 2734 5500 sambucam
2761 5444 2816 5499 2.
2892 5443 2960 5481 "7
2989 5442 3211 5502 visione
3237 5442 3290 5502 1.

2049 5561 2283 5628 δοΤῶ

539 5665 655 5753 (93)
684 5662 915 5732 Scilicet
940 5662 1244 5749 apostasia
1267 5680 1427 5745 reus,
1453 5663 1527 5727 ad
1556 5661 1836 5727 saeculum
1863 5676 2153 5728 reversus.
