4050 6426
135 374 268 436 861.

1078 371 1694 436 ANTAPODOSEOS
1737 371 1942 436 LIBRI
1989 373 2164 435 SEX.
2194 407 2271 418 -—
2299 375 2449 436 LIB.
2496 376 2606 438 III.

3421 377 3558 440 842.

136 503 386 577 cipibus,
407 518 524 561 non
541 518 720 576 parva
744 503 895 560 inter
915 519 1012 559 eos
1042 501 1350 561 admiratio
1376 507 1517 570 erat,
1550 521 1656 560 cur
1685 503 1777 558 in-
1808 503 1865 572 Α
1891 521 2192 576 pannosus
2222 507 2552 578 despectus,
2576 507 2704 579 ejus
2735 511 2931 562 tamen
2958 504 3199 578 loquelae
3233 505 3413 580 scius,
3437 506 3537 580 qui

133 594 304 650 solito
335 609 434 649 rex
451 593 595 650 hora
610 592 712 664 huj
722 591 952 648 usmodi
979 591 1337 648 dormitaret.
1355 593 1617 665 Cumque
1637 599 1781 649 stre-

132 685 280 756 pitu,
311 688 378 741 ut
407 683 698 756 spadones
737 683 1036 755 quondam
1085 681 1476 748 Holofernem,
1513 682 1782 755 evigilare

131 773 482 842 niterentur,
508 771 762 839 nullum,
786 771 1284 844 quemadmodum
1317 771 1782 844 ipse[sc.010fer-

131 863 280 934 nes],
298 861 540 920 omnino
555 861 732 917 dabat
744 877 1114 934 responsum.
1131 861 1572 918 Introeuntibus
1583 864 1780 917 autem

127 951 450 1008 tentorium
489 950 786 1022 nichilque
816 950 1304 1023 repperientibus,
1349 955 1582 1023 raptum
1622 950 1778 1007 hunc

126 1042 247 1110 alii,
267 1041 642 1097 interfectum
657 1039 754 1096 alii
778 1039 1175 1096 clamitabant.
1194 1040 1604 1106 Nemotamen,
1621 1040 1775 1111 quod

125 1131 438 1203 transfuga
469 1131 648 1200 ﬁeret,
677 1127 796 1184 ullo
833 1129 1007 1186 modo
1041 1129 1504 1184 animadvertere
1529 1132 1772 1200 poterat.

124 1221 344 1277 Verum
367 1220 476 1275 hac
490 1219 630 1276 dum
646 1218 1032 1278 admiratione
1047 1217 1414 1283 ﬂuctuarent,
1431 1217 1676 1273 nuntius
1689 1234 1777 1272 ve-

125 1313 211 1367 nit
240 1310 345 1384 qui
374 1309 592 1366 diceret
618 1307 938 1364 Rodulfum
969 1323 1164 1379 regem
1195 1322 1373 1378 super
1402 1323 1500 1362 eos
1525 1323 1658 1361 cum
1682 1306 1777 1361 ad-

123 1399 400 1456 versariis
412 1414 614 1455 eorum
628 1397 773 1454 velle
786 1397 1025 1452 irruere.
1044 1395 1152 1461 Qui
1169 1413 1304 1451 mox
1316 1395 1510 1451 animo
1523 1412 1628 1450 con
1636 1399 1775 1452 ster-

124 1490 269 1562 nati,
288 1493 414 1547 tam
432 1487 604 1544 celeri
628 1491 926 1560 cmperunt
948 1487 1086 1559 fuga
1106 1485 1424 1553 discedere,
1449 1488 1512 1540 ut
1531 1503 1646 1542 non
1664 1485 1773 1541 hos

123 1596 378 1648 currere,
408 1578 532 1645 sed,
569 1577 619 1632 si
649 1577 892 1644 videres,
926 1574 1146 1631 diceres
1176 1574 1555 1631 transvolare.

190 1672 279 1726 12.
293 1673 561 1741 Cumque
573 1664 1010 1732 Mediolanium,
1023 1667 1216 1720 tutum
1230 1663 1453 1720 scilicet
1465 1664 1535 1719 ad
1553 1663 1768 1732 locum,

121 1759 548 1832 pervenissent,
583 1772 872 1812 consensu
905 1755 1252 1826 Lampertus
1297 1752 1768 1824 archiepiscopus

123 1849 389 1907 omnium
422 1845 672 1920 Hugoni,
689 1843 1096 1918 potentissimo
1114 1847 1170 1899 et
1189 1841 1624 1914 sapientissimo
1639 1842 1769 1897 Pro-

121 1938 466 1996 vincialium
497 1933 719 2002 comiti,
753 1933 993 1990 mandat
1026 1936 1089 1987 ut
1117 1932 1177 1987 in
1201 1930 1428 1987 Italiam
1458 1929 1651 1986 veniat
1682 1947 1766 1986 re-

124 2045 428 2105 gnumque
439 2024 686 2082 Rodulfo
711 2041 781 2080 au
791 2025 934 2080 ferat
954 2022 1183 2094 sibique
1204 2024 1470 2094 potenter
1490 2020 1766 2076 obtineat.

124 2123 258 2178 Erat
286 2120 450 2175 enim
479 2115 653 2189 longe
684 2130 753 2170 ex
792 2117 1052 2186 tempore
1090 2111 1293 2167 multis
1326 2108 1686 2183 argumentis
1715 2113 1772 2165 et

124 2212 246 2284 ipse
277 2206 618 2283 periclitans
638 2206 699 2277 [τ.
723 2221 768 2260 e.
791 2203 1132 2275 temptans],
1151 2201 1198 2257 si
1224 2201 1367 2256 forte
1387 2215 1629 2272 regnum
1644 2215 1772 2271 pos-

123 2305 208 2358 set
236 2298 504 2356 obtinere
535 2295 820 2352 Italicum.
852 2293 957 2348 Hic
986 2292 1144 2348 enim
1177 2296 1233 2347 et
1263 2289 1593 2362 Berengarii
1643 2289 1770 2359 jam

124 2386 415 2445 nominati
445 2385 1023 2459 registemporecum
1055 2380 1257 2436 multis
1277 2380 1338 2434 in
1368 2378 1595 2434 Italiam
1608 2393 1773 2433 vene-

123 2483 239 2547 rat;
265 2477 372 2534 sed
393 2475 538 2548 quia
549 2472 828 2547 regnandi
845 2475 1082 2543 tempus
1091 2470 1144 2526 ei
1161 2469 1422 2525 nondum
1437 2468 1770 2535 advenerat,

124 2587 156 2624 a
185 2565 538 2639 Berengario
567 2563 805 2620 territus
835 2565 927 2618 est
956 2563 1133 2632 atque
1160 2559 1422 2631 fugatus.

194 2659 280 2714 13.
314 2653 605 2712 Rodulfus
649 2651 900 2724 denique
940 2666 1076 2706 cum
1126 2647 1469 2704 inﬁdelitate
1527 2660 1772 2702 suorum

127 2746 580 2822 prenominatos
612 2741 972 2798 adversarios
1003 2755 1279 2810 superare
1309 2753 1426 2791 non
1469 2739 1684 2808 posset,
1711 2733 1772 2789 in

129 2835 530 2911 Burgundiam
555 2831 849 2905 profectus
875 2831 991 2902 (an.
1015 2829 1163 2896 626),
1195 2825 1531 2881 Bruchardo
1561 2827 1772 2878 Suevo-

130 2945 256 2983 rum
290 2925 449 2991 duci,
469 2923 642 2994 cujus
673 2919 782 2976 sibi
816 2917 996 2974 ﬁliam
1019 2916 1290 2988 conjugio
1320 2913 1642 2986 copularat,
1676 2912 1773 2967 de-

133 3017 383 3082 nuntiat,
410 3017 474 3068 ut
495 3011 586 3067 sui
617 3010 676 3064 in
708 3007 990 3065 auxilium
1019 3005 1230 3061 veniat.
1255 3003 1361 3067 Qui
1392 3001 1648 3059 collectis
1679 3017 1776 3056 co-

132 3103 262 3176 piis,
282 3117 414 3157 cum
434 3096 682 3154 Rodulfo
694 3092 999 3153 confestim
1023 3093 1083 3148 in
1101 3091 1328 3149 Italiam
1350 3095 1439 3147 est
1456 3090 1772 3162 profectus.

131 3193 393 3263 Cumque
429 3187 773 3260 Eporegiam
819 3183 1238 3257 pervenissent.
1275 3180 1590 3238 Rodulfum
1631 3184 1772 3234 Bru-

133 3283 382 3338 chardus
415 3275 793 3345 ita-convenit
833 3293 846 3331 :

201 3372 289 3428 14.
315 3393 344 3420 ‹‹
369 3370 500 3442 Ipse
529 3382 634 3438 ego
667 3370 732 3421 ut
762 3363 1070 3437 legationis
1096 3362 1335 3418 obtentu
1358 3358 1774 3416 Mediolanium

133 3459 488 3534 proficiscar,
506 3473 620 3511 non
645 3454 966 3510 absurdum
1003 3452 1250 3507 videtur.
1282 3451 1400 3506 Hac
1421 3450 1578 3505 enim
1612 3464 1775 3503 occa-

135 3551 294 3607 sione
318 3548 524 3604 urbem
555 3543 871 3617 explorare,
896 3545 1069 3613 atque
1098 3556 1299 3596 eorum
1331 3543 1531 3611 potero
1562 3553 1774 3609 cogno-

135 3656 292 3697 scere
331 3635 711 3692 voluntatem.
745 3653 771 3682 n
824 3631 1123 3686 Profectus
1163 3629 1434 3699 denique,
1481 3644 1612 3683 cum
1650 3627 1776 3697 jam

137 3727 552 3786 Mediolanium
587 3719 1318 3795 pervcnissct,priusquam
1345 3717 1550 3772 urbem
1579 3716 1802 3795 ingre—A

137 3821 388 3886 daretur,
405 3816 479 3872 ab
501 3813 654 3869 beati
677 3828 742 3867 ac
765 3809 1026 3884 ρι’ωοίοεὶ
1054 3807 1330 3880 martyris
1358 3805 1650 3862 Laurentii
1687 3821 1779 3859 ec-

137 3908 376 3964 clesiam
409 3901 691 3960 orationis
743 3899 932 3972 gratia
959 3897 1309 3966 declinavit;
1346 3898 1466 3964 sed,
1500 3899 1567 3950 ut
1596 3895 1776 3960 aiunt,

138 4015 250 4055 non
269 3999 502 4052 tantum
523 3989 828 4064 peticionis
857 3987 1066 4062 gratia,
1099 3991 1388 4059 quantum
1421 3985 1658 4041 alterius
1701 3983 1782 4039 rei

137 4086 342 4160 gratia.
372 4083 588 4140 Dicunt
617 4080 774 4137 enim
807 4079 946 4151 quia
967 4094 1144 4150 prope
1171 4075 1461 4131 civitatem
1484 4079 1572 4130 est
1604 4073 1782 4130 eccle-

138 4177 244 4248 sia,
277 4174 426 4230 miro
447 4175 623 4243 atque
647 4167 924 4242 praecioso
956 4182 1128 4238 opere
1157 4165 1459 4230 fabricata,
1501 4181 1635 4219 eum
1668 4163 1783 4218 ibi-

140 4267 269 4322 dem
301 4261 694 4320 munitionem
722 4257 1076 4314 constituere
1101 4254 1266 4321 velle,
1299 4271 1414 4326 qua
1443 4271 1558 4309 non
1593 4251 1784 4309 solum

139 4352 608 4411 Mcdiolanenses
637 4348 739 4404 sed
769 4351 827 4402 et
856 4345 1054 4418 plures
1077 4343 1252 4399 Italiae
1277 4342 1571 4414 principes
1593 4341 1787 4396 coher-

141 4461 265 4500 cere
296 4439 668 4498 decrevisset.
702 4437 839 4492 Inde
878 4451 1013 4490 vero
1045 4433 1263 4502 exiens,
1298 4448 1431 4488 cum
1457 4432 1627 4501 juxta
1656 4448 1786 4484 mu-

139 4551 270 4590 rum
303 4529 558 4588 civitatis
581 4526 896 4599 equitaret,
913 4523 1115 4596 lingua
1138 4520 1392 4594 propria,
1413 4520 1523 4575 hoc
1540 4523 1629 4575 est
1647 4519 1790 4575 Teu-

1893 594 2103 650 horum
2135 596 2397 652 omnium
2429 598 2736 670 Lamperto
2758 595 3158 668 archiprtesuli
3174 595 3328 653 celer
3351 596 3543 656 factus

1893 689 1983 741 est
2005 685 2391 752 nuntius.Qui
2417 686 2858 760 uteratingenio
2886 685 3542 757 callens,Bruchardum
3571 727 3581 738 .

1892 790 2008 829 non
2033 775 2312 846 despexit,
2339 777 2440 832 sed
2467 775 2620 832 malo
2653 777 2853 832 animo
2883 792 3022 832 eum
3045 775 3392 848 suscipiens,
3425 776 3536 832 mi-

1890 862 2151 919 rabiliter
2180 864 2516 935 honoravit;
2551 867 2650 923 sed
2683 870 2739 922 et
2759 865 2912 922 inter
2941 869 3131 922 cetera
3159 865 3267 921 hoc
3290 865 3459 937 quasi
3481 867 3532 922 ei

1890 952 2188 1026 privilegio
2211 954 2428 1010 amoris
2450 955 2756 1024 concessit,
2777 973 3012 1012 cervum
3043 954 3323 1028 quatinus
3347 971 3452 1012 suo
3474 955 3536 1011 in

1889 1040 2074 1098 brolio
2103 1047 2413 1098 venaretur
2436 1045 2520 1114 1⁸9,
2547 1046 2702 1117 quod
2734 1045 2880 1100 nulli
2907 1062 3169 1117 unquam
3201 1043 3315 1101 nisi
3369 1045 3534 1101 karis

1887 1130 2057 1187 simis
2081 1132 2427 1204 magnisque
2458 1134 2636 1190 cessit
2665 1134 2892 1191 amicis.
2927 1137 3271 1207 Lampertus
3308 1133 3534 1191 interea

1885 1217 2198 1290 Papienses
2229 1237 2434 1278 omnes
2465 1222 2900 1295 nonnullosque
2932 1222 3108 1279 Italiae
3143 1222 3438 1296 principes
3456 1224 3530 1279 ad

1885 1307 2205 1375 Bruchardi
2235 1327 2437 1366 necem
2468 1310 2963 1385 invitat,eumque
3010 1312 3216 1368 tandiu
3265 1312 3528 1382 retinuit,

1884 1397 2068 1454 donec
2099 1415 2302 1456 omnes
2333 1400 2434 1472 qui
2469 1401 2728 1457 occidere
2768 1401 2932 1457 illum
2984 1403 3260 1459 deberent
3287 1419 3528 1474 congre-

1883 1490 2051 1558 gatos
2083 1504 2211 1544 esse
2236 1505 2407 1561 posse
2439 1495 2719 1562 speraret.

1956 1577 2041 1630 15.
2077 1577 2317 1633 Factum
2361 1583 2450 1633 est
2491 1579 2671 1651 igitur
2703 1582 2786 1646 ut,
2814 1579 3148 1636 Bruchardo
3184 1579 3528 1637 Mediolanio

1885 1664 2237 1736 discedente,
2254 1666 2563 1722 Novariam
2577 1667 2669 1723 die
2683 1668 3009 1740 perveniret
3023 1668 3248 1724 eadem.
3269 1667 3530 1740 Cumque

1882 1754 2078 1824 isthic,
2093 1759 2263 1811 nocte
2273 1760 2592 1824 transacta,
2609 1756 2868 1813 diluculo
2895 1759 3164 1829 surgeret
3184 1757 3529 1830 Eporegiam

1883 1844 2130 1900 tendens
2143 1845 2338 1916 (April.
2355 1847 2444 1912 29,
2461 1845 2669 1901 Italicae
2684 1863 2864 1919 super
2875 1863 3008 1903 eum
3029 1846 3316 1902 irruentes
3338 1846 3530 1902 subito

1883 1950 2205 2006 apparuere
2229 1933 2571 2007 phalanges.
2600 1937 2755 2001 Quas
2778 1940 2979 1993 contra
3011 1939 3074 1991 ut
3101 1935 3189 1991 vir
3218 1935 3529 1993 bellicosus

1882 2027 2176 2095 properat,
2211 2040 2411 2079 verum
2444 2041 2579 2080 mox
2606 2025 2805 2097 fugam
2851 2025 3126 2096 inceptat.
3149 2025 3219 2080 Et
3251 2025 3528 2097 quoniam

1882 2114 2206 2168 secundum
2229 2112 2381 2169 beati
2405 2113 2515 2170 Job
2530 2113 2900 2184 sententiam,
2921 2113 3210 2170 terminus
3239 2114 3369 2184 ejus
3389 2131 3525 2170 con-

1883 2201 2124 2258 stitutus
2173 2201 2442 2274 preteriri
2494 2219 2610 2258 non
2643 2205 2868 2274 poterat
2885 2203 3001 2275 (Job
3049 2219 3160 2270 xxv,
3195 2203 3269 2274 5),
3302 2207 3359 2259 et
3388 2205 3525 2276 quia

1883 2289 2058 2347 fallax
2077 2307 2264 2363 equus
2285 2292 2357 2347 ad
2388 2291 2635 2348 salutem
2656 2292 2828 2358 (Psal.
2848 2293 3159 2361 xxm,17,)
3189 2292 3248 2346 in
3279 2292 3519 2362 fossam,

1882 2397 2008 2452 qua:
2023 2397 2224 2437 muros
2236 2381 2442 2438 circuit
2453 2380 2703 2436 civitatis
2714 2426 2726 2450 ,
2741 2397 2926 2453 equus
2939 2380 3213 2437 decidens
3231 2397 3364 2437 eum
3399 2399 3526 2455 pro-

1875 2469 2034 2542 jecit.
2051 2472 2172 2536 Quo
2203 2473 2259 2526 et
2289 2471 2361 2524 ab
2378 2470 2740 2526 irruentibus
2760 2469 3036 2526 Ausoniis
3054 2469 3272 2526 lanceis
3291 2471 3524 2528 confos—

1883 2577 2006 2626 sus,
2038 2560 2219 2614 vitam
2253 2564 2437 2615 morte
2459 2559 2860 2615 commutavit.
2897 2559 2999 2614 Sui
3032 2559 3284 2632 denique
3314 2560 3424 2617 hoc
3447 2562 3525 2617 vi-

1883 2649 2400 2720 dentes,quoniam
2429 2648 2539 2704 alio
2561 2666 2676 2704 non
2708 2652 2996 2720 poterant,
3019 2647 3174 2704 intra
3218 2648 3524 2706 ecclesiam

1883 2737 2244 2794 sanctissimi
2274 2738 2626 2794 confessoris
2656 2737 2873 2794 Christi
2913 2737 3225 2793 Gaudentii
3272 2739 3524 2812 fugiunt.

1881 2827 2123 2883 Ausonii
2153 2827 2370 2898 itaque,
2400 2831 2466 2882 ut
2497 2843 2564 2882 ex
2592 2826 2914 2882 Bruchardi
2949 2826 3126 2881 minis
3154 2843 3269 2883 non
3302 2828 3529 2885 medio-

1885 2915 2357 2972 criterinﬂamati
2384 2920 2558 2987 atque
2589 2915 2898 2988 indignati,
2933 2916 3183 2972 ecclesiae
3201 2917 3354 2973 fores
3368 2917 3532 2973 fran~

1885 3007 2384 3077 gunt,omnesque
2407 3003 2465 3058 in
2484 3021 2548 3060 ea
2571 3008 2830 3076 repertos
2849 3005 2959 3060 sub
2994 3004 3122 3076 ipso
3153 3005 3330 3062 etiam
3361 3005 3529 3063 altari

1886 3091 2246 3149 confodiunt.

1959 3182 2224 3246 16.Quod
2249 3179 2532 3237 Rodulfus
2566 3185 2630 3236 ut
2659 3180 2900 3247 audivit,
2937 3180 3162 3236 Italiam
3194 3182 3524 3255 d'ereliquit,

1805 3258 1848 3326 C
1886 3274 1944 3327 et
1963 3270 2360 3342 Burgundiam
2381 3271 2634 3342 percitus
2648 3269 2832 3341 petiit.
2849 3269 2963 3324 Hec
2984 3269 3178 3341 itaque
3191 3270 3332 3326 dum
3350 3287 3531 3344 agun-

1884 3360 2201 3432 tur,Hugo,
2235 3358 2661 3415 Arelatensium
2693 3375 2796 3414 seu
2830 3358 3278 3440 Rrovincialium
3306 3376 3528 3433 comes,

1885 3450 2080 3506 navim
2112 3449 2547 3518 conscenderat,
2581 3453 2636 3504 et
2663 3465 2764 3520 per
2794 3449 3086 3521 Tyrenum
3119 3465 3281 3506 mare
3311 3451 3370 3505 in
3417 3455 3524 3508 Ita-

1884 3540 2024 3596 liam
2055 3540 2385 3596 festinabat.
2425 3540 2574 3594 Deus
2604 3537 2822 3609 itaque,
2849 3538 2947 3609 qui
2981 3538 3137 3594 hnnc
3170 3539 3227 3593 in
3251 3539 3417 3596 Italia
3447 3557 3531 3597 re-

1887 3645 2065 3701 gnare
2117 3628 2406 3700 cupiebat,
2441 3628 2733 3699 prosperis
2784 3643 2918 3682 eum
2971 3627 3209 3683 ﬂatibus
3249 3629 3404 3686 brevi
3435 3630 3531 3685 Al-

1888 3718 2122 3790 pheam,
2159 3718 2266 3772 hoc
2297 3722 2386 3773 est
2414 3717 2775 3788 Pisam,quae
2821 3720 2910 3771 est
2935 3717 3191 3772 Tussciee
3224 3718 3530 3790 provinciae

1889 3812 2083 3878 caput,
2109 3807 2387 3874 duxerat;
2411 3807 2483 3860 de
2515 3823 2630 3877 qua
2661 3805 2742 3862 sic
2776 3806 2935 3861 Maro
2967 3807 3077 3879 (99)
3107 3807 3412 3879 Alphewab
3429 3811 3535 3865 ori-

1891 3898 2019 3966 gine
2053 3896 2217 3952 Pisae.

1965 3987 2050 4040 17.
2083 3986 2345 4057 Cumque
2391 3986 2591 4040 eodem
2640 3985 3014 4055 pervenisset,
3058 3985 3245 4040 adfuit
3292 3986 3537 4042 Romani

1891 4091 2073 4146 papae,
2107 4073 2393 4130 Johannis
2411 4071 2635 4128 scilicet
2667 4071 3018 4126 Ravennatis
3041 4072 3288 4128 nuntius
3313 4074 3396 4130 ¹⁹⁰.
3431 4075 3514 4128 Ad

1892 4164 2131 4218 fuerunt
2160 4162 2334 4216 etiam
2352 4177 2516 4233 poene
2548 4159 2813 4214 omnium
2829 4158 3190 4215 Italiensium
3211 4161 3422 4227 nuntii,
3439 4162 3537 4234 qui

1893 4251 2150 4317 hunc,ut
2180 4267 2356 4320 super
2377 4250 2534 4320 ipsos
2569 4251 2854 4320 regnaret,
2883 4248 3075 4304 modis
3097 4249 3372 4307 omnibus
3396 4251 3539 4306 invi-

1893 4340 2116 4395 tabant.
2153 4339 2204 4392 Is
2235 4341 2453 4402 autem,
2478 4340 2542 4391 ut
2571 4340 2695 4392 erat
2723 4335 2896 4408 longo
2927 4335 3035 4393 hoc
3063 4355 3132 4393 ex
3160 4342 3421 4410 tempore
3437 4355 3538 4394 cu-

1896 4429 2083 4502 piens,
2118 4425 2350 4497 Papiam
2381 4425 2634 4498 percitus
2666 4424 3200 4499 venit,cunctisque
3222 4428 3539 4485 coniventi-

1897 4519 2008 4574 bus
2023 4533 2268 4588 regnum
2281 4516 2536 4588 suscepit
2551 4515 2678 4586 (Jul.
2692 4515 2911 4585 9).Post
2924 4515 3227 4586 paululum
3242 4518 3542 4574 Mantuam

141 4622 353 4689 tonica,
387 4636 528 4676 suos
558 4617 642 4673 ita
671 4613 1010 4672 convenit:«
1041 4611 1100 4667 Si
1130 4610 1430 4667 Italienses
1449 4625 1654 4665 omnes
1671 4625 1789 4664 uno
1819 4633 1868 4699 D
1901 4605 2178 4672 abiit,ubi
2200 4609 2256 4660 et
2275 4603 2572 4661 Johannes
2597 4619 2748 4676 papa
2778 4603 2830 4659 ei
2862 4620 3164 4674 occurens,
3185 4606 3376 4666 foedus
3407 4623 3542 4664 cum

141 4713 224 4768 uti
243 4707 659 4768 tantummodo
681 4704 912 4771 calcari,
929 4703 1326 4772 informesque
1339 4716 1453 4755 non
1478 4698 1662 4755 fecero
1695 4715 1786 4754 ca-

141 4801 418 4857 ballicare
431 4813 633 4870 equas,
651 4813 767 4851 non
791 4810 923 4851 sum
946 4790 1354 4857 Bruchardus;
1386 4788 1787 4845 fortitudinem

143 4889 439 4962 siquidem
457 4885 612 4941 muri
638 4884 818 4954 hujus
831 4899 933 4938 seu
950 4879 1342 4944 altitudinem,
1367 4894 1484 4949 qua
1497 4895 1559 4933 se
1573 4877 1790 4932 muniri

145 4979 470 5045 conﬁdunt,
490 4973 693 5030 nichili
727 4972 949 5046 pendo;
975 4971 1137 5042 jactu
1174 4967 1390 5040 quippe
1405 4966 1617 5022 lanceae
1650 4983 1790 5021 meae

147 5066 511 5124 adversarios
542 5064 613 5119 de
643 5078 812 5118 muro
861 5064 1124 5116 mortuos
1172 5055 1563 5129 praecipitabo.
1600 5077 1628 5106 »
1664 5055 1792 5111 Haec

147 5161 341 5213 autem
355 5172 422 5212 eo
442 5154 692 5221 dicebat,
709 5151 989 5225 quoniam
1006 5149 1298 5206 neminem
1328 5146 1791 5202 adversariorum

147 5263 263 5302 suae
296 5245 378 5301 ibi
403 5243 617 5314 linguae
649 5257 900 5316 gnarum
933 5255 1061 5296 esse
1112 5238 1372 5310 putabat.
1413 5235 1628 5290 Verum
1687 5253 1793 5292 suo

147 5333 341 5392 omine
373 5350 491 5391 non
538 5333 690 5389 bono
723 5331 966 5404 quidam
1005 5327 1135 5384 istic
1182 5328 1398 5394 aderat,
1436 5341 1794 5396 quamquam

1900 4713 1966 4754 eo
1996 4694 2303 4768 percussit.

1971 4788 2055 4841 18.
2072 4786 2194 4850 Quo
2226 4788 2488 4856 tempore
2506 4784 2674 4839 Berta
2700 4787 2885 4839 matre
2909 4785 3064 4857 regis
3083 4785 3270 4858 ipsius
3282 4786 3544 4861 Hugonis

1899 4878 2148 4943 mortua,
2181 4873 2375 4940 Wido,
2410 4872 2566 4928 filius
2617 4874 2767 4944 ejus,
2799 4890 2973 4946 quem
3005 4891 3074 4930 ex
3101 4876 3409 4933 Adelberto
3451 4893 3548 4949 ge-

1900 4968 2106 5021 nuerat
2135 4963 2289 5018 sicut
2319 4961 2991 5034 praediximus,Tussciee
3019 4982 3276 5021 marcam
3306 4965 3546 5021 tenebat

1903 5057 1988 5124 191,
2025 5053 2123 5124 qui
2157 5051 2468 5108 Maroziam
2501 5055 2760 5107 scortum
2794 5053 3116 5108 Romanam
3149 5054 3262 5110 sibi
3306 5068 3546 5109 uxorem

1903 5146 2220 5215 acceperat.

1981 5234 2063 5287 19.
2098 5230 2230 5287 Fuit
2259 5234 2454 5286 autem
2488 5247 2586 5286 rex
2615 5230 2781 5302 Hugo
2825 5247 2941 5286 non
2990 5231 3236 5288 minoris
3294 5229 3546 5288 scientiae

1906 5339 2082 5396 quam
2131 5320 2398 5390 audatiaz,
2432 5337 2535 5376 nec
2587 5319 2932 5378 inﬁrmioris
2976 5319 3337 5379 fortitudinis
3369 5337 3549 5396 quam

1504 5422 1742 5479 VARI/E
1779 5419 2197 5481 LECTIONES.

217 5506 286 5544 ’θ’
359 5506 739 5564 ueneraretur
769 5501 821 5560 1.
898 5501 966 5538 19°
994 5497 1231 5558 nuntios
1264 5499 1316 5555 1.
1393 5496 1456 5533 ¹⁹¹
1489 5495 1766 5556 tenebant
1796 5498 1847 5555 1.

1725 5594 1958 5660 NOTAE.

222 5675 336 5759 (99)
365 5676 492 5736 Ain.
522 5693 581 5749 x,
619 5675 738 5734 179.

467 5802 737 5871 PA'IBOL.
781 5795 1092 5882 CXXXVI.

3167 5795 3250 5865 27
