4050 6432
469 381 592 443 843

1430 375 1907 440 LIUTPRANDI
1949 371 2497 438 CREMONENSIS
2541 372 2918 439 EPISCOPI.

3762 374 3887 437 844

479 509 820 570 calliditatis
846 527 860 577 ;
885 507 984 564 Dei
1025 506 1200 563 etiam
1231 507 1418 564 editor
1445 510 1776 579 sanctasque
1826 505 2125 579 religionis
2150 504 2211 574 Α
2239 523 2350 579 que
2379 507 2839 565 conversationis
2870 505 3137 564 habitum
3165 505 3457 579 sumpsit;
3485 506 3546 562 in
3576 521 3695 578 quo
3750 510 3888 579 post

479 603 808 659 amatorum
836 599 1100 665 amator;
1124 596 1186 651 in
1206 613 1532 669 pauperum
1565 594 2015 652 necessitatibus
2032 612 2128 651 cu~

475 689 665 746 riosus
701 705 714 757 ;
747 702 888 759 erga
928 684 1185 742 aeolesias
1234 685 1402 741 valde
1455 684 1743 742 sollicitus
1773 703 1787 752 ;
1821 684 2124 758 religiosos

475 776 989 851 phylosophosque
1037 775 1191 831 viros
1230 792 1346 831 non
1396 774 1588 831 solum
1632 775 1887 841 amabat,
1921 791 2123 830 verum

476 866 653 923 etiam
675 864 902 922 fortiter
928 864 1270 920 honorabat.
1297 864 1404 929 Qui
1432 864 1539 921 etsi
1562 867 1648 919 tot
1672 864 1994 920 virtutibus
2009 863 2124 920 cla-

478 956 662 1026 rebat,
694 953 1007 1010 mulierum
1032 957 1230 1009 tamen
1262 952 1554 1009 illecebris
1586 969 1683 1008 eas
1715 953 1965 1009 fedabat.

547 1044 755 1100 20.Hic
774 1060 843 1100 ex
864 1044 1217 1099 Francorum
1250 1058 1461 1115 genere
1501 1042 1954 1098 Teutonicorum
1986 1059 2126 1097 uxo-

478 1150 600 1190 rem
630 1136 931 1205 acceperat
961 1132 1200 1189 nomino
1227 1130 1604 1204 Aldam,quae
1639 1130 1824 1187 ﬁlium
1857 1130 1908 1186 ei
1943 1146 2125 1204 genu-

479 1227 601 1280 erat
629 1221 865 1279 nomine
895 1221 1256 1279 Lotharium.
1294 1221 1594 1276 Habuerat
1623 1237 1763 1277 sane
1810 1222 1950 1275 tunc
1979 1223 2126 1276 tem-

481 1312 639 1385 poris
652 1329 721 1368 ex
738 1312 994 1383 quadam
1010 1311 1253 1367 muliere
1268 1308 1940 1377 nobilissima,vocahulo
1954 1309 2131 1364 Wan-

482 1400 772 1468 delmoda,
797 1399 985 1455 lilium
1019 1398 1257 1455 nomine
1279 1401 1629 1464 llubertum,
1653 1398 1753 1469 qui
1772 1415 1925 1452 nunc
1944 1414 2129 1469 usque

483 1492 749 1565 superest
774 1492 831 1544 et
856 1489 1077 1545 Tusciae
1110 1486 1410 1560 provintiae
1433 1486 1706 1557 princeps
1732 1490 1938 1557 potens
1960 1485 2131 1541 habe-

482 1584 597 1635 tur.
632 1579 813 1650 Cujus
867 1583 997 1634 acta
1044 1577 1159 1632 Deo
1207 1575 1476 1648 pr0pitio,
1513 1574 1638 1630 suis
1687 1574 1746 1628 in
1779 1573 1920 1630 locis
1956 1592 2128 1647 expo-

485 1672 716 1724 nentur.

554 1757 643 1810 21.
679 1756 919 1826 Hugone
954 1754 1133 1825 igitur
1164 1768 1295 1826 rege
1327 1752 1662 1817 constituto,
1695 1752 1847 1808 sicut
1875 1752 1961 1807 vir
1992 1769 2129 1825 pru-

486 1843 892 1910 dentissimus,
908 1841 1111 1898 ubiubi
1130 1846 1420 1897 terrarum
1445 1841 1867 1913 cmpitnuntios
1889 1858 2027 1897 suos
2050 1841 2132 1897 di-

488 1931 1160 2006 rigere,!multorumque
1205 1945 1406 2002 regum
1440 1946 1540 1985 seu
1571 1930 1900 2001 principum
1934 1930 2132 1986 amici-

484 2022 627 2077 tiam
651 2037 925 2094 quaarere,
955 2020 1209 2075 Heinrici
1250 2018 1575 2091 praesertim
1610 2018 1988 2075 famosissimi
2039 2037 2132 2076 re-

485 2110 594 2183 gis,
619 2109 741 2181 qui,
766 2113 830 2163 ut
858 2125 1037 2180 supra
1066 2107 1540 2175 memoravimus,
1559 2107 1880 2179 Bagoariis,
1904 2108 2127 2177 Suevis,

483 2197 892 2270 Lotharingiis,
928 2196 1165 2253 Francis
1198 2200 1375 2269 atque
1420 2196 1747 2252 Saxonibus
1781 2196 2128 2269 imperabat.

486 2289 589 2346 Hic
606 2287 781 2344 etiam
801 2286 1142 2343 Sclavorum
1163 2285 1777 2358 gentcminnumeram
1797 2286 2135 2358 subjugavit

491 2378 721 2450 sibique
750 2376 1118 2432 tributariam
1142 2375 1317 2443 fecit;
1351 2375 1578 2446 primus
1616 2374 1792 2430 etiam
1825 2374 1916 2430 hic
1943 2384 2134 2432 Uanos

492 2464 827 2539 subjugavit
857 2464 1086 2536 sibique
1116 2463 1332 2520 servire
1363 2462 1765 2536 coegit,acper
1792 2463 1901 2519 hoc
1918 2480 2128 2522 nomen

489 2573 665 2613 suum
699 2553 901 2609 multis
934 2551 1189 2608 nationis
1217 2553 1282 2587 1”
1315 2551 1537 2607 celebre
1569 2551 1720 2607 fecit.

559 2648 648 2699 22.
683 2645 802 2699 Rex
828 2642 1009 2714 igitur
1038 2642 1204 2714 Hugo
1235 2657 1370 2697 cum
1402 2656 1566 2713 reges
1600 2640 1835 2696 sibimet
1873 2659 1939 2697 ac
1968 2642 2132 2714 prin-

488 2733 647 2805 cipes
688 2729 907 2789 amicos
957 2728 1339 2784 circumcirca
1398 2716 1757 2801 adquireret,
1805 2731 2033 2787 studuit
2075 2736 2133 2788 et

485 2820 744 2877 Achiviis
773 2835 987 2874 nomen
1019 2835 1193 2873 suum
1224 2817 1396 2889 longe
1426 2834 1460 2872 a
1489 2817 1658 2873 nobis
1690 2818 1895 2890 positis
1928 2824 2131 2878 notum

486 2910 696 2966 facere.
725 2907 1057 2979 Imperabat
1083 2923 1217 2962 vero
1244 2906 1337 2962 his
1370 2910 1506 2962 tunc
1539 2907 1820 2979 temporis
1851 2910 2133 2966 memoria

484 2998 628 3056 satis
659 3001 716 3055 et
744 2996 916 3053 laude
937 2996 1153 3076 dignus
1171 2996 1471 3052 Romanas
1494 2995 1830 3068 imperator,
1849 2996 2128 3064 liberalis,

483 3089 800 3153 humanus,
818 3086 1076 3158 prudens
1097 3102 1163 3141 ac
1186 3084 1348 3158 pius;
1369 3085 1462 3141 cui
1485 3102 1619 3141 cum
1643 3090 1878 3159 pr0pter
1899 3104 2129 3145 morum

481 3177 852 3251 probitatem,
868 3180 991 3230 tum
1013 3173 1472 3248 propterlinguze
1486 3174 1877 3232 urbanitatem
1903 3177 2128 3248 genito-

481 3283 604 3323 rem
637 3282 832 3321 meum
865 3263 1064 3336 dirigit
1088 3263 1385 3318 nuntium.

551 3355 641 3408 23.
671 3354 778 3417 Qui
828 3369 963 3408 cum
1023 3352 1229 3407 eodem
1278 3352 1655 3423 pervenisset,
1692 3353 1843 3408 inter
1898 3359 2124 3424 caetera,

483 3460 610 3515 quae
640 3440 971 3513 imperatori
999 3440 1258 3495 Romano
1291 3456 1388 3495 rex
1438 3439 1602 3513 Hugo
1651 3457 1900 3498 munera
1952 3445 2124 3500 mise-

483 3536 575 3587 rat
648 3529 1087 3601 “°,bujusmodi
1106 3529 1253 3584 duos
1271 3545 1444 3584 canes
1457 3529 1716 3598 adduxit,
1734 3530 1936 3602 quales
1959 3533 2015 3586 in
2039 3550 2126 3589 ea-

483 3621 616 3676 dem
648 3635 763 3674 non
796 3623 936 3673 sunt
965 3617 1278 3690 aliquando
1310 3618 1497 3689 patria
1522 3619 1650 3674 visi.
1679 3620 1787 3685 Qui
1817 3622 1960 3676 dum
1993 3626 2125 3678 ante

483 3707 896 3779 imperatorem
927 3706 1157 3761 adducti
1189 3706 1462 3773 fuissent,
1494 3706 1606 3762 nisi
1639 3707 1959 3764 multorum
1990 3710 2123 3766 bra-

481 3796 629 3852 chiis
650 3799 1004 3864 tenerentur,
1029 3811 1164 3851 eum
1196 3795 1465 3867 protinus
1497 3795 1791 3852 morsibus
1815 3796 2120 3855 laniarent.

480 3886 627 3941 Puto
650 3884 828 3955 enim,
855 3884 992 3956 quia
1014 3884 1155 3939 dum
1188 3883 1342 3939 hunc
1368 3888 1682 3940 Grecorum
1703 3902 1861 3942 more
1890 3886 2121 3944 teristro

476 3974 624 4046 (100)
655 3976 922 4046 opertum
944 3972 1266 4045 habituque
1288 3972 1522 4029 insolito
1543 3973 2119 4045 videruntindutum,

477 4079 593 4119 non
626 4062 924 4118 hominem
956 4062 1058 4118 sed
1083 4065 1413 4119 monstrum
1447 4061 1684 4135 aliquod
1711 4067 2080 4136 putaverunt.

542 4153 632 4207 24.
665 4152 923 4223 Denique
954 4168 1166 4224 magno
1217 4168 1351 4208 cum
1384 4151 1604 4208 honore
1649 4152 1721 4208 ab
1753 4154 1955 4210 eodem
1990 4172 2118 4212 sus-

473 4246 676 4315 ceptus
709 4242 775 4275 ‘9‘
793 4245 882 4297 est
909 4242 1279 4313 imperatore.
1313 4241 1428 4296 Nec
1458 4245 1578 4296 tam
1611 4257 1714 4313 pro
1753 4241 1834 4297 rei
1866 4245 2121 4302 novitate

472 4335 572 4386 aut
599 4346 910 4386 munerum
941 4329 1364 4402 magnitudine,
1382 4333 1668 4401 quantum
1685 4331 1964 4402 quoniam
1978 4333 2117 4389 dum

470 4420 748 4492 praefatus
777 4418 1003 4491 genitor
1017 4417 1451 4475 Tessalonicam
1480 4419 1758 4488 venisset,
1779 4419 2116 4477 Sclavorum

469 4508 732 4580 quidam,
760 4507 859 4580 qui
885 4506 1127 4563 rebelles
1158 4508 1419 4563 Romano
1451 4508 1787 4581 imperatori
1808 4510 2119 4566 extiterant

2234 596 2358 653 dies
2380 597 2449 652 15
2471 600 2760 665 mortuus,
2797 612 2889 651 me
2914 593 3155 668 parvulo
3186 592 3485 660 derelicto,
3502 592 3782 667 migravit
3813 594 3888 649 ad

2234 685 2751 742 Dominum.Nunc
2782 688 2979 742 autem
3004 684 3282 756 quoniam
3314 682 3889 756 imperatoris'Poaa-

2235 786 2339 843 νοῦ,
2362 774 2420 830 id
2449 778 2540 832 est
2569 773 2837 842 Romani,
2860 773 3079 830 mentio
3102 773 3254 828 facta
3274 776 3383 839 est,
3400 770 3888 845 quistueritqua-

2234 864 2436 920 literve
2493 864 2567 920 ad
2624 863 2856 936 imperii
2917 861 3151 918 culmen
3207 860 3554 933 pervenerit,
3606 860 3707 917 hic
3768 879 3887 918 non

2236 953 2558 1009 absurdum
2590 951 2737 1007 mihi
2763 951 2991 1007 videtur
3020 950 3367 1006 inserere‘“.

2304 1041 2741 1113 25.1mperante
2768 1041 2977 1106 Leone,
3001 1036 3365 1096 Constantini
3386 1037 3565 1109 hujus
3594 1038 3885 1111 genitore,

2234 1141 2462 1202 Ῥομάνος
2491 1131 2809 1203 imperator
2845 1128 2977 1196 iste,
3011 1135 3582 1202 quamquammoxdq,
3612 1127 3886 1200 ptochos,

2235 1221 2293 1276 id
2326 1224 2415 1279 est
2447 1236 2685 1293 pauper,
2714 1219 2785 1274 ab
2833 1217 3108 1274 omnibus
3158 1221 3356 1272 tamen
3387 1226 3651 1292 χρήσιμος,
3673 1217 3887 1274 chrisi-

2238 1327 2386 1378 mos,
2419 1309 2477 1364 id
2508 1312 2596 1364 est
2627 1307 2811 1375 utilis,
2835 1306 3336 1363 habebatur.Erat
3351 1311 3546 1362 autem
3577 1323 3649 1362 ex
3669 1306 3891 1362 mexlio-

2238 1398 2435 1455 oribus
2466 1397 2610 1470 ipsis
2642 1397 2739 1468 qui
2774 1394 2965 1451 navali
2997 1411 3194 1467 pugna
3225 1394 3519 1467 stipendia
3535 1395 3606 1451 ab
3628 1394 3886 1467 impera-

2238 1492 2360 1542 tore
2393 1488 2752 1558 acceperant.
2786 1484 2894 1550 Qui
2936 1501 3068 1538 cum
3119 1482 3316 1554 sepius
3365 1487 3422 1538 et
3460 1483 3672 1539 iterum
3703 1490 3771 1547 εἷς
3794 1495 3888 1551 τὴν

2241 1586 2427 1647 μάιην,
2456 1575 2508 1631 is
2539 1573 2625 1629 tin
2685 1571 2940 1640 machin,
2974 1570 3032 1627 id
3088 1575 3179 1627 est
3235 1570 3297 1626 in
3349 1587 3566 1644 pugna,
3598 1570 3890 1627 nonnulla

2238 1671 2599 1739 χρησιμότατα,
2634 1660 3054 1726 chrisimotata,
3102 1659 3159 1715 id
3209 1662 3299 1715 est
3346 1657 3531 1726 utilia,
3578 1660 3818 1729 faceret,
3853 1678 3886 1718 a

2239 1754 2349 1810 sibi
2400 1750 2708 1825 praeposito
2760 1749 2904 1805 adeo
2935 1756 3139 1819 ἐτιμήθη
3197 1748 3280 1815 ¹⁹⁷,
3342 1756 3468 1812 ὁπως
3496 1757 3890 1821 προτοκαραϐος,

2239 1842 2489 1899 etimithi
2512 1857 2654 1913 opos
2677 1843 3104 1912 protocaravos,
3129 1836 3187 1892 id
3219 1841 3307 1893 est
3335 1837 3654 1893 hdnoratus
3685 1842 3797 1905 est,
3826 1842 3891 1895 ut

2243 1932 2469 2005 primus
2500 1930 2737 1986 navium
2770 1928 2894 1984 fieri
2914 1930 3252 1982 mereretur.
3271 1926 3533 1990 Quadam
3565 1930 3763 1983 autem
3786 1942 3889 1983 no-

2242 2025 2350 2087 cte,
2382 2021 2523 2075 dum
2581 2016 2945 2091 exploratum
3003 2016 3323 2072 Saracenos
3378 2014 3585 2083 abiret,
3616 2019 3895 2089 essetque

2240 2110 2443 2167 eodem
2468 2109 2527 2163 in
2549 2107 2674 2164 loco
2699 2105 2868 2174 palus
2890 2109 3063 2177 atque
3095 2104 3511 2160 arundinetum
3544 2122 3659 2160 non
3692 2104 3892 2160 modi-

2241 2215 2395 2267 cum,
2431 2196 2676 2268 contigit
2702 2194 2928 2250 leonem
2961 2192 3390 2249 ferocissimum
3423 2209 3491 2249 ex
3541 2193 3893 2251 arundineto

2242 2285 2532 2361 prosilire,
2564 2298 2983 2355 cervorumque
3023 2280 3462 2338 multitudinem
3506 2282 3566 2337 in
3609 2281 3894 2355 paludem

2243 2377 2587 2446 dimergere,
2609 2382 2912 2444 unumque
2933 2387 3135 2427 eorum
3167 2387 3391 2443 capere,
3418 2370 3620 2443 sicque
3650 2372 3717 2407 ¹⁹⁸
3749 2389 3892 2427 ven-

2240 2465 2349 2521 tris
2407 2462 2631 2518 rabiem
2684 2459 2972 2534 mitigare.
3033 2469 3246 2531 Ρομάνος
3276 2468 3326 2516 δὲ
3353 2469 3371 2490 ¹
3397 2470 3482 2516 τὸν
3510 2468 3673 2517 αὐτῶν
3730 2469 3894 2535 ψόφον

2242 2563 2437 2611 ἄιουων
2478 2558 2744 2608 ἐδειλίασεν
2809 2557 3011 2623 σφόδρα,
3070 2550 3363 2605 Romanos
3423 2549 3495 2605 de
3548 2554 3649 2606 ton
3711 2555 3899 2607 auton

2241 2642 2448 2716 psoi‘on
2478 2657 2662 2696 acuon
2695 2637 2976 2695 ediliasen
3006 2638 3222 2707 sl‘odra,
3255 2637 3314 2693 id
3345 2641 3435 2694 est
3492 2639 3790 2706 Romanos
3823 2642 3898 2677 19°

2242 2735 2438 2788 autem
2468 2745 2669 2787 eorum
2697 2727 2955 2784 sonitum
2982 2727 3247 2796 audiens,
3269 2727 3470 2783 timuit
3496 2726 3685 2784 valde.
3715 2730 3899 2786 Puta-

2239 2820 2322 2876 vit
2347 2819 2504 2876 euim
2534 2819 2957 2875 Saracenorum
3007 2815 3444 2873 multitudinem
3477 2834 3627 2883 esse,
3663 2818 3771 2890 qui
3833 2835 3900 2876 se

2240 2911 2617 2982 conSpectum
2638 2906 2843 2962 fraude
2863 2904 3283 2978 aliquavellent
3313 2905 3660 2978 perhimerc.
3677 2916 3898 2982 Ὀρθρου

2242 3007 2294 3056 δέ
2326 3006 2526 3072 βαθέως,
2563 2996 2765 3053 orthru
2814 2995 2885 3051 de
2931 2994 3193 3063 vatheos,
3226 2994 3281 3050 i‘d
3316 2998 3405 3051 est
3458 3011 3631 3051 mane
3689 3000 3895 3054 autem

2238 3088 2428 3161 primo
2457 3102 2764 3159 exurgens,
2787 3101 2920 3140 cum
2938 3083 3387 3157 diligentissime
3404 3090 3615 3141 cuncta
3629 3085 3901 3143 conside-

2240 3181 2413 3247 raret,
2460 3174 2785 3247 conspectis
2841 3172 3121 3246 vestigiis,
3154 3180 3346 3243 εὐθέως,
3378 3172 3644 3242 eutheos,
3678 3173 3737 3229 id
3800 3180 3897 3231 est

2238 3267 2440 3323 statim
2457 3264 2600 3338 quid
2612 3263 2721 3319 hoc
2733 3266 2909 3332 esset,
2928 3260 3180 3336 agnovit.
3199 3263 3385 3320 Leone
3404 3262 3603 3335 itaque
3626 3263 3685 3318 in
3707 3280 3813 3318 aru
3826 3281 3895 3320 n-

2239 3357 2435 3412 dineto
2490 3357 2910 3420 commorante,
2956 3360 3205 3423 Ῥομάνος,
3266 3352 3563 3408 Romanus
3635 3351 3890 3410 Grecum

2238 3445 2454 3518 ignem,
2490 3444 2589 3516 qui
2613 3441 2773 3499 nullo
2805 3444 3013 3514 praeter
3050 3440 3196 3497 aceti
3246 3440 3471 3513 liquore
3499 3440 3887 3515 extinguitur,

2238 3532 2497 3605 undique
2528 3548 2631 3605 per
2652 3529 3066 3588 arundinetum
3076 3530 3302 3601 jactare
3321 3529 3611 3603 praecepit.
3635 3531 3773 3586 Erat
3790 3549 3892 3588 au-

2236 3625 2354 3678 tem
2372 3623 2432 3678 in
2446 3621 2794 3678 arundineto
2812 3636 3051 3676 acervus
3081 3618 3141 3674 in
3165 3618 3553 3676 arundinibus
3574 3620 3809 3693 plenus,
3828 3621 3888 3677 in

2234 3728 2409 3784 quem
2440 3728 2506 3767 eo
2528 3708 3009 3783 confugiens,illo
3057 3713 3147 3766 est
3192 3709 3262 3765 ab
3285 3708 3418 3781 igne
3449 3708 3890 3767 salvatus.Ven-

2231 3805 2328 3856 tus
2360 3801 2576 3873 quippe
2605 3797 2897 3855 contraria
2925 3814 2993 3854 ex
3023 3801 3189 3870 parte
3220 3797 3391 3866 ﬂans,
3422 3797 3643 3871 ignem,
3676 3815 3748 3853 ne
3810 3801 3887 3856 ad

2233 3906 2502 3945 acervum
2522 3904 2708 3960 usque
2728 3887 3073 3960 perveniret,
3094 3886 3393 3943 ammovit.
3415 3887 3708 3943 Romanos
3737 3904 3887 3959 prae-

2232 3982 2390 4035 terea
2419 3981 2551 4051 post
2578 3976 2731 4049 ignis
2753 3977 3168 4033 extinctionem
3187 3994 3303 4033 uno
3322 3979 3552 4032 tantum
3574 3993 3709 4032 cum
3722 3993 3886 4034 asse-

2231 4067 2383 4135 cula,
2417 4083 2617 4122 ensem
2650 4065 2840 4122 solum
2873 4066 3096 4135 dextra,
3133 4065 3375 4121 sinistra
3403 4069 3599 4121 autem
3630 4064 3880 4138 pallium

2230 4155 2695 4230 gestans,locum
2718 4170 2954 4211 omnem
2979 4172 3298 4228 peragrans
3320 4153 3553 4225 lustrat,
3569 4154 3619 4210 si
3647 4155 3795 4212 forte
3813 4172 3881 4212 os

2229 4261 2296 4301 ex
2327 4262 2392 4302 eo
2408 4245 2496 4301 vel
2528 4245 2763 4317 signum
2794 4244 3028 4316 aliquod
3056 4243 3388 4318 repperiret.
3413 4244 3545 4300 Jam
3574 4261 3709 4301 vero
3742 4262 3881 4301 cum

2227 4334 2287 4390 in
2320 4351 2385 4391 eo
2417 4338 2682 4401 esset,'ut
2711 4332 2889 4389 nichil
2933 4333 3237 4389 inveniens
3280 4333 3603 4406 repedarct,
3636 4334 3740 4406 qui
3768 4334 3881 4392 hoc

2227 4424 2473 4480 monstri
2495 4425 2667 4490 esset,
2684 4422 2838 4495 quod
2860 4438 3100 4477 acervus
3132 4420 3228 4478 ille
3255 4422 3331 4478 sit
3351 4420 3571 4494 abigne
3587 4422 3874 4492 salvatus,

2237 4512 2467 4568 studuit
2485 4512 2691 4568 visere.
2719 4511 2983 4583 Cumque
3017 4511 3132 4566 duo
3168 4514 3401 4583 propter
3418 4511 3542 4582 [i.e.
3564 4511 3747 4583 justa]
3783 4530 3879 4569 as-

468 4600 801 4667 terramque
831 4595 959 4667 ejus
990 4595 1444 4668 depopulabant,
1461 4614 1638 4668 super
1666 4614 1800 4652 eum
1820 4598 2119 4655 irruerunt
2146 4621 2195 4687 Ι)
2227 4601 2519 4669 sisterent,
2544 4618 2860 4673 secumque
2891 4601 3068 4656 rebus
3098 4616 3168 4656 ex
3199 4598 3501 4655 nonnullis
3533 4601 3877 4656 confabula-

464 4684 681 4739 Verum
700 4683 800 4739 Dei
826 4688 1020 4739 actum
1052 4690 1141 4740 est
1170 4685 1403 4757 pietate,
1442 4689 1506 4741 ut
1531 4685 1645 4740 duo
1677 4702 1878 4741 eorum
1902 4685 2115 4759 princi-

467 4789 571 4847 pes
600 4772 738 4838 vivi,
771 4772 1071 4829 nonnullis
1104 4774 1373 4841 mortuis,
1406 4778 1770 4846 caperentur.
1788 4777 1943 4841 Quos
1973 4777 2118 4833 dum

462 4865 847 4936 praesentaret
877 4861 1236 4934 imperatori,
1273 4862 1563 4919 immensa
1585 4867 1673 4920 est
1701 4864 1945 4922 affectus
1974 4864 2116 4923 laeti-

469 4953 579 5019 cia,
609 4968 943 5025 magnoque
975 4952 1045 5007 ab
1068 4968 1132 5007 eo
1159 4952 1389 5025 genitor
1418 4969 1659 5009 munere
1689 4953 1880 5019 datus,
1902 4955 1971 5009 ad
2007 4956 2121 5011 Hu-

462 5056 673 5115 gonem
706 5058 928 5115 regem,
964 5042 1065 5114 qui
1111 5059 1173 5098 se
1212 5041 1364 5097 istuc
1388 5041 1796 5097 transmiserat
1827 5044 1909 5110 ‘93,
1943 5044 2116 5101 rediit

458 5129 646 5187 laetus.
663 5132 800 5187 Post
816 5131 1073 5187 reditum
1097 5147 1229 5185 vero
1248 5131 1297 5201 ej
1308 5146 1397 5197 us,
1415 5129 1619 5201 paucis
1634 5130 1992 5202 interpositis
2016 5151 2115 5190 so-

457 5217 633 5289 libus,
652 5219 891 5293 langore
913 5223 1240 5292 correptus,
1257 5218 1676 5274 monasterium
1700 5220 2117 5291 petiitsanctaa-

2228 4694 2377 4757 rent,
2408 4690 2497 4746 leo
2527 4708 2626 4747 eos
2654 4694 2887 4746 tantum
2918 4688 3157 4761 audivit,
3186 4689 3467 4761 quoniam
3504 4688 3745 4762 quidem
3801 4690 3876 4746 ob

2228 4779 2546 4852 caligantes
2604 4779 2804 4835 oculos
2845 4805 2974 4853 mpa
3000 4789 3068 4835 τῶ
3098 4803 3287 4847 καπνω,
3327 4795 3470 4850 para
3534 4781 3594 4832 to
3664 4795 3875 4851 capno,

2228 4868 2383 4940 quod
2412 4871 2501 4923 est
2527 4869 2601 4923 ob
2627 4867 2878 4935 fumum,
2910 4867 3105 4925 videre
3135 4884 3251 4924 non
3283 4866 3494 4940 potuit.
3524 4865 3741 4922 Volens
3763 4866 3877 4940 igi-

2226 4961 2324 5012 tur
2343 4955 2431 5013 leo
2453 4956 2633 5012 animi
2656 4956 2747 5013 sui
2780 4958 3054 5026 furorem,
3074 4974 3250 5029 quem
3272 4958 3343 5013 ab
3369 4957 3502 5028 igne
3524 4961 3873 5028 conceperat

2225 5046 2284 5101 in
2319 5045 2426 5102 hos
2457 5062 2736 5114 evomere,
2770 5046 2921 5102 saltu
2954 5046 3350 5119 rapidissimo,
3378 5062 3495 5117 qua
3522 5044 3759 5101 illorum
3780 5061 3878 5102 vo-

2224 5151 2320 5191 ces
2352 5135 2636 5202 audierat,
2650 5135 2930 5192 eosinter
2949 5135 3219 5208 prosiliit.
3244 5135 3538 5191 Romanos
3565 5149 3721 5202 vero,
3752 5149 3873 5190 non

2222 5228 2288 5279 ut
2318 5241 2462 5280 suus
2483 5224 2748 5281 assecula
2767 5224 3054 5296 pavitans,
3078 5224 3178 5280 sed
3202 5240 3270 5280 ea
3289 5223 3485 5297 potius
3516 5227 3711 5279 mente
3729 5239 3872 5279 con-

1805 5317 2046 5375 VARL’E
2086 5321 2503 5380 LECTIONES.

1194 5391 1257 5426 ¹⁰³
1288 5406 1533 5446 munera
1563 5390 1615 5445 1.

456 5456 589 5584 ἐξεεοὶ
631 5464 913 5529 quaternio
942 5479 1105 5530 unus,
1134 5465 1425 5534 perierunt
1468 5462 1522 5516 5.
1602 5462 1666 5497 ¹⁰⁷
1699 5456 1982 5526 ετημιθηἿξ

506 5545 560 5584 az
590 5546 677 5584 ur.

505 5546 677 5597 gitur.

529 5387 595 5422 ¹⁹²
626 5390 648 5443 ἰ
675 5406 723 5444 e.
756 5391 1112 5447 nationibus.

1695 5390 1761 5426 ¹⁹⁴
1791 5397 2104 5465 suspeptus
2141 5401 2187 5452 1.
2267 5395 2383 5449 19“t

1699 5462 1902 5526 ετημιθη
1936 5465 1982 5521 1.
2064 5467 2128 5503 ¹⁹⁸
2159 5466 2328 5540 sique
2359 5467 2383 5521 1

2256 5485 2328 5523 ue
2359 5485 2410 5521 1.

2267 5395 2332 5430 19‘
2360 5394 2737 5451 tranmiserat
2768 5395 2818 5451 1.
2899 5395 2963 5431 ¹⁰⁶
2991 5396 3277 5466 sequentia
3303 5409 3470 5466 usque
3489 5410 3609 5466 cap.
3643 5393 3872 5466 44,δεί-

2489 5466 2556 5503 ¹⁹⁹
2584 5467 2665 5525 ita
2700 5468 2920 5541 scripsi,
2954 5469 3019 5525 in
3045 5465 3226 5527 codice
3277 5465 3501 5527 Nomen
3552 5465 3872 5540 proprium

2033 5609 2264 5674 ΝΟΤΛΕ.

523 5668 667 5762 (100)
700 5671 1131 5750 Velamentum,
1156 5675 1406 5754 pallium
1438 5676 1779 5742 mulierum.
