4050 6434
158 487 284 556 849

1102 493 1720 563 ANTAPODOSEOS
1765 491 1972 564 LIBRI
2017 495 2192 566 SEX.
2226 533 2303 548 --
2333 499 2480 567 LIB.
2528 501 2630 567 Ill.

3451 499 3570 568 850

157 629 338 684 tanta
392 623 700 702 dignitatis
758 629 901 700 erat,
935 632 996 688 et
1048 627 1411 700 leucolenon,
1441 633 1502 689 id
1537 638 1646 712 est,
1679 633 1814 690 alba
1838 637 1892 704 Α
1922 636 2341 710 phyrogenitus
2365 641 2420 694 et
2440 639 2556 694 duo
2570 635 2760 694 caeteri
2777 637 3178 712 sequerentur.
3199 638 3361 706 Quod
3385 655 3564 712 quam

156 717 418 784 brachia,
477 715 758 776 Helenam
812 719 996 778 filiam
1053 737 1224 778 suam
1280 723 1568 796 imperiali
1618 724 1807 797 digni-

155 808 260 864 tati
333 807 660 880 copularat,
735 809 1170 866 rubricatarum
1257 811 1497 883 pellium
1577 811 1802 883 caligis,

153 901 220 954 ut
247 896 428 953 isthic
481 896 901 970 imperatorum
961 900 1142 955 moris
1194 906 1300 962 est,
1353 905 1636 957 uteretur.
1694 901 1806 956 Sed

152 1001 260 1043 nec
285 987 400 1042 hoc
429 986 669 1058 quidem
713 989 857 1043 satis
887 989 940 1044 ei
966 989 1160 1044 visum
1193 990 1322 1044 fuit.
1357 990 1644 1062 Equidem
1675 993 1806 1062 post

153 1075 336 1132 unius
391 1075 532 1131 anni
606 1075 857 1144 sinaxin,
941 1091 1076 1134 cum
1135 1078 1436 1151 amplioris
1501 1080 1626 1150 jam
1701 1095 1802 1151 po-

149 1161 336 1222 tentie
411 1168 586 1233 esset,
663 1166 882 1222 talibus
959 1168 1300 1240 adgreditur
1355 1169 1589 1223 eosdem
1675 1184 1801 1224 ser-

153 1254 430 1310 monibus
477 1253 814 1326 principes:
877 1277 906 1306 α
939 1255 1224 1321 Quoniam
1257 1257 1556 1312 communi
1610 1261 1802 1312 vestro

142 1343 360 1416 juditio
403 1343 494 1399 est
538 1341 845 1400 deﬁnitum
891 1339 1297 1416 imperialibus
1331 1361 1424 1400 me
1455 1345 1540 1399 uti
1573 1345 1796 1417 caligis,

149 1441 558 1506 περιφανέστατοε
579 1440 780 1506 ἡρωαις,
838 1433 1258 1505 perifanestati,
1346 1435 1403 1489 id
1476 1441 1554 1489 est
1635 1435 1798 1489 nobi-

149 1517 364 1578 lissimi
443 1521 670 1589 heroes,
727 1525 930 1578 vestrae
990 1522 1359 1578 auctoritatis
1410 1521 1801 1577 benivolentia

152 1625 282 1684 qua
337 1609 697 1680 contulistis,
773 1609 1048 1667 videntur
1115 1612 1387 1667 mihimet
1441 1611 1602 1673 ἀγλαοί
1629 1610 1795 1671 ἀπινα,

149 1699 316 1772 αείω
347 1699 552 1771 apice,
579 1701 636 1754 id
677 1707 754 1756 est
782 1700 1064 1771 praeciosa
1092 1701 1263 1768 dona,
1297 1699 1634 1772 diligentius
1662 1715 1796 1754 vero

147 1787 542 1848 consideranti
563 1788 754 1844 visum
771 1793 862 1844 est
875 1789 1020 1844 mihi
1038 1789 1390 1844 histrionum
1409 1789 1796 1844 mimorumve

145 1883 308 1934 more
333 1877 621 1945 incedere,
672 1876 774 1949 qui
823 1882 892 1932 ut
917 1879 989 1934 ad
1019 1879 1205 1933 risum
1238 1876 1408 1934 facile
1440 1878 1646 1932 turbas
1676 1876 1794 1931 illi-

145 1967 320 2036 ciant,
337 1965 521 2022 variis
548 1981 676 2022 sese
697 1967 1022 2040 depingunt
1053 1966 1364 2023 coloribus.
1399 1965 1605 2022 Risum
1638 1965 1796 2020 deni-
1824 1995 1884 2072 Β,

144 2071 258 2130 que
287 2055 424 2114 aliis
469 2067 588 2112 non-
635 2055 847 2125 solum,
882 2057 986 2111 sed
1034 2056 1179 2111 mihi
1211 2056 1386 2112 etiam
1425 2055 1537 2128 ipsi
1567 2071 1787 2125 moveo,

143 2147 284 2202 dum
316 2145 578 2218 pedibus
595 2144 1027 2217 imperatorem,
1061 2145 1262 2218 capite,
1277 2161 1650 2201 communem
1665 2144 1795 2199 imi-

139 2235 250 2292 tari
271 2231 490 2290 videar
517 2234 853 2306 plebem-’35.
885 2234 1032 2291 Nam
1065 2251 1192 2306 quae
1222 2234 1546 2290 comoedia?
1576 2234 1793 2289 mimus

142 2323 274 2398 quis
305 2323 565 2380 melior?
611 2323 802 2396 Igitur
828 2327 930 2380 aut
956 2339 1230 2380 coronam
1262 2325 1530 2396 praebete,
1567 2327 1668 2379 aut
1699 2333 1792 2378 ca-

139 2412 294 2487 ligas
347 2411 714 2485 imperiales,
754 2413 887 2484 quis
930 2413 1300 2469 ridiculus1m
1332 2413 1550 2486 populo
1573 2413 1788 2480 videor,

141 2503 388 2560 auferte.
421 2513 451 2554 ἠ
483 2503 602 2558 Hoc
631 2501 800 2574 plane
842 2501 1018 2571 dicto,-
1053 2503 1242 2575 magis
1273 2507 1469 2558 autem
1501 2519 1617 2574 qua
1649 2519 1790 2557 cun-

140 2593 515 2666 ctis-praeerat
527 2585 830 2664 potestatis
843 2592 1186 2648 auctoritate
1197 2593 1460 2648 omnium
1467 2591 1690 2662 judicio
1704 2607 1794 2647 eoa

137 2693 346 2738 ranam
361 2677 834 2752 rece'pit(an.920l
852 2679 1236 2752 etcaligarum
1257 2682 1524 2736 decorem
1548 2680 1791 2736 minime

139 2769 418 2844 perdidit.
473 2770 664 2840 Hujus
717 2769 961 2824 miretur
1019 2770 1390 2841 prudentiam
1441 2785 1632 2837 nemo,
1687 2771 1788 2824 sed

135 2860 350 2932 laudes
407 2859 621 2915 referat
674 2863 788 2914 D'eo
845 2859 1038 2914 cordis
1087 2876 1157 2914 ex
1205 2859 1430 2926 intimo,
1492 2859 1590 2929 qui
1623 2857 1793 2930 erigit

136 2947 522 3017 elisos-,solvit
543 2948 906 3020 compeditos
936 2949 1111 3013 (Psal.
1131 2948 1312 3020 CXLV),
1341 2948 1510 3018 cujus
1531 2946 1588 3001 in
1611 2963 1790 3002 manu

139 3037 292 3096 miix
315 3037 438 3094 vini
471 3037 616 3093 meri
647 3037 856 3110 plenus
879 3037 1144 3093 mixto”m
1166 3023 1458 3093 inclinans
1495 3053 1562 3092 ex
1591 3037 1699 3092 hoc
1731 3037 1788 3092 in

137 3128 247 3185 hoc
277 3121 464 3202 (Paul,
491 3137 674 3192 axem,
705 3125 783 3196 9).

205 3218 296 3272 36.
331 3217 390 3273 Is
419 3219 622 3272 autem
663 3215 874 3271 humili
923 3216 1114 3272 fuerat
1163 3216 1458 3288 prosapia,
1491 3230 1560 3271 ex
1588 3217 1788 3270 Arme-

139 3322 354 3362 norum
387 3303 612 3361 scilicet
626 3307 816 3377 gente,
840 3304 1146 3372 oriundus,
1172 3320 1360 3375 neque
1379 3303 1569 3360 solum
1597 3309 1790 3359 mente

139 3397 494 3466 conceperat
519 3365 784 3448 futurum
825 3405 888 3448 se
918 3391 1072 3464 regis
1118 3392 1177 3446 in
1225 3365 1360 3447 aula
1387 3409 1534 3460 esse,
1569 3385 1786 3448 nedum
1818 3365 1862 3445 C

141 3481 473 3556 imperialia
493 3485 721 3554 sceptra
740 3485 964 3537 tenere.
985 3482 1096 3537 Sed
1121 3481 1262 3553 quid
1293 3480 1606 3553 prophetes
1631 3483 1792 3536 Anna

143 3569 334 3629 dicit?
355 3589 388 3623 er
419 3569 702 3627 Dominus
754 3581 1069 3643 pauperem
1101 3570 1258 3638 facit,
1291 3570 1459 3638 ditat,
1495 3569 1789 3637 humiliat,

147 3667 206 3720 et
229 3659 546 3726 sublimat,
589 3659 884 3716 suscitans
915 3675 948 3714 a
998 3663 1153 3715 terra
1182 3659 1436 3730 inopem,
1467 3663 1522 3714 et
1553 3659 1622 3714 de
1653 3663 1794 3715 ster-

149 3767 280 3808 core
309 3749 546 3822 erigens
577 3761 914 3820 pauperem,
947 3751 1012 3803 ut
1035 3748 1240 3803 sedeat.
1263 3765 1397 3803 cum
1428 3747 1792 3819 principibus

149 3845 214 3896 et»
235 3838 456 3896 solium-
481 3835 674 3911 gloriae
697 3841 910 3893 teneat.
935 3837 1166 3893 Domini
1189 3837 1344 3892 enim
1368 3841 1506 3892 sunt
1527 3838 1795 3894 cardines

149 3932 316 3986 terra
346 3925 398 3991 (Ι
416 3929 542 3999 Reg.
575 3943 640 3997 II,
670 3923 750 3998 7).
791 3927 860 3982 Ei‘
889 3925 1086 3998 itaque
1123 3926 1463 3994 immortali,
1495 3926 1793 3994 invisibili,

155 4017 266 4075 Deo
321 4015 432 4074 sali
461 4015 649 4072 honor
691 4013 750 4070 et
801 4015 988 4087 gloria
1043 4029 1145 4087 per
1199 4001 1410 4070 cuncta
1468 4015 1798 4072 seculorum

154 4103 372 4173 secula,
397 4117 590 4160 amen.

217 4195 322 4250 37.-
349 4193 610 4266 Denique
631 4193 892 4249 Romano
912 4193 1264 4265 imperatore
1283 4193 1620 4260 constituto,
1645 4193 1801 4248 Chri-

155 4284 448 4352 stefor'on,
473 4297 648 4355 quem
695 4285 830 4339 ante
857 4282 1086 4355 imperii
1117 4281 1460 4355 dignitatem
1489 4282 1797 4348 habuerat,

156 4373 578 4446 imperatorem
602 4371 932 4440 constituit;
961 4374 1096 4444 post
1109 4361 1342 4443 imperii
1358 4385 1490 4426 vero
1522 4370 1612 4426 sui
1645 4371 1802 4425 ordi-

159 4461 456 4519 nationem
487 4473 632 4516 uxor
661 4461 792 4532 ejus
818 4459 870 4515 ei
907 4457 1095 4516 ﬁlium
1143 4459 1368 4531 peperit
1417 4458 1652 4514 nomine
1679 4462 1800 4513 Ste-

161 4551 386 4608 fanum.
413 4550 672 4606 Rursum
731 4552 1008 4621 concepto
1065 4549 1226 4616 ﬁetu,
1257 4547 1436 4603 alium
1474 4547 1526 4603 ei
1581 4547 1804 4620 peperit

157 4636 438 4696 vocabulo
493 4635 940 4693 Constantinum
979 4637 1066 4692 ³³⁸.
1117 4637 1271 4701 Quos
1303 4651 1508 4692 omnes
1553 4636 1804 4709 impera-

1921 724 2158 798 indigne
2187 727 2390 798 justus
2411 728 2596 799 judex
2623 727 2944 802 pertulerit,
2995 727 3146 784 ulcio
3195 729 3560 801 subsequens

1917 813 2246 871 declaravit.
2281 817 2428 872 Nam
2481 821 2612 890 post
2657 818 2955 874 modicum
2985 817 3434 892 Christophoros
3465 819 3564 874 de-

1917 902 2152 959 functus
2197 907 2304 959 est.
2339 906 2753 962 Constantinus
2785 905 2985 979 itaque
3027 905 3564 978 Porphyrogenitus

1915 1005 2049 1046 curn
2089 992 2335 1048 orationi
2385 997 2512 1049 tum
2565 995 2922 1050 leccionibus
2965 1009 3203 1062 vacans,
3260 999 3448 1050 totum
3503 1013 3564 1051 se

1915 1079 2156 1136 Domino
2188 1084 2656 1152 commendabat,
2681 1100 2853 1156 opere
2870 1099 3154 1140 manuum
3171 1084 3389 1139 victum
3415 1101 3564 1156 quas-

1913 1166 2115 1222 ritans.
2167 1169 2317 1224 Sane
2345 1171 2436 1228 τὴν
2467 1169 2748 1238 ζογραφίαν,
2798 1172 3110 1244 zografian,
3145 1171 3202 1226 id
3233 1175 3322 1228 est
3369 1171 3560 1242 pictu-

1911 1271 2056 1330 ram,
2091 1257 2439 1330 perpulchre
2468 1261 2788 1316 exercebat.

1979 1345 2068 1398 38.
2102 1345 2316 1401 Eodem
2371 1349 2631 1420 tempore
2657 1349 2904 1404 ~Sim'eon
2937 1348 3245 1422 Bulgarius
3295 1364 3465 1421 agros
3487 1349 3556 1384 ³³0

1910 1431 2084 1504 erepit
2111 1434 2481 1492 vehementer
2526 1437 2703 1510 aﬂigi,
2737 1437 2918 1501 Quem
2968 1439 3279 1505 Romanos,
3322 1437 3428 1492 ﬁlii
3459 1437 3552 1494 sui

1909 1519 2250 1578 Ghristol‘ori
2269 1523 2392 1579 ﬁlia
2412 1523 2530 1580 ﬁlio
2551 1525 2708 1581 illius
2731 1525 2916 1593 Petro,
2942 1528 3042 1599 qui
3073 1541 3230 1583 nunc
3262 1531 3546 1599 superest,

1907 1625 2088 1665 uxore
2108 1612 2262 1681 data,
2289 1613 2360 1667 ab
2383 1613 2612 1686 incepto
2636 1615 2829 1670 furore
2846 1615 3436 1687 conpescuit,sibique
3457 1617 3552 1670 foe-

1906 1698 2042 1754 dere
2072 1698 2282 1771 placito
2305 1701 2567 1758 sociavit.
2599 1701 2759 1759 Unde
2781 1707 2838 1759 et
2857 1704 3052 1775 puella
3069 1707 3291 1760 mutato
3317 1703 3552 1758 nomine

1905 1791 1995 1843 est
2021 1788 2181 1857 Irini,
2217 1789 2272 1845 id
2307 1796 2395 1846 est
2421 1807 2554 1864 pax,
2586 1797 2808 1860 vocata,
2841 1809 2907 1849 eo
2939 1794 3094 1866 quod
3118 1809 3220 1864 per
3251 1807 3380 1848 eam
3403 1791 3554 1846 inter

1905 1876 2204 1949 Bulgarios
2257 1881 2314 1934 et
2362 1879 2576 1936 Grecos
2631 1897 2744 1954 pax
2802 1883 2880 1938 sit
2936 1880 3280 1938 ﬁrmissima
3335 1879 3552 1938 consti-

1903 1967 2032 2020 tuta
2060 1967 2146 2021 ’31.

1970 2049 2059 2108 39.
2093 2055 2198 2110 His
2227 2059 2591 2130 temporibus
2633 2060 2970 2132 Walpertus
2999 2064 3058 2116 et
3106 2061 3275 2128 Gezo,
3325 2073 3547 2131 praeno-

1903 2142 2060 2198 mine
2089 2147 2475 2214 Heverardus,
2511 2147 2684 2220 Papie
2708 2152 3096 2220 prapotentes
3108 2148 3339 2220 judices
3358 2148 3543 2202 erant.

1901 2229 2089 2288 Causa
2117 2237 2311 2290 autem
2343 2235 2612 2307 potentiae
2637 2235 2916 2309 Walperti
2941 2237 3066 2304 haec
3092 2241 3235 2304 erat,
3267 2235 3545 2308 quoniam

1901 2320 2420 2390 Cumis,ditissimo
2433 2324 2494 2380 in
2515 2323 2663 2395 loco,
2687 2325 2873 2382 ﬁlium
2896 2341 3068 2381 suum
3083 2325 3316 2382 Petrum
3331 2324 3546 2396 episco-

1901 2426 2039 2481 pum
2059 2412 2512 2483 l'ccerat,llozam
2533 2419 2930 2488 vero,gnatam
2945 2415 3455 2482 suam,Gilleberto
3477 2413 3546 2448 ²³²

1899 2501 2096 2556 comiti
2121 2501 2320 2574 palatii
2343 2503 2614 2576 conjugio
2647 2505 2973 2560 sotiaverat.
3005 2505 3086 2560 Ea
3111 2509 3306 2559 tamen
3327 2507 3545 2574 tempe-

1900 2593 2050 2645 state
2077 2595 2318 2663 uterque
2343 2593 2652 2648 defunctus
2671 2591 3540 2664 erat.Ticinensisitaque,quod

1900 2683 1988 2734 est
2019 2679 2336 2751 Papiensis,
2372 2681 2626 2754 populus
2655 2683 2847 2738 omnis
2878 2682 2950 2737 ad
2989 2682 3145 2736 hanc
3174 2683 3560 2750 convenerat,

1899 2783 2225 2840 causasque
2247 2785 2450 2826 omnes
2477 2775 2532 2826 et
2556 2771 2980 2826 controversias
3002 2775 3135 2825 ante
3165 2785 3298 2824 eum
3330 2767 3543 2824 delibe-

1899 2857 2084 2912 rabat.
2110 2857 2556 2931 Participatione
2579 2861 2828 2932 denique
2845 2860 3112 2932 potentiae
3134 2858 3314 2930 hujus
3331 2873 3546 2912 memo-

1899 2949 2061 3001 ratus
2088 2947 2256 3014 Gezo,
2291 2949 2648 3018 prmnomine
2677 2949 3063 3015 Heverardus,
3095 2947 3372 3019 quoniam
3399 2963 3541 3018 qua-

1900 3035 2034 3089 dam
2067 3033 2352 3090 afﬁnitate
2383 3037 2431 3090 ei
2447 3037 2829 3108 jungebatur,
2853 3039 3177 3107 praepotens
3198 3035 3540 3091 habebatur.

1899 3124 2004 3188 Qui
2039 3123 2400 3180 nobilitatem
2435 3141 2602 3180 suam
2635 3127 2827 3198 pravis
2857 3125 3120 3180 moribus
3171 3125 3540 3196 deturpabat.

1898 3213 2028 3268 Fuit
2043 3213 2198 3270 enim
2227 3211 2574 3270 ambitiosus
2593 3215 2792 3280 nimis,
2817 3214 3086 3287 CUpidus,
3119 3214 3371 3279 invidus,
3397 3212 3544 3268 sedi-

1897 3301 2103 3369 tiosus,
2121 3301 2275 3374 juris
2293 3305 2616 3375 corruptor,
2645 3308 3066 3376 praeceptorum
3089 3303 3186 3358 Dei-
3207 3303 3538 3368 immemor;

1900 3391 2055 3462 quod
2077 3391 2229 3447 Deus
2250 3407 2366 3446 non
2390 3407 2600 3464 passus
2632 3396 2721 3448 est
2749 3393 2906 3448 abire
2930 3392 3213 3462 inultum;
3248 3393 3395 3447 etne
3412 3388 3541 3444 diu-

1903 3479 2016 3536 tius
2033 3479 2369 3552 protraham
2389 3497 2737 3549 sermonem,
2762 3481 3017 3537 Catilina:
3046 3481 3284 3538 omnino
3303 3477 3542 3544 similis,

1903 3569 2000 3642 qui
2033 3569 2185 3626 sicut
2215 3569 2515 3625 consulem
2545 3575 2602 3626 et
2633 3571 2715 3626 rei
2746 3571 2991 3643 publica;
3014 3571 3380 3626 defensorem
3402 3569 3547 3624 Mar-

1902 3675 2037 3714 cum
2067 3657 2324 3714 Tullium
2359 3659 2689 3715 Ciceronem
2715 3660 3038 3716 conabatur
3071 3659 3350 3725 occidere,
3385 3659 3466 3714 ita
3494 3661 3550 3713 et

1902 3749 1998 3804 hic
2027 3747 2544 3821 regem'Hugonem
2568 3750 2739 3803 morti
2770 3747 3008 3805 molitus
3030 3753 3118 3805 est
3138 3749 3385 3804 tradere.
3408 3748 3553 3812 Qua-

1905 3839 2040 3894 dam
2072 3837 2225 3893 enim
2259 3837 2370 3906 die,
2406 3839 2546 3892 dum
2571 3837 2749 3892 nichil
2773 3837 2914 3892 mali
2936 3838 3243 3910 suspicans
3269 3855 3367 3893 rex
3389 3837 3552 3907 Hugo

1904 3927 2078 3998 Papie
2111 3939 2242 3982 cum
2262 3925 2468 3997 paucis
2491 3925 2744 3998 degeret,
2769 3925 2862 3980 hic
2889 3925 3175 3981 seditione
3203 3925 3356 3979 facta
3375 3923 3556 3979 voluit

1907 4031 2084 4087 super
2113 4029 2246 4070 cum
2279 4017 2534 4080 irruere;
2571 4015 2673 4069 sed
2700 4013 3020 4086 Walperto,
3056 4013 3156 4084 qui
3189 4029 3305 4068 non
3337 4017 3458 4067 tam
3481 4011 3555 4065 fe-

1907 4105 2060 4160 rocis
2093 4103 2272 4158 animi
2303 4108 2447 4168 erat,
2481 4107 2828 4168 remorante,
2861 4102 3127 4157 tardatus
3157 4105 3265 4156 est.

1981 4191 2067 4247 40.
2101 4193 2214 4248 Nec
2247 4191 2443 4246 minus
2464 4191 2641 4246 etiam
2672 4205 2774 4246 eos
2802 4205 2900 4245 rex
2920 4189 3084 4262 Hugo
3107 4189 3230 4245 suis
3253 4187 3556 4243 rhetoricis

1908 4286 1966 4337 et
1996 4279 2166 4336 melle
2196 4279 2556 4336 dulcioribus
2581 4277 2785 4352 elogiis
2817 4278 2888 4334 ab
2923 4279 3152 4350 incepto
3185 4277 3378 4332 furore
3409 4293 3555 4331 con-

1909 4369 2154 4441 pescuit.
2193 4370 2338 4423 Dum
2375 4368 2531 4423 enim
2564 4365 2908 4423 seditionem
2941 4377 3118 4438 super
3147 4379 3207 4422 se
3255 4363 3556 4422 exhortam

1910 4457 2152 4530 atquein
2178 4458 2349 4512 domo
2365 4455 2488 4512 Wal
2497 4455 2643 4528 perti
2667 4458 3076 4528 congregatam
3095 4455 3166 4489 ’³³
3178 4461 3306 4510 esas
3319 4469 3560 4525 cognos-

1910 4550 2082 4612 ceret,
2116 4544 2454 4618 hujn'smodi
2487 4559 2688 4601 omnes
2720 4558 2822 4617 per
2850 4543 3242 4599 internuntios
3285 4551 3557 4600 sermone

1913 4635 2212 4692 convenit:
2278 4635 2478 4699 «Quid
2521 4637 2628 4702 est,
2663 4633 2820 4706 quod
2849 4637 3168 4705 tantopere,
3201 4631 3310 4688 vi‘ri
3357 4633 3559 4699 fortes,

161 4733 316 4784 tores
346 4727 735 4795 constituens,
761 4727 1073 4798 contrajus
1103 4726 1309 4797 fasque
1332 4742 1394 4781 se
1413 4729 1473 4782 et
1493 4725 1808 4782 Christofo-
1835 4747 1884 4811 D
1911 4729 2150 4796 tamque
2181 4724 2472 4795 insperate
2503 4727 2708 4811 contra
2733 4723 3061 4811 dominum,
3113 4723 3295 4802 immo
3340 4735 3558 4794 regem,

160 4831 266 4874 ron
291 4815 756 4888 primogenitum
782 4815 1024 4871 domino
1051 4815 1119 4850 ²²⁹
1145 4831 1250 4870 suo
1289 4814 1626 4886 imperatori
1657 4814 1804 4870 Con-

162 4903 434 4970 stantino
452 4903 948 4977 Porphyrog‘enito
985 4903 1326 4976 praeposuit;
1361 4903 1504 4958 adeo
1533 4902 1724 4974 plane,
1750 4907 1814 4958 ut

163 4993 548 5066 procedentes
565 4993 614 5049 is
640 4993 724 5048 tin
747 4992 1126 5065 prolempsin,
1147 4992 1256 5047 hoc
1276 4995 1366 5047 est
1393 4991 1465 5046 ad
1491 4991 1813 5062 publicum,

163 5083 234 5140 ml
284 5083 556 5138 sanctam
581 5082 874 5156 Sophyam
905 5081 1146 5150 scilicet,
1187 5080 1275 5137 vel
1323 5081 1394 5136 ad
1439 5079 1814 5147 Vlachernas,

167 5179 272 5228 seu
304 5171 388 5228 ud-
412 5173 650 5228 sanctos
695 5169 1026 5244 Apostoles,
1062 5171 1354 5227 Romanos
1385 5186 1518 5224 cum
1567 5169 1820 5226 Christo-

169 5260 362 5334 phuml
382 5257 771 5334 primogenita
792 5255 1202 5332 praecederent,
1235 5259 1652 5316 Constantinus
1682 5259 1818 5314 Por-

1915 4818 2175 4869 vestrum
2193 4812 2468 4867 com-moti
2491 4811 2633 4867 estis
2645 4809 2674 4865 ?
2685 4811 2742 4866 Si
2769 4810 3076 4884 quippiam
3091 4811 3247 4883 quod
3262 4811 3567 4883 displiceat

1923 4906 2118 4958 actum
2144 4901 2676 4968 est,consolidetur.
2693 4899 2892 4972 Neque
2908 4899 3066 4955 enim
3088 4915 3218 4956 sera
3238 4899 3566 4956 emendatio

1923 4989 2270 5063 reprehendi
2319 4989 2483 5054 solet,
2539 4989 2860 5061 praesertim
2893 4989 2942 5044 si
2991 4987 3153 5043 nulla
3205 4987 3571 5060 neglegentia

1927 5077 2319 5153 praetermissa
2335 5083 2444 5133 est.
2474 5099 2501 5128 ››
2519 5077 2619 5133 His
2642 5077 2882 5144 auditis,
2899 5077 3151 5132 furorem
3174 5075 3366 5131 cuncti
3389 5073 3571 5130 animi

1928 5169 2290 5241 mitigarent.
2316 5167 2487 5224 Solus
2505 5167 2671 5232 Gezo,
2685 5166 2744 5220 in
2759 5181 2876 5237 qua
2893 5165 3058 5237 prius
3079 5165 3267 5220 fuerat
3285 5163 3575 5236 protervia

1931 5271 2198 5324 manens,
2233 5273 2468 5330 operam
2499 5255 2674 5312 dabat
2703 5269 2818 5326 quo
2849 5267 3052 5310 omnes
3083 5267 3260 5326 super
3279 5267 3474 5325 regem
3503 5251 3576 5306 ir-

1527 5453 1768 5511 VARI/E
1829 5453 2220 5512 LECTIONES

235 5633 304 5668 ³³⁵
333 5631 584 5690 blebem.
617 5635 671 5692 4.
749 5635 816 5671 ³³⁵
845 5633 1052 5691 riculu.
1081 5634 1132 5692 l.

1237 5635 1303 5669 337
1336 5633 1485 5669 mi”;
1539 5649 1660 5669 nne-ap
1729 5627 1822 5669 mii

235 5635 304 5668 ²²⁵
333 5635 584 5690 blebem.
617 5635 671 5692 4.
749 5635 816 5671 ³³⁵
845 5635 1052 5691 riculu.
1081 5635 1132 5692 l.
1237 5635 1303 5669 ³³⁷
1336 5635 1490 5690 mitti
1537 5649 1676 5690 corr.
1729 5635 1910 5690 mixto
1943 5635 1996 5690 1.
2094 5635 2162 5668 ²²⁸
2190 5635 2470 5688 vocabulo
2521 5647 2627 5686 con
2687 5635 2902 5688 ultimae
2958 5635 3093 5687 σοάἱι

178 5703 468 5780 hu'rgenaz's'
487 5722 658 5780 voces,
705 5708 838 5778 folio
893 5707 1364 5780 sequentirexciso.
1443 5705 1513 5780 ἐξ
1541 5705 1602 5761 in
1627 5707 1731 5780 hac
1785 5722 1912 5780 voce
1961 5707 2162 5762 desinit
2187 5704 2383 5780 forte;
2438 5702 2728 5780 Vindobon.
2785 5705 3093 5780 Ilist.__prof.

175 5776 225 5832 Ι.
258 5777 493 5848 fortasse
516 5776 712 5852 Argos
731 5776 1016 5852 legendum
1088 5779 1150 5814 ’3‘
1185 5777 1460 5834 costituta
1491 5777 1538 5834 l.
1619 5777 1686 5814 ²³²
1719 5780 1797 5834 ita
1825 5779 1876 5835 l.

2094 5633 2162 5668 ²²⁸
2190 5630 2470 5688 vocabulo
2521 5647 2627 5686 con
2687 5631 2902 5688 ultimae
2958 5629 3154 5687 codicis
3205 5630 3578 5690 Claustra-neo-

3129 5707 3196 5760 Ν.
3229 5703 3334 5757 338
3408 5705 3476 5738 ²³⁰
3505 5707 3583 5759 sic

1911 5781 2141 5849 fortasse
2176 5775 2494 5834 Gisleberto
2525 5774 2827 5846 legendum.
2907 5774 2975 5811 ’33
3004 5778 3340 5847 congretam
3369 5775 3420 5830 l.
