4050 6386
429 454 543 522 851

1387 457 1865 522 LlUTPRANDI
1911 454 2458 518 CREMONENSIS
2501 453 2883 516 EPISCOPI.

3723 441 3856 510 852

436 595 934 664 rucrenteumque
952 591 2077 663 morteturpissin'iacruciarenthrum
2107 591 2164 658 Α
2194 589 2380 645 sthisa
2409 587 2673 660 epirosen
2698 591 2894 653 auten,
2924 585 3069 640 Zeus
3093 584 3162 639 de
3184 581 3508 638 echarisato
3531 584 3669 637 auto
3695 580 3856 654 polis

437 682 774 753 disponente
787 681 924 748 Deo,
946 681 1187 736 affectus
1202 683 1330 751 ejus
1353 699 1565 752 pravus
1579 681 1849 736 effectum
1875 681 2086 734 habere

436 788 554 826 non
586 770 792 842 potuit.
831 770 1063 826 Reversi
1099 769 1278 841 igitur
1309 772 1378 824 ad
1414 787 1607 842 regem
1652 769 1862 835 nuntii,
1915 769 2087 840 prout

434 859 703 918 viderant
731 864 789 916 et
818 859 1142 926 audierant,
1172 865 1539 914 enarrarunt.

509 949 595 1003 44.
629 947 815 1020 Igitur
841 964 939 1002 rex
972 950 1130 1020 [Iugo
1165 948 1284 1002 hac
1318 948 1514 1002 omnia
1546 947 1712 1018 quasi
1746 964 1848 1018 pro
1872 944 2084 1000 nichilo

438 1040 634 1093 mente
663 1035 911 1091 subdola
941 1037 1180 1102 ducens,
1218 1036 1392 1107 Papia
1440 1052 1732 1107 egressus,
1766 1035 1935 1105 longe
1976 1033 2087 1088 alio

441 1142 751 1200 properare
785 1125 1042 1192 festinat,
1079 1125 1395 1196 missisque
1417 1125 1796 1180 circumcirca
1815 1124 1981 1179 libris
1998 1124 2085 1190 πθ,

442 1215 660 1271 milites
681 1231 820 1270 suos
838 1215 908 1269 ad
923 1232 984 1270 se
996 1214 1190 1269 venire
1203 1214 1655 1286 pracepit.Quos
1669 1213 1822 1269 inter
1841 1214 2088 1268 Samson

444 1306 770 1376 prapotens
822 1319 1015 1358 comes
1049 1303 1378 1368 advenerat,
1413 1303 1512 1375 qui
1537 1304 1663 1374 jam
1695 1303 1848 1357 dicto
1878 1301 2090 1357 Gezoni

441 1391 890 1447 inimicissimus
923 1396 1065 1446 erat.
1095 1393 1148 1446 Is
1173 1393 1424 1464 denique
1450 1409 1643 1465 regem
1675 1396 1739 1446 ut
1767 1391 1932 1456 vidit,
1954 1407 2090 1446 eum

444 1481 526 1537 ita
557 1479 858 1536 convenit:
896 1480 1274 1536 «Sollicitum
1320 1485 1375 1536 te
1408 1482 1682 1552 equidem
1731 1482 1802 1536 de
1850 1478 2090 1535 urbanis

445 1569 621 1625 rebus
651 1572 852 1624 contra
881 1573 936 1624 te
967 1569 1330 1625 tumultuose
1369 1574 1426 1624 et
1473 1569 1715 1625 moleste
1745 1568 1836 1623 his
1885 1568 2092 1623 diebus

449 1658 597 1715 actis
628 1658 888 1726 intueor;
922 1675 1125 1714 verum
1156 1659 1206 1713 si
1257 1675 1350 1714 me
1381 1659 1550 1714 audis
1581 1658 1844 1729 mihique
1875 1660 2094 1713 obtem-

450 1763 640 1820 peras,
674 1746 795 1803 suis
827 1747 938 1819 ipsi
970 1747 1196 1819 laqueis
1230 1747 1554 1821 capientur.
1589 1747 1746 1804 Alter
1778 1747 1956 1814 enim,
1991 1745 2090 1818 qui

451 1835 664 1896 melius
692 1836 1007 1895 consilium
1037 1838 1174 1895 dare
1204 1837 1393 1911 possit
1424 1855 1599 1910 quam
1624 1856 1747 1910 ego,
1785 1855 1898 1893 non
1928 1834 2096 1892 facile

451 1926 697 1984 inveniri
720 1931 940 2001 potest;
971 1927 1077 1984 tibi
1099 1945 1234 1984 vero
1258 1928 1370 1999 ipsi
1392 1933 1544 1983 certe
1572 1944 1743 1984 nemo
1766 1926 1977 1982 melius
2000 1927 2096 1982 da-

450 2017 560 2074 bit.
579 2022 775 2073 Unum
800 2021 997 2073 tamen
1020 2021 1176 2089 peto,
1205 2021 1268 2071 ut
1288 2018 1428 2072 dum
1455 2017 1606 2089 capti
1629 2033 1758 2072 mea
1780 2033 1954 2088 Opera
1974 2015 2095 2070 fue-

453 2106 593 2178 rint,
622 2109 769 2162 Gezo
801 2123 937 2162 cum
969 2105 1129 2162 omni
1162 2122 1270 2161 sua
1294 2107 1551 2178 ypostasi
1584 2105 1730 2160 meis
1751 2105 2018 2160 tradatur
2039 2103 2099 2158 in

454 2195 795 2253 manibus.»
828 2197 1010 2260 Quem
1042 2196 1184 2250 dum
1215 2195 1340 2250 dari
1367 2194 1481 2250 sibi
1511 2212 1545 2251 a
1576 2211 1708 2267 rege
1733 2193 1974 2259 audivit,
1999 2193 2098 2246 ad-

448 2284 617 2357 jecit:
644 2307 671 2334 «
697 2285 826 2353 Leo,
848 2283 1176 2340 Ticinensis
1197 2282 1504 2355 episcopus
1525 2282 2101 2353 civitatis,Walperto

456 2377 514 2428 et
539 2373 748 2428 Gezoni
781 2389 897 2428 non
919 2372 1166 2427 habetur
1197 2372 1451 2440 amicus;
1486 2373 1526 2426 ii
1559 2387 1697 2427 sane
1731 2385 2102 2441 quocumque

457 2465 707 2534 possunt
735 2465 792 2518 et
821 2459 1176 2517 omnimodis
1205 2461 1605 2516 adversantur.
1630 2459 1802 2514 Scitis
1829 2458 2100 2530 denique,

458 2551 641 2607 moris
671 2566 818 2616 esse,
843 2548 964 2621 regi
993 2549 1064 2604 ab
1088 2547 1219 2604 aliis
1246 2547 1388 2603 locis
1410 2547 1649 2619 Papiam
1671 2545 1931 2602 tendenti
1953 2547 2104 2601 cives

459 2639 735 2694 forciores
765 2643 926 2693 extra
973 2637 1178 2692 urbem
1228 2653 1546 2693 occurrere.
1601 2636 1870 2691 Mandate
1912 2636 2106 2707 itaque

462 2725 615 2783 clam
647 2725 940 2798 episcOpo,
964 2729 1029 2780 ut
1059 2727 1200 2781 dum
1223 2729 1484 2798 tempore
1515 2729 1731 2782 statuto
1759 2725 1993 2796 Papiam
2017 2742 2107 2780 ve-

463 2813 688 2882 neritis,
710 2817 768 2870 et
795 2813 907 2885 ipsi
939 2814 1106 2870 nobis
1136 2819 1295 2869 extra
1325 2815 1531 2870 urbem
1564 2814 1793 2870 obviam
1822 2814 2106 2884 venerint,

465 2906 664 2976 portas
686 2902 936 2959 civitatis
959 2920 1158 2959 omnes
1181 2919 1406 2960 serrare
1440 2903 1632 2970 faciat,
1663 2902 1968 2975 clavesque
1996 2902 2108 2958 sibi

465 2993 730 3062 retineat,
759 3009 873 3064 quo
905 2993 1046 3048 dum
1071 3010 1275 3066 capere
1297 3009 1396 3049 eos
1417 2992 1766 3064 ceperimus,
1792 3009 1896 3047 nec
1925 2993 1984 3046 in
2012 3010 2107 3048 ur-

463 3081 596 3136 bem
627 3080 958 3152 confugere,
992 3097 1096 3136 nec
1121 3081 1191 3136 ab
1216 3081 1356 3135 urbe
1380 3080 1609 3151 possint
1631 3079 1914 3134 auxilium
1941 3095 2108 3150 expe-

464 3173 638 3226 ctare.
664 3192 694 3218 »
718 3170 880 3237 Quod
908 3174 965 3225 et
996 3170 1214 3225 factum
1245 3173 1352 3225 est.
1373 3169 1518 3224 Nam
1545 3169 1685 3223 dum
1719 3172 1940 3224 statuto
1967 3171 2112 3223 tem-

463 3274 602 3331 pore
634 3275 733 3314 rex
761 3258 997 3330 Papiam
1030 3259 1311 3324 tenderet,
1344 3262 1401 3312 et
1448 3257 1755 3312 memorati
1800 3257 2029 3312 obviam
2059 3255 2111 3312 ei

464 3347 706 3416 exirent,
738 3347 1045 3419 episcopus
1075 3346 1342 3414 libenter,
1369 3351 1434 3400 ut
1455 3346 1505 3401 ei
1525 3347 1875 3417 imperatum
1900 3347 2108 3413 fuerat,
2142 3333 2185 3400 C

469 3436 623 3492 fecit.
659 3437 777 3491 Rex
806 3436 1001 3506 itaque
1031 3451 1232 3490 omnes
1265 3450 1491 3506 capere,
1525 3440 1589 3489 ut
1633 3436 1880 3490 Samson
1921 3434 2111 3490 consi-

468 3523 616 3579 lium
647 3524 904 3592 dederat,
931 3523 1131 3593 jussit.
1151 3523 1467 3578 Confestim
1490 3522 1668 3594 igitur
1697 3523 1843 3578 Gezo
1865 3524 2113 3579 Samson

468 3611 744 3679 traditus,
769 3616 1016 3682 utroque
1037 3610 1260 3682 lumine
1283 3611 1567 3682 privatur,
1591 3616 1646 3666 et
1675 3611 2030 3683 lingua,qua
2054 3613 2111 3666 in

465 3715 663 3772 regem
695 3697 1124 3770 blasphemiam
1148 3699 1390 3764 dixerat,
1415 3699 1464 3753 ei
1487 3699 1876 3754 absciditur.0
1894 3701 2111 3755 factum

464 3788 634 3856 bene,
667 3787 717 3843 si
749 3787 899 3843 sicut
928 3804 1139 3855 cacus,
1170 3787 1250 3842 ita
1271 3791 1327 3842 et
1347 3791 1546 3842 mutus
1579 3787 1804 3843 cunctis
1827 3789 2114 3845 extitisset

465 3876 861 3950 temporibus!
900 3877 1010 3933 Sed
1041 3894 1072 3932 ο
1104 3875 1316 3942 scelus,
1347 3876 1624 3947 quoniam
1655 3875 1856 3949 lingua
1887 3878 2115 3933 abscisa

467 3966 761 4039 loquelam
777 3982 890 4024 non
905 3965 1509 4039 perdidit,secundum
1533 3965 1849 4021 Grecorum
1863 3966 2110 4035 fabulas,

468 4055 772 4112 oculorum
793 4055 1116 4128 privatione
1136 4055 1313 4110 vitam
1337 4054 1446 4110 sibi
1465 4053 1790 4126 protelavit,
1819 4072 1948 4126 qua
1968 4056 2114 4111 mul-

465 4145 542 4202 tis
573 4145 645 4202 ad
676 4144 991 4217 perniciem
1014 4160 1202 4216 usque
1225 4143 1282 4198 in
1306 4146 1653 4216 praesentem
1675 4144 1828 4199 diem
1853 4161 1980 4200 esse
1996 4162 2112 4201 non

468 4233 661 4290 desiit.
682 4233 908 4290 Fabula
920 4249 1054 4289 vero
1070 4233 1412 4300 ludum,cur
1425 4233 1543 4286 ceci
1561 4232 1883 4305 plurimum
1895 4234 2110 4301 vivant,

465 4323 792 4379 secundum
818 4323 1135 4378 Grecorum
1161 4320 1444 4392 ineptiam
1474 4321 1570 4376 hic
1601 4322 1955 4389 inseramus,
1985 4339 2111 4393 qua

466 4411 601 4468 talis
647 4415 736 4468 est
787 4429 800 4466 ε
849 4422 960 4474 Ζεὺς
998 4422 1080 4468 καὶ
1123 4423 1253 4482 Ἥρα
1298 4418 1472 4482 ἤρισαν
1519 4421 1632 4482 περὶ
1675 4419 1979 4482 ἀφροδισιῶν,
2027 4423 2112 4478 τὴς

466 4508 668 4557 πλειόνα
714 4509 818 4574 ἔχει
861 4509 1046 4571 ἥδομαί,
1088 4507 1137 4555 ἐν
1182 4511 1244 4570 τῇ
1293 4510 1568 4555 συννουσῐαν
1615 4525 1696 4555 και
1740 4508 1848 4556 τότε
1893 4507 2111 4572 Τιρεσίαν

465 4598 645 4660 ’Ἕϐρου
702 4597 804 4646 υἳον
857 4597 1116 4656 ἐζήτησαν.
1176 4597 1323 4652 Οὔτος
1379 4600 1472 4660 γὰρ
1540 4596 1590 4644 ἐν
1653 4598 1754 4652 ταῖς
1819 4598 2110 4661 αμφοτέραις

2195 678 2313 733 zise
2343 677 2507 745 etesi,
2535 679 2605 731 ke
2638 694 2739 731 osa
2770 675 2989 748 elegcm
3012 672 3460 744 manticalegin.
3494 676 3628 727 Hac
3650 675 3744 727 est
3766 672 3856 726 in-

2194 766 2558 838 terpretatio:
2583 765 2810 837 Jupiter
2831 770 2886 820 et
2910 765 3062 820 Juno
3085 763 3508 817 contenderunt
3528 761 3600 816 de
3630 761 3855 817 amori-

2197 856 2331 923 bus,
2356 855 2488 926 quis
2520 854 2712 925 plurcs
2744 854 2982 908 haberet
3010 852 3285 907 libidines
3317 851 3377 905 in
3409 850 3586 906 coitu.
3613 851 3685 906 Et
3709 856 3852 906 tunc

2197 945 2479 1000 Tiresiam
2508 943 2643 998 Euri
2667 943 2851 997 ﬁlium
2876 941 3286 1013 quaesiverunt.
3303 939 3657 995 Isteenimin
3678 940 3856 994 utris-

2202 1050 2314 1105 que
2342 1032 2567 1088 naturis
2588 1035 3016 1087 transmutatus
3038 1034 3144 1097 est,
3171 1029 3310 1101 quia
3331 1029 3644 1084 draconem
3667 1028 3860 1084 calca-

2197 1123 2296 1177 vit.
2331 1123 2434 1176 Hic
2471 1137 2606 1193 ergo
2629 1125 2830 1177 contra
2844 1121 3134 1176 Junonem
3161 1118 3577 1192 pronuntiavit.
3603 1119 3674 1174 Et
3694 1119 3857 1174 Juno

2202 1211 2348 1268 irata
2369 1212 2657 1267 excecavit
2688 1227 2841 1266 eum.
2866 1210 3135 1283 Juppiter
3155 1213 3350 1266 autem
3371 1208 3606 1264 donavit
3627 1208 3678 1264 ei
3706 1207 3860 1263 mul-

2197 1301 2274 1356 tis
2303 1301 2490 1356 vivere
2519 1301 2712 1367 annis,
2741 1306 2798 1356 et
2817 1305 3040 1372 quanta
3059 1301 3298 1366 diceret,
3325 1299 3640 1354 divinando
3659 1298 3859 1354 dicere

2201 1389 2311 1446 Sed
2345 1389 2653 1444 redeamus
2684 1388 2754 1443 ad
2781 1405 2924 1444 rem.
2953 1388 3122 1454 Gezo,
3148 1390 3213 1442 ut
3233 1385 3633 1458 praediximus,
3663 1401 3858 1440 mem-

2202 1477 2321 1532 bris
2335 1477 2642 1544 defcedato,
2658 1475 3162 1534 substantiaitlius
3176 1476 3469 1548 diripitur.
3488 1474 3671 1530 Ceteri
3691 1491 3858 1528 com-

2201 1567 2398 1639 plures
2428 1566 2695 1622 custodie
2729 1565 3159 1638 mancipantur.
3191 1564 3529 1637 \Valpertus
3560 1563 3621 1618 in
3654 1563 3865 1618 crasti-

2202 1673 2344 1711 num
2377 1656 2564 1728 capite
2591 1659 2915 1723 truncatur,
2942 1655 3258 1711 thesaurus
3279 1655 3407 1725 ejus
3421 1652 3690 1709 inﬁnitus
3713 1652 3862 1707 diri-

2203 1745 2378 1818 pitur.
2414 1745 2667 1800 Cristina
2697 1762 2841 1800 uxor
2871 1744 3030 1800 illius
3062 1745 3310 1817 capitur,
3346 1748 3404 1798 et
3438 1746 3503 1798 ut
3544 1743 3865 1798 thesauros

2205 1835 2465 1891 occultos
2495 1835 2710 1902 tradat,
2743 1835 2988 1889 diversis
3018 1833 3292 1889 crucibus
3340 1832 3612 1889 laniatur.
3669 1831 3867 1887 Crevit

2204 1929 2415 1980 extunc
2445 1941 2559 1979 non
2578 1923 2766 1979 solum
2781 1922 2993 1995 Papia,
3011 1923 3112 1978 sed
3132 1926 3190 1978 et
3212 1921 3273 1977 in
3289 1938 3493 1978 omnes
3511 1921 3687 1976 Italia
3708 1922 3866 1977 fines

2210 2015 2363 2085 regis
2394 2013 2569 2068 timor
2593 2031 2606 2080 ;
2642 2029 2830 2084 neque
2851 2012 3009 2067 hunc
3033 2015 3096 2066 ut
3115 2027 3279 2084 reges
3303 2015 3524 2067 ceteros
3545 2010 3867 2083 ﬂoccipen-

2210 2104 2364 2170 dere,
2397 2118 2598 2158 verum
2631 2101 2822 2157 modis
2843 2101 3120 2156 omnibus
3151 2100 3458 2155 honorare.

2283 2193 2369 2246 42.
2402 2192 2618 2246 Eodem
2649 2195 2908 2262 tempore
2935 2189 3218 2257 Ildoinus,
3263 2188 3678 2244 Laudociensis
3708 2187 3868 2261 (406)

2212 2279 2465 2335 ecclesia
2493 2278 3066 2350 episcopus,propria
3093 2279 3229 2334 sede
3251 2276 3530 2350 expulsus
3557 2278 3674 2349 (an.
3707 2278 3867 2350 928),

2214 2369 2285 2424 ad
2304 2369 2604 2440 Ilugonem
2625 2384 2840 2440 regem,
2862 2367 2953 2422 cui
2977 2366 3280 2423 affinitatis
3305 2366 3460 2422 linea
3471 2367 3869 2438 jungebatur,

2213 2457 2273 2512 in
2307 2457 2530 2512 Italiam
2560 2456 2732 2512 venit.
2767 2456 2874 2521 Qui
2907 2456 3224 2512 honorifice
3254 2455 3327 2510 ab
3357 2472 3422 2511 eo
3453 2458 3866 2528 susceptus”,

2213 2546 2607 2602 Veronensem
2637 2547 2688 2602 ei
2721 2545 3122 2618 episcopatum
3155 2546 3226 2600 ad
3253 2545 3528 2616 stipendii
3575 2546 3872 2602 concessit

2215 2653 2409 2691 usum.
2449 2637 2688 2692 Factum
2721 2639 2811 2691 est
2841 2639 3062 2703 autem,
3095 2639 3162 2690 ut
3192 2638 3323 2707 post
3351 2633 3658 2706 paululum
3691 2637 3870 2690 Lam-

2216 2729 2416 2797 pertus
2447 2724 2920 2797 archiepiscopus
2953 2728 3295 2792 moreretur,
3329 2728 3385 2780 et
3425 2723 3519 2779 hic
3558 2723 3685 2780 loco
3735 2726 3872 2795 ejus

2218 2814 2551 2871 Mediolanii
2584 2813 2894 2886 episcopus
2941 2813 3333 2868 ordinaretur.
3365 2813 3618 2868 Venerat
3667 2817 3872 2870 autem

2219 2920 2352 2958 cum
2366 2904 2600 2975 pra-fato
2625 2902 2850 2957 Ilduino
2873 2901 3198 2958 monachus
3214 2900 3750 2974 quidam.Raterius
3765 2919 3873 2958 no-

2219 2993 2502 3063 mine,qui
2515 2992 2586 3048 ob
2602 2991 2940 3064 religionem
2955 2989 3635 3063 septemqueliberalium
3650 2991 3872 3047 artium

2219 3080 2488 3154 peritiam
2517 3081 2740 3136 Verone
2763 3079 3072 3152 episcopus
3089 3079 3482 3146 constituitur,
3502 3079 3602 3134 ubi
3623 3083 3680 3135 et
3704 3079 3867 3148 Milo,

2221 3187 2394 3243 quem
2427 3187 2608 3242 supra
2654 3169 3130 3238 memoravimus,
3185 3185 3379 3225 comes
3409 3168 3740 3225 habebatur
3767 3187 3866 3225 an.

2223 3261 2367 3331 932).

2292 3351 2382 3417 1:3,
2408 3349 2575 3404 Wido
2600 3348 2838 3416 interea,
2860 3347 3084 3404 Tuscia
3106 3347 3412 3419 provincia
3439 3348 3868 3416 marchio,cum

2223 3437 2474 3493 Marocia
2499 3454 2675 3492 uxore
2688 3454 2795 3493 sua
2817 3438 2887 3492 de
2898 3437 3183 3492 Johannis
3205 3453 3364 3510 papa
3377 3437 3696 3509 dejectione
3718 3438 3874 3510 cepit

2223 3527 2593 3582 vehementer
2642 3528 2908 3594 tractare,
2944 3530 3116 3596 atque
3145 3525 3255 3580 hoc
3299 3529 3534 3597 propter
3563 3526 3867 3596 invidiam,

2225 3633 2400 3686 quam
2425 3617 2590 3670 Petro
2615 3614 2775 3669 fratri
2801 3631 2962 3685 papa
2984 3613 3304 3682 habebant,
3325 3613 3603 3685 quoniam
3626 3615 3870 3686 quidem

2224 3704 2390 3759 illum
2424 3721 2576 3775 papa
2597 3703 2749 3758 sicut
2770 3704 3004 3758 fratrem
3027 3704 3328 3775 proprium
3359 3703 3702 3759 honorabat.
3727 3708 3872 3760 Con-

2221 3794 2354 3865 tigit
2383 3794 2580 3864 itaque
2613 3793 2777 3848 Petro
2809 3792 2990 3848 Rome
3019 3793 3285 3864 degente,
3309 3793 3619 3850 Widonem
3649 3793 3870 3851 multos

2223 3881 2502 3936 habuisse
2525 3881 2675 3936 clam
2696 3880 2913 3936 milites
2926 3885 3326 3954 congregatos.
3347 3881 3611 3954 Cumque
3623 3881 3718 3937 die
3730 3899 3872 3954 qua-

2224 3972 2358 4026 darn
2392 3988 2543 4043 papa
2563 3987 2698 4025 eum
2721 3971 2896 4025 fratre
2916 3971 3236 4042 paucisque
3257 3971 3388 4027 aliis
3413 3970 3472 4026 in
3494 3971 3869 4027 Lateranensi

2224 4059 2437 4132 palatio
2469 4063 2640 4115 esset.
2661 4058 2930 4115 Widonis
2961 4063 3016 4114 et
3033 4059 3294 4116 Marocia
3319 4076 3494 4131 super
3521 4075 3618 4115 eos
3650 4059 3869 4116 milites

2223 4149 2542 4217 irruentes,
2561 4148 2793 4203 Petrum
2818 4147 3013 4203 fratris
3041 4147 3230 4220 ipsius
3251 4152 3384 4203 ante
3405 4148 3602 4204 oculos
3631 4147 3868 4205 interfe-

2224 4242 2459 4306 cerunt;
2495 4239 2745 4294 eundem
2776 4254 2910 4293 vero
2933 4254 3143 4309 papam
3165 4237 3744 4309 comprehendentes,
3769 4255 3868 4294 cu-

2225 4328 2412 4383 stodie
2443 4328 2877 4398 manciparunt,
2910 4327 2968 4381 in
3003 4343 3121 4398 qua
3147 4343 3262 4382 non
3291 4327 3477 4382 multo
3509 4331 3642 4398 post
3659 4331 3750 4383 est
3769 4329 3870 4384 de-

2222 4418 2425 4472 funtus
2457 4418 2544 4470 23°.
2572 4415 2749 4470 Aiunt
2775 4416 2930 4471 enim
2963 4417 3117 4487 quod
3149 4415 3392 4471 cervical
3440 4432 3616 4488 super
3644 4433 3709 4472 os
3740 4418 3869 4488 ejus

2222 4506 2586 4577 inponerent,
2621 4504 2822 4576 sicque
2870 4521 3003 4559 eum
3039 4504 3294 4576 pessime
3324 4505 3692 4560 suﬁ‘ocarent.
3743 4507 3867 4571 Quo

2224 4599 2451 4650 mortuo
2470 4595 2618 4665 (l07)
2640 4596 2753 4665 [an.
2782 4593 2932 4666 927],
2961 4593 3148 4666 ipsius
3171 4594 3425 4649 Marotia
3443 4593 3630 4649 ﬁlium
3655 4593 3871 4650 Johan-

427 4675 668 4748 ’φύσεσοι
720 4687 1093 4750 μεταμορφώθη,
1152 4685 1276 4733 ἐπιὸι
1330 4685 1573 4749 δράκοντα
1629 4686 1888 4746 ἐπάτησεν.
1957 4687 2103 4742 Οῧτος

2227 4700 2358 4738 nem
2391 4682 2644 4753 nomine,
2679 4699 2852 4754 quem
2885 4698 2953 4737 ex
2995 4681 3194 4753 Sergio
3234 4698 3385 4753 papa
3423 4682 3696 4738 meretrix
3738 4682 3870 4754 ipsa

466 4775 554 4822 οὖν
611 4776 736 4820 κατὰ
786 4777 871 4834 τὴς
926 4779 1076 4838 Ἥρας
1133 4775 1464 4838 ἀπεφκύνατο,
1516 4777 1597 4822 καὶ
1649 4781 1776 4840 Ἥρα
1833 4777 2105 4840 ὀργισθεῖσα

467 4862 721 4928 ἐπήρωσεν
772 4862 941 4923 αὐτὸν,
991 4867 1099 4919 Ζεὺς
1147 4865 1197 4911 δὲ
1246 4865 1506 4930 ἐχαρίσατο
1563 4865 1694 4913 αὐτῶ
1750 4866 1914 4921 πολοῖς
1971 4867 2112 4926 ζήσαι

463 4955 607 5014 ἔτεσι,
639 4952 721 5001 καί
749 4952 839 5001 ὅσα
870 4952 1037 5016 ἔλεγεν
1068 4955 1277 5016 μάντικα
1304 4954 1484 5016 λέγειν,
1515 4947 1660 5002 Zeus
1692 4949 1761 5002 ke
1799 4952 1892 5002 Ira
1928 4947 2108 5003 irisan

461 5035 584 5107 peri
608 5033 1028 5102 afrodision,tis
1048 5033 1244 5106 pliona
1262 5033 1388 5089 echi
1410 5035 1636 5090 idomas
1649 5053 1719 5090 en
1735 5040 1795 5108 ty
1807 5036 2106 5108 synnusia;

461 5125 534 5179 ke
564 5127 682 5180 tote
711 5124 975 5181 Tiresian
998 5124 1151 5180 Euru
1192 5141 1302 5196 you
1327 5124 1588 5192 ezitisan,
1615 5128 1746 5179 utos
1790 5142 1894 5196 gar
1926 5143 1995 5179 en
2024 5129 2111 5181 tes

463 5213 772 5271 amfoteres
803 5214 979 5286 fysesi
1011 5213 1434 5270 metamorforti
1460 5211 1613 5284 epidi
1635 5213 1915 5268 draconta
1937 5215 2114 5285 epati-

463 5315 588 5368 sen,
621 5306 754 5358 utos
783 5320 864 5358 un
894 5307 1022 5360 cata
1051 5304 1126 5359 tis
1161 5303 1282 5358 Iras
1329 5302 1699 5373 apefkynato,
1745 5303 1814 5355 ke
1847 5302 1935 5357 Ira
1964 5303 2112 5375 orgi-

2213 4777 2513 4845 genuerat,
2549 4789 2760 4844 papam
2808 4771 2952 4842 (-108)
2974 4771 3355 4826 constituunt.
3380 4770 3548 4828 Wido
3577 4788 3711 4827 vero
3749 4789 3868 4828 non

2222 4860 2407 4916 multo
2437 4864 2569 4933 post
2600 4859 2869 4927 moritur,
2904 4860 3197 4930 fraterque
3222 4860 3350 4930 ejus
3381 4861 3727 4932 Lampertus
3755 4861 3866 4932 ipsi

2220 4949 2476 5004 vicarius
2509 4949 2833 5004 ordinatur.

2293 5039 2382 5092 44.
2405 5037 2654 5093 Marozia
2677 5042 2934 5093 scortum
2953 5037 3266 5109 impudens
3285 5039 3451 5106 satis,
3477 5040 3718 5095 nuntios
3730 5057 3866 5096 suos

2221 5129 2351 5199 post
2386 5126 2647 5182 Widonis
2666 5125 2861 5180 mariti
2886 5126 3242 5182 suimortem
3273 5126 3500 5199 Hugoni
3525 5129 3645 5200 regi
3669 5128 3869 5202 dirigit

2221 5217 2331 5287 (an.
2365 5215 2513 5286 932),
2568 5231 2817 5287 eumque
2849 5214 3055 5270 invitat
3085 5218 3150 5269 ut
3197 5231 3258 5272 se
3289 5217 3459 5272 adeat
3504 5216 3866 5290 Romamque

2221 5303 2647 5359 nobilissimam
2665 5303 2956 5358 civitatem
2975 5304 3089 5359 sibi
3112 5305 3527 5361 adsumat.Hoc
3538 5310 3736 5362 autem
3751 5325 3865 5364 non

1807 5391 2046 5446 VARUE
2100 5393 2513 5449 LECTIONES.

535 5457 601 5491 ²³⁴
631 5460 708 5514 ita.
739 5460 792 5527 l,
826 5466 884 5516 ut
913 5471 963 5518 et
993 5464 1090 5519 lib.
1126 5479 1186 5528 Π,
1217 5461 1270 5516 9.
1347 5463 1413 5496 εδδ
1445 5462 1483 5516 i.
1515 5477 1561 5515 ρ.
1597 5465 1928 5533 susceptus.
2006 5464 2072 5498 ’35
2099 5466 2137 5519 ί.
2171 5481 2218 5520 e.
2253 5465 2582 5520 defunctus.

2056 5552 2270 5612 NOT/E

537 5617 686 5757 #86)
718 5619 1071 5678 Leodiensis.

561 5689 664 5744 107
716 5689 959 5746 Mortuis
982 5693 1071 5749 eti:

561 5689 959 5765 £07)_Mortu_is
982 5693 1175 5761 etiam,
1202 5694 1300 5765 qui
1319 5693 1368 5750 ei
1393 5699 1811 5764 successerant,
1837 5697 2021 5752 Leone
2037 5697 2111 5749 VI

465 5764 521 5815 et
552 5759 847 5832 Stephano
872 5760 996 5817 VII.

2293 5626 2440 5697 (108)
2457 5624 2738 5680 Joannem
2762 5625 2853 5693 XI,
2874 5627 2973 5697 qui
2998 5626 3416 5684 menseMartio
3439 5626 3686 5684 anni93l
3708 5642 3863 5686 sum-

2221 5715 2383 5752 mum
2409 5697 2812 5769 pontificatum
2838 5697 3081 5771 adeptus
3113 5704 3220 5756 est.
