4050 6392
164 462 290 529 853

1110 465 1730 535 ANTAPODOSEOS
1772 469 1982 538 LIBRI
2027 474 2201 538 SEX.
2233 505 2314 525 —
2341 475 2487 539 LIB.
2532 475 2642 540 III.

3459 459 3594 536 85"

167 599 342 657 aliter
369 615 544 673 posse
575 600 698 658 fieri
728 602 1078 672 testabatur,
1108 603 1223 660 nisi
1238 620 1366 661 eam
1390 622 1487 662 rex
1517 606 1681 679 Hugo
1707 606 1818 663 sibi
1848 607 1905 675 Α
1934 609 2168 666 creditis
2189 610 2216 666 εἰ
2244 612 2330 666 An
2361 610 2846 684 Burgundionum
2878 606 3250 666 voracitatem
3281 611 3338 663 et
3371 623 3572 679 super-

168 687 450 745 maritam
480 688 712 746 faceret.

891 827 1102 882 Versus.

159 956 315 1022 Quid
347 957 577 1014 veneris
611 959 834 1015 facibus
866 961 1170 1033 compulsa
1201 962 1451 1018 Marozia
1481 964 1686 1019 saevis?

157 1046 449 1119 Conjugis
476 1064 607 1104 ecce
636 1049 721 1103 tui
755 1053 983 1121 spectas
1012 1054 1076 1104 tu
1107 1051 1306 1107 suavia
1338 1051 1554 1116 fratris,

159 1137 397 1192 Nubere
429 1137 726 1209 germanis
755 1141 1026 1211 satagens
1060 1139 1308 1194 Herodia
1337 1141 1590 1207 duobus,

159 1225 488 1282 Immemor
511 1243 584 1281 en
614 1226 826 1282 videris
858 1229 1128 1300 praecepti
1156 1245 1291 1285 ceca
1319 1230 1626 1299 Johannis,

158 1314 267 1378 Qui
299 1315 471 1370 fratri
502 1313 688 1370 vetuit
719 1315 914 1372 fratris
944 1316 1159 1373 violare
1191 1319 1486 1374 maritam.

156 1403 290 1459 Haec
323 1403 430 1460 tibi
463 1403 691 1459 Moseos
723 1421 837 1460 non
872 1409 1153 1476 praestant
1183 1407 1446 1462 carmina
1475 1407 1643 1476 vatis,

155 1492 264 1559 Qui
298 1493 468 1548 fratri
501 1492 766 1549 subolem
797 1494 994 1550 fratris
1025 1495 1095 1551 de
1127 1495 1361 1550 nomine
1385 1496 1566 1566 jussit

155 1582 361 1651 Edere,
397 1582 448 1638 si
483 1581 709 1654 primus
742 1587 990 1655 nequeat
1019 1583 1133 1640 sibi
1155 1585 1396 1657 gignere
1423 1589 1646 1640 natum.

153 1671 369 1726 Nostra
393 1674 494 1726 tuo
526 1671 822 1742 peperisse
849 1672 972 1727 viro
1003 1676 1078 1739 te,
1111 1673 1310 1729 secula
1339 1678 1574 1728 norunt.

155 1759 566 1831 Respondeas,
600 1761 738 1828 scio,
773 1765 867 1816 tu:
901 1763 1084 1818 Nz'chz'l
1115 1762 1213 1818 hoc
1248 1765 1417 1818 Venus
1447 1764 1600 1818 ebria
1630 1767 1804 1819 curat.

153 1849 406 1906 Advenit
434 1852 672 1921 optatus
695 1866 800 1905 ceu
829 1851 936 1906 bos
963 1851 1068 1906 tibi
1099 1851 1312 1907 ductus
1343 1852 1415 1906 ad
1448 1868 1609 1907 aram

157 1937 278 1994 Rex
313 1939 498 2010 Hugo,
521 1937 840 1994 Romanam
857 1940 1051 2010 potius
1069 1941 1475 1995 commotus237
1489 1941 1560 1996 ob
1576 1941 1802 1997 urbem.
1843 1977 1890 2042 Β

156 2027 308 2092 Quid
334 2027 523 2098 juvat,
539 2026 916 2095 obscelerata,
950 2029 1142 2083 virum
1159 2029 1242 2084 sic
1259 2029 1500 2100 perdere
1512 2029 1810 2085 sanctum?

153 2116 415 2172 Crimine
446 2117 588 2171 dum
621 2119 782 2171 tanto
815 2115 1033 2189 satagis
1067 2117 1271 2190 regina
1299 2117 1502 2186 videri,

153 2204 375 2260 Amitis
407 2221 684 2277 magnam
716 2205 962 2261 Domino
995 2210 1058 2261 tu
1083 2206 1282 2278 judice
1314 2207 1580 2262 Romam.

153 2294 323 2358 Quod
354 2297 508 2350 recte
539 2311 670 2350 esse
701 2299 916 2362 actum,
951 2311 1067 2350 non
1099 2295 1291 2351 solum
1325 2299 1578 2366 sensata,
1608 2311 1809 2351 verum

153 2383 338 2440 etiam
372 2382 692 2452 insensata,
727 2383 1300 2440 animadvertunt”.
1325 2389 1390 2440 In
1422 2386 1690 2457 ingressu
1706 2386 1813 2441 Ro-

155 2489 347 2528 manae
373 2471 538 2527 urbis
571 2474 836 2543 quazdam
869 2477 956 2529 sst
986 2473 1119 2529 miri
1153 2474 1342 2545 operis
1366 2474 1631 2546 mireque
1657 2474 1813 2530 forti-

152 2561 386 2618 tudinis
419 2562 736 2616 constituta
768 2563 1037 2631 munitio;
1063 2567 1194 2619 ante
1216 2564 1650 2634 cujusjanuam
1664 2581 1811 2636 pons

155 2655 250 2707 est
276 2649 764 2722 praeciosissimus
801 2668 979 2722 super
1007 2650 1262 2707 Tiberim
1314 2651 1651 2719 fabricatus,
1708 2653 1809 2724 qui

155 2739 395 2810 pervius
426 2737 890 2810 ingredientibus
913 2739 1158 2796 Romam
1173 2744 1346 2811 atque
1377 2740 1811 2812 egredientibus

155 2832 267 2896 est;
305 2843 411 2884 nec
439 2831 532 2884 est
561 2827 694 2895 alia,
728 2827 839 2883 nisi
872 2845 974 2900 per
1003 2845 1160 2896 eum,
1193 2828 1536 2884 transeundi
1559 2829 1669 2884 via.
1699 2831 1811 2885 lloc

154 2916 382 2985 tamen,
417 2916 531 2972 nisi
561 2933 848 2972 consensu
895 2917 1281 2974 munitionem
1329 2917 1808 2988 custodientium,

157 3006 288 3062 fieri
321 3022 438 3062 non
472 3009 680 3078 potest.
715 3005 958 3062 Munitio
990 3023 1124 3063 vero
1156 3008 1304 3079 ipsa,
1341 3011 1404 3061 ut
1435 3007 1809 3062 czrteradesi-

161 3111 325 3162 nam,
357 3099 532 3150 tanta:
565 3095 893 3151 altitudinis
925 3101 1030 3164 est,
1064 3100 1128 3152 ut
1159 3096 1401 3152 ecclesia
1433 3113 1559 3167 quae
1592 3096 1650 3151 in
1682 3096 1808 3168 ejus

153 3184 371 3241 vertice
403 3183 654 3252 videtur,
686 3184 747 3239 in
777 3185 994 3240 honore
1017 3185 1232 3240 summi
1253 3190 1310 3241 et
1341 3184 1808 3240 celestismilicia:

155 3272 443 3346 principis
475 3272 806 3345 archangeli
849 3273 1189 3329 Michahelis
1231 3274 1528 3340 fabricaia,
1578 3273 1808 3328 dicatur

163 3381 188 3412 ι
220 3361 414 3418 sancti
442 3361 646 3434 Angeli
675 3361 917 3418 ecclesia
937 3379 1124 3434 usque
1145 3364 1217 3418 ad
1238 3362 1431 3419 caelos.
1461 3385 1487 3412 ››
1512 3363 1628 3418 Rex
1649 3363 1805 3418 deni-

157 3468 292 3524 que,
329 3451 403 3507 ob
436 3450 782 3506 munitionis
813 3452 1221 3507 conﬁdentiam
1247 3451 1444 3508 relicto
1461 3451 1631 3525 longe
1646 3468 1804 3507 exer-

157 3542 298 3608 citu,
332 3555 469 3596 cum
500 3539 701 3611 paucis
753 3541 996 3597 Romam
1046 3541 1300 3596 advenit.
1361 3543 1482 3606 Quo
1533 3542 1804 3596 decenter

158 3647 193 3686 a
221 3627 501 3686 Romanis
532 3633 860 3700 susceptus,
885 3629 942 3684 in
964 3630 1296 3701 praedictam
1327 3630 1714 3685 munitionem
1732 3631 1803 3684 ad

156 3718 422 3775 Maroziae
455 3718 778 3774 meretricis
809 3719 876 3753 ²³⁹
899 3718 1226 3774 thalamum
1260 3719 1588 3784 declinavit,
1621 3719 1802 3789 Cujus

154 3806 376 3864 incesto
407 3807 548 3862 dum
575 3808 793 3879 potitus
807 3812 959 3864 esset
981 3809 1618 3876 concubitu,Romanos
1633 3808 1801 3879 quasi

147 3897 270 3969 jam
309 3912 554 3953 securus
569 3897 866 3969 despicere
885 3898 1075 3970 coepit.
1093 3898 1388 3954 Habuerat
1400 3914 1539 3954 sane
1553 3897 1804 3952 Morazia

153 3985 340 4042 filium
376 3985 610 4041 nomine
639 3985 994 4053 Albericum,
1030 4004 1204 4059 quem
1235 4004 1303 4042 ex
1332 3986 1592 4042 Alberico
1619 4003 1802 4042 mar--

154 4075 363 4131 cbione
392 4075 523 4147 ipsa
551 4080 850 4148 genuerat.
875 4075 982 4140 Qui
1015 4076 1155 4130 dum
1189 4077 1394 4132 matris
1425 4076 1657 4132 hortatu
1689 4077 1802 4131 Hu-

153 4163 288 4236 goni
309 4163 453 4236 regi,
477 4162 678 4218 vitrico
696 4163 939 4235 scilicet,
964 4181 1179 4236 aquam
1199 4165 1484 4232 funderet,
1509 4169 1574 4220 ut
1592 4182 1802 4220 manus

154 4253 436 4318 ablueret,
470 4253 541 4308 ab
566 4252 634 4288 ²⁴⁰
663 4271 727 4308 eo
761 4271 864 4325 pro
895 4254 1248 4309 correctione
1281 4255 1338 4309 in
1370 4255 1577 4309 faciem
1632 4271 1800 4310 ccsus

155 4345 261 4409 est,
294 4356 363 4396 eo
394 4339 549 4410 quod
584 4357 700 4395 non
733 4341 1030 4396 moderate
1071 4345 1127 4396 et
1175 4342 1459 4412 pudenter
1488 4341 1551 4374 ²⁴¹
1585 4357 1800 4412 aquam

153 4429 494 4486 effunderet.
527 4428 581 4484 Is
610 4446 764 4498 vero,
801 4435 864 4485 ut
895 4429 1138 4485 inlatam
1169 4429 1282 4485 sibi
1315 4434 1512 4501 posset
1557 4428 1793 4485 ulcissci

157 4517 840 4590 injuriam,congregatis
872 4518 930 4574 in
950 4535 1133 4574 unum
1153 4518 1428 4574 Romanis
1461 4518 1798 4589 hujusmodi

156 4625 252 4664 eos
283 4623 554 4664 sermone
583 4607 882 4663 convenit:
916 4631 943 4659 «
970 4609 1241 4664 Romanae
1264 4607 1427 4662 urbis
1461 4606 1714 4680 dignitas
1728 4609 1799 4662 ad

1929 697 2086 753 biam
2121 699 2452 771 ignoratis?
2509 701 2703 773 Ipsam
2734 698 2943 755 saltem
2993 695 3247 754 nominis
3305 697 3573 752 etimolo-

1929 787 2084 860 giam
2116 790 2184 823 ²⁴²
2213 789 2482 862 dispicite
2507 807 2520 846 :
2554 788 3004 861 Burgundiones
3038 788 3165 843 ideo
3191 786 3397 857 dictos,
3427 803 3575 859 quo-

1929 877 2089 931 niam
2119 878 2260 933 dum
2287 878 2554 944 Romani,
2588 880 2727 934 orbe
2766 877 3015 946 devicto,
3048 894 3116 933 ex
3147 880 3315 951 gente
3346 876 3455 931 hac
3485 893 3576 932 ca-

1927 965 2114 1036 ptivos
2145 967 2425 1023 ducerent
2451 966 2691 1038 multos,
2726 967 3160 1022 constituerunt
3191 965 3273 1021 eis
3318 968 3384 1021 ut
3413 969 3575 1020 extra

1927 1054 2132 1109 urbem
2165 1057 2370 1112 domos
2397 1056 2508 1112 sibi
2541 1055 2950 1121 sustollerent;
2986 1072 3018 1110 a
3048 1055 3264 1126 quibus
3293 1057 3349 1109 et
3397 1052 3571 1126 paulo

1927 1148 2112 1214 posta
2142 1144 2420 1199 Romanis
2443 1144 2514 1198 ob
2539 1143 2872 1216 superbiam
2906 1147 3046 1199 sunt
3066 1142 3323 1214 expulsi;
3347 1145 3403 1197 et
3431 1158 3571 1212 quo-

1925 1231 2084 1286 niam
2105 1232 2213 1304 ipsi
2237 1232 2543 1288 domorum
2564 1233 3093 1306 congregationem,
3120 1248 3248 1304 quas
3266 1248 3432 1286 muro
3450 1248 3567 1286 non

1925 1319 2237 1391 clauditur,
2258 1322 2511 1393 burgum
2536 1322 2682 1392 (109)
2700 1325 2925 1384 vocant,
2952 1321 3396 1392 Burgundiones
3419 1320 3566 1391 (110)

1925 1426 1958 1464 a
1988 1409 2287 1476 Romanis,
2321 1411 2476 1482 quod
2497 1414 2586 1466 est
2618 1427 2650 1464 a
2670 1411 2856 1482 burgo
2881 1409 3130 1481 expulsi,
3155 1408 3388 1480 apellati
3408 1413 3565 1464 sunt.

1923 1498 2189 1552 Ceterum
2222 1499 2548 1554 secundum
2575 1498 2837 1553 naturale
2853 1515 3085 1554 nomem
3108 1497 3252 1552 Galli
3273 1498 3568 1570 Allobrogi

1922 1590 2370 1658 nuncupantur.
2408 1588 2525 1659 Ego
2553 1591 2747 1642 tamen
2779 1588 3062 1642 secndum
3118 1587 3185 1620 "3
3217 1587 3361 1641 mihi
3387 1587 3568 1642 tradi-

1922 1679 2042 1730 tam
2069 1675 2348 1742 fronesin,
2375 1676 2432 1731 id
2465 1679 2555 1732 est
2587 1674 2957 1746 sapientiam,
2993 1673 3438 1748 Burgundiones
3472 1693 3570 1732 eos

1919 1764 2087 1836 quasi
2101 1764 2479 1837 gurguliones
2497 1763 2710 1837 apello,
2725 1764 2837 1832 vel,
2862 1765 3017 1836 quod
3039 1764 3230 1819 verius
3252 1768 3360 1830 est,
3384 1765 3573 1820 edaci-

1917 1855 2041 1907 toto
2087 1857 2325 1925 gutture
2381 1852 2725 1930 loquantur,
2759 1853 2868 1922 vel,
2899 1853 3052 1925 quod
3103 1853 3176 1908 ob
3234 1853 3570 1926 superbiam

1917 1941 2021 1996 tati
2039 1942 2124 2011 ²“,
2147 1959 2272 2014 quae
2290 1959 2393 2014 per
2406 1942 2605 2014 gulam
2625 1946 2946 2008 exercetur,
2966 1942 3521 2015 nimisindulgeant.
3538 1965 3567 1992 »

1919 2031 2034 2085 Nec
2051 2047 2234 2097 mora,
2254 2031 2348 2086 his
2369 2030 2607 2097 auditis,
2627 2031 2929 2103 Hugonem
2959 2047 3154 2102 regem
3177 2031 3377 2087 duncti
3402 2033 3568 2088 dese-

1918 2123 2254 2191 runt,atque
2271 2118 2858 2174 eundemAlbericum
2873 2119 2984 2174 sibi
2997 2119 3303 2174 dominum
3317 2116 3562 2193 eligunt;

1919 2212 1976 2264 et
1998 2225 2068 2264 ne
2086 2208 2350 2280 spacium
2373 2209 2610 2280 quidem
2629 2207 2843 2263 milites
2876 2207 3282 2264 introducendi
3307 2225 3446 2264 suos
3466 2226 3565 2264 rex

1919 2297 2083 2370 Hugo
2105 2297 2364 2365 haberet,
2391 2296 2778 2352 munitionem
2802 2295 3107 2352 confestim
3127 2297 3464 2370 obpugnare
3481 2297 3567 2352 in-

1919 2390 2171 2459 ceptant.

1992 2477 2059 2529 45
2088 2477 2174 2530 2⁸⁵.
2192 2475 2400 2548 Liquet
2421 2475 2626 2531 divinae
2651 2475 3106 2548 dispensationis
3131 2475 3238 2531 hoc
3251 2475 3562 2531 consilium

1920 2581 2068 2636 esse,
2095 2570 2158 2620 ut
2206 2565 2361 2636 quod
2395 2580 2492 2620 rex
2527 2565 2687 2636 Hugo
2712 2569 2832 2620 tam
2863 2564 3112 2636 turpiter
3159 2569 3405 2636 czeperat
3431 2581 3560 2620 sce-

1921 2651 2057 2720 lere,
2092 2669 2226 2708 enm
2259 2653 2612 2709 omnimodis
2661 2653 2922 2725 optinere
2953 2670 3068 2708 non
3113 2669 3305 2725 posse.
3371 2655 3562 2708 Tanto

1920 2743 2134 2814 quippe
2165 2746 2254 2797 est
2276 2747 2493 2798 terrore
2521 2746 2776 2810 coactus,
2809 2747 2875 2797 ut
2899 2758 3000 2814 per
3031 2741 3234 2796 restim
3270 2759 3330 2797 se
3361 2741 3559 2814 ipsum

1919 2847 1986 2885 ea
2016 2848 2084 2885 ex
2114 2835 2276 2903 parte
2306 2849 2423 2903 qua
2454 2831 2703 2887 civitatis
2744 2848 2912 2886 muro
2945 2830 3192 2885 munitio
3243 2829 3560 2885 inhaerebat

1920 2919 2238 2990 deponens,
2271 2937 2398 2975 eam
2421 2921 2731 2986 desereret,
2752 2925 2927 2992 atque
2949 2921 3018 2975 ad
3043 2937 3180 2975 suos
3201 2920 3557 2991 confugeret.

1918 3008 2204 3079 Expulsus
2239 3008 2418 3080 igitur
2449 3026 2546 3064 rex
2599 3013 2764 3080 Hugo
2795 3025 2928 3063 cum
2989 3007 3229 3079 praefata
3285 3007 3560 3075 Marioza,

1919 3097 2191 3152 Romanae
2219 3097 2380 3151 urbis
2400 3097 2703 3151 Albericus
2726 3095 3125 3151 monarchiam
3151 3095 3358 3162 tenuit,
3385 3095 3560 3149 fratre

1917 3203 2023 3241 suo
2054 3185 2317 3242 Johanne
2349 3185 2566 3241 summi
2599 3189 2774 3256 atque
2832 3183 3179 3239 universalis
3211 3181 3558 3254 praesulatus

1919 3276 2040 3331 sedi
2071 3275 2439 3346 praesidente.
2782 3272 2784 3274 ’

1989 3366 2056 3418 46
2087 3365 2172 3419 ³⁸⁸.
2207 3364 2383 3419 Aiunt
2413 3362 2673 3435 quidam,
2708 3363 2958 3432 Bertam,
2988 3362 3249 3434 Hugonis
3265 3361 3417 3433 regis
3443 3377 3561 3415 ma-

1919 3457 2090 3518 trem,
2123 3451 2431 3508 Adelberto
2463 3451 2789 3507 marchioni
2821 3449 2943 3506 viro
2975 3468 3080 3507 suo
3103 3450 3332 3506 nullum
3366 3449 3556 3505 filium

1915 3542 2231 3614 peperisse,
2266 3541 2364 3596 sed
2399 3541 2471 3596 ab
2501 3539 2629 3596 aliis
2679 3540 3023 3596 mulieribus
3054 3539 3206 3595 clam
3265 3543 3553 3610 acceptos,

1918 3629 2198 3686 simulato
2230 3635 2419 3702 partu,
2447 3630 2755 3686 Widonem
2787 3634 2841 3685 et
2873 3630 3247 3684 Lambertum
3281 3629 3391 3683 sibi
3418 3645 3558 3699 sup-

1917 3721 2208 3790 posuisse,
2243 3719 2520 3792 quatinus
2561 3723 2695 3790 post
2725 3711 2974 3774 mortem
3005 3717 3319 3788 Adelberti,
3355 3718 3563 3773 Bertae-

1916 3810 2018 3865 ﬁlii
2052 3826 2167 3865 non
2201 3811 2488 3875 deessent,
2513 3825 2764 3879 quorum
2797 3805 3086 3879 adjutorio
3114 3825 3346 3863 omnem
3369 3805 3564 3862 mariti

1915 3899 2005 3955 sui
2039 3899 2357 3970 potentiam
2393 3897 2735 3970 possideret.
2774 3899 2887 3952 lloc
2945 3902 3140 3952 autem
3183 3896 3558 3972 mendatium

1915 3988 2056 4042 mihi
2089 3989 2216 4043 ideo
2248 3987 2476 4041 videtur
2493 4003 2622 4041 esse
2639 3985 2958 4053 inventum,
2975 3985 3252 4056 quatinus
3268 3985 3559 4038 incestum

1911 4093 2085 4131 suum
2115 4075 2223 4130 hac
2277 4075 2579 4130 occasione
2629 4090 2726 4128 rex
2777 4074 2941 4144 Hugo
2998 4077 3236 4144 tegeret,
3297 4072 3552 4127 infamiae

1911 4174 2065 4236 ὺϐριν,
2092 4165 2145 4218 id
2179 4168 2267 4219 est
2297 4162 2744 4234 turpitudinem.
2781 4163 3065 4216 evaderet.
3101 4162 3180 4215 Ea
3211 4164 3406 4215 tamen
3429 4177 3556 4231 quae

1911 4270 2064 4307 nunc
2088 4252 2376 4306 narranda
2407 4255 2515 4318 est,
2550 4267 2653 4304 cur
2675 4249 2782 4304 hoc
2809 4250 3029 4304 dictum
3055 4249 3149 4316 sit,
3174 4248 3290 4303 veri
3313 4247 3561 4303 similior

1912 4341 2052 4396 mihi
2086 4341 2315 4395 videtur
2341 4339 2601 4394 assertio.
2631 4340 2990 4404 Lambertus,
3017 4337 3115 4410 qui
3137 4342 3266 4409 post
3286 4337 3556 4393 Widonis

1913 4430 2107 4485 fratris
2139 4428 2228 4484 sui
2287 4433 2535 4482 mortem
2568 4427 2786 4482 Tusciae
2849 4443 3107 4482 marcam
3167 4427 3419 4494 tenebat,
3473 4425 3562 4480 vir

1912 4523 2034 4572 erat
2055 4517 2367 4572 bellicosus
2389 4521 2444 4572 et
2461 4517 2531 4571 ad
2561 4515 2862 4587 quodlibet
2887 4515 3115 4571 facinus
3138 4516 3352 4571 audax.
3379 4516 3562 4580 Quem

1912 4608 1984 4662 ob
2015 4623 2258 4678 regnum
2293 4605 2560 4660 Italicum
2593 4623 2691 4660 rex
2713 4605 2877 4678 Hugo
2907 4609 3247 4678 suspectum
3268 4603 3446 4659 nimis
3462 4603 3560 4659 ha-

156 4700 378 4753 tantam
411 4700 502 4752 est
531 4695 842 4752 stultitiam
875 4697 1068 4765 ducta,
1096 4702 1160 4752 ut
1205 4696 1576 4752 meretricum
1625 4697 1801 4752 etiam
1836 4704 1879 4768 [)
1913 4697 2103 4752 bebat.
2139 4695 2407 4750 Timebat
2439 4695 2596 4750 enim
2631 4712 2701 4749 ne
2751 4694 3055 4750 Italienses
3090 4711 3151 4750 se
3202 4694 3557 4761 desererent,

158 4785 402 4858 imperio
434 4789 673 4857 paroeat.
709 4785 857 4850 Quid
889 4787 1046 4842 enim
1081 4786 1288 4854 fedius,
1315 4786 1526 4858 quidve
1547 4787 1798 4859 turpius,

157 4891 335 4948 quom
367 4879 434 4930 ut
463 4874 639 4930 unius
691 4875 956 4931 mulieris
1004 4875 1232 4931 incestu
1280 4875 1544 4931 Romana
1601 4874 1801 4931 civitas

158 4963 384 5036 pereat?
415 4963 812 5019 Romanorum
837 4963 1150 5036 aliquando
1165 4963 1335 5032 servi,
1359 4963 1802 5036 Burgundiones

157 5051 397 5120 scilicet,
431 5051 712 5108 Romanis
742 5053 1057 5126 imperent?
1089 5053 1148 5108 Si
1181 5069 1392 5118 meam,
1427 5052 1801 5125 privignisci-

157 5140 292 5198 licet
323 5140 439 5210 sui,
473 5141 680 5197 faciem
711 5141 938 5208 ceeidit,
972 5159 1105 5198 cum
1139 5142 1461 5214 praesertim
1494 5158 1676 5198 novus
1699 5142 1803 5198 ha-

159 5229 363 5286 beatur
390 5229 625 5302 hospes,
658 5230 798 5303 quid
826 5229 991 5286 vobis
1013 5231 1139 5301 jam
1181 5230 1568 5287 inveteratum
1620 5231 1808 5287 facere

1911 4792 1966 4842 et
1998 4787 2373 4841 Lambertum
2425 4801 2618 4856 regem
2638 4784 3084 4841 constituerent.
3119 4785 3265 4842 Boso
3284 4785 3555 4856 denique,

1911 4894 1979 4931 ex
2009 4875 2213 4931 eodem
2251 4879 2411 4945 patre
2444 4875 2596 4947 regis
2651 4875 2914 4947 Hugonis
2958 4875 3158 4941 frater,
3211 4873 3564 4929 insidiarum

1913 4966 2152 5036 laqueos
2185 4963 2321 5018 huic
2352 4967 2674 5034 paraverat,
2708 4980 2773 5018 eo
2807 4965 2960 5036 quod
2993 4964 3118 5035 ipse
3149 4961 3412 5018 marchio
3439 4961 3565 5015 Tu-

1915 5055 2045 5111 scia:
2080 5052 2200 5108 ﬁeri
2263 5053 2635 5106 vehementer
2692 5051 3024 5107 anhelabat.
3083 5049 3336 5106 Consilio
3382 5047 3565 5118 igitur

1915 5145 2094 5214 hujus
2115 5144 2178 5176 "7
2201 5158 2300 5196 rex
2323 5141 2485 5213 Hugo
2514 5140 2821 5195 Lamberto
2847 5139 3196 5195 cominando
3220 5135 3548 5199 denuntiat,

1916 5249 1988 5289 ne
2020 5249 2082 5288 se
2112 5233 2353 5286 fratrem
2371 5246 2544 5285 suum
2571 5227 2825 5300 amplius
2851 5228 3042 5283 dicere
3067 5227 3299 5284 audeat.
3319 5229 3375 5281 Is
3394 5240 3547 5291 vero,

1512 5345 1753 5403 VARI/E
1793 5348 2245 5404 LECTIONNES.

241 5445 311 5480 ³⁸η
337 5449 671 5518 commutus
705 5447 755 5502 1.
832 5446 899 5480 ’33
933 5445 1020 5502 hic
1045 5445 1203 5518 aliud
1229 5453 1390 5518 caput
1416 5446 1655 5518 incipere
1684 5447 1851 5502 codex
1880 5447 1932 5502 1.
1965 5447 2280 5518 signiﬁcare
2308 5443 2540 5518 videtur.
2601 5444 2686 5518 f3”
2714 5441 3025 5518 miretricis
3053 5442 3107 5498 1.
3143 5442 3232 5518 __’_’f°
3262 5441 3574 5518 _l_zg'c_p_rose-

159 5519 346 5625 quitur
372 5518 428 5572 5.
504 5517 703 5573 smita.
738 5520 790 5574 1.
866 5519 934 5554 ²⁴²
991 5516 1457 5590 etimoligiaml.
1535 5518 1600 5552 ²⁴³
1647 5535 1696 5573 s.
1752 5535 1824 5573 In.

183 5588 446 5625 uvrvn
501 5589 526 5625 ι
632 5590 864 5625 summa
921 5589 944 5625 ι

1967 5516 2180 5575 desunt
2207 5518 2243 5572 5
2272 5534 2322 5572 a.
2356 5517 2392 5571 5
2443 5518 2518 5570 a".

252 5588 466 5644 XLVII.
500 5589 554 5646 4.
632 5591 698 5626 ²⁴⁷
729 5590 886 5646 hius.
921 5589 972 5646 1.

2595 5516 2663 5550 ²⁴⁴
2717 5514 2925 5571 edaciti
2988 5516 3038 5570 1.
3137 5513 3454 5569 “XLVI.
3517 5515 3568 5567 1·

1751 5679 1982 5738 NOTAE.

237 5759 386 5832 (109)
418 5757 616 5818 Italice
647 5760 826 5833 borgo.

1997 5761 2145 5833 (110)
2172 5759 2234 5816 Id
2266 5761 2355 5816 est
2381 5757 2506 5815 sine
2538 5756 2698 5830 (ohne
2729 5757 3089 5831 Germanice)
3123 5758 3330 5828 burgo.
