4050 6388
476 426 609 495 θῦὕ

1456 430 1937 499 murreum
1968 431 2517 531 cnsuesssms
2557 433 2933 498 EPISGOPII.

489 571 558 625 ut
581 569 702 623 erat
731 562 913 623 animi
943 565 1151 623 ferocis
1182 571 1354 639 atque
1387 568 1828 641 indisciplinati,
1862 587 1977 627 non
2010 585 2131 624 mo-
2158 569 2214 636 Α
2315 571 2403 625 48.
2434 568 2727 625 Arnaldus
2757 566 3179 640 Bagoariorum
3201 565 3913 636 etGarentanerumdux,

493 656 708 723 derate,
743 658 809 710 ut
849 655 1077 728 debuit,
1111 656 1213 711 sed
1245 657 1520 713 effrenate
1566 657 1649 713 ita
1692 659 2032 730 respondit:
2064 659 2142 714 Ne

493 744 742 817 inﬁciari
767 760 870 800 res:
894 747 1064 818 possit
1091 762 1180 801 me
1204 748 1437 818 fratrem
1460 764 1619 802 suum
1649 763 1780 814 csse,
1812 765 1910 804 nos
1941 763 2140 804 uno'ex

493 848 720 906 corpore
748 834 1087 906 eundemque
1123 851 1225 907 per
1273 835 1487 891 aditum
1518 838 1577 891 in
1629 838 1805 892 lucem
1847 836 2137 909 prodiisse,

495 922 678 981 duello
708 924 869 995 cupio
897 922 965 957 "3
994 924 1200 978 cunctis
1227 923 1574 979 cernentibus
1602 923 2139 995 comprobare.Quod

495 1028 596 1068 rex
617 1015 681 1067 ut
699 1011 938 1083 audivit,
963 1012 1235 1083 jevenem
1267 1012 1586 1084 quendam,
1642 1012 1975 1068 Teudinum
2035 1027 2139 1067 no-

497 1100 677 1167 mine,
710 1098 902 1173 elegit,
937 1100 1038 1172 qui
1069 1117 1204 1155 cum
1234 1116 1300 1155 eo
1340 1099 1490 1155 hanc
1520 1101 1592 1156 ob
1624 1117 1746 1156 rem
1777 1100 2140 1173 singularem

494 1205 756 1265 pugnam
782 1189 1092 1246 commisit.
1121 1189 1276 1245 Deus
1306 1194 1525 1257 autem,
1574 1190 1675 1262 qui
1697 1191 1898 1262 justus
1943 1193 2053 1261 est,
2084 1192 2143 1246 et

494 1283 718 1335 rectum
747 1283 836 1335 est
855 1278 1153 1350 judicium
1183 1279 1311 1351 ejus
1335 1280 1529 1351 (Psal..
1555 1295 1744 1347 CXVIII,
1770 1280 1916 1352 137),
1938 1279 2000 1334 in
2026 1295 2140 1351 quo

492 1384 610 1424 non
631 1371 721 1424 est
748 1366 1050 1440 iniquitas,
1082 1372 1148 1423 ut
1168 1366 1665 1440 amphibologiam
1689 1368 2051 1440 dirumperct
2076 1385 2142 1423 ac

490 1457 801 1515 veritatem
829 1456 1057 1513 cunctis
1089 1458 1441 1525 ostenderet,
1475 1456 1612 1511 fecit
1642 1458 1707 1511 ut
1737 1457 2041 1513 Teudinus
2061 1458 2140 1513 ci-

491 1544 724 1603 tissime
755 1546 1007 1613 caderet,
1039 1549 1095 1601 et
1119 1546 1466 1617 Lampcrtus
1503 1544 1807 1601 victoriam
1834 1545 2139 1603 obtineret.

495 1633 890 1701 Quamobrem
914 1651 1015 1689 rex
1037 1635 1198 1706 Hugo
1222 1632 1724 1689 non‘mediocriter
1735 1638 1823 1689 est
1840 1635 2140 1692 confusus.

496 1721 754 1780 Concilio
788 1725 983 1778 autem
1004 1724 1264 1794 accepto,
1287 1722 1539 1778 eundem
1562 1723 1935 1779 Lambertum
1957 1724 2147 1780 tenuit

500 1814 560 1869 at
589 1809 867 1870 custodiae
895 1810 1155 1867 tradidit.
1197 1811 1499 1868 Timuerat
1527 1813 1704 1879 enim,
1738 1830 1830 1881 ne,
1874 1814 1925 1870 si
1965 1831 2027 1871 se
2057 1814 2146 1870 di-

2246 658 2417 729 cujus
2432 657 2704 730 superius
2716 656 2962 713 fecimus
2976 656 3497 724 mentionem,cum
3509 672 3629 712 non
3644 653 3916 711 multum

2248 747 2320 803 ab
2352 747 2519 802 Italia
2545 746 2716 818 longe
2743 746 3007 815 distaret,
3057 744 3317 801 collectis
3370 744 3575 817 ecpiis,
3624 744 3916 816 quatinus

2248 836 2475 909 Hugoni
2508 851 2753 907 regnum
2786 834 3041 891 auferret
3070 834 3305 891 advenit
3334 834 3450 906 (an.
3481 834 3630 906 935).
3650 833 3764 899 Qui
3786 836 3919 891 Tri-

2249 925 2549 982 dentinam
2580 940 2649 980 ea
2678 942 2746 979 ex
2777 928 2941 996 parte
2971 922 3222 995 primam
3253 921 3430 978 ltalire
3477 939 3743 979 marcam
3774 940 3907 996 pen-

2248 1014 2562 1079 transiens,
2592 1012 2884 1068 Veronam
2916 1029 3105 1085 usque
3116 1012 3396 1085 pervenit.
3420 1012 3483 1067 In
3503 1029 3621 1085 qua
3637 1030 3672 1069 a
3690 1012 3911 1069 Milone

2250 1103 2462 1159 comite
2492 1107 2670 1175 atque
2700 1101 2929 1158 Raterio
2961 1101 3235 1175 episcoPO
3263 1100 3533 1169 libenter,
3566 1105 3633 1158 ut
3653 1102 3759 1175 qui
3771 1118 3913 1159 eum

2248 1194 2591 1260 invitarent,
2620 1191 2943 1264 suscipitur
2994 1191 3157 1256 Quod
3209 1207 3312 1248 rex
3358 1191 3526 1265 Hugo
3556 1194 3623 1247 ut
3660 1191 3906 1258 audivit,

2251 1282 2491 1340 collecto
2523 1282 2779 1337 exercitu
2809 1280 2861 1337 ei
2894 1280 3123 1338 obviam
3156 1281 3360 1338 tendit.

2323 1372 2410 1427 49.
2464 1371 2730 1443 Cumque
2786 1371 2991 1426 eodem
3048 1371 3430 1443 pervenisset,
3480 1375 3541 1427 et
3591 1369 3913 1427 caballica-

2251 1466 2342 1518 tas
2373 1461 2540 1534 (112),
2600 1464 2666 1515 ut
2692 1459 2866 1533 vulgo
2927 1459 3114 1530 aiunt,
3163 1459 3547 1517 circumcirca
3599 1460 3908 1533 dirigeret,

2251 1549 2670 1623 Bagoariorum
2702 1549 2971 1620 quaedam
3003 1566 3141 1622 pars
3171 1566 3287 1605 non
3320 1549 3568 1605 minima
3595 1549 3668 1605 de
3708 1553 3907 1605 castro

2250 1638 2533 1695 vocabulo
2563 1638 2936 1711 Gauseningo
2975 1638 3299 1712 egrediens,
3350 1654 3484 1695 cum
3532 1637 3910 1712 Italiensibus

2252 1744 2514 1802 pugnare
2545 1728 2716 1799 cepit.
2749 1730 2798 1781 A
2825 1727 3042 1800 quibus
3071 1727 3322 1801 graviter
3365 1728 3663 1796 confossa,
3709 1727 3812 1783 vix
3843 1743 3913 1784 ex

2254 1834 2341 1886 ea,
2372 1817 2462 1873 vel
2493 1817 2595 1889 qui
2627 1817 2737 1872 hoc
2766 1818 2989 1873 caeteris
3017 1816 3333 1885 nuntiaret,
3364 1817 3568 1874 evasit.
3615 1820 3832 1883 Quae:
3851 1834 3915 1874 re

502 1901 785 1975 mitteret,
836 1917 1083 1976 regnum
1135 1901 1219 1957 illi
1261 1882 1531 1959 au'ferret.
1570 1903 1683 1959 Hoc
1729 1902 1909 1976 igitur
1956 1907 2144 1976 capto,
2176 1946 2224 2010 Β
2253 1882 2544 1962 Αιίῐιιιὰιιὲ
2576 1905 2694 1960 dux
2724 1921 2839 1961 non
2868 1922 3046 1977 parva
3075 1909 3166 1961 est
3195 1882 3537 1962 confusione
3552 1882 3838 1974 repletus.

502 1991 714 2049 Bosoni
744 1991 909 2047 fratri
946 2008 1054 2048 suo
1085 1993 1310 2048 Tusciae
1355 2008 1615 2047 marcam
1668 1992 2063 2061 contradidit;
2093 1997 2150 2048 et

506 2097 625 2137 non
654 2079 839 2137 multo
868 2084 1001 2152 post
1030 2081 1446 2137 Lambertuum
1478 2080 1701 2137 lumine
1732 2082 1995 2153 privavit.

567 2170 657 2225 47.
688 2168 1173 2241 Histemporibus
1203 2168 1502 2226 Italienses
1547 2170 1609 2225 in
1640 2170 2042 2243 Burgundiam
2075 2172 2146 2226 ob

496 2257 837 2328 Rodulfum,
870 2262 936 2315 ut
965 2259 1258 2328 adveniat,
1292 2258 1553 2314 mittunt.
1577 2259 1740 2326 Quod
1761 2260 1930 2333 Hugo
1963 2276 2062 2315 rex
2086 2264 2151 2315 ut

501 2348 756 2423 agnovit,
782 2348 1004 2405 nuntiis
1029 2348 1099 2403 ad
1122 2348 1371 2405 eundem
1395 2347 1654 2414 directis,
1678 2364 1912 2405 omnem
1929 2352 2148 2405 terram

503 2454 681 2512 quam
712 2437 772 2493 in
805 2437 992 2495 Gallia
1021 2441 1157 2494 ante
1190 2438 1352 2511 regni
1378 2437 1812 2509 susceptionem
1846 2439 1915 2473 “9
1937 2438 2147 2506 tenuit,

506 2527 755 2585 Rodulfo
787 2527 966 2594 dedit,
1001 2531 1177 2598 atque
1220 2528 1292 2583 ab
1337 2543 1404 2582 eo
1445 2527 1893 2598 jusjurandum,
1942 2544 2013 2582 ne
2045 2525 2149 2583 ali-

508 2618 741 2690 quando
769 2617 829 2671 in
861 2615 1088 2672 Italiam
1108 2615 1354 2684 veniret,
1377 2615 1619 2688 accepit.
1634 2615 1749 2671 Nec
1764 2615 1963 2671 minus
1975 2616 2150 2672 etiam

509 2706 866 2774 Heinricum,
893 2721 1069 2777 quem
1101 2722 1281 2776 supra
1311 2705 1784 2774 memoravimus,
1818 2721 2013 2777 regem
2036 2705 2150 2761 for-

508 2795 830 2866 tissimum,
862 2794 1068 2850 multis
1099 2792 1328 2849 collatis
1360 2794 1705 2849 muneribus
1735 2794 1992 2849 amicum
2040 2794 2151 2850 sibi

511 2884 814 2952 effecerat;
849 2885 1021 2956 cujus
1051 2900 1121 2939 ex
1143 2882 1253 2938 hoc
1277 2883 1433 2955 apud
1464 2882 1638 2939 Italos
1668 2899 1880 2939 nomen
1902 2883 2154 2940 maxime

511 2976 654 3030 tunc
683 2973 960 3042 ciarebat,
995 2972 1154 3045 quod
1209 2972 1419 3039 Danos,
1473 2970 1618 3027 nulli
1651 2976 1783 3028 ante
1831 2972 2151 3045 subjectos,

508 3062 672 3120 solus
703 3063 830 3136 ipse
859 3060 1175 3118 debellaret
1194 3077 1259 3116 ac
1278 3060 1619 3117 tributarios
1635 3061 1847 3118 faceret
1863 3074 1978 3135 (an.
2002 3062 2151 3135 934).

504 3153 610 3209 Est
628 3152 785 3208 enim
806 3167 953 3225 gens
969 3150 1275 3219 indomita,
1299 3151 1410 3206 sub
1434 3151 1849 3223 septemtrione
1866 3151 1925 3207 in
1938 3168 2153 3209 oceano

506 3242 742 3315 degens,
782 3241 953 3312 cujus
976 3238 1181 3296 sevitia
1202 3238 1524 3296 multarum
1541 3257 1691 3313 saepe
1712 3241 1972 3314 gentium
1996 3242 2156 3297 nobi-

418 3376 427 3384 .
505 3330 642 3388 litae
659 3330 825 3386 luxit.
853 3330 920 3385 Hi
941 3328 1256 3401 aliquando
1278 3328 1567 3385 classibus
1589 3346 1690 3402 per
1716 3330 1902 3387 Rheni
1944 3331 2149 3388 sevitia
2177 3315 2221 3383 C

505 3417 771 3475 ﬂuminis
790 3416 1019 3474 alveum
1041 3418 1517 3486 conscendentes,
1542 3418 1693 3474 ferro
1714 3424 1771 3475 et
1788 3419 1910 3492 igni
1940 3425 2148 3477 cuncta

507 3507 720 3564 misere
737 3506 1035 3563 laniarunt
1057 3525 1070 3575 ;
1096 3507 1254 3579 ipsas
1276 3507 1518 3580 insuper
1534 3506 1934 3565 nobilissimas
1956 3510 2150 3567 civita-

506 3599 617 3663 tes,
636 3594 1017 3669 Agrippinam
1057 3612 1183 3668 quis
1225 3613 1382 3652 nunc
1411 3595 1646 3653 Colonia
1680 3601 1937 3664 vocatur,
1975 3602 2150 3672 atque

507 3684 803 3743 Treverim
852 3683 1027 3759 longe
1068 3702 1105 3742 a
1149 3685 1348 3742 Rheno
1396 3686 1669 3758 positam,
1719 3687 2150 3761 nonnullasque

507 3774 659 3832 alias
684 3773 745 3830 in
785 3790 963 3847 regno
1011 3774 1269 3831 Lotharii
1317 3774 1674 3831 debellantes
1729 3776 1784 3831 vi
1828 3783 2144 3849 cmperunt,

506 3862 854 3937 cunctisque
883 3863 1112 3933 ablatis,
1147 3881 1216 3921 ea
1239 3880 1368 3937 qua:
1386 3879 1585 3921 secum
1616 3864 1840 3921 deferre
1859 3880 1974 3923 non
1996 3872 2150 3939 pote-

504 3957 658 4024 rant,
691 3955 1162 4012 combusserunt.
1195 3954 1479 4012 Thermas
1508 3954 1685 4011 etiam
1715 3954 1893 4011 Grani
1920 3955 2145 4029 palatii,

503 4048 681 4117 atque
700 4042 915 4116 palatia
934 4045 1388 4101 combusserunt
1403 4045 1579 4115 (111).
1602 4044 1842 4111 Verum,
1860 4044 1952 4101 his
1975 4047 2150 4104 omis-

503 4132 615 4204 sis,
639 4133 712 4191 ad
744 4134 1023 4193 narrandi
1053 4134 1265 4192 seriem
1294 4135 1626 4193 redeamus.

2326 1994 2399 2051 5ﬁ
2428 1995 2514 2049 ²⁵⁰.
2550 1994 2713 2050 Unde
2749 1994 2967 2050 factum
2998 1995 3061 2029 ²⁵¹
3091 1998 3202 2064 est,
3241 1999 3306 2050 ut
3352 1994 3597 2051 consilio
3647 1999 3916 2068 accepto,

2260 2084 2534 2141 Milonem
2565 2083 2838 2140 comitem
2863 2082 3036 2140 vellet
3066 2101 3274 2158 capere
3303 2088 3479 2158 atque
3508 2084 3679 2157 Italia
3699 2084 3918 2141 dereli-

2260 2178 2353 2230 cta
2379 2190 2579 2230 secum
2611 2172 2778 2229 illum
2810 2174 2870 2229 in
2896 2174 3241 2247 Bagoariam
3266 2174 3498 2243 ducere,
3523 2173 3811 2247 quatinus
3829 2191 3924 2230 re-

2260 2267 2460 2336 parato
2490 2262 2769 2330 exercitu,
2795 2280 2931 2319 cum
2963 2280 3029 2320 eo
3059 2264 3273 2320 iterum
3304 2267 3505 2336 posset
3521 2263 3739 2332 redire;
3752 2264 3917 2336 quod

2261 2351 2537 2409 Milonem
2568 2369 2682 2408 non
2706 2351 2896 2410 latuit.

2331 2443 2418 2496 41.
2452 2440 2559 2507 Qui
2586 2441 2832 2498 diversis
2853 2442 3307 2516 cogitationibus
3326 2446 3591 2512 estuans,
3619 2441 3763 2516 quid
3783 2458 3923 2515 age-

2261 2535 2347 2586 ret
2376 2530 2630 2602 pmnitus
2660 2530 2987 2604 ignorabat.
3020 2532 3326 2606 Hugonem
3374 2546 3593 2605 regem,
3638 2531 3816 2605 plane
3847 2536 3923 2588 ut

2260 2625 2573 2689 meruerat,
2606 2619 2766 2676 adire
2795 2620 3058 2690 timebat;
3092 2638 3226 2677 cum
3259 2622 3505 2678 Arnaldo
3538 2634 3668 2677 vero
3708 2620 3771 2676 in
3803 2621 3921 2677 Ba-

2260 2710 2521 2781 goariam
2551 2709 2707 2779 duci,
2751 2726 2867 2765 non
2926 2709 3122 2766 solum
3173 2716 3420 2767 mortem
3452 2711 3553 2767 sed
3608 2710 3921 2767 infernum

2262 2790 2523 2871 putabat.
2561 2800 2674 2854 Hac
2692 2797 2888 2871 itaque
2909 2799 2967 2854 in
2981 2800 3388 2874 ambiguitate,
3419 2798 3921 2873 quoniamregem

2262 2888 2566 2960 Hugonem
2591 2887 2704 2943 cito
2726 2886 3376 2945 misericordianoverat
3392 2887 3684 2958 inclinari,
3712 2888 3926 2944 Arual-

2262 2977 2404 3032 dum
2436 2977 2653 3050 fugere,
2681 2981 2740 3033 et
2771 2977 2842 3033 ad
2877 2993 3013 3033 eum
3031 2977 3324 3035 deliberat
3339 2977 3594 3034 tendere.
3617 2977 3925 3034 Arnaldus

2260 3082 2414 3133 vero,
2446 3069 2620 3137 prout
2629 3065 2803 3121 citius
2816 3065 3023 3138 potuit,
3042 3066 3103 3121 in
3116 3066 3463 3139 Bagoariam
3474 3068 3564 3122 est
3583 3080 3919 3138 regressus.

2264 3154 2649 3210 Munitionem
2675 3159 2893 3222 autem,
2945 3172 3073 3227 quae
3100 3156 3158 3211 in
3221 3156 3424 3212 eadem
3482 3154 3723 3211 civitate
3762 3160 3919 3225 erat,

2261 3243 2425 3317 prius
2455 3256 2823 3316 oppugnans,
2857 3244 3094 3301 fratrem
3124 3244 3355 3301 Milonis
3386 3242 3721 3316 militesque
3738 3255 3909 3311 suos,

2260 3333 2360 3406 qui
2391 3349 2521 3389 eam
2552 3332 2861 3390 defendere
2875 3334 3239 3390 conabantur
3254 3348 3453 3391 secum
3470 3332 3529 3389 in
3562 3333 3918 3407 Bagoariam

2260 3422 2448 3479 duxit.

2328 3512 2416 3566 52.
2436 3511 2505 3545 ²⁶²
2534 3510 2655 3575 Quo
2686 3509 3019 3567 discedente
3035 3511 3120 3579 “3,
3154 3509 3383 3583 Hugoni
3402 3510 3521 3584 regi
3553 3527 3689 3566 mox
3703 3511 3920 3569 civitas

2259 3599 2542 3669 redditur,
2574 3603 2631 3655 et
2661 3598 2930 3655 Raterius
2961 3600 3226 3671 ejusdem
3241 3599 3496 3656 civitatis
3512 3599 3917 3673 episcopusab

2257 3705 2324 3744 eo
2355 3692 2581 3761 captus,
2613 3688 2788 3760 Papia
2821 3687 2991 3744 exilio
3021 3688 3323 3762 religatur.
3358 3689 3423 3744 In
3454 3705 3570 3761 quo
3600 3689 3788 3746 faceta
3815 3706 3916 3747 sa-

2259 3778 2333 3834 tis
2358 3777 2685 3833 urbanitate
2715 3778 2787 3833 de
2817 3777 2974 3834 exilii
3005 3777 3096 3834 sui
3127 3794 3396 3835 erumma
3425 3777 3643 3834 librum
3666 3795 3919 3853 compo~

2256 3883 2393 3925 nere
2423 3866 2594 3939 cepit.
2625 3869 2807 3931 Quem
2837 3868 2887 3923 si
2920 3868 3056 3940 quis
3086 3865 3310 3942 legerit,
3346 3866 3663 3924 nonnullas
3692 3868 3777 3924 ibi
3797 3868 3914 3926 hac

2256 3957 2368 4013 sub
2394 3954 2697 4012 occasione
2745 3972 2839 4012 res
2886 3955 3171 4030 expolitae
3225 3955 3500 4024 inveniet,
3530 3972 3668 4029 qua
3707 3956 3913 4031 legen-

2254 4046 2404 4101 tium
2434 4043 2829 4101 intellectibus
2852 4062 2968 4103 nen
2982 4046 3181 4104 minus
3197 4045 3422 4119 placere
3442 4049 3718 4119 poterunt
3732 4063 3915 4120 quam

2256 4135 2553 4208 prodesse.

1678 4294 1933 4334 EXPLICIT
1971 4294 2139 4335 LIBER
2173 4279 2634 4335 Auraronossos.
2654 4293 2738 4332 III.

1483 4415 1883 4484 INCIPIUN-T
1925 4422 2317 4486 CAPITULA
2358 4421 2569 4482 LIBRI
2612 4420 2930 4493 QUARTI.

503 4572 555 4628 t.
591 4572 668 4628 De
696 4588 762 4629 eo
795 4574 950 4644 quod
984 4589 1141 4628 nunc
1172 4588 1362 4644 usque
1391 4572 1693 4645 scripserit
1722 4573 1946 4655 audita,
1965 4575 2148 4647 scrip-
2179 4577 2227 4643 D

573 4664 751 4717 turus
765 4662 974 4718 amodo
1004 4661 1071 4697 ²⁵⁴
1099 4661 1243 4718 visa.

501 4749 557 4804 2.
590 4746 709 4804 Rex
786 4749 950 4822 Hugo
1026 4749 1212 4806 filium
1280 4767 1456 4807 suum
1523 4750 1863 4807 Lotharium
1944 4767 2142 4824 regem

574 4836 896 4906 constituit,
927 4841 987 4894 et
1016 4838 1261 4895 Romam
1292 4855 1423 4895 cum
1458 4839 1710 4895 exercitu
1744 4839 1953 4912 pergit.

500 4927 553 4983 3.
587 4927 709 4984 Rex
736 4926 902 5001 Hugo
935 4926 1117 4983 ﬁliam
1177 4945 1346 4984 suam
1376 4928 1625 4984 alberico
1676 4929 1989 5002 conjugem
2020 4931 2141 5000 dat,

486 5062 489 5063 ν
572 5021 639 5074 ut
666 5017 863 5091 ipsum
892 5033 997 5090 per
1025 5032 1155 5073 eam
1185 5017 1457 5090 decipiat.

500 5108 552 5163 4.
586 5107 863 5165 Saraceni
888 5107 963 5164 de
1018 5107 1335 5163 Fraxeneto
1387 5107 1584 5178 Aquas
1632 5105 1899 5176 veniunt,
1959 5108 2059 5164 ubi
2090 5111 2147 5165 et

2366 4573 2683 4629 commissa
2712 4588 2911 4645 pugna
2929 4588 3135 4629 omnes
3164 4575 3429 4645 pereunt.

2259 4665 2313 4719 5.
2355 4666 2422 4718 In
2487 4661 2774 4719 Januensi
2840 4661 3073 4718 civitate
3140 4661 3272 4718 fons
3351 4660 3656 4734 sanguinis
3723 4661 3913 4731 ﬂuxit,

2363 4768 2478 4824 quo
2545 4768 2698 4807 anno
2765 4750 2836 4807 ab
2909 4749 3196 4807 Africanis
3272 4753 3443 4823 capta
3515 4754 3611 4807 est.
3668 4750 3914 4808 Sarace-

2364 4842 2478 4897 nis.

2257 4935 2309 4986 6.
2369 4931 2494 4994 Qua
2551 4928 2777 4985 ratione
2835 4929 3133 4985 Manasses
3190 4928 3548 4986 Arelatensis
3598 4929 3913 5004 episcopus

2362 5019 2658 5092 propriam
2692 5016 2976 5074 aeclesiam
3009 5017 3347 5074 deseruisse
3369 5034 3433 5075 se
3463 5018 3620 5076 dicat
3644 5022 3712 5075 et.
3730 5018 3911 5077 aliam

2362 5107 2789 5181 absumpsisse,
2820 5111 2879 5165 et
2891 5107 3045 5180 quod
3058 5106 3343 5166 invectiva
3356 5107 3741 5181 responsione
3757 5112 3910 5167 recte

1877 5221 2117 5277 νΑΡιΙιἘ
2164 5221 2554 5278 LECTIONES

568 5309 635 5344 ³⁸⁸
667 5310 831 5383 capio
862 5313 914 5383 1.
952 5380 963 5383 _
991 5309 1060 5345 ²⁴⁰
1088 5307 1506 5383 suseptionem.
1534 5309 1583 5383 1,
1635 5308 1728 5383 ἷξε)
1757 5309 2097 5383 hicindicem
2122 5319 2340 5383 secutsz
2362 5314 2527 5382 caput
2543 5311 2632 5383 50.
2667 5310 2892 5380 incipio.
2971 5310 3036 5345 ³⁵1
3068 5310 3290 5366 factutu
3323 5310 3345 5365 t
3373 5380 3386 5383 _
3428 5311 3496 5347 ³⁵³
3509 5310 3755 5368 Codexi.
3761 5311 3904 5383 jam.

498 5379 559 5452 in
586 5395 710 5452 voce
737 5378 1142 5437 'Munitionem
1184 5378 1349 5452 caput
1392 5378 1489 5434 hoc
1529 5380 1744 5452 incipit.
1822 5380 1890 5415 ²⁵³
1922 5381 2149 5438 dicente
2182 5387 2232 5438 1·.
2309 5382 2374 5416 ²⁶³
2407 5378 2616 5437 amodo
2661 5383 2710 5436 1.
2744 5378 2940 5437 manus
2976 5386 3159 5438 tamen
3188 5380 3424 5439 secunda
3452 5383 3661 5440 lineam
3689 5378 3899 5441 duabus

497 5446 717 5505 lineolis
746 5453 1071 5509 trans-versis
1098 5454 1178 5507 ita
1207 5446 1422 5517 delevit,
1456 5451 1597 5506 utin
1624 5446 1807 5506 codice
1836 5453 1887 5506 2.
1923 5451 2186 5511 ciamodo
2214 5454 2383 5510 scribi
2404 5454 2666 5525 potuerit.

2063 5571 2287 5628 NOTE.

568 5650 719 5739 illi)
749 5652 829 5709 Cf.
861 5655 1009 5709 Ann.
1040 5655 1406 5739 Vedasti‘nos,
1442 5673 1692 5739 quorum
1726 5659 2013 5739 sententia
2034 5677 2139 5739 pa-

499 5723 639 5778 latia
667 5739 879 5796 quoque
906 5742 1102 5795 regum
1128 5733 1181 5782 et
1208 5729 1411 5784 villas..
1446 5723 1571 5799 igne
1599 5736 1984 5788 cremaverunt
2006 5723 2138 5803 plu-

2249 5658 2356 5716 rali
2382 5648 2598 5731 palatia
2625 5656 2750 5731 loco
2776 5658 3052 5731 palatium
3084 5674 3288 5718 ansam
3320 5660 3567 5720 fortasse
3596 5657 3778 5717 dedit.

2324 5728 2475 5802 (1⁷12)
2506 5728 2793 5802 Equitum
2815 5734 3061 5788 turmas.
