4050 6394
173 427 312 493 Μ

1157 429 1778 495 ANTAPODOSEOS
1819 431 2024 497 mal
2067 433 2344 498 SEX.-—-
2369 433 2514 498 ΗΒ.
2559 434 2666 500 IV.

300 581 368 622 se
398 581 514 622 non
531 563 724 639 egisse
752 565 1179 639 scripturarum
1198 565 1552 623 testimoniis
1574 578 1842 638 compro-
1871 567 1926 637 Α
1954 571 2042 624 21.
2083 567 2443 625 Gislebertus
2464 573 2521 625 et
2541 569 2907 626 Heverardus
2937 569 3274 628 Heinricum
3306 572 3378 629 de
3407 579 3604 633 custo—

299 656 494 711 betur.

187 747 243 800 7.
291 744 482 809 Quam
527 759 770 800 uxorem
797 743 1186 818 Berengarius
1229 743 1537 816 acceperit,
1568 748 1625 801 et
1641 745 1711 800 de
1731 745 1850 801 An-

301 833 496 890 scario
527 833 708 889 fratre
737 834 887 905 ejus.

183 923 240 978 8.
282 922 370 978 De
398 921 696 978 Tedbaldo
746 922 1114 990 marchi'one,
1147 921 1248 995 qui
1273 926 1474 978 contra
1495 921 1708 978 Grecos
1739 937 1848 995 pu-

298 1011 527 1086 gnavit,
556 1016 614 1068 et
636 1015 836 1084 captos
869 1011 1168 1068 castravit.

183 1119 238 1174 9.
281 1118 515 1183 Quanto
545 1117 800 1174 ludibrio
820 1119 1087 1190 quaedam
1109 1117 1319 1174 mulier
1343 1133 1519 1174 suum
1539 1119 1841 1184 maritum,

293 1223 372 1264 ne
401 1211 784 1275 castraretur,
803 1207 1093 1263 liberavit.
1157 1251 1160 1254 .
1789 1273 1800 1280 _

191 1297 276 1351 to.
322 1297 445 1352 Rex
475 1295 640 1369 Hugo
671 1296 910 1351 fratrem
933 1311 1107 1352 suum
1131 1297 1439 1364 Bosonem,
1468 1295 1567 1368 qui
1600 1297 1844 1352 consilio

296 1385 500 1441 uxoris
533 1401 638 1442 sue
666 1384 717 1440 ei
763 1386 1022 1457 perﬁdus
1051 1385 1338 1453 extiterat,
1373 1384 1528 1457 cepit
1555 1388 1615 1440 et
1653 1391 1846 1442 custo-

298 1474 395 1530 die
424 1474 692 1530 tradidit.

190 1564 275 1619 11.
319 1563 584 1630 Qualiter
612 1564 778 1635 Hugo
812 1580 910 1620 rex
938 1561 1456 1620 Willam.Bosonis
1478 1576 1738 1633 uxorem,
1773 1565 1844 1620 ab

291 1651 466 1707 Italia
513 1651 704 1724 ejecit,
758 1657 815 1707 et
869 1653 940 1708 de
990 1651 1202 1719 balteo,
1245 1650 1404 1724 turpi
1459 1651 1520 1706 in
1575 1652 1701 1708 loco
1756 1653 1845 1708 in-

291 1744 487 1796 vento.

187 1830 275 1886 t2.
320 1834 400 1886 De
427 1833 612 1886 morte
644 1829 873 1886 Rodulﬂ
909 1829 1084 1901 regis,
1106 1830 1276 1900 cujus
1291 1845 1530 1885 uxorem
1559 1847 1658 1886 rex
1679 1831 1843 1903 Hugo

289 1921 473 1988 ducit,
507 1927 799 1992 suamque
826 1919 1008 1975 ﬁliam
1041 1935 1147 1976 suo
1181 1918 1302 1976 ﬁlio
1334 1920 1537 1975 tradit.

183 2027 268 2083 t3.
314 2031 391 2082 De
424 2026 668 2099 Hugone
694 2042 855 2101 rege,
888 2026 989 2099 qui
1025 2041 1264 2082 uxorem
1285 2043 1452 2082 suam
1472 2028 1543 2083 ob
1563 2028 1841 2084 concubi-

278 2132 389 2172 nas
420 2113 599 2172 hodio
633 2111 862 2172 habuit.

165 2219 275 2301 -14.
318 2221 400 2280 De
430 2227 616 2280 morte
649 2222 904 2279 Heinrici
936 2224 1088 2297 regis
1122 2227 1180 2280 et
1209 2223 1309 2279 ubi
1352 2224 1429 2281 sit
1476 2223 1757 2280 humatus
1787 2227 1844 2280 et

296 2311 367 2370 de
395 2311 531 2369 filiis
561 2312 710 2400 ejus.

194 2403 280 2458 15.
325 2402 404 2458 De
433 2399 748 2474 prudentia
773 2400 1026 2458 lieinrz‘ci
1053 2399 1535 2474 regis,qui{ilium
1553 2419 1728 2459 suum
1751 2402 1845 2458 Ot-

297 2495 497 2547 tonem
529 2508 724 2564 regem
756 2491 1078 2548 constituit.

197 2600 282 2655 t6.
328 2603 412 2655 De
436 2598 564 2655 tilia.
590 2598 786 2654 fratris
815 2595 970 2670 regis
998 2599 1343 2672 Anglorum,
1379 2617 1555 2672 quam
1588 2617 1685 2656 rex
1711 2600 1840 2656 Otto

297 2693 436 2744 ante
464 2687 626 2760 regni
659 2688 1095 2760 susceptionem
1128 2689 1310 2744 duxit.

197 2797 282 2853 I7.
322 2795 404 2850 De
433 2794 718 2863 Heinriro,
751 2795 851 2866 qui
883 2811 1290 2868 perversorum
1320 2795 1628 2852 hominum
1646 2798 1840 2853 consi-

297 2884 380 2940 lio
407 2883 572 2940 fratri
598 2883 833 2940 rebellis
859 2884 946 2939 ﬁt.

173 2975 288 3030 .t8.
323 2973 560 3030 Metri'ce
599 2973 882 3030 invectiva
910 2974 1094 3030 oratio
1125 2974 1198 3030 ad
1230 2974 1586 3046 Heinricum,
1617 2979 1674 3032 et
1703 2991 1839 3032 con-

298 3065 392 3118 tra
421 3062 744 3131 diabolum,
775 3064 947 3134 cujus
972 3079 1148 3136 opera
1189 3080 1324 3120 cum
1355 3065 1536 3121 fratre
1580 3081 1842 3138 pugnare

299 3152 612 3210 desiderat.

2063 658 2162 714 dia
2188 657 2512 714 dimittunt.

1956 747 2043 802 22.
2077 749 2202 813 Qua
2256 746 2578 803 calliditate
2631 748 2996 806 Heverardus
3045 750 3380 808 Heinricum
3428 757 3603 827 atque

2063 835 2453 892 Gielebertum
2485 836 2547 892 in
2589 837 2954 910 adquirenda
3003 856 3182 913 regno
3208 841 3480 915 decipere
3501 861 3603 900 vo-

2064 923 2198 980 luit.

1953 1014 2043 1069 23.
2085 1014 2166 1070 De
2210 1013 2543 1070 admirabili
2589 1016 2831 1072 victoria
2880 1034 3057 1089 quam
3091 1035 3189 1074 rex
3219 1018 3350 1074 Otto
3381 1021 3600 1077 orando

2061 1103 2334 1176 optinuit,
2388 1108 2445 1159 et
2483 1104 2556 1160 de
2602 1105 2870 1162 Heinrieo
2901 1106 2962 1163 in
2992 1107 3231 1164 brachio
3262 1109 3330 1143 ²³⁴
3351 1108 3372 1131 *
3401 1108 3602 1166 vulne-

2062 1195 2208 1247 rato.
2315 1197 2320 1201 ’

1954 1280 2042 1335 24.
2084 1280 2341 1345 Qualiter
2370 1297 2468 1337 rex
2498 1281 3086 1340 Heinrieus’sanctam
3111 1283 3376 1342 lanceam
3403 1286 3605 1360 adqui-

2062 1368 2278 1424 siverit.

1953 1457 2042 1512 25.
2083 1459 2511 1530 Argumentum
2545 1477 2614 1515 ex
2642 1461 2950 1534 scripturis
2977 1462 3380 1536 sanctis,quod
3395 1465 3602 1537 hujus-

2062 1547 2222 1602 modi
2249 1547 2494 1604 victoria
2521 1549 2642 1604 sive
2672 1549 2890 1606 bellum
2921 1569 3044 1607 non.
3081 1552 3322 1609 fortuitu
3353 1555 3460 1610 sed
3486 1555 3602 1611 De’o

2061 1635 2408 1708 disponente
2434 1637 2779 1709 provenerit.

1951 1724 2039 1780 26.
2073 1725 2155 1780 De
2195 1743 2264 1782 eo
2307 1727 2462 1798 quod
2515 1742 2712 1799 regem
2761 1729 3315 1785 castrumaBrisicau
3351 1731 3420 1766 ³⁵³
3446 1731 3606 1788 obsi-

2059 1815 2315 1883 dentem,
2365 1815 2611 1872 consilio
2662 1815 2940 1872 Friderici
2973 1817 3406 1893 archiepiscopi
3435 1820 3606 1877 multi

2061 1903 2358 1959 deserunt.

1953 1993 2042 2045 27.
2084 1995 2161 2048 De
2192 1991 2523 2048 admirabili
2577 1994 2911 2051 constantia
2953 1999 3012 2052 et
3041 1997 3420 2069 responsione
3450 1999 3604 2073 regis

2060 2080 2307 2137 Ottonis.

1950 2171 2041 2225 28.
2082 2170 2614 2241 Quemadmodum,
2635 2171 2755 2228 Deo
2786 2185 2890 2244 pro
2922 2179 3056 2246 rege'
3084 2178 3404 2247 pugnante,
3421 2175 3603 2233 Gisle-

2057 2259 2258 2316 bertus
2288 2263 2460 2332 atque
2492 2260 2862 2317 He‘verardus-
2899 2262 2972 2318 ab
3025 2262 3252 2319 Hutone
3281 2267 3339 2320 et
3366 2264 3600 2323 Ghuou-

2060 2349 2202 2404 rado
2233 2349 2304 2404 ad
2324 2349 2713 2406 Anderuacha
2741 2349 2870 2406 sint
2891 2351 3091 2408 occisi.

1949 2437 2040 2492 29.
2074 2438 2154 2494 De
2185 2438 2390 2495 nuntio
2421 2439 2522 2511 qui
2553 2439 2765 2495 horum
2781 2443 3028 2498 mertem
3049 2441 3170 2514 regi
3202 2443 3438 2500 nuntiat
3457 2444 3600 2502 dum

2061 2527 2366 2584 ecclesiam
2398 2532 2636 2600 peteret.

1947 2616 2039 2672 30.
2083 2617 2201 2673 Rex
2233 2617 2365 2673 Otto
2396 2617 2467 2673 de
2497 2617 2748 2673 istorum
2780 2622 2966 2674 morte
2998 2619 3272 2676 Bertalde
3299 2622 3600 2695 Bagoario-

2059 2721 2190 2761 rum
2221 2707 2377 2775 duci,
2411 2710 2469 2762 et
2498 2707 2653 2780 quod
2689 2707 2742 2762 ei
2770 2715 3030 2764 sororem
3061 2709 3180 2765 sive
3221 2711 3439 2768 sororis
3480 2730 3600 2768 suae

2059 2795 2242 2850 ﬁliam
2271 2796 2583 2869 conjugem
2614 2797 2754 2852 dare
2781 2795 2939 2864 velit,
2975 2797 3304 2854 denuntiat.

1947 2885 2038 2940 3t.
2081 2884 2161 2940 De
2191 2884 2488 2940 Friderioo-
2513 2884 2951 2957 archiepiscopo
2981 2886 3079 2958 qui
3103 2888 3232 2959 jam
3253 2888 3481 2945 dudum
3504 2907 3601 2946 re-

2055 2989 2187 3046 gem
2215 2972 2476 3030 deseruit
2503 2977 2561 3029 et
2590 2974 2662 3029 ad
2694 2975 3012 3030 Metensem‘
3043 2976 3110 3011 ’⁵⁸
3133 2977 3342 3032 urbem
3373 2982 3437 3033 ut
3465 2988 3600 3036 con-

2055 3065 2321 3136 gregaret
2349 3061 2665 3117 exercitum
2695 3062 2764 3097 ²⁶⁶
2793 3061 2916 3118 ivit.
2953 3062 3047 3117 ubi
3079 3064 3155 3119 de-
3180 3069 3365 3121 morte
3393 3079 3596 3123 eorum

2057 3150 2295 3208 audivit.

195 3244 279 3300 t9.
321 3243 404 3299 De
430 3243 781 3311 Heverardo,
815 3242 916 3316 qui
967 3243 1304 3300 Heinricum
1339 3244 1532 3300 adhuc
1580 3245 1700 3318 regi
1731 3262 1838 3300 suo
1880 3315 1909 3318 ω
1945 3242 2035 3297 32.
2077 3241 2158 3296 De
2179 3240 2383 3296 eodem
2415 3237 2856 3314 archiepiscopo
2874 3243 3036 3314 cepto
3067 3243 3124 3297 et
3154 3243 3434 3300 custodias
3466 3248 3588 3302 tm—

296 3332 466 3388 fratri
518 3331 751 3388 fidelem
799 3315 860 3387 in
908 3332 1145 3389 castello
1207 3335 1464 3406 quodam
1529 3315 1836 3407 degentem
1868 3315 1912 3384 δ

298 3421 467 3478 initio
524 3421 861 3478 rebellionis
917 3435 1038 3478 suae
1097 3423 1254 3495 cepit
1293 3427 1352 3480 et
1406 3423 1466 3479 in
1531 3424 1836 3480 Franciam

296 3511 487 3567 duxit.

189 3600 280 3656 20.
323 3599 456 3666 Qua.
478 3600 701 3656 ratione
731 3601 1093 3657 Heverardus
1123 3600 1514 3658 Gislebertum
1545 3619 1580 3658 a
1610 3601 1762 3674 regis
1779 3602 1842 3656 ti-

289 3688 530 3746 delitato
561 3689 642 3761 scj
653 3689 900 3746 auxerit.

2057 3330 2198 3386 dito.

1948 3421 2036 3477 33.
2078 3420 2162 3476 De
2183 3417 2452 3475 Heinrico
2481 3418 2582 3490 qui
2617 3431 2652 3474 a‘
2679 3429 2879 3474 sorore
2903 3419 3350 3492 prohibeamus
3370 3422 3430 3478 in
3461 3439 3591 3480 mu-

2055 3509 2312 3564 nitiones
2333 3511 2535 3563 contra
2555 3523 2749 3580 regem
2773 3507 3156 3580 ingrediatur.

1946 3599 2016 3654 34
2055 3599 2135 3654 Ι)θ
2151 3598 2356 3653 eodem
2369 3596 2468 3670 qui
2487 3596 2638 3670 regis
2656 3599 3111 3670 postmodzumad
3133 3600 3591 3660 misericordiam

2053 3686 2230 3744 venit.

1536 3887 1888 3934 EXPLICIUNT
1931 3880 2253 3932 αΑΡιΤυιΑ.

841 4067 1251 4156 INCIPIT
1308 4067 1634 4156 LIBER
1693 4065 2232 4184 QUARTUS
2293 4063 2914 4154 FELICITER.

255 4262 300 4317 ι.
335 4259 629 4320 Hactenus
659 4271 787 4336 quae
836 4263 1062 4338 digesta
1094 4267 1251 4334 sunt,
1286 4266 1558 4322 sacerdos
1588 4264 1830 4321 sanctis—
1857 4264 1906 4330 D
1939 4264 1996 4319 et
2025 4259 2747 4334 provinciaseirc‘umcirca
2760 4254 3587 4338 miseredevastaret,eamque

179 4349 351 4419 sime,
383 4350 536 4408 sicut
566 4370 600 4408 ει
627 4351 1123 4426 gravissimis,qui
1154 4369 1223 4410 ea
1251 4359 1550 4410 creverant
1573 4355 1638 4426 [ί.
1672 4370 1720 4410 e.
1742 4354 1827 4409 vi-

179 4439 431 4511 derant],
475 4438 618 4498 viris
663 4442 881 4511 audivi;
915 4443 1196 4516 exposui;
1228 4447 1502 4499 cazterum
1534 4459 1660 4516 quae
1693 4457 1825 4499 nar-

183 4529 368 4585 randa
398 4533 556 4602 sunt,
590 4530 672 4587 ita
700 4534 766 4587 ut
795 4531 894 4604 qui
927 4531 1312 4599 interfuerim,
1341 4527 1828 4604 explicabo.Easi-

179 4619 418 4691 quidem
450 4623 794 4692 tempestate
814 4624 1011 4677 tantus
1030 4622 1372 4693 eram,quod
1399 4621 1551 4693 regis
1565 4621 1824 4694 Hugonis

176 4708 428 4781 gratiam
461 4707 644 4764 michi
668 4710 823 4765 vocis
850 4707 1158 4766 dulcedine
1171 4710 1645 4782 adquirebamJS
1666 4709 1823 4766 enim

175 4797 537 4869 euphoniam
571 4798 714 4855 adeo
752 4801 810 4866 [ί.
845 4817 890 4856 e.
923 4798 1118 4872 valde]
1147 4795 1445 4871 diligebat,
1495 4799 1554 4854 in
1586 4811 1702 4872 qua
1732 4815 1824 4855 me

176 4885 541 4958 coequalium
575 4904 895 4959 puerorum
928 4904 1097 4945 nemo
1128 4887 1356 4944 vincere
1399 4891 1642 4961 poterat.

242 4975 297 5031 2.
332 4973 518 5049 Igitur
548 4993 645 5033 rex
675 4975 840 5050 Hugo
871 4976 1011 5034 dum
1033 4977 1820 5050 properarisibicunctapro-

173 5063 445 5138 spiceret,
504 5063 689 5120 filium
745 5083 921 5122 suum
975 5066 1340 5134 Lotharium,
1376 5082 1547 5137 quem
1581 5083 1647 5122 ex
1677 5066 1822 5122 Alda

171 5159 349 5209 uxore
397 5163 509 5210 sna
548 5157 850 5227 genuerat,
884 5154 1110 5211 cunctis
1144 5154 1562 5225 coniventibus,
1596 5160 1726 5228 post
1759 5165 1821 5212 se

173 5249 370 5317 regem
394 5244 700 5300 constituit
724 5244 837 5318 (an.
871 5241 996 5312 93!,
1027 5241 1152 5300 Mai.
1189 5242 1296 5317 15).
1331 5243 1452 5311 Quo
1485 5245 1817 5312 constituto,

175 5331 427 5404 qualiter
447 5329 716 5401 Romam,
736 5347 804 5389 ex
815 5332 1191 5406 quaturpiter
1211 5333 1429 5404 ejectus
1444 5331 1649 5400 fuerat,
1685 5343 1817 5405 pos-

173 5423 268 5476 set‘
311 5420 640 5494 adquirere.
687 5422 1002 5496 cogitabat.
1057 5420 1308 5478 Collecta
1354 5423 1552 5495 itaque
1620 5423 1820 5478 multi-

171 5509 398 5580 tudine,
406 5511 800 5584 proﬁciscitur
829 5513 1099 5569 Romam.
1115 5511 1298 5584 Cujus
1311 5527 1670 5586 quamquam
1692 5512 1822 5570 loca-

1936 4349 2126 4423 ipsam
2159 4348 2476 4406 cottidiano
2507 4348 2726 4421 impetu
2772 4348 3167 4423 impugnaret,
3216 4351 3584 4426 ingrediendi

1934 4445 2132 4496 tamen
2165 4452 2292 4495 eam
2326 4435 2594 4494 effectum
2627 4455 2740 4493 non
2774 4439 2966 4510 potuit
2995 4439 3280 4498 obtinere.

2006 4529 2060 4584 3.
2095 4529 2349 4600 Sperans
2392 4526 2666 4599 denique,
2733 4519 3047 4584 calliditate
3102 4546 3213 4586 sua
3253 4525 3588 4590 Albericum

1938 4633 2112 4690 posse
2142 4615 2424 4689 decipere,
2459 4616 2509 4672 ei
2526 4615 2854 4683 denuntiat,
2874 4621 2937 4672 ut
2959 4615 3138 4674 filiam
3164 4636 3333 4677 suam
3355 4620 3584 4693 Aldam,

1936 4705 2194 4763 Lotharii
2220 4706 2374 4777 regis
2406 4706 2525 4761 nati
2557 4706 2649 4762 sui
2677 4707 3160 4779 germanam,sibi
3183 4710 3456 4785 conj‘ugio
3479 4707 3586 4768 tol-

1934 4795 2037 4864 lat‘,
2071 4796 2273 4867 sicque
2304 4805 2443 4867 pace
2468 4794 2687 4864 habita,
2710 4799 2774 4851 ut
2800 4813 2944 4852 suus
2967 4796 3157 4869 ipsius
3171 4797 3326 4857 ﬁlius
3344 4817 3587 4857 securus

1932 4887 2294 4959 permaneat.
2327 4882 2631 4940 Al‘beriCUS
2665 4883 2866 4959 igitur,
2898 4889 2964 4940 ut
2994 4883 3083 4941 vir
3113 4887 3586 4957 infatuus,filiam

1932 4976 2058 5048 ejus
2073 4969 2949 5045 sibiconjugiojuoxitJt'omam
2971 4979 3189 5044 autem,
3205 4993 3382 5048 quam
3407 4977 3586 5034 nimis

1931 5063 2321 5131 ardebat,non
2333 5061 2786 5134 tradidit,seque
2807 5061 2858 5118 ei
2880 5063 3124 5120 minime
3143 5064 3410 5121 credidit.
3438 5066 3584 5123 Vere

1931 5155 2128 5209 tamen
2177 5150 2512 5207 Albericum
2561 5167 2660 5206 rex
2709 5145 2874 5224 Hugo
2913 5151 3202 5208 inescaret
3247 5155 3304 5209 et
3329 5159 3581 5226 caperet,

1929 5251 2086 5314 τούτῳ
2115 5249 2218 5314 τῷν
2235 5248 2513 5313 ἀγιήσδρῳ,
2529 5241 2649 5295 toto
2681 5243 2737 5295 to
2760 5240 3106 5313 agkistro,id
3125 5243 3216 5298 est
3237 5241 3350 5298 isto
3380 5242 3580 5312 hamo,

1930 5331 2045 5388 nisi
2076 5339 2320 5388 suorum
2351 5329 2458 5384 hoc
2487 5329 2701 5384 faceret
2731 5325 2954 5386 fallatis
2984 5328 3262 5403 militum,
3313 5333 3414 5407 qui
3445 5351 3580 5391 eum

1929 5420 2244 5493 aliquando
2277 5425 2482 5492 paceni
2513 5433 2648 5474 cum
2679 5417 2807 5490 ipso
2839 5415 3055 5475 habere
3103 5437 3220 5477 non
3271 5423 3574 5496 cuperent.

1929 5511 1990 5568 Si
2041 5523 2215 5584 quem
2274 5507 2432 5563 enim
2479 5523 2580 5564 rex
2629 5523 2874 5564 suorum
2923 5508 3094 5566 vellet
3146 5510 3458 5585 corripere,
3506 5515 3578 5571 ad

1533 5633 1780 5696 νωιυε
1812 5627 2228 5695 LECTIONES.

241 5733 333 5769 ’δν
363 5734 602 5794 brachio
640 5741 684 5794 1.
763 5738 830 5774 ³⁵⁸
858 5735 1126 5796 briuicau
1157 5737 1210 5793 2.
1290 5737 1477 5794 littera
1499 5747 1646 5796 vom
1663 5739 1858 5811 prima
1890 5739 1997 5796 vim
2019 5731 2402 5803 distinguitur.
2479 5730 2548 5768 πτ
2576 5731 2826 5792 exercitu
2861 5734 3010 5792 tinea
3035 5733 3217 5795 delata
3242 5737 3292 5793 1.
