4050 6414
450 435 455 441 ’
475 429 598 499 889

1432 426 1913 498 LUI'I‘PRANDI
1956 419 2510 492 CREMONENSIS
2550 423 2929 493 EPISCOPI.

3764 419 3917 491 860

450 565 805 628 ~Albericum
832 583 968 626 mox
995 565 1225 626 studuit
1253 567 1475 643 fugere,
1507 585 1542 625 a
1568 584 1683 641 quo
1713 565 1867 639 regis
1897 564 1969 621 ob
1991 578 2112 620 me-
2134 562 2201 630 Α,
2226 564 2555 638 pernitiem,
2606 581 2722 620 non
2766 565 2838 621 ad
2885 563 3156 622 salutem.
3211 558 3437 630 Scisne,
3499 560 3681 630 hunc,
3732 577 3891 620 cum

366 660 383 665 “
476 664 602 716 tum
632 662 931 733 gratanter
979 662 1289 732 susceptus
1319 659 1513 715 Romae
1545 658 1827 730 deguerat
1868 655 2118 712 honora-

471 752 591 806 tus.

545 839 596 893 4.
630 841 779 894 Dum
801 837 909 894 hec
938 840 1212 911 aguntur,
1240 836 1515 894 Saraceni
1548 836 1932 892 Fraxenetum
1956 832 2119 888 inha-

472 926 749 995 bitantes,
777 926 1015 983 collecta
1035 926 1437 993 multitudine,
1470 926 1712 998 Aquas‘,
1739 926 1810 981 50
1852 921 2121 978 miliariis

472 1015 652 1088 Papia
682 1015 927 1084 distans,
948 1032 1134 1088 usque
1154 1018 1554 1087 pervenerant.
1590 1014 1808 1070 Horum
1833 1020 2117 1085 πρώϐωλος,

472 1103 761 1178 provolos,
789 1104 847 1159 id
879 1108 968 1160 est
994 1105 1256 1175 praedux,
1289 1104 1554 1177 Sagittus
1585 1104 1910 1159 Saracenus
1930 1101 2118 1172 pessi-

472 1210 607 1249 mus
638 1192 975 1267 impiusque
995 1193 1403 1249 extiterat.Deo
1424 1197 1620 1248 tamen
1642 1190 2120 1264 propitio,pugna

470 1281 809 1353 commissa,
837 1290 1127 1355 ταλέπορος,
1163 1280 1475 1353 taleporos,
1522 1281 1580 1336 id
1623 1284 1715 1337 est
1742 1279 1945 1347 miser,
1994 1277 2119 1349 ipse

473 1387 608 1428 cum
639 1370 915 1427 omnibus
942 1370 1068 1427 suis
1089 1370 1331 1427 interiit.

542 1460 597 1515 5.
630 1460 738 1515 Per
779 1458 934 1515 idem
982 1464 1218 1531 tempus
1267 1458 1326 1513 in
1353 1457 1636 1514 Januensi
1668 1457 1829 1524 urbe,
1873 1473 1999 1529 quae
2030 1459 2119 1511 est

471 1547 531 1603 in
562 1547 808 1620 Alpibus
837 1546 1405 1620 Cotzie,octingentis
1436 1545 1642 1602 stadiis
1673 1544 1848 1617 Papia
1869 1544 2114 1611 distans,

470 1653 652 1709 supra
681 1636 1024 1691 Africanum
1069 1652 1229 1691 mare
1267 1635 1605 1702 constituta,
1641 1634 1770 1690 fons
1802 1633 2115 1705 sanguinis

473 1723 805 1797 largissime
825 1723 1465 1793 ﬂuxit,subsecuturam
1478 1723 1705 1780 cunctis
1721 1726 1985 1797 patenter
2004 1722 2117 1777 rui-

474 1829 612 1869 nam
643 1811 1193 1870 insinuans.Eodem
1215 1813 1431 1885 quippe
1454 1828 1607 1869 anno
1628 1811 1786 1867 Pmni
1805 1828 1939 1866 cum
1962 1808 2114 1866 mul-

475 1899 725 1999 titudine
753 1899 1030 1999 classium
1053 1899 1154 1999 illo
1184 1901 1547 1999 perveniunt,
1579 1900 1921 1973 civibusque
1951 1900 2116 1973 igno-
2145 1932 2195 1999 B

474 1989 763 2057 rantibus,
797 1989 1088 2045 civitatem
1133 1988 1566 2063 ingrediuntur,
1620 1993 1883 2056 cunctos,
1915 1988 2114 2061 pueris

474 2077 730 2151 exceptis
748 2077 815 2112 ⁸⁵⁸
832 2081 889 2134 et
916 2076 1284 2141 mulieribus,
1310 2078 1669 2134 trucidantes
1707 2095 1720 2145 ;
1754 2081 2116 2148 cunctosque

472 2165 723 2222 civitatis
750 2169 807 2222 et
827 2164 1173 2223 eclesiarum
1199 2165 1298 2222 Dei
1321 2166 1630 2223 thesauros
1650 2166 1899 2223 navibus
1925 2165 2119 2237 impo-

471 2258 698 2323 nentes,
730 2254 789 2310 in
818 2254 1070 2311 Africam
1100 2259 1240 2311 sunt
1266 2255 1500 2311 reversi.

542 2346 596 2401 6.
616 2345 735 2400 Hoc
756 2344 817 2399 in
848 2347 1109 2417 tempore
1128 2343 1850 2414 Mannasses,Arelatensis
1864 2341 2112 2398 civitatis

471 2431 805 2506 episcopus,
837 2433 1039 2506 agnita
1080 2433 1234 2507 regis
1282 2433 1546 2506 Hugonis
1576 2432 1853 2505 potentia,
1889 2449 1923 2487 a
1951 2432 2120 2502 cujus

471 2521 598 2596 ipse
623 2521 925 2579 afﬁnitatis
953 2520 1254 2578 mlincam
1276 2522 1562 2595 sanguine
1591 2524 1860 2588 traxerat,
1894 2521 2122 2576 deserta

471 2611 585 2668 sibi
614 2611 928 2668 commissa
977 2609 1224 2677 mclesia,
1257 2608 1600 2666 ambitionis
1631 2608 1862 2682 spiritu,
1899 2607 2114 2664 multas

471 2697 795 2756 violaturus
814 2700 882 2734 ’⁸ο
902 2698 1084 2753 immo
1104 2697 1467 2754 laceraturus
1483 2697 1760 2765 ecclesias,
1776 2697 2008 2754 Italiam
2021 2714 2117 2770 pc-

474 2788 586 2844 tiit.
610 2787 775 2861 Hugo
801 2790 996 2843 autem
1030 2801 1131 2841 rex
1162 2803 1408 2859 regnum
1431 2786 1697 2843 securius
1716 2786 1977 2844 obtinere
1991 2804 2120 2859 spe-

474 2893 634 2945 rans,
669 2875 718 2932 si
749 2874 1035 2931 afﬁnitate
1065 2873 1520 2947 sihiconjunctis
1550 2875 1713 2948 regni
1734 2876 1927 2933 ofﬁcia
1946 2874 2120 2949 largi-

479 2968 666 3031 retur,
693 2964 1002 3037 contrajus
1027 2964 1235 3036 fasque
1263 2963 1682 3033 Veronensem,
1715 2965 2121 3021 Tridentinam

474 3058 650 3129 atque
677 3054 1058 3110 Mantuanam
1101 3052 1551 3124 commendavit,
1583 3071 1709 3126 seu,
1744 3055 1899 3128 quod
1927 3054 2123 3111 verius

473 3146 582 3212 est,
615 3141 676 3199 in
708 3158 904 3199 escam
951 3142 1133 3210 dedit,
1180 3140 1489 3199 aeclesiam.
1518 3143 1593 3198 Ac
1622 3160 1728 3200 nec
1759 3143 1852 3199 his
1882 3142 2121 3215 quidem

471 3235 800 3302 contentus,
834 3230 1240 3288 Tridentinam
1261 3232 1507 3304 adeptus
1538 3236 1628 3288 est
1655 3249 1952 3300 marcam;
1982 3249 2119 3305 quo,

469 3299 804 3395 impellente
825 3319 1078 3389 diabolo,
1100 3321 1242 3375 dum
1258 3299 1427 3377 miles
1440 3321 1883 3395 esseinciperet,
1899 3299 2121 3394 episcc-
2149 3299 2193 3368 θ

472 3427 585 3483 pus
613 3426 742 3466 esse
769 3408 1079 3466 desineret.
1110 3408 1275 3465 Libet
1306 3413 1524 3480 autem,
1559 3414 1724 3483 pater
1761 3411 1909 3485 agie,
1943 3410 2001 3466 id
2031 3413 2120 3467 est

473 3503 694 3566 sancte,
727 3497 1163 3569 aliquantulum
1192 3499 1580 3567 immorarier,
1615 3517 1902 3573 suamque
1932 3500 2120 3573 ipsius

475 3586 845 3642 sententiam
860 3603 964 3642 cur
978 3586 1090 3643 hoc
1113 3588 1451 3659 ageret,Deo
1473 3587 1755 3661 largiente
1777 3591 1864 3654 ²⁶¹,
1886 3590 2123 3662 propria

466 3673 760 3749 jugulare.
790 3697 820 3725 «
853 3675 1086 3741 Beatus,
1113 3675 1324 3747 inquit,
1355 3677 1581 3748 Petrus,
1614 3678 1932 3735 Antiocena
1960 3678 2123 3735 insti-

472 3768 603 3821 tuta
632 3762 955 3829 ecclesia,ad
985 3767 1307 3820 Romanam
1330 3765 1557 3833 urbem,
1573 3783 1699 3838 quae
1713 3766 1982 3839 potentiae
1996 3784 2119 3823 ma-

474 3852 783 3927 gnitudine
802 3852 1029 3908 cunctis
1059 3855 1200 3907 tunc
1231 3852 1569 3910 nationibus
1600 3854 1945 3928 imperabat,
1963 3861 2118 3929 post-

476 3942 718 3999 modum
746 3939 1261 3998 transvolavit.Ubi
1292 3958 1427 3998 cum
1465 3942 1580 4000 Deo
1618 3944 1962 4018 disponente
1988 3964 2121 4002 san-

475 4036 628 4089 ctam
641 4033 878 4104 totoque
894 4030 1033 4086 orbe
1043 4030 1504 4087 26“venerandam
1516 4033 1792 4089 fundaret
1811 4034 2118 4107 ecclesiam,

474 4119 763 4194 discipulo
786 4137 892 4177 suo
924 4120 1090 4176 beato
1123 4119 1531 4195 euvangelistae
1565 4122 1758 4178 Marco
1786 4122 2118 4196 pristinam,

471 4209 848 4267 Antiocenam
882 4208 1125 4277 scilicet,
1168 4210 1633 4280 commendavit;
1680 4211 1762 4267 ita
1806 4216 2026 4281 tamen,
2058 4218 2124 4270 ut

471 4299 921 4373 Aquilegensem
935 4302 992 4355 et
1003 4298 1127 4371 ipse
1137 4298 1327 4371 primo
1341 4299 1871 4374 institueret,atque
1881 4302 2125 4359 Alexan-

471 4389 702 4444 drinam
734 4387 956 4444 concite
978 4390 1216 4460 peteret.
1239 4388 1400 4454 Quod
1429 4389 1512 4445 ita
1532 4394 1726 4446 actum
1753 4407 1901 4460 esse,
1936 4392 2121 4448 nemi-

474 4493 610 4534 nem
642 4475 744 4550 qui
775 4492 978 4532 eorum
1009 4480 1175 4532 actus
1192 4475 1419 4550 legerit,
1443 4494 1558 4533 non
1582 4479 1804 4536 nescire
1824 4480 2121 4553 cognosci-

475 4582 630 4622 mus.
661 4586 691 4618 »
727 4564 839 4621 Sed
871 4569 958 4633 ut,
989 4565 1160 4621 nobis
1191 4566 1699 4639 respondentibus.
1735 4586 1768 4625 o
1798 4570 2120 4639 Monaeses,

472 4668 610 4709 vera
637 4657 693 4708 te
723 4668 900 4725 super
928 4652 1021 4709 his
1070 4670 1186 4709 non
1226 4654 1443 4710 sentire
1492 4672 1829 4729 cognoscas,
1866 4658 2121 4717 nominis
2151 4670 2200 4737 D

476 4741 563 4798 tui
584 4740 980 4814 etimologiam
998 4745 1411 4813 parentestuos
1423 4743 1685 4801 videntes
1701 4746 1882 4803 fuisse
1898 4746 2119 4805 intelle—

473 4847 596 4905 ges.
620 4830 889 4886 Manases
909 4830 1125 4903 quippe
1145 4831 1456 4901 obliv?osus,
1493 4849 1595 4890 seu
1641 4836 1840 4892 oblivio
1870 4838 2114 4907 Domini,

471 4918 1063 4994 interpretatur.Quid
1095 4919 1252 5001 enim
1283 4921 1477 4977 verius
1494 4926 1597 4979 aut
1626 4925 1890 4996 npertius
1912 4943 2118 4999 paren-

468 5013 556 5067 tes
585 5011 654 5045 ²⁶³
699 5008 762 5085 [ί.
796 5024 842 5065 e.
877 5007 1215 5081 prophetas]
1270 5010 1353 5064 tui
1394 5010 1503 5067 hoc
1538 5012 1774 5070 nomine
1801 5014 2117 5074 vaticinare

471 5102 788 5172 potuerunt
808 5101 837 5155 7
856 5096 963 5168 Ita,
1005 5096 1269 5170 inquam,
1303 5114 1367 5155 es
1396 5098 1612 5156 oblitus
1643 5101 1749 5169 tui,
1784 5105 1980 5160 utnec
2006 5104 2114 5162 ho-

470 5189 689 5245 minem
711 5187 950 5262 quidem
965 5191 1022 5244 te
1032 5203 1161 5244 esse
1177 5187 1574 5245 reminiscare.
1594 5189 1868 5247 Diabolus
1899 5193 2116 5267 quippe

472 5276 795 5348 scripturas
842 5277 1022 5344 novit,
1080 5281 1140 5333 et
1199 5281 1420 5347 tamen,
1470 5280 1537 5332 ut
1589 5294 1921 5350 perversus,
1981 5299 2111 5355 per-

471 5379 636 5421 verse
680 5381 779 5421 eas
829 5365 1264 5438 interpretatur,
1315 5369 1373 5421 et
1438 5382 1574 5423 cum
1630 5365 1724 5424 his
1782 5369 1985 5440 utitur,
2040 5374 2112 5429 ad

2227 654 2675 726 temptationum
2715 653 2932 725 jaculis
2976 653 3286 710 dominum
3334 656 3393 709 et
3446 651 3903 725 redemptorem

2228 748 2496 799 nostrum
2543 743 2755 800 Jesum
2788 742 3089 799 Christum
3138 759 3288 799 ausu
3346 741 3568 798 nefario
3616 740 3907 798 sautiare

2228 836 2554 900 conaretur,
2579 832 2672 888 his
2702 832 3057 905 propheticis
3088 831 3242 889 male
3273 848 3451 888 usum
3477 829 3720 888 verbis?
3743 831 3903 899 Quo-

2226 924 2382 978 niam
2411 923 2621 993 angelis
2649 923 2764 977 suis
2795 921 3077 977 mandavit
3106 921 3173 977 de
3203 925 3272 991 te,
3303 925 3354 977 et
3385 922 3447 975 in
3474 921 3738 975 manibus
3786 920 3901 975 tol-

2228 1013 2339 1067 lent
2369 1015 2437 1077 te,
2468 1028 2538 1067 ne
2568 1028 2828 1083 umquam
2856 1010 3097 1083 offendas
3128 1010 3199 1065 ad
3229 1010 3468 1081 lapidem
3487 1009 3686 1081 pedem
3727 1013 3891 1065 tuum

2227 1103 2375 1169 (Luc.
2412 1105 2505 1168 iv).
2540 1100 2657 1156 Hoc
2688 1116 2829 1156 sane
2856 1099 2941 1155 ita
2969 1115 3098 1155 esse
3140 1098 3426 1171 scriptum
3459 1114 3526 1155 ac
3555 1098 3629 1152 de
3658 1112 3728 1153 eo
3759 1098 3894 1154 dic-

2225 1193 2373 1257 tum,
2424 1188 2624 1245 nullus
2674 1187 2939 1250 ﬁdelium
2970 1187 3237 1260 ambigit.
3274 1187 3387 1244 Sed
3416 1203 3596 1259 quam
3629 1185 3883 1242 fraudu-

2224 1278 2412 1334 lenter
2439 1294 2574 1334 vera
2602 1278 2723 1333 haec
2742 1277 3057 1334 Leviathan
3089 1274 3185 1332 ille
3207 1275 3510 1348 proferret,
3533 1275 3749 1348 ipsius,
3778 1274 3893 1348 qui

2227 1384 2344 1423 non
2376 1366 2565 1423 solum
2591 1365 2927 1422 mortalium
2959 1365 3061 1421 sed
3075 1369 3134 1421 et
3152 1363 3492 1437 angelorum
3514 1380 3729 1422 sensus
3750 1381 3899 1421 exu-

2226 1460 2409 1529 perat,
2462 1455 2839 1527 responsione
2889 1454 3353 1510 animadvertere
3418 1451 3638 1525 poteris
3680 1469 3695 1519 ;
3765 1454 3895 1509 Non

2225 1546 2533 1617 temptabis,
2585 1545 2786 1614 inquit,
2833 1542 3116 1599 dominum
3155 1543 3328 1597 Deum
3358 1548 3533 1597 tuum.
3564 1540 3745 1596 Vides
3775 1540 3892 1614 igi-

2225 1638 2324 1691 tur
2347 1637 2404 1690 et
2432 1638 2515 1700 tu,
2542 1633 2694 1689 veris
2725 1632 2965 1704 quidem
2996 1631 3098 1687 sed
3117 1629 3595 1686 frandulentibus
3612 1629 3895 1686 assertio-

2227 1723 2403 1778 nibus
2432 1721 2652 1789 uteris;
2684 1720 3183 1793 quemadmodum
3215 1723 3272 1776 et
3301 1722 3570 1790 apostata
3606 1717 3890 1775 Julianus

2226 1810 2600 1883 respondisse
2628 1807 3210 1876 diciturchristianis,
3239 1820 3388 1879 quos
3414 1806 3695 1862 aviditate
3720 1806 3892 1879 rapi-

2226 1917 2311 1955 nae
2340 1916 2518 1956 censu
2566 1897 2801 1972 proprio
2848 1896 3255 1953 defraudavit:
3305 1895 3503 1965 Nolite,
3535 1896 3664 1967 inﬁt
3698 1897 3889 1968 magi-

2227 1996 2339 2044 ster
2381 1992 2571 2057 vester,
2610 1986 2885 2060 possidere
2905 1986 2974 2022 ²⁶⁴
3013 2002 3213 2041 aurum
3256 2001 3429 2059 neque
3459 1988 3782 2055 argentum.
3815 1986 3893 2041 Et

2227 2077 2404 2133 illud:
2438 2085 2783 2149 Εὐκοπώτερον
2836 2085 2930 2149 γάρ
2978 2083 3126 2144 ἔστην
3173 2083 3403 2147 κάμηλον
3461 2082 3539 2130 διά
3602 2082 3892 2147 τρυμαλῦας

2231 2176 2421 2241 ραφίδος
2483 2174 2742 2224 εἰστελθαὶν
2799 2191 2834 2235 η
2893 2173 3127 2222 πλουσιον
3179 2171 3242 2229 εἰς
3290 2172 3382 2232 τήν
3453 2171 3726 2237 βασιλεῖαν,
3780 2174 3879 2221 τοῦ

2226 2259 2724 2327 Θεοῦβαεοροιθνοη
2765 2271 2867 2326 gar
2892 2256 3032 2310 estin
3072 2253 3311 2309 camiton
3348 2252 3444 2308 dia
3474 2253 3759 2308 trimatias
3791 2269 3897 2307 ra-

2228 2346 2360 2418 ﬁdos
2404 2345 2627 2401 iselthin
2655 2346 2679 2401 i
2702 2346 2923 2416 plusion
2972 2345 3019 2399 is
3044 2344 3129 2399 tin
3160 2344 3421 2400 basiliam
3449 2346 3510 2397 tu
3537 2341 3690 2410 theu,
3724 2341 3893 2413 quod

2230 2439 2320 2490 est
2351 2452 2364 2490 :
2396 2435 2635 2490 Facilius
2665 2438 2743 2490 est
2761 2433 3031 2489 camelum
3048 2448 3152 2503 per
3177 2434 3427 2504 foramen
3459 2446 3590 2486 acus
3618 2432 3890 2497 transiri,

2229 2540 2393 2596 quam
2421 2524 2647 2579 divitem
2692 2526 2904 2578 intrare
2944 2524 3005 2577 in
3050 2537 3279 2593 regnum
3306 2521 3568 2578 caelorum
3598 2519 3790 2592 (Marc.
3824 2538 3889 2589 x,

2228 2613 2343 2685 25).
2376 2614 2445 2668 Et
2476 2612 2650 2667 item:
2684 2613 2788 2681 Qui
2813 2628 2926 2667 non
2955 2611 3236 2667 renuntiat
3265 2610 3516 2666 omnibus
3545 2623 3673 2680 quae
3702 2610 3890 2680 possi-

2228 2703 2316 2758 det
2331 2703 2418 2768 εδδ,
2440 2717 2549 2758 non
2565 2705 2744 2774 potest
2763 2717 2912 2758 meus
2940 2716 3052 2756 esse
3079 2699 3376 2771 discipulus
3421 2699 3572 2768 (Luc.
3605 2715 3724 2766 XIV,
3756 2698 3878 2770 33).

2236 2792 2389 2848 Cedo
2422 2791 2621 2863 igitur,
2652 2790 2794 2861 quid
2825 2787 3153 2861 perversius
3194 2788 3311 2857 ille,
3347 2787 3556 2860 quidve
3585 2786 3805 2843 foedius
3832 2791 3894 2843 te

2229 2880 2446 2936 dixisse
2475 2878 2800 2935 credendus
2815 2879 2882 2913 ²⁶⁶
2897 2882 2987 2934 est
3006 2877 3034 2932 ‘I
3062 2878 3225 2944 Quod
3256 2877 3413 2933 enim
3442 2876 3650 2932 Petrus
3682 2876 3755 2931 ad
3782 2877 3889 2948 ju-

2230 2969 2473 3037 stitiam,
2505 2972 2569 3024 tu
2599 2967 2884 3024 transfers
2914 2968 2986 3023 ad
3009 2965 3263 3039 culpam.
3287 2965 3468 3021 Credo
3489 2965 3556 3001 ²⁶⁷
3577 2963 3885 3037 equidem,

2230 3063 2287 3115 te
2318 3061 2483 3114 actus
2504 3056 2899 3129 apostolorum
2919 3072 3036 3111 non
3053 3053 3426 3124 intellexisse,
3442 3056 3563 3121 aut,
3584 3053 3746 3126 quod
3761 3070 3887 3110 cre-

2231 3147 2470 3204 dibilius
2497 3150 2604 3214 est,
2639 3145 2883 3201 minime
2905 3143 3137 3217 legisse.
3166 3144 3252 3199 lbi
3280 3142 3452 3215 plane
3481 3143 3568 3199 sic
3585 3142 3884 3215 scriptum

2230 3235 2524 3310 repperies
2557 3234 2837 3308 quoniam
2855 3232 3056 3291 ﬁdeles
3086 3232 3417 3290 vendebant
3442 3231 3662 3305 praedia
3674 3248 3809 3299 sua,
3822 3237 3885 3288 et

2229 3326 2523 3399 ponebant
2551 3324 2830 3397 praecium
2861 3326 2995 3379 ante
3024 3323 3203 3395 pedes
3228 3320 3885 3394 apostolorum,quibus

2226 3418 2393 3471 erant
2422 3413 2621 3471 omnia
2650 3412 2988 3470 communia
3013 3416 3151 3483 (Act.
3181 3429 3243 3480 ιι,
3275 3411 3386 3484 35),
3421 3427 3526 3467 nec
3557 3409 3883 3483 quisquam

2229 3503 2450 3576 aliquid
2483 3519 2657 3560 suum
2690 3519 2817 3559 esse
2846 3501 3110 3571 dicebat;
3142 3499 3508 3556 dividebatur
3528 3502 3729 3555 autem
3760 3499 3886 3554 sin-

2204 3593 2404 3666 -gulis,
2437 3596 2612 3665 prout
2659 3591 2870 3664 cuique
2909 3607 3058 3664 opus
3089 3593 3214 3646 erat
3244 3592 3381 3657 (Act.
3417 3605 3494 3657 IV,
3529 3586 3637 3659 15).
3675 3586 3739 3643 Si
3765 3587 3885 3661 igi-

2228 3681 2850 3755 tur,quodinhumano
2880 3695 3061 3736 censu
3078 3677 3416 3752 praeciosius
3436 3676 3665 3749 tibique
3677 3676 3886 3733 anima

2230 3776 2331 3829 tua
2355 3771 2570 3838 carius,
2602 3771 2808 3827 Petrus
2837 3785 3070 3837 aurum,
3106 3766 3275 3841 quasi
3320 3766 3603 3840 quiddam
3632 3764 3888 3838 pestife-

2230 3880 2382 3931 rum,
2422 3858 2907 3933 tangereunoluit,
2951 3875 3071 3931 qua
3109 3858 3332 3915 retione
3370 3872 3529 3928 eum,
3560 3855 3887 3912 Antiocena

2231 3952 2482 4015 deserta,
2528 3950 2600 4005 ad
2651 3949 2977 4004 Romanam
3028 3946 3244 4003 asseris
3293 3943 3584 4001 ecclesiam
3614 3948 3884 4000 transvo-

2229 4040 2385 4097 lasse
2411 4044 2437 4093 .9
2462 4039 2518 4095 Si
2568 4038 2770 4106 latras,
2820 4036 3011 4107 illum,
3060 4036 3215 4108 quod
3248 4033 3488 4092 omnino
3517 4032 3738 4090 falsum
3770 4036 3881 4101 est,

2232 4128 2567 4203 quaesivisse
2624 4143 2886 4195 censum,
2950 4142 3055 4199 ego
3118 4124 3453 4182 animarum
3522 4122 3759 4178 lucrum
3829 4126 3889 4177 et

2230 4218 2544 4290 comprobo
2574 4215 2897 4290 gioriosum
2928 4213 3295 4287 martyrium.
3316 4211 3649 4268 Predictum
3663 4210 3883 4283 quippe

2231 4307 2343 4365 sibi
2372 4307 2438 4343 ²⁶⁸
2468 4324 2503 4362 a
2549 4306 2854 4379 magistro,
2897 4304 3079 4359 immo
3128 4306 3386 4359 creatore
3415 4303 3473 4357 et
3515 4300 3886 4373 redemptore

2232 4414 2337 4455 suo
2386 4397 2594 4461 fuerat,
2645 4392 2971 4467 quoniam:
3023 4392 3157 4448 Cum
3202 4406 3339 4449 esses
3360 4390 3578 4462 junior,
3628 4388 3886 4462 cingebas

2230 4491 2301 4555 te,
2334 4495 2384 4542 et
2432 4485 2751 4541 ambulabas
2797 4483 2892 4538 ubi
2937 4482 3176 4547 volebas,
3226 4497 3352 4536 cum
3401 4483 3585 4535 autem
3611 4478 3882 4547 senueris,

2232 4573 2482 4630 extendes
2508 4587 2707 4628 manus
2737 4578 2877 4639 tuas,
2909 4573 2961 4625 et
3007 4569 3152 4625 alius
3199 4577 3250 4625 te
3276 4569 3476 4640 cinget,
3515 4571 3568 4622 et
3591 4565 3747 4623 ducet
3778 4582 3886 4639 quo

2230 4663 2297 4698 ²⁶⁹
2357 4666 2419 4718 tu
2446 4678 2556 4717 non
2595 4662 2697 4716 vis.
2740 4661 2846 4715 Hoc
2914 4667 3098 4714 autem
3160 4658 3327 4722 dixit,
3397 4655 3716 4725 signiﬁcem
3776 4672 3886 4728 qua

2226 4759 2399 4808 morte
2438 4750 2843 4821 clariﬁcaturus
2892 4754 3028 4804 esset
3054 4749 3227 4803 Deum
3268 4748 3445 4817 (Joan.
3479 4762 3594 4815 xxx,
3635 4745 3742 4815 18).
3774 4743 3882 4800 De-

2225 4840 2402 4912 nique
2427 4842 2485 4895 et
2512 4838 2627 4894 alio
2658 4837 2718 4893 in
2750 4835 2875 4893 loco
2909 4838 3042 4909 post
3072 4834 3558 4891 resurrectionem
3586 4833 3757 4889 Petro
3790 4849 3876 4902 se,

2225 4946 2340 5001 quo
2368 4925 2910 4998 iret,interroganti,
2932 4923 3307 4997 respondisse
3326 4923 3612 4980 Dominus
3630 4920 3875 4995 legitur:

2226 5020 2450 5075 Romam
2490 5019 2696 5072 iterum
2732 5015 3005 5085 cruciﬁgi.
3057 5013 3231 5069 Venit
3281 5012 3465 5086 igitur
3494 5012 3720 5081 Petrus,
3749 5027 3867 5068 non

2225 5105 2543 5163 ambitione
2568 5104 2805 5160 inﬂatus
2836 5102 2940 5159 sed
2973 5101 3235 5158 martirio
3270 5102 3711 5170 animatus,non
3737 5116 3880 5173 que-

2223 5212 2358 5252 rens
2406 5210 2618 5250 aurum
2666 5192 2769 5249 sed
2828 5190 3160 5248 animarum
3209 5190 3464 5248 lucrum.
3512 5191 3557 5248 Ο
3607 5189 3861 5261 felicem,

2222 5284 2405 5340 immo
2436 5285 2696 5349 beatum,
2728 5280 2780 5337 si
2810 5278 2985 5336 talem
3016 5283 3073 5336 te
3098 5283 3201 5336 tua
3239 5278 3601 5337 conscientia
3632 5281 3876 5337 testare-

2224 5380 2319 5452 tur
2357 5373 2368 5427 !
2421 5372 2535 5428 Nec
2581 5367 2831 5426 inﬁciari
2878 5368 3123 5442 inquam
3154 5373 3342 5442 potes,
3390 5369 3788 5426 Veronensem
3820 5371 3877 5424 te

1847 5485 2084 5545 VARI/E
2124 5489 2539 5549 LECTIONES.

545 5572 612 5648 εἶδε
640 5566 895 5648 exceptis
933 5572 981 5624 1.
1010 5641 1020 5648 _
1056 5571 1124 5607 ’⁵9
1161 5570 1540 5648 aﬁnitatis_1.
1618 5573 1685 5609 ²⁶⁰
1727 5573 1814 5648 ui»
1835 5575 2169 5638 uiolaturus
2209 5577 2613 5636 duabuslineis
2637 5582 2694 5648 ,1.
2772 5576 2835 5612 ²⁶¹
2865 5574 3129 5648 largente
3162 5574 3213 5631 1.
3249 5645 3258 5648 Α
3289 5575 3362 5648 ν²⁶²
3392 5575 3530 5634 orbe
3560 5574 3613 5631 1.
3689 5574 3758 5610 ³⁶³
3790 5573 3875 5631 hic

474 5642 643 5702 codex
669 5639 724 5695 3.
767 5641 1129 5722 prosequitur.
1169 5643 1571 5750 ’6‘”possidete
1626 5649 1672 5702 1.
1749 5646 1818 5682 ²⁶³
1864 5648 2095 5721 posidet
2147 5658 2194 5708 1.

476 5730 700 5750 κροκι-...υ
726 5725 840 5750 nnn
872 5710 1084 5750 Αιτιααο
1114 5714 1148 5750 Q
1345 5714 1382 5750 ι)
1434 5715 1546 5750 αιΙ-νῖ
1579 5731 1615 5750 η
1672 5717 1781 5750 una
1807 5735 1834 5750 ι.
1860 5727 1875 5750 ι
1983 5722 2053 5750 ne
2085 5738 2193 5750 η.-

476 5730 700 5767 αποστων
726 5725 845 5773 non
872 5709 1087 5771 dixisse
1113 5714 1168 5770 3.

2271 5651 2339 5686 ³⁸⁸
2403 5647 2698 5706 crsdendu
2754 5651 2799 5703 1.
2876 5645 3061 5703 "7—0.
3126 5645 3401 5720 equidem
3442 5670 3536 5719 την
3565 5654 3758 5721 πραξην
3785 5670 3878 5704 των

1343 5714 1402 5771 P.
1434 5715 1547 5772 sibi
1579 5731 1636 5788 q.
1672 5717 1784 5775 sibi
1806 5714 1907 5777 al.
1983 5722 2053 5758 ²⁶⁹
2084 5723 2367 5795 q=quod
2391 5722 2445 5777 1.
