4050 6390
137 446 257 514 861

1087 451 1709 517 ANTAPODESEOS
1753 453 1962 518 LIBRI
2008 449 2177 518 SEX.
2208 486 2288 502 -
2315 450 2461 518 LIB.
2505 453 2609 518 IV.

3441 433 3566 516 362'

136 586 510 660 episcopium
542 585 785 642 minime
830 586 1186 655 vendidisse,
1241 588 1398 659 quod
1438 588 1626 655 Petro,
1677 605 1792 643 non
1824 592 1878 656 Α
1908 589 2256 662 amputare?
2278 589 2336 644 in
2367 588 2582 662 quibus
2613 585 2796 643 nostri
2826 585 3142 646 refocilatio
3172 589 3452 664 corporis,
3478 596 3556 662 et,

137 677 387 733 cuilibet
418 677 520 734 sed
554 675 814 750 apostolo
853 675 1056 745 illo“,
1110 693 1436 749 numquam
1485 677 1799 734 didicimus

137 766 490 838 contigisse.
544 767 668 831 Qua
698 783 767 822 ex
815 781 877 821 re
920 783 1036 821 non
1089 765 1280 821 solum
1327 764 1574 838 spiritali
1597 783 1801 822 verum

139 855 326 911 etiam
360 855 646 928 corporali
678 855 916 923 honore,
949 871 1161 910 census
1183 854 1540 910 animatione
1568 855 1714 927 (113)
1747 860 1802 910 te

139 945 448 1017 privatum
477 959 606 1000 esse
635 944 1032 1009 cognovimus.
1067 943 1196 998 Haec
1236 947 1429 998 autem
1462 943 1697 998 interim
1727 944 1801 999 ad

136 1034 516 1106 propositum
565 1033 858 1088 redeundo
910 1032 1066 1087 dicta
1095 1031 1404 1102 sufﬁtiant,
1457 1033 1648 1103 quoad
1680 1031 1802 1086 lar-

136 1122 343 1196 giente
396 1123 514 1178 Deo
548 1122 675 1177 suis
721 1122 779 1176 in
809 1120 971 1188 locis,
1009 1120 1259 1192 qualiter
1307 1120 1800 1177 Mediolanensem

140 1210 530 1284 usurpaveris
560 1210 921 1276 cathedram,
952 1210 1279 1265 veniamus.

212 1305 269 1356 7.
298 1303 377 1356 Eo
399 1302 464 1335 ²⁷¹
484 1305 744 1372 tempore
766 1298 1475 1370 Berengariusiste,cujus
1498 1299 1803 1370 tyrannide

145 1395 273 1446 tota
304 1406 465 1445 nunc
485 1389 730 1461 ’"luget
752 1387 1235 1460 Italia,Eporegiaa
1261 1387 1512 1442 civitatis
1541 1387 1801 1443 marchio

140 1479 495 1535 habebatur.
530 1477 634 1533 Cui
664 1493 762 1533 rex
775 1477 938 1549 Hugo
958 1476 1178 1548 neptim
1192 1492 1385 1543 suam,
1404 1476 1642 1532 nomine
1659 1475 1804 1531 Wil-

138 1568 286 1633 lam,
311 1584 492 1636 quam
523 1583 592 1622 ex
619 1565 792 1624 Willa
821 1581 996 1620 uxore
1013 1581 1122 1620 sua
1152 1565 1298 1620 Boso
1320 1565 1542 1620 Tusciae
1565 1565 1802 1636 provin-

142 1657 248 1714 cias
280 1656 566 1723 marchio,
614 1655 766 1728 regis
798 1655 997 1720 frater,
1037 1655 1335 1726 genuerat,
1361 1654 1670 1726 conjugem
1701 1654 1803 1709 de-

143 1746 252 1802 dit.
303 1745 626 1802 Anscarius
674 1759 830 1811 vero,
878 1743 1211 1815 Berengarii
1262 1742 1459 1811 frater,
1511 1758 1685 1814 quem
1735 1760 1804 1798 ex

138 1835 458 1891 Adelberto
509 1833 946 1906 Hermengarda
996 1831 1149 1905 regis
1200 1830 1462 1903 Hugonis
1521 1836 1803 1904 genuerat

140 1942 333 1993 soror,
367 1923 583 1980 virium
614 1923 852 1978 audatia
881 1920 1256 1993 potentiaque
1289 1921 1563 1976 clarebat.

215 2015 272 2081 8,
305 2011 726 2069 Tedbaldus1m
774 2011 951 2067 etiam
1008 2010 1180 2066 heros
1229 2009 1493 2082 quidam,
1543 2010 1809 2081 proxima

143 2102 384 2175 Hugoni
407 2101 530 2174 regi
559 2099 842 2156 afﬁnitate
872 2099 1200 2170 conjuctus,
1225 2098 1728 2155 Cammerinorum
1751 2104 1807 2156 et

145 2191 588 2264 Spoletinorum
623 2189 884 2245 marchio
912 2193 1054 2244 erat.
1083 2187 1185 2243 Hic
1217 2189 1276 2244 in
1311 2186 1594 2243 auxilium
1626 2189 1804 2245 Bene-

140 2280 384 2337 ventani
427 2278 710 2352 principis
741 2283 943 2334 contra
987 2278 1218 2343 Grecos,
1260 2277 1359 2349 qui
1391 2293 1526 2332 eum
1557 2277 1808 2350 graviter

146 2371 587 2443 obpresserant,
644 2367 808 2422 abiit.
861 2365 1082 2430 Quibus
1113 2382 1247 2421 cum
1295 2365 1516 2421 bellum
1545 2365 1805 2434 inferret,

144 2459 396 2515 victoria
408 2461 497 2514 est
525 2456 770 2530 potitus.
804 2454 1059 2528 Contigit
1079 2455 1332 2527 denique
1354 2454 1574 2511 multos
1605 2456 1808 2513 Greco-

147 2565 309 2617 rum,
326 2548 577 2619 jamjam
601 2563 716 2602 non
739 2563 876 2601 arva
897 2546 998 2600 sed
1018 2544 1633 2614 castraobtinentium,
1650 2545 1805 2601 hunc

148 2638 418 2710 cepisse.
453 2636 676 2701 Quibus
709 2636 851 2690 dum
882 2633 1074 2689 virilia
1105 2637 1452 2705 amputaret,
1485 2633 1624 2689 talia
1654 2637 1803 2690 stra-

148 2728 274 2800 tigo
298 2727 402 2800 qui
434 2727 519 2782 eis
550 2729 792 2798 praeerat
825 2722 1152 2778 nuntiavit:
1188 2745 1215 2772 «
1250 2722 1536 2785 Quoniam
1565 2722 1802 2793 quidem

145 2822 344 2872 vestro
372 2819 574 2872 sancto
605 2813 940 2886 imperatori
971 2811 1334 2885 spadonibus
1365 2811 1444 2866 nil
1476 2811 1804 2883 pretiosius

148 2923 281 2963 esse
313 2904 577 2978 cognovi,
623 2903 731 2958 hos
763 2901 964 2958 studui
1006 2899 1289 2973 pauculos
1323 2899 1434 2956 sibi
1482 2901 1806 2957 verecunde

148 2995 597 3062 transmittere;
667 2991 864 3065 plures
923 2989 1294 3062 qucntocius,
1356 2993 1471 3044 Deo
1531 2988 1800 3062 propitio,

149 3084 630 3141 transmissurus.
661 3104 690 3132 »

221 3175 276 3229 9.
313 3171 660 3229 Ludibrium
709 3174 926 3239 autem,
979 3170 1159 3226 immo
1210 3169 1580 3242 sapientiam,
1624 3186 1803 3241 quam

157 3263 429 3336 quaedam
459 3267 600 3317 tunc
644 3260 856 3316 mulier
885 3259 1085 3333 gessit,
1119 3259 1213 3314 hic
1265 3259 1618 3321 inseramus.
1652 3263 1802 3314 Dum

1914 680 2068 752 quod
2101 680 2363 735 omnium
2390 678 2764 751 potissimum
2786 680 2898 746 est,
2921 678 3229 736 nasciturae
3255 697 3388 753 spes
3405 686 3562 739 extat

1911 767 2133 840 prolis?
2166 770 2312 824 Dum
2342 768 2496 824 enim
2518 784 2616 823 eos
2648 765 3070 836 eunuchizatis,
3105 785 3220 824 non
3249 771 3404 842 quod
3435 770 3559 827 illo-

1911 874 2064 925 rum,
2099 859 2200 913 sed
2231 858 2394 922 Quod
2424 863 2693 914 nostrum
2725 865 2832 929 est,
2869 858 3094 916 tollitis.
3129 859 3282 915 Num
3313 859 3557 933 inquam

1912 951 2311 1002 armentorum
2343 963 2444 1002 seu
2477 947 2669 1002 ovium
2704 949 2889 1022 ecpia,
2909 965 3087 1020 quam
3109 948 3253 1003 mihi
3281 948 3404 1005 dies
3426 953 3559 1006 ante

1911 1036 2018 1091 hos
2051 1036 2397 1102 abstulistis,
2427 1041 2618 1092 vestra
2650 1055 2743 1093 me
2775 1043 2966 1093 castra
2996 1037 3155 1094 adire
3170 1038 3556 1111 coegit?Ani-

1912 1124 2153 1180 malium
2177 1125 2391 1197 quippe
2418 1141 2544 1196 quae
2578 1127 2724 1182 mihi
2757 1127 2973 1183 fecistis
3004 1127 3312 1200 dispendia
3341 1127 3514 1183 laudo
3541 1146 3554 1196 ;

1901 1214 2197 1284 jacturam
2231 1213 2380 1269 hanc
2424 1217 2651 1269 tantam
2702 1220 2823 1271 tam
2855 1213 3168 1285 credulem,
3201 1219 3438 1288 tamque
3469 1215 3558 1270 in-

1911 1302 2391 1374 recuperabilem,
2411 1303 2599 1358 modis
2622 1304 2917 1370 omnibus,
2949 1304 3178 1374 horreo,
3207 1304 3556 1377 fugio,nolo.

1911 1391 2108 1448 Sancti
2151 1391 2275 1456 Dei,
2306 1407 2508 1448 omnes
2558 1392 2736 1448 talem
2769 1411 2804 1450 a
2832 1409 2927 1449 me
2957 1394 3196 1449 avertite
3225 1397 3448 1466 pestem
3475 1393 3487 1448 l
3524 1414 3554 1444 »

1910 1481 2013 1536 His
2045 1480 2280 1547 auditis,
2315 1480 2494 1536 nimio
2526 1485 2666 1536 sunt
2695 1499 2898 1538 omnes
2931 1482 3214 1538 cachinno
3256 1481 3560 1550 commoti,

1909 1573 2227 1641 tantusque
2256 1569 2315 1624 in
2347 1585 2476 1625 eam
2524 1569 2725 1642 populi
2775 1571 2937 1627 favor
2965 1572 3213 1627 excrevit
3231 1573 3298 1607 ³⁷⁵
3347 1574 3412 1627 ut
3442 1588 3560 1627 non

1913 1658 2106 1714 solum
2135 1659 2327 1713 virum
2361 1675 2535 1714 suum
2550 1659 2864 1732 integrum,
2881 1661 2981 1715 sed
2995 1664 3050 1714 et
3067 1664 3277 1715 cuncta
3293 1677 3419 1732 qua:
3442 1659 3554 1715 sibi

1910 1747 2104 1804 ablata
2134 1747 2364 1803 fuerant
2412 1747 2710 1815 animalia,
2761 1748 3016 1820 recipere
3057 1752 3392 1804 mereretur.
3427 1751 3562 1814 Qum

1910 1853 2045 1892 cum
2077 1837 2170 1893 his
2199 1837 2447 1909 receptis
2465 1837 2896 1904 abiret,directo
2919 1837 3254 1895 Tedbaldus
3285 1842 3418 1911 post
3434 1853 3563 1894 eam

1833 1964 1884 2030 Β
1912 1943 2114 1998 puero,
2166 1926 2544 1999 interrogavit
2595 1927 2734 2000 quid
2787 1927 2906 1984 viro
2938 1945 3044 1984 suo
3085 1929 3356 1996 auferret,
3409 1927 3458 1984 si
3490 1927 3562 1984 ad

1916 2032 2172 2088 pugnam
2249 2015 2504 2088 amplius
2553 2021 2759 2072 contra
2811 2034 2875 2073 se
2931 2018 3003 2072 de
3060 2017 3277 2074 castclo
3336 2014 3564 2074 exiret?

1915 2128 1942 2156 «
1979 2103 2163 2173 Oculi,
2197 2105 2409 2178 inquit,
2455 2109 2595 2161 sunt
2625 2105 2730 2173 illi,
2766 2122 2956 2174 nares,
2991 2123 3225 2175 manus,
3263 2110 3321 2162 et
3363 2106 3562 2178 pedes.

1915 2195 1973 2250 Si
2007 2194 2111 2250 hec
2143 2195 2344 2267 egerit,
2374 2195 2486 2251 sibi
2519 2211 2644 2266 qua:
2675 2211 2783 2251 sua
2813 2197 3223 2263 suntauferat;
3253 2211 3381 2266 qua
3407 2211 3559 2264 mea,

1914 2301 2032 2339 sua:
2065 2283 2287 2340 scilicet
2317 2283 2624 2355 ancillulae,
2676 2283 3064 2358 derelinquat.
3101 2306 3128 2334 »
3157 2285 3375 2340 Verum
3423 2283 3565 2356 quia

1915 2373 2169 2428 favorem
2203 2372 2400 2445 populi
2451 2373 2640 2445 prima
2690 2371 2802 2428 sibi
2833 2372 3125 2429 locutione
3157 2389 3259 2446 per
3287 2373 3476 2429 risum
3507 2376 3566 2428 et

1915 2461 2108 2516 mariti
2140 2461 2360 2516 donum
2403 2461 2607 2517 adesse
2651 2461 2952 2530 intellexit,
2984 2462 3135 2518 hanc
3179 2463 3560 2534 postmodum

1911 2567 2016 2622 per
2043 2549 2331 2606 directum
2362 2550 2636 2606 nuntium
2668 2551 3049 2608 remandavit.

1988 2640 2073 2696 10.
2106 2640 2214 2696 Per
2244 2639 2398 2695 idem
2431 2643 2664 2711 tempus
2706 2639 2859 2712 regis
2889 2639 3151 2713 Hugonis
3182 2641 3362 2696 frater
3391 2641 3562 2710 Boso,

1914 2727 2089 2784 Willa
2121 2746 2296 2785 uxore
2327 2746 2435 2784 sua
2467 2727 2932 2800 cupidissima”
2966 2728 3328 2800 stimulante,
3365 2731 3564 2785 adver-

1913 2835 2015 2873 sus
2048 2834 2246 2890 regem
2299 2834 2450 2873 nova
2481 2818 2746 2890 quadam
2774 2821 2832 2873 et
2883 2835 3152 2890 perversa
3192 2817 3430 2874 molitus
3479 2821 3570 2874 est

1913 2923 2101 2980 agere.
2136 2907 2299 2972 Quod
2350 2907 2657 2980 Hugonem
2705 2925 2821 2962 non
2870 2906 3060 2963 latuit.
3093 2907 3217 2971 Qua
3257 2924 3325 2963 ex
3375 2923 3436 2964 re
3475 2925 3568 2964 ca-

1913 2996 2362 3069 ptus,custodiaa
2390 3000 2490 3052 est
2521 2996 2796 3052 continuo
2819 2997 3093 3052 traditus.
3117 2997 3569 3070 Causadenique

1912 3085 2255 3156 dejectionis
2293 3086 2420 3156 ejus
2470 3085 2592 3140 haec
2623 3084 2752 3140 iuit.
2803 3085 2956 3140 Dum
3008 3085 3342 3156 Lamberto,
3393 3101 3568 3159 quem

1912 3192 2093 3247 supra
2120 3175 2596 3240 memoravimus,
2629 3173 2852 3230 lumine
2900 3173 3150 3246 privato,
3201 3174 3388 3230 isdem
3418 3175 3566 3231 Boso

1912 3280 2171 3320 marcam
2193 3262 2416 3319 Tusciae
2439 3261 2745 3331 obtineret,
2779 3263 2992 3334 conjux
3018 3262 3326 3319 suaWilla
3338 3263 3568 3336 phylar-

152 3333 313 3410 enim
343 3351 436 3408 die
468 3351 722 3423 quadam
746 3349 911 3405 Greci
935 3347 1274 3420 cumipsius
1293 3351 1444 3403 terre
1465 3347 1804 3405 hominibus
1834 3333 1880 3405 α
1915 3353 2074 3426 giriae
2102 3352 2254 3425 cepit
2290 3367 2487 3408 amore
2525 3351 2770 3423 ﬂagrare
2799 3369 2813 3420 ;
2847 3333 2990 3407 adeo
3019 3355 3087 3406 ut
3132 3351 3315 3408 totius
3340 3333 3566 3408 Tusciae

154 3446 318 3498 extra
347 3443 606 3496 castrum
633 3439 926 3510 quoddam
958 3437 1029 3492 ad
1063 3453 1323 3510 pugnam
1354 3437 1633 3493 adversus
1664 3438 1808 3493 Ted-

154 3529 399 3586 haldum
417 3530 808 3584 memoratum
828 3525 1342 3593 exirent,nonnulli
1362 3527 1432 3581 ab
1447 3527 1649 3582 eodem
1667 3531 1807 3583 sunt

155 3619 330 3692 capti.
364 3621 519 3685 Quos
551 3618 691 3673 dum
743 3616 1113 3672 enuchizaret
1144 3632 1358 3686 eosque
1401 3615 1459 3669 in
1500 3614 1804 3672 castellum

155 3709 453 3782 dirigeret,
487 3705 698 3762 mulier
727 3707 1013 3777 quaedam,
1048 3703 1240 3759 mariti
1269 3720 1467 3759 amore
1499 3721 1800 3774 succensa,

154 3800 284 3870 ejus
315 3814 421 3870 pro
469 3795 752 3851 membris
785 3811 900 3850 non
950 3810 1159 3865 parum
1209 3792 1457 3848 sollicita
1475 3795 1564 3859 ’7‘,
1612 3794 1804 3866 passis

153 3886 416 3942 crinibus
429 3887 501 3941 de
513 3881 749 3940 castello
768 3882 906 3938 exiit
927 3882 1264 3937 furibunda.
1291 3883 1424 3946 Quae
1439 3899 1574 3938 cum
1595 3898 1804 3938 cruen-

147 3975 226 4032 tis
251 3972 553 4046 unguibus
603 3988 704 4027 ora
744 3971 1118 4042 discerperet,
1153 3973 1327 4041 atque
1359 3973 1492 4025 ante
1521 3969 1801 4026 Tedbaldi

148 4063 468 4121 tentorium
500 4061 775 4118 clamosis
822 4059 1063 4115 vocibus
1113 4059 1312 4115 ﬂeret:
1350 4080 1377 4109 «
1423 4059 1569 4123 Quid
1611 4076 1801 4116 causae

149 4158 259 4223 est,
293 4152 508 4224 inquit,
534 4150 767 4219 mulier,
799 4149 954 4222 quod
986 4153 1107 4204 tam
1143 4149 1373 4204 sonoris
1394 4149 1634 4205 vocibus
1659 4165 1800 4220 que-

148 4242 336 4298 reris?
365 4263 395 4293 »
429 4242 564 4305 Quae
588 4239 814 4312 --quia
841 4237 1153 4294 stultitiam
1188 4236 1474 4293 simulare
1506 4236 1631 4293 loco
1663 4254 1798 4310 pru-

150 4331 348 4388 dentia
379 4346 615 4386 summa
644 4333 753 4396 est,
785 4360 854 4368 —
893 4327 974 4383 ita
999 4326 1338 4399 respondit:
1376 4348 1403 4376 »
1435 4327 1659 4382 Novum
1691 4326 1800 4382 hoc

151 4421 601 4491 inauditamque
645 4419 873 4474 facinus
919 4420 1026 4484 est,
1059 4415 1286 4482 heroes,
1319 4419 1385 4470 ut
1431 4414 1651 4470 bellum
1682 4432 1798 4472 non

153 4509 617 4583 repugnantibus
629 4506 976 4563 mulieribus
987 4504 1080 4560 inf
1077 4503 1624 4560 eratis.Nostrarum
1638 4503 1801 4559 nulla

152 4615 220 4655 ex
229 4601 657 4654 Amazonarum
672 4595 959 4667 sanguine
974 4592 1307 4666 prosapiam
1323 4591 1513 4661 ducit;
1529 4592 1798 4649 Minervae

1917 3441 2222 3514 provinciis
2253 3439 2414 3496 nulla
2446 3439 2732 3496 nobilium
2763 3444 3163 3496 matronarum
3186 3439 3484 3512 quantivis
3505 3456 3566 3496 se

1915 3531 2106 3602 praecii
2138 3530 2498 3587 ornamentis
2521 3527 2822 3585 excoleret.
2855 3529 2984 3584 Haec
3017 3545 3152 3585 cum
3192 3529 3416 3603 prolem
3447 3546 3565 3586 non

1914 3621 2155 3676 haberet
2198 3619 2446 3688 virilem,
2493 3621 2770 3691 quattuor
2815 3618 3023 3674 habuit
3070 3622 3258 3689 natas,
3307 3619 3561 3687 Bertam,

1913 3709 2169 3779 Willam,
2189 3707 2516 3765 Richildam
2539 3712 2595 3764 et
2615 3707 2858 3764 Gislam.
2893 3707 3113 3764 Harum
3132 3707 3333 3776 Willa,
3353 3709 3568 3764 Beren-

1912 3798 2058 3872 garii
2107 3799 2308 3870 hujus,
2359 3797 2459 3870 qui
2508 3814 2665 3853 nunc
2696 3801 2983 3870 superest,
3023 3813 3156 3853 vere
3189 3797 3423 3867 marita,
3455 3797 3565 3854 hoc

1911 3887 2120 3955 effecit,
2157 3903 2228 3942 ne
2262 3885 2512 3959 genitrix
2542 3902 2651 3941 sua
2680 3885 2943 3940 omnium
2963 3888 3116 3940 esset
3136 3883 3453 3940 mulierum
3477 3900 3571 3940 ne-

1913 3977 2219 4049 quissima.
2278 3975 2352 4030 Ut
2385 3959 2582 4030 autem
2613 3991 2728 4029 non
2765 3990 2869 4045 per
2897 3973 3101 4045 longas
3133 3973 3410 4045 ambages
3439 3973 3568 4043 ejus

1913 4070 2040 4122 acta
2070 4081 2379 4138 ponamus,
2425 4079 2541 4118 uno
2594 4061 2939 4132 turpissimo
2987 4059 3298 4132 descripto,
3355 4077 3481 4132 quae
3511 4064 3569 4116 et

1911 4159 2142 4228 quanta
2164 4155 2222 4208 in
2256 4151 2479 4208 cmteris
2511 4151 2718 4218 fuerat,
2753 4149 3210 4204 animadvertere
3238 4149 3476 4221 poteris.

1981 4244 2068 4299 11.
2101 4242 2205 4297 Vir
2235 4241 2423 4313 ipsius
2453 4239 2601 4296 Boso
2623 4237 2770 4293 mire
2800 4236 3187 4310 longitudinis
3214 4241 3272 4292 et
3311 4236 3568 4293 latitudi-

1910 4333 2002 4388 nis
2033 4347 2277 4387 aureum
2330 4329 2617 4384 habuerat
2646 4325 2928 4393 balteum,
2982 4326 3082 4398 qui
3131 4325 3452 4382 multarum
3504 4330 3563 4382 et

1908 4420 2314 4494 praetiosarum
2333 4416 2754 4490 splendebat’73
2767 4415 2954 4471 nitore
2966 4431 3356 4487 gemmarum.
3373 4415 3559 4481 Hunc,
3581 4409 3584 4412 ’

1909 4527 2042 4566 cum
2087 4510 2231 4564 Boso
2264 4510 2588 4579 caperetur,
2623 4521 2800 4577 super
2829 4520 3033 4560 omnes
3063 4519 3237 4577 gazas
3267 4505 3396 4575 ejus
3428 4503 3560 4559 dili-

1908 4603 2110 4674 genter
2139 4614 2239 4653 rex
2259 4595 2442 4668 jussit
2462 4593 2680 4666 inquiri
2707 4611 2721 4661 ;
2754 4592 3126 4666 sumptisque
3147 4592 3388 4661 divitiis,
3421 4609 3560 4649 uxo-

151 4688 366 4760 quippe
396 4685 590 4744 solum
630 4684 905 4758 Operibus
951 4683 1180 4748 deditae,
1214 4697 1512 4737 armorum
1544 4683 1798 4754 poenitus

1914 4706 2034 4745 rem
2063 4689 2212 4760 ejus,
2240 4685 2410 4759 quasi
2450 4684 2748 4757 profanam
2783 4686 2842 4739 et
2871 4681 3107 4739 sceleris
3136 4683 3318 4739 totius
3349 4682 3565 4739 auctri-

148 4793 356 4834 sumus
386 4777 622 4848 ignarae.
648 4796 677 4824 »
697 4773 800 4830 Cui
826 4790 959 4829 cum
982 4772 1316 4828 Tedbaldus
1347 4773 1564 4829 diceret
1586 4775 1800 4840 :«Quis

148 4882 412 4939 unquam
461 4881 602 4921 sane
648 4863 856 4936 capitis
887 4863 1079 4929 heros,
1126 4869 1333 4933 praeter
1370 4863 1796 4919 Amazonarum

144 4954 528 5028 temporibus,
544 4953 764 5010 bellum
783 4950 1132 5007 mulieribus
1146 4949 1382 5005 intulit?
1402 4972 1431 5001 »
1465 4967 1534 5008 ea
1555 4969 1798 5025 resPon-

146 5045 262 5100 dit:
298 5066 327 5095 ‹‹
362 5043 532 5111 Qtod,
555 5043 716 5113 cedo,
747 5039 1045 5098 crudelius
1075 5038 1428 5095 mulieribus
1458 5039 1676 5096 bellum
1706 5041 1796 5096 in-

148 5134 315 5202 ferre,
349 5131 561 5203 quidve
591 5129 1026 5187 incommodius
1057 5129 1151 5184 his
1195 5128 1518 5200 potestis”
1548 5129 1794 5200 auferre,

149 5239 327 5295 quam
358 5226 424 5277 ut
453 5237 658 5278 earum
704 5219 845 5276 viris
895 5217 1126 5274 certetis
1175 5216 1439 5273 orchidia
1475 5217 1797 5289 [testiculos

1911 4795 2062 4846 cem,
2105 4776 2356 4848 turpiter
2406 4775 2477 4830 de
2523 4789 2701 4847 regno
2761 4771 2961 4828 Italico
3015 4772 3289 4845 praecepit
3335 4770 3562 4845 expelli,

1910 4873 2082 4940 atque
2114 4867 2172 4921 in
2204 4863 2626 4936 Burgundiam,
2658 4862 2730 4918 de
2762 4878 2874 4934 qua
2894 4862 3144 4917 oriunda
3163 4862 3369 4930 fuerat,
3405 4861 3562 4916 duci.

1907 4957 2122 5012 Verum
2172 4970 2306 5010 cum
2345 4951 2657 5024 diligenter
2685 4951 2885 5006 omnia
2913 4951 3262 5024 perscrutati
3302 4949 3560 5006 balteum

1907 5063 2024 5101 non
2055 5041 2435 5116 reppererint,
2458 5043 2663 5094 caetera
2695 5040 2886 5095 nuntii
2919 5043 3300 5112 reportantes,
3324 5042 3461 5094 sunt
3484 5038 3556 5092 ad
3582 5036 3584 5038 ’

1907 5134 2211 5207 Hugonem
2240 5128 2475 5187 reversi.
2509 5129 2658 5184 Tum
2693 5145 2790 5184 rex
2817 5145 2829 5184 :
2853 5150 2882 5178 «
2918 5128 3311 5196 Revertentes,
3343 5125 3558 5197 inquit,

1907 5222 2222 5279 falerarum
2250 5221 2378 5292 ejus
2407 5233 2641 5275 omnem
2673 5219 3041 5289 apparatum,
3066 5213 3336 5288 pulvinar
3351 5213 3556 5284 etiam,

1507 5315 1746 5373 VARUE
1785 5320 2198 5377 LECTIONES.

217 5411 354 5484 '70}.
387 5424 447 5484 ᾗ
469 5408 578 5484 illi:
655 5409 725 5484 ‘7:
772 5408 1187 5484 Eo__temp_ore_
1207 5411 1400 5484 oux-916
1430 5417 1727 5484 Υεριγγελριος
1748 5419 2221 5484 ήουτορᾲτυρανρτισῷ
2278 5414 2377 5474 αλη
2406 5431 2440 5473 η
2474 5413 2654 5484 ιταλςξω
2686 5428 2752 5459 νω
2783 5403 3049 5484 eporegie
3078 5404 3132 5459 3.
3207 5403 3450 5484 "f’_num
3495 5401 3548 5484 4.

150 5484 216 5520 ³⁷³
245 5480 767 5556 Τὴὶθὺὺειάῃεμῦη
826 5479 894 5556 ’ξι
943 5475 1138 5556 s_o_l_lita
1168 5478 1258 5556 1_.__
1297 5477 1364 5556 ’7}
1393 5475 1694 5556 potestatis
1736 5479 1787 5534 1.
1865 5481 1935 5556 ξπξ
1958 5475 2241 5556 sequentia
2282 5494 2449 5550 usque
2493 5477 2563 5533 ad
2605 5476 2664 5532 in
2716 5475 3018 5532 saxbniain
3057 5491 3179 5550 cap.
3230 5476 3317 5532 Ui.
3363 5475 3556 5532 desunt

148 5556 307 5613 nulla
336 5556 536 5610 lacuna
564 5551 809 5608 indicata
839 5552 890 5606 3.
968 5550 1033 5584 2⁷⁷
1065 5547 1450 5620 cupidissima
1480 5549 1529 5604 1.
1608 5550 1674 5584 ³⁷⁸
1704 5547 2106 5623 ερθηάθδαῢ.

220 5741 368 5815 (113)
400 5740 464 5798 Id
491 5743 578 5798 est
608 5738 747 5811 quia
775 5737 834 5794 in
865 5750 1109 5794 censum
1140 5735 1457 5805 animatus,
1491 5750 1705 5795 census
1729 5648 1972 5808 1233i}:
2006 5744 2148 5797 erat.
