4050 6392
144 381 277 443 ωδ

1103 385 1726 451 ANTAPODOSEOS
1770 387 1980 451 LIBRI
2016 388 2195 452 SEX.
2227 392 2484 455 -—-1}lB.
2531 384 2639 457 IV.

3458 398 3579 461 866

379 514 676 607 placidum
704 533 718 585 ;
745 517 922 607 cujus
952 518 1167 574 recenti
1194 535 1297 593 pro
1326 520 1685 594 funere(118)
1701 539 1818 580 non
1848 525 1902 592 Α
1927 523 2066 579 dine
2095 525 2400 581 aberravit.
2434 527 2584 607 Ergo
2614 543 2740 601 age,
2772 545 2964 602 neque
2993 530 3152 587 enim
3184 529 3291 587 tibi
3331 531 3583 588 deerunt

150 603 494 661 mediocres
525 605 718 661 adhuc
744 605 1019 663 lacrimas
1042 607 1642 666 fundimus.’l‘ercium
1659 612 1820 668 dein-

148 692 233 748 de
262 697 464 749 Bruno
490 694 730 751 nomine
762 695 932 768 (119),
966 713 1143 769 quem
1173 704 1338 770 pater
1381 703 1640 769 sanctus,
1674 717 1819 773 quo-

151 780 692 841 niamNordmanni
705 785 1136 856 Trajectensem
1151 787 1562 845 destruxerant
1581 790 1820 847 omnino

146 868 463 934 eolesiam,
490 874 562 927 ob
593 873 856 944 ejusdem
885 876 1388 947 recuperationem
1421 877 1608 935 eidem
1639 878 1822 936 voluit

152 957 444 1017 militare.
468 961 688 1018 Verum
721 966 784 1018 ut
814 963 1063 1020 istorum
1096 968 1262 1020 actus
1296 966 1420 1022 suis
1450 965 1509 1020 in
1543 965 1687 1023 locis
1735 966 1819 1023 la-

154 1047 286 1112 tius
317 1047 701 1123 explicemus,
732 1052 805 1107 ad
841 1053 1207 1124 propositum
1241 1053 1570 1113 redeamus.

236 1139 327 1197 15.
349 1138 589 1202 Quanta;
610 1139 786 1196 fuerit
806 1141 1131 1213 prudentia
1153 1147 1504 1216 quantaque
1536 1162 1634 1199 rex
1656 1144 1826 1200 Hein-

146 1225 321 1283 ricus
354 1226 758 1297 scientie,hinc
789 1230 1021 1302 probari
1051 1232 1425 1304 potest,quod
1448 1233 1822 1305 potissimum

148 1331 225 1372 ac
258 1314 778 1389 religiosissimum
810 1322 1081 1375 natorum
1113 1337 1354 1377 suorum
1382 1337 1578 1395 regem
1610 1326 1823 1379 consti-

150 1404 302 1460 tuit.
328 1405 680 1462 Imminebat
708 1406 886 1476 enim,
920 1425 1018 1464 rex
1046 1409 1693 1491 prudentiossime,obitu
1723 1414 1824 1467 tuo

150 1494 351 1550 totius
370 1495 574 1569 populi
595 1497 844 1565 casus,si
868 1501 1070 1554 tantus
1087 1498 1257 1571 regina
1274 1498 1545 1571 dignitati
1562 1512 1676 1555 non
1690 1498 1825 1556 sub-

153 1582 696 1651 iretvicarius.Qua
722 1603 793 1642 ex
822 1603 884 1644 re
913 1587 972 1643 in
998 1587 1306 1644 amborum
1337 1588 1509 1644 laude
1540 1587 1649 1645 hos
1679 1606 1823 1662 pan-

162 1671 375 1746 gimus
401 1689 607 1730 versus
641 1690 654 1729 :

386 1768 520 1837 Ipse
550 1766 650 1837 qui
683 1766 932 1823 condam
965 1782 1245 1838 superare
1268 1770 1468 1840 gentes

385 1852 605 1926 Impias
635 1853 785 1910 bello
818 1853 1043 1913 solitus‘
1060 1860 1322 1923 cruento,

392 1942 674 2001 Novimus
704 1960 878 2013 nunc,
911 1960 1030 2012 rex,
1064 1944 1294 2001 dederis
1324 1943 1552 2018 popello

394 2032 576 2091 Morte
606 2037 669 2088 tu
703 2037 956 2106 quantas
986 2032 1220 2107 propria
1249 2033 1469 2091 ruinas.

391 2122 590 2178 Turba
618 2123 884 2179 certatim
913 2123 1151 2179 viduata
1177 2124 1316 2179 karo

393 2209 568 2283 Rege,
592 2211 717 2282 jam
750 2216 937 2267 cesset
964 2210 1291 2280 lacrimare,
1326 2213 1559 2284 quando

385 2298 546 2356 Alter
573 2299 805 2373 exurgit
831 2301 1199 2357 venerandus
1229 2299 1376 2371 orbi,

387 2386 593 2453 Filius,
620 2389 771 2461 patri
802 2389 1014 2445 similis
1046 2389 1263 2447 cluenti

386 2476 520 2533 Otto
549 2493 669 2546 rex,
701 2482 904 2551 gentes
929 2479 1157 2535 dicione
1187 2495 1403 2552 magna

388 2564 497 2629 Qui
528 2571 774 2639 premet,
798 2583 1118 2639 pacemque
1152 2568 1293 2623 feret
1321 2568 1572 2623 beatam.

388 2655 675 2728 Quicquid
707 2655 937 2711 Henrici
968 2655 1141 2727 periit
1177 2672 1431 2725 recessu,

387 2743 649 2800 Prestitit
678 2743 834 2800 claro
864 2743 1096 2817 populis
1126 2745 1222 2800 hic
1249 2749 1401 2813 ortu,

388 2830 647 2889 Blandus
679 2836 737 2888 et
766 2832 929 2905 mitis
961 2833 1306 2906 patiensque
1336 2833 1577 2900 sanctis,

390 2921 632 2979 Pestifer
660 2922 845 2981 durus
876 2923 942 2957 ²⁹¹
974 2923 1331 2996 rabidusque
1362 2922 1570 2978 saevis:

390 3009 548 3067 Bella
576 3010 882 3069 nonnullis
904 3011 1007 3067 tibi
1043 3016 1183 3067 sunt
1210 3011 1463 3084 gerenda
1488 3029 1501 3079 ;

399 3101 481 3156 Ex
509 3099 723 3173 quibus
754 3117 965 3156 nomen
997 3100 1255 3157 referens
1286 3100 1345 3156 in
1376 3105 1554 3169 astra,

388 3188 612 3246 Cuncta
641 3189 893 3245 calcabis
923 3189 1171 3262 pedibus
1202 3207 1306 3262 per
1336 3190 1558 3258 orbem,

389 3279 525 3343 Qum
557 3278 770 3351 premit
796 3279 1002 3335 tardus
1033 3277 1270 3336 radians
1297 3279 1525 3351 Bootes,

383 3368 455 3425 Et
477 3367 694 3439 quibus
726 3385 939 3424 nomen
969 3369 1130 3423 dedit
1159 3369 1380 3441 Hesper
1409 3369 1602 3425 almus
1633 3386 1646 3425 :

389 3456 623 3512 Lucifer
651 3474 857 3512 rursus
887 3456 1175 3512 vocitatus
1207 3457 1382 3525 idem,

385 3545 585 3619 Surgit
601 3546 1112 3618 imEoogsm'mum]
1130 3562 1448 3619 properans
1473 3562 1715 3602 corusco
1735 3547 1824 3603 ³9⁸.

232 3635 332 3692 46.
367 3637 618 3691 Duxerat
642 3634 801 3690 idem
835 3651 932 3689 rex
964 3634 1098 3690 Otto
1129 3637 1263 3690 ante
1294 3634 1458 3707 regni
1506 3634 1829 3707 susceptio-

168 3741 308 3782 nem
338 3741 411 3781 ex
439 3724 760 3797 Anglorum
793 3727 963 3797 gente
994 3723 1365 3780 nobilissima
1413 3722 1567 3797 regis
1615 3723 1825 3780 Hadel-

169 3814 325 3872 stam
356 3814 555 3870 fratris
578 3812 1031 3887 filiam(120)sibi
1055 3829 1318 3881 uxorem,
1341 3812 1578 3870 nomine
1597 3813 1823 3886 Otgith;

173 3922 240 3960 ex
271 3918 390 3976 qna
410 3907 468 3959 et
489 3902 676 3958 filium
700 3902 1166 3977 genuit,nomine
1191 3901 1827 3975 LIUTOLFUM.Cujus

167 3993 568 4049 obrccentem
588 3993 880 4063 jacturam
938 3992 1083 4065 (121)
1141 3990 1421 4063 quociens
1480 3991 1826 4048 memoriam

171 4082 426 4156 agimus,
457 4080 721 4138 lacrimis
752 4082 947 4138 sinum
978 4079 1295 4153 repl-emus.
1329 4080 1372 4136 Ο
1423 4081 1472 4136 si
1520 4097 1824 4154 nunquam

170 4176 373 4241 natus,
406 4174 510 4227 aut
534 4187 647 4231 non
680 4175 802 4227 tam
831 4175 1060 4227 mature
1089 4169 1401 4229 defunctus
1426 4174 1581 4226 esset
1606 4169 1618 4225 ι

243 4263 330 4320 17.
357 4260 480 4329 (An.
511 4259 672 4322 939.)
701 4262 822 4326 Quo
855 4260 914 4319 in
946 4263 1211 4331 tempore
1234 4260 1388 4332 regis
1420 4259 1683 4330 ejusdem
1712 4258 1825 4313 fra-

1928 611 2142 684 copiae;
2178 614 2415 669 fratrem
2448 615 2628 683 deice,
2662 633 2909 690 regnum
2941 619 3177 701 accipe;
3227 619 3422 699 sitque
3470 620 3579 676 tibi

1928 702 2213 774 regnandi
2242 701 2513 774 facultas,
2541 705 2637 760 cui
2668 706 2902 775 accidit,
2933 711 3049 763 Deo
3096 707 3399 781 largiente,
3431 704 3488 765 et
3519 708 3577 765 in

1928 791 2131 847 eadem
2163 791 2448 864 dignitate
2479 792 2772 852 nativitas.

2653 885 2861 940 Versus.

1998 966 2087 1022 18.
2114 968 2418 1041 Regnandi
2442 969 2552 1025 tibi
2578 970 2719 1043 quid
2743 973 3027 1044 juvenum
3058 976 3181 1029 tam
3210 973 3340 1031 dira
3368 975 3579 1051 cupido

2072 1055 2301 1128 Optime
2328 1058 2685 1130 Saxigenum
2705 1061 2733 1116 ?
2764 1061 3038 1117 Prohibet
3068 1061 3242 1131 Deus,

1930 1143 2095 1199 Haud
2120 1148 2284 1216 pater
2302 1146 2627 1217 Heinricus;
2644 1149 2803 1205 dedit
2825 1149 2873 1205 is
2891 1150 3032 1222 quia
3048 1155 3585 1224 sceptra;monebat

2073 1234 2439 1307 Astripotens
2469 1236 2660 1293 bonus
2691 1237 2815 1310 ipse
2841 1243 2994 1295 Deus
3025 1238 3181 1312 pius.

1932 1324 2054 1388 Quo
2077 1323 2203 1378 sine
2228 1340 2332 1379 nec
2354 1340 2600 1397 regnum
2630 1327 2878 1399 capitur,
2913 1344 3018 1383 nec
3044 1331 3311 1402 tempora
3335 1331 3579 1389 sistunt.

2075 1411 2360 1484 Quicquid
2393 1412 2452 1467 in
2482 1413 2621 1470 orbe
2652 1414 2806 1471 Deus
2836 1416 3058 1489 geritur
3078 1417 3271 1489 jubet,

1933 1500 2041 1556 Per
2060 1516 2236 1572 quem
2262 1501 2393 1572 jura
2413 1502 2592 1559 duces
2614 1509 2858 1560 cernunt
2878 1522 3161 1579 regesque
3190 1507 3579 1582 triumphant.

2077 1589 2388 1645 Fraternas
2419 1591 2574 1647 acies
2604 1609 2758 1647 nunc
2791 1611 2947 1649 nunc
2978 1593 3131 1651 male

1933 1678 2257 1734 Conﬂctare
2288 1680 2475 1752 cupis,
2507 1679 2699 1748 fallax,
2733 1681 3010 1751 crudelis,
3041 1683 3290 1756 inique?

2078 1770 2107 1833 i
2142 1767 2325 1840 Impie
2358 1767 2671 1825 Leviatban
2706 1770 3046 1839 Behemoth,
3068 1788 3243 1844 paras

1933 1855 2256 1927 Antiquom
2294 1873 2568 1913 renovare
2602 1862 2705 1914 tua
2725 1859 2853 1931 jam
2884 1860 3089 1917 fraude
3119 1860 3406 1918 duellum.

2076 1944 2334 2001 Crimine
2364 1962 2468 2018 pro
2500 1951 2708 2003 cuncto
2738 1965 2940 2021 pcnnas
2968 1949 3118 2018 lues,

1936 2032 2054 2088 Hoc
2080 2034 2393 2105 reprobum
2417 2050 2698 2091 numerus
2720 2036 2967 2108 culpane
2989 2038 3144 2110 quod
3164 2042 3367 2111 peccat
3386 2039 3447 2095 in
3469 2056 3586 2097 aevo

2074 2121 2346 2193 Improbe
2377 2123 2731 2196 supplicium
2764 2126 2976 2182 referes
3006 2126 3183 2182 simul
3210 2144 3224 2195 ;

1934 2210 2002 2265 Et
2031 2227 2415 2284 quacwmque
2445 2212 2616 2269 malis
2648 2213 2934 2269 debentur
2956 2215 3230 2273 ﬂammea
3261 2216 3487 2274 cunctis

2074 2299 2341 2369 Vincula,
2370 2304 2537 2373 parta
2564 2301 2669 2357 tibi
2702 2302 2914 2359 misero
2939 2321 2952 2373 ;
2986 2321 3175 2377 neque

1934 2387 2262 2461 Ignivomas
2293 2388 2491 2445 herebi
2513 2390 2675 2461 juste
2705 2390 2998 2449 dimersus
3029 2393 3123 2462 [ad
3153 2393 3342 2451 undas
3366 2393 3462 2470 ’³⁸]

2075 2476 2357 2550 Perpetuo
2386 2482 2579 2534 tecum
2608 2496 2845 2536 arsuros
2877 2480 3074 2538 trahes

1932 2564 2308 2622 Christicolas
2334 2585 2347 2635 ;
2381 2566 2522 2639 quia
2549 2567 2597 2624 si
2630 2584 2746 2639 qua
2771 2586 2937 2625 sacro
2963 2570 3317 2643 baptismate
3338 2571 3448 2630 leti

2076 2654 2282 2710 Debita
2312 2660 2444 2728 post
2470 2659 2717 2725 traxere,
2746 2657 2845 2714 Dei
2879 2664 3078 2715 manet

1935 2743 2153 2812 Gratia,
2181 2759 2309 2815 qua:
2343 2743 2539 2816 lapsos
2568 2745 2750 2801 erexit
2780 2748 3065 2827 sanguine
3094 2748 3297 2821 gratis.

2005 2832 2094 2887 49.
2131 2833 2300 2887 Tanti
2328 2832 2509 2905 hujus
2540 2851 2605 2890 ac
2636 2835 2948 2907 perniciosi
2980 2836 3256 2895 facinoris
3296 2838 3433 2896 illex
3476 2840 3589 2898 Be-

1933 2921 2215 2977 verardus
2246 2922 2435 2978 extitit
2464 2939 2677 2980 comes.
2698 2924 2885 2996 Hujus
2913 2925 3069 2981 enim
3101 2926 3305 2999 primis
3327 2927 3589 2986 rebellio-

1935 3010 2028 3065 nis
2057 3012 2319 3083 tempore
2340 3011 2515 3079 (anno
2543 3013 2673 3082 938)
2709 3012 3013 3071 Heinricus
3039 3015 3201 3071 fratri
3232 3033 3341 3073 suo
3371 3019 3493 3091 regi
3533 3021 3591 3074 et

1933 3097 2195 3167 domino,
2230 3102 2403 3172 prout
2432 3100 2733 3170 debuerat,
2756 3101 3137 3160 amminicula
3169 3104 3592 3174 dederat,nisu-

1934 3203 2047 3260 que
2078 3187 2239 3242 omni
2269 3188 2631 3245 adversarios
2654 3189 3183 3263 fatigabat.Verum
3203 3192 3592 3265 quiaincuria

1852 3263 1899 3331 α
1938 3294 2054 3333 non
2082 3275 2274 3333 solum
2304 3276 2727 3350 temporalibus
2757 3279 2956 3346 rebus,
2987 3280 3088 3335 sed
3132 3263 3364 3337 aeternis
3406 3282 3589 3339 etiam

1928 3366 2169 3432 deditis,
2203 3370 2376 3438 atque
2408 3366 2466 3421 in
2497 3366 2628 3439 ipsa
2656 3366 2898 3423 internae
2938 3368 3452 3443 contemplationis
3501 3371 3588 3427 vi-

1935 3455 2099 3511 sione
2130 3454 2488 3527 constitutis,
2519 3454 2755 3528 lapsum
2781 3473 3206 3530 nonnunquam
3237 3462 3500 3531 parat,et
3523 3464 3593 3517 ut

1933 3543 2209 3617 Vegetius
2243 3544 2502 3601 Renatus
2533 3545 2591 3600 in
2621 3544 2771 3602 libro
2812 3545 2895 3602 rei
2951 3545 3224 3603 militaris
3276 3548 3364 3604 ait
3424 3549 3590 3623 (122),

1935 3633 2097 3706 quod
2126 3635 2432 3691 necessario
2458 3634 2698 3706 amplior
2716 3637 2978 3692 securitas
2997 3637 3222 3706 gravius
3240 3638 3377 3694 solet
3397 3637 3595 3696 habere

1931 3722 2249 3791 discrimen,
2282 3722 2617 3779 Heinricum
2650 3724 2906 3797 quodam
2938 3725 2997 3780 in
3026 3725 3206 3798 opido
3248 3731 3593 3784 manentem

1932 3812 2350 3885 incautiusque
2405 3829 2469 3869 se
2523 3817 2807 3882 tuentem,
2862 3814 3173 3887 praedictus
3222 3814 3588 3873 Heverardus

1934 3901 2176 3958 collecta
2200 3901 2580 3959 multitudine
2611 3902 2931 3974 obsedit,ac
2961 3903 3310 3977 priusquam
3338 3904 3520 3962 frater
3540 3904 3595 3962 ei

1932 4009 2036 4047 rex
2066 3990 2498 4047 amminiculari
2522 3994 2740 4063 posset,
2761 3992 3132 4064 expugnavit,
3162 4008 3489 4064 secumque
3516 3992 3593 4047 il-

1934 4080 2061 4136 lum
2094 4084 2150 4135 et
2180 4097 2385 4152 gazam
2408 4096 2523 4135 non
2548 4096 2785 4151 parvam
2811 4079 2870 4135 in
2895 4081 3129 4153 propria
3152 4081 3590 4158 transportavit.

1936 4170 2057 4225 Rex
2086 4169 2269 4241 igitur
2298 4172 2527 4225 tantum
2558 4167 2776 4236 fratris,
2794 4168 2977 4224 immo
3008 4186 3208 4238 suum,
3234 4171 3477 4243 cupiens
3495 4171 3595 4226 de-

1935 4259 2116 4314 decus
2163 4257 2483 4326 vindicare,
2544 4256 2850 4329 praefatum
2903 4258 3301 4315 Heverardum
3357 4259 3591 4332 sibique

170 4355 259 4407 ter
278 4349 598 4406 Heinricus
612 4351 992 4422 quorundam
1014 4365 1418 4422 perversorum
1440 4348 1733 4405 instinctu
1755 4347 1830 4403 ei-

170 4440 303 4496 dem
330 4443 427 4499 est
445 4437 698 4498 nimium
731 4439 1092 4497 adversatus.
1118 4438 1173 4493 Is
1204 4436 1490 4509 enim,qui
1521 4441 1655 4509 post
1673 4452 1828 4492 crea-

172 4528 351 4585 tionis
382 4544 501 4585 sua:
532 4544 667 4583 mox
724 4526 1113 4584 clarissimam
1168 4526 1515 4600 dignitatem
1572 4525 1828 4582 Creatori
1937 4528 2143 4584 ducem
2177 4544 2212 4583 a
2241 4526 2395 4599 regis
2426 4526 2706 4584 ﬁdelitate
2736 4527 3090 4599 sejunxerat,
3106 4527 3279 4605 cujus
3302 4526 3592 4600 adjutorio

171 4634 274 4675 suo
298 4632 362 4674 se
392 4616 647 4674 similem
678 4617 866 4672 facere
885 4616 1199 4689 voluit,pcr
1219 4615 1515 4673 auditores
1536 4631 1673 4671 suos
1705 4614 1831 4672 tali-
1859 4636 1907 4702 Β
1938 4616 2061 4690 regi
2083 4633 2198 4673 non
2225 4616 2453 4672 modice
2474 4616 3201 4690 resistebat-Quamquam
3231 4618 3301 4654 ’π
3321 4617 3481 4675 enim
3510 4616 3593 4675 is-

170 4708 280 4765 bus
311 4706 650 4764 Heinricum
680 4711 886 4762 contra
918 4706 1138 4772 fratris,
1189 4706 1371 4761 immo
1420 4705 1574 4778 regis
1622 4709 1679 4761 et
1725 4707 1827 4763 do-
1936 4707 2070 4763 dem
2104 4705 2464 4762 Gislebertus
2486 4705 2642 4779 regis
2663 4723 2922 4763 sororem
2945 4707 3188 4764 haberet
3207 4723 3596 4778 uxorem,ma-

172 4796 314 4854 mini
330 4796 804 4863 “,sermonibus
828 4795 1135 4869 instigavit
1168 4814 1216 4852 :«
1252 4796 1571 4851 Rectumne
1603 4800 1827 4868 patrem
1930 4794 2047 4850 luit
2075 4800 2294 4864 tamen,
2323 4792 2683 4868 suscipiendi
2737 4795 2901 4868 regni
2957 4813 3061 4871 spe
3110 4797 3437 4867 animatus,
3469 4797 3595 4871 regi

172 4885 358 4960 egisse
392 4901 539 4955 rere,
574 4884 733 4959 rcgia
763 4884 870 4941 tibi
894 4884 951 4939 in
972 4884 1254 4957 dignitate
1275 4884 1613 4954 uenitomon
1641 4886 1700 4941 in
1733 4902 1827 4943 ea-
1938 4883 2416 4956 resistere,quam
2439 4899 2597 4952 eum,
2622 4887 2685 4939 ut
2714 4883 3012 4953 debuerat,
3033 4890 3235 4942 contra
3258 4903 3405 4943 suos
3435 4903 3593 4942 emu-

174 4975 301 5032 dem
333 4974 607 5049 genitum
638 4974 1015 5047 proponendo
1037 4974 1065 5029 ?
1105 4973 1281 5029 Plane
1311 4990 1427 5029 non
1460 4974 1829 5031 discretionis
1937 4972 2025 5030 los
2058 4974 2354 5046 adjuvare.
2390 4973 2502 5029 Sed
2537 4990 2670 5029 cum
2716 4989 2777 5029 se
2837 4989 2943 5030 nec
2997 4975 3083 5030 sic
3141 4976 3412 5032 resistere
3470 4975 3592 5048 regi

172 5064 279 5122 hoc
308 5080 563 5121 censura
592 5062 958 5137 ponderavit,
980 5078 1180 5120 verum
1213 5061 1508 5135 passionis
1531 5064 1826 5135 magnitu-
1936 5080 2109 5135 posse
2135 5062 2561 5135 conspicerent,
2596 5078 2711 5118 non
2741 5061 3015 5119 incallide
3043 5064 3111 5100 ’97
3141 5065 3467 5121 secundum
3492 5062 3594 5120 ho-

1529 5160 1770 5216 νΑΗΙίΕ
1809 5160 2221 5218 LECTIONES.

1933 4347 2267 4405 coniventes
2296 4350 2381 4403 tot
2410 4347 2562 4421 cepit
2591 4345 2898 4404 conamine
2926 4348 3219 4423 persequi.

2002 4440 2094 4494 20.
2129 4437 2490 4494 Heverardus
2515 4454 2655 4495 sane
2681 4436 3073 4495 Gislebertum
3099 4437 3590 4512 Lotharlngarum

236 5235 304 5275 ’⁸⁸
334 5233 504 5290 duris
531 5234 569 5289 5
592 5251 680 5307 Va._
724 5234 797 5307 3°?
825 5231 1027 5307 Surgit
1056 5231 1277 5307 scilicet
1305 5247 1439 5307 cum
1470 5248 1573 5288 eoo
1600 5236 1656 5288 2.
1688 5233 1891 5307 Surgit
1917 5233 2017 5307 sed
2050 5233 2385 5307 cum_eoo_5
2413 5248 2466 5288 a.
2497 5247 2708 5307 voces.
2767 5231 3033 5307 (scilicet)
3087 5249 3242 5307 mare
3288 5232 3587 5307 intellecta.

172 5306 241 5391 υξ
264 5308 483 5391 ultimae
513 5303 1563 5391 syllabaxuhy'jwVnocisnsuperscﬁptum
1594 5303 1853 5391 sauia—2'.
1928 5306 1998 5347 39‘
2023 5306 2143 5389 scil.
2178 5303 2540 5391 ﬁdelitatem.
2606 5306 2684 5391 ξξδ
2715 5303 2817 5391 Ιίμ.
2847 5303 3211 5391 supplendum
3263 5321 3390 5361 cum
3512 5322 3588 5391 a_;

171 5378 519 5507 gliqmﬁfgg
705 5378 774 5413 ’9‘
803 5375 941 5433 Hinc
970 5376 1073 5434 (in.
1106 5378 1160 5432 6.
1188 5375 1320 5451 folii
1347 5375 1437 5434 64.
1470 5392 1639 5450 usque
1668 5377 1729 5432 in
1756 5377 1923 5450 ﬁnem
1946 5378 2169 5453 pagina;
2190 5378 2396 5452 prima:
2444 5377 2543 5449 fol.
2602 5378 2692 5435 65.
2749 5375 3135 5451 Lz'udﬁrandus
3185 5379 3301 5454 ipse
3349 5375 3591 5459 scripsit.

1759 5520 1992 5581 NOTAE.
3438 5518 3439 5525 “

237 5592 533 5677 suum
559 5590 1056 5677 955:.1FOX'J-M-
2005 5591 2159 5677 (1&1)
2188 5591 2287 5677 I319
2313 5592 2349 5649 6
2374 5593 2529 5673 Sept.
2545 5590 2705 5677 gini
2731 5590 2858 5656 957.

229 5662 543 5728 (liQ'Obiit
569 5662 663 5722 die
694 5663 752 5721 14
789 5663 915 5721 Oct.
947 5663 1079 5724 965.
2010 5662 2163 5750 (122)
2184 5663 2316 5726 Lib.
2344 5662 2516 5739 insto.
2542 5664 2639 5729 ~22.

236 5735 386 5815 (120)
412 5733 720 5805 Adelstani
745 5750 1038 5802 sororem.
