4050 6396
492 360 623 423 ’867
1114 352 1119 355 ’
1464 356 1943 422 LlUTPRANDI
1989 356 2541 420 CREMONENSIS
2588 356 2962 420 EPISCOPI.
3801 348 3955 412 868

507 494 745 560 minem,
779 492 882 548 sed
917 492 1075 548 fatuo
1100 492 1424 548 secundum
1456 491 1662 559 Deum,
1696 494 1930 563 accepto
1964 491 2150 548 consi-
2184 492 2236 560 Α
2266 490 2736 563 etiam,quamvis
2765 490 3043 558 volentes,
3078 487 3177 545 illo
3211 488 3399 545 redi-re
3426 496 3542 544 non
3591 486 3780 556 sinit';
3816 503 3953 541 nec

504 582 603 651 lio,
636 580 978 653 hujusmodi
1009 580 1346 637 Heinricum
1378 580 1569 636 verbis
1599 580 1975 636 conveniunt.
2268 580 2418 635 clam
2452 581 2620 635 nobis
2652 586 2761 647 est,
2794 597 2971 651 quam
3004 578 3318 635 ridiculum
3352 576 3572 633 nostris
3606 573 3953 649 presertim

478 726 483 730 .
573 670 765 726 21.«Si
794 669 1061 726 consiliis
1092 669 1308 725 nostris
1330 672 1385 725 te
1406 684 1609 741 parere
1632 669 1803 723 nobis
1818 669 2158 739 juramento
2268 669 2345 724 sit
2373 669 2717 725 nacionibus
2750 670 2927 725 fortes
2955 667 3110 723 viros
3143 684 3205 724 se
3235 667 3465 723 ostibus
3494 666 3562 701 ’9’
3600 665 3843 720 tradere
3884 666 3953 719 et

505 758 820 833 promittis,
855 775 971 815 non
1004 758 1215 828 solum,
1249 758 1388 830 quia
1415 761 1621 830 captus
1650 774 1734 824 es,
1767 757 2156 824 dimittimus;

499 848 603 905 sed
635 848 791 920 quod
824 849 1021 920 majus
1050 851 1157 915 est,
1193 845 1242 903 si
1276 851 1471 902 tamen
1506 863 1604 901 rex
1632 845 1777 902 velis
1821 846 1967 914 ﬁeri,
2022 861 2158 901 nos-

497 940 654 993 trum
687 940 744 993 te
775 936 1092 993 dominum
1124 934 1561 992 constituimus.
1597 955 1625 984 »
1658 934 1788 990 Haec
1812 938 2008 989 autem
2039 949 2155 988 non

447 1019 453 1023 ’
498 1042 565 1082 eo
596 1026 888 1093 dicebant,
921 1030 989 1081 ut
1018 1025 1296 1090 facerent,
1319 1024 1421 1080 sed
1455 1027 1521 1080 ut
1550 1024 1680 1095 ejus
1712 1022 1926 1078 auxilio
1958 1038 2154 1096 regem

498 1114 731 1171 facilius
754 1114 1135 1171 debellarent.

567 1207 657 1260 22.
685 1203 983 1259 Habuerat
1009 1201 1181 1275 plane
1210 1218 1308 1259 rex
1339 1200 1651 1258 nonnullas
1683 1200 2036 1256 fortissimas
2064 1216 2153 1255 co-

492 1292 640 1367 pias,
672 1292 1093 1349 Herimannum
1124 1290 1343 1347 scilicet
1387 1290 1711 1347 Suevorum
1761 1290 1993 1355 ducem,
2027 1289 2144 1343 fra-

490 1385 757 1453 tremque
782 1381 911 1452 ejus
942 1380 1253 1446 Hutonem,
1276 1382 1454 1451 atque
1482 1377 1902 1433 Chuonradum
1931 1392 2143 1449 cogno-

493 1468 1118 1542 mineSapientem.Qui
1137 1466 1828 1539 quamquamlleverardo
1846 1464 2148 1521 afﬁnitatis

495 1558 652 1615 linea
699 1558 1069 1631 jungeretur,
1130 1554 1468 1611 maluerunt
1521 1559 1718 1609 tamen
1766 1554 1948 1625 juste,
2000 1553 2050 1608 si
2083 1555 2148 1588 393

492 1646 809 1705 necessitas
839 1645 1226 1712 incubuisset,
1249 1646 1415 1716 justo
1447 1660 1583 1699 cum
1615 1657 1747 1716 rege
1780 1642 2145 1713 occumbere,

494 1753 669 1810 quam
702 1735 918 1808 injuste
947 1751 1082 1789 cum
1114 1732 1545 1805 consanguineo
1581 1730 2148 1804 triumphare.Hein-

495 1827 651 1883 ricus
684 1826 863 1899 igitur
892 1823 1195 1896 praemissa
1218 1823 1345 1893 jam
1394 1820 1783 1894 promissione
1841 1821 2140 1893 deceptus,
2177 1862 2224 1928 B

491 1914 744 1989 propriis
770 1931 905 1970 mox
925 1911 1184 1969 collectis
1207 1911 1410 1983 copiis,
1434 1911 1571 1966 totis
1592 1910 1815 1965 viribus
1850 1910 2009 1981 ipsos
2041 1910 2144 1964 ad-

481 2005 690 2077 juvare
720 2018 1035 2077 regemque
1063 2004 1309 2074 ceperat
1337 1999 1685 2072 impugnare
1716 2000 1829 2071 (an.
1857 2000 2008 2068 939).
2040 1998 2146 2053 Ve-

489 2112 620 2151 rum
646 2092 785 2166 quia
814 2092 1101 2165 scriptum
1133 2095 1222 2147 est
1253 2107 1266 2146 :
1302 2090 1524 2145 Mentita
1576 2096 1655 2145 est
1710 2090 1980 2159 iniquitas
2034 2090 2146 2144 sibi

487 2184 661 2257 (Psal.
690 2199 845 2250 xxvx,
882 2182 990 2252 15),
1025 2179 1169 2236 libet
1198 2177 1506 2251 paululum
1538 2177 1924 2246 immorari,et
1944 2194 2145 2248 quem-

487 2273 806 2329 admodum
827 2274 966 2326 tunc
992 2268 1260 2324 mentitia
1285 2268 1362 2323 sit
1381 2267 1492 2322 sibi
1521 2264 2139 2339 iniquitas,explicare.

488 2362 854 2418 Heverardus
883 2358 1042 2415 haud
1073 2374 1242 2413 secus
1286 2355 1677 2412 Gislebertum
1726 2371 1761 2409 a
1816 2354 1970 2426 regis
2029 2355 2143 2409 ﬁde

488 2452 797 2524 sejungere
812 2448 1207 2514 valuit,donec
1229 2461 1425 2517 regem
1447 2461 1582 2500 eum
1615 2460 1676 2499 se
1703 2443 1993 2498 facturum
2016 2459 2142 2514 pro-

487 2541 670 2596 misit.
704 2538 1067 2595 Gislebertus
1097 2539 1292 2590 autem
1322 2533 1659 2588 Heinricum
1690 2532 1799 2586 hac
1828 2536 1950 2586 arte
1981 2531 2138 2586 deci-

486 2644 621 2700 pere
636 2627 918 2695 voluit,ut
946 2625 1088 2679 dum
1120 2640 1226 2678 suo
1259 2621 1548 2695 adjutorio
1574 2636 1769 2692 regem
1789 2619 2137 2687 devinceret,

486 2718 683 2787 ipsum
714 2714 1047 2785 deponeret,
1080 2711 1309 2782 sibique
1351 2710 1514 2782 regni
1563 2709 1776 2765 solium
1828 2708 2134 2765 obtineret.

485 2804 703 2859 Verum
734 2801 1114 2857 Hzeverardus
1143 2799 1315 2872 longe
1345 2797 1512 2854 aliter
1538 2797 2137 2871 disposuerat.Voluit

487 2892 667 2961 enim,
700 2890 750 2948 si
780 2906 975 2963 regem
1010 2893 1206 2962 posset
1255 2887 1576 2957 devincere,
1628 2892 1908 2959 utrosque
1955 2903 2135 2960 regno

484 2981 713 3055 privare
742 2978 971 3053 sibique
999 2993 1303 3050 usurpare,
1326 2977 1824 3049 quemadmodum
1845 2993 1914 3032 ex
1943 2976 2135 3031 verbis

485 3070 693 3144 ipsius,
726 3086 854 3142 quze
887 3066 1061 3142 paulo
1092 3071 1405 3139 antequam
1437 3070 1763 3122 moreretur
1804 3064 1970 3121 uxori
2014 3082 2132 3122 suae

484 3159 647 3229 dixit,
675 3157 938 3215 conicere
966 3172 1304 3230 possumus.
1332 3154 1516 3219 Quam
1547 3155 1688 3210 dum
1722 3155 1938 3211 foveret
1968 3155 2027 3210 in
2058 3155 2133 3211 si-

2268 774 2383 813 non
2398 758 2720 814 resistendo
2736 761 2981 813 mortem
3006 758 3060 812 fu
3070 757 3527 829 gere,vitamque
3540 754 3879 826 sempitern
3892 754 3953 809 is

2266 847 2595 919 obpropriis
2626 863 2982 919 comparare.
3016 846 3385 917 Quamquam
3419 844 3576 900 enim
3609 842 3942 909 evadendi,

2266 952 2393 1007 quae
2426 952 2869 1007 nonnumquam
2911 935 3179 991 hostibus
3225 936 3410 999 obest,
3457 932 3653 989 oblata
3703 933 3936 1005 despe-

2262 1025 2408 1080 ratio
2440 1029 2496 1079 et
2522 1023 2892 1097 supplicandi
2925 1023 3349 1096 sempiternum
3386 1020 3773 1095 obproprium
3805 1038 3939 1093 pu-

2261 1114 2478 1185 gnandi
2509 1114 2679 1169 nobis
2710 1113 2985 1168 ﬁduciam
3019 1116 3278 1184 prestent
3311 1129 3413 1168 :eo
3444 1115 3643 1166 tamen
3670 1113 3937 1182 est,quaz

2261 1219 2366 1257 nos
2398 1203 2730 1274 presertim,
2758 1201 3017 1257 veritatis
3050 1200 3267 1257 scilicet
3317 1218 3383 1256 ac
3423 1199 3693 1272 justitiae,
3738 1215 3942 1254 causa

2260 1307 2521 1363 pugnare
2542 1290 2926 1363 compellit.Si
2955 1291 3111 1345 enim
3142 1290 3434 1347 terrestris
3465 1290 3678 1344 domus
3712 1293 3936 1344 nostra

2259 1380 2584 1435 resistendo
2605 1380 2907 1450 injustitiae
2929 1379 3553 1446 disolvatur,zeternam
3584 1395 3704 1433 non
3736 1393 3936 1433 manu

2257 1467 2470 1523 factam
2508 1468 2857 1540 recipiemus
2885 1468 2944 1522 in
2976 1466 3155 1523 cmlis.
3194 1491 3221 1517 ››
3253 1467 3355 1522 His
3386 1468 3583 1539 itaque
3613 1466 3791 1522 dictis
3828 1483 3939 1522 ac-

2257 1557 2437 1623 censi,
2499 1557 2697 1612 hostes
2750 1556 2903 1611 inter
2953 1574 3127 1612 cursu
3162 1556 3399 1629 praepeti
3429 1559 3762 1611 transeunt.
3798 1557 3935 1611 Rex

2256 1645 2506 1716 denique
2528 1647 2751 1699 tantam
2770 1661 3011 1701 suorum
3028 1644 3420 1699 constantiam
3442 1660 3558 1698 non
3578 1642 3698 1700 sive
3717 1642 3929 1698 divino

2253 1733 2535 1789 instinctu
2568 1734 2636 1769 ³⁰⁰
2666 1750 2794 1789 esse
2826 1733 3226 1800 considerans,
3280 1733 3579 1804 quoniam,
3639 1732 3819 1788 ﬂuvio
3851 1732 3928 1766 ³⁰¹

2254 1823 2668 1891 intercedente,
2716 1822 3023 1895 corporali”
3062 1822 3372 1895 praesentia
3427 1822 3739 1877 subvenire
3788 1821 3929 1876 suis

2255 1930 2370 1967 non
2402 1916 2646 1984 poterat,
2681 1911 3018 1967 recordatus
3049 1911 3247 1983 populi
3282 1911 3534 1977 Domini,
3581 1911 3683 1982 qui
3737 1926 3926 1983 repu-

2254 2006 2502 2073 gnantes
2533 2001 2643 2055 sibi
2675 2000 3067 2056 Amalechitas
3105 2000 3470 2056 orationibus
3514 1999 3699 2072 Moysi
3756 1999 3925 2054 servi

2254 2090 2353 2145 Dei
2381 2090 2690 2156 devicerat,
2728 2089 2996 2160 protinus
3027 2090 3097 2143 de
3128 2104 3277 2161 equo
3307 2087 3627 2155 descendit,
3658 2103 3928 2159 seseque

2253 2194 2387 2233 cum
2420 2179 2579 2233 omni
2612 2177 2824 2250 populo
2856 2176 3129 2233 lacrimas
3164 2177 3412 2232 fundens
3451 2180 3585 2233 ante
3614 2176 3930 2233 victorife-

2252 2284 2348 2324 ros
2377 2266 2575 2322 clavos
2609 2266 2882 2323 manibus
2912 2266 3135 2322 domini
3158 2269 3217 2321 ct
3238 2265 3540 2321 salvatoris
3563 2265 3753 2321 nostri
3771 2266 3929 2323 Jesu

2250 2356 2461 2412 Christi
2493 2356 2713 2411 adﬁxos
2753 2373 2990 2428 suaeque
3020 2357 3231 2411 lancea:
3264 2353 3569 2427 impositos
3602 2355 3661 2410 in
3695 2356 3929 2411 oratio-

2252 2462 2384 2500 nem
2414 2445 2610 2513 dedit;
2646 2450 3051 2517 quantumque
3074 2444 3227 2515 justi
3259 2443 3391 2511 viri,
3414 2444 3742 2501 secundum
3777 2444 3927 2500 bea-

2251 2534 2291 2588 ti
2326 2535 2394 2568 ³⁰²
2425 2535 2775 2590 sententiam
2806 2534 3029 2601 Jacobi,
3060 2538 3201 2589 tunc
3226 2532 3442 2589 valeret
3470 2532 3655 2589 oratio
3687 2535 3824 2603 (Jac.
3854 2551 3918 2602 v,

2252 2624 2363 2696 46),
2396 2640 2490 2679 res
2525 2624 2835 2679 manifesta
2892 2622 3173 2695 probavit.
3233 2623 3308 2678 Eo
3366 2638 3619 2695 namque
3678 2627 3920 2691 orante,

2248 2730 2381 2768 cum
2414 2730 2482 2769 ex
2512 2713 2637 2768 suis
2668 2711 2866 2767 nullus
2889 2710 3496 2780 occumberet,hostes
3526 2714 3666 2766 sunt
3700 2728 3924 2769 omnes

2246 2802 2305 2855 in
2340 2803 2538 2875 fugam
2563 2800 3237 2872 conversi;nonnullique
3256 2816 3591 2869 eorum,cur
3604 2800 3911 2873 fugerent,

2245 2890 2500 2963 pcenitus
2529 2889 3183 2963 ignorabant,quoniam
3208 2889 3443 2961 quidem
3466 2906 3567 2962 pre
3597 2891 3910 2962 paucitate

2243 2996 2370 3036 sese
2398 2979 2772 3052 insequentes
2801 2979 2999 3036 hostes
3027 2979 3223 3035 videre
3248 2996 3363 3035 non
3402 2982 3693 3052 poterant.
3728 2980 3906 3038 Cesis

2242 3069 2423 3142 igitur
2440 3068 3054 3141 plurimis,Heinricus
3075 3068 3445 3125 vehementer
3465 3068 3524 3124 in
3546 3068 3791 3125 brachio
3809 3074 3908 3126 est

2243 3175 2413 3231 percu
2423 3161 2643 3226 ssus,et
2658 3173 3017 3229 quamquam
3035 3156 3225 3212 loricze
3247 3156 3497 3229 triplicis
3514 3156 3801 3214 fortitudo
3827 3159 3906 3215 ad

482 3267 561 3306 nu
587 3267 602 3306 :
631 3247 961 3313 Jucundare,
996 3245 1209 3318 inquit,
1245 3247 1304 3300 in
1333 3246 1540 3316 gremio
1567 3246 1799 3312 comitis,
1834 3246 1984 3300 brevi
2029 3249 2129 3302 ἰξε-
2161 3232 2204 3299 C
2244 3263 2479 3303 carnem
2515 3263 2701 3319 usque
2731 3246 2889 3303 ensis
2910 3246 3093 3302 aciem
3118 3263 3232 3301 non
3256 3246 3607 3312 admitteret,
3636 3247 3908 3319 pondere

478 3347 663 3395 latura
691 3338 752 3392 in
781 3335 1125 3409 amplexibus
1154 3336 1318 3405 regis.
1351 3333 1513 3397 Quod
1553 3350 1670 3388 non
1720 3334 1801 3389 ita
1847 3333 2131 3391 accidisse

479 3432 537 3484 et
567 3425 937 3498 iniquitatem
969 3422 1081 3478 sibi
1109 3422 1416 3479 mentitam
1447 3438 1577 3479 esse
1605 3425 1923 3495 tempestas
1972 3423 2123 3478 indi-

482 3519 578 3571 cat
606 3530 885 3586 praesens.

546 3603 638 3659 23.
672 3601 875 3674 Igitur,
908 3604 975 3655 ut
1003 3600 1224 3672 prmfati
1258 3616 1486 3667 sumus,
1513 3599 1853 3670 hujusmodi
1885 3601 2131 3673 promis-

479 3692 644 3748 sione
696 3690 991 3744 animatus
1025 3688 1204 3743 immo
1234 3688 1533 3760 deceptus,
1580 3688 1821 3744 collecto
1853 3690 2127 3762 exercitu,

478 3797 615 3838 cum
655 3777 977 3835 Gisleberto
998 3776 1214 3849 pariter
1235 3780 1406 3848 atque
1426 3777 1752 3834 Heverardo
1777 3779 1895 3851 regi
1923 3796 2129 3852 prepa-

478 3874 612 3927 rant
639 3867 882 3924 bellum.
916 3869 1071 3933 Quos
1102 3869 1302 3921 contra
1331 3882 1429 3922 rex
1472 3871 1744 3939 properat
1790 3867 1978 3936 laetus,
2012 3887 2127 3925 non

477 3976 680 4018 eorum
710 3955 1088 4013 multitudine
1115 3955 1375 4023 territus,
1408 3956 1510 4012 sed
1542 3957 1614 4012 de
1636 3956 1739 4012 Dei
1762 3957 1974 4030 pietate
1996 3975 2131 4015 con-

479 4050 645 4106 ﬁsus.
678 4048 790 4105 Sed
826 4051 889 4102 ut
919 4044 1073 4102 scias
1104 4061 1280 4118 quam
1314 4044 1479 4102 facile
1510 4050 1600 4103 est
1644 4046 1761 4104 Deo
1810 4046 1870 4102 in
1924 4048 2129 4120 paucis

476 4139 675 4213 plures
705 4138 955 4206 vincere,
989 4139 1047 4192 ct
1088 4134 1245 4207 quod
1293 4134 1609 4208 quisquam
1658 4135 1718 4192 in
1768 4137 2130 4196 abundantia

474 4228 710 4286 virtutis
741 4244 859 4285 suae
901 4241 1018 4281 non
1051 4223 1373 4281 salvabitur
1403 4223 1576 4297 (Psal.
1610 4241 1807 4294 χχχιιι,
1842 4225 1954 4298 17),
1989 4227 2126 4283 audi

477 4318 786 4391 antiquum
818 4333 853 4372 a
881 4313 1129 4371 Domino
1160 4316 1504 4370 renovatum
1535 4312 1906 4371 miraculum.
1954 4316 2128 4390 Regis

476 4406 694 4463 milites
726 4422 908 4479 supra
935 4404 1204 4462 Rhenum
1236 4404 1309 4459 ad
1343 4402 1537 4459 locum
1556 4404 1838 4461 vocabulo
1859 4405 2127 4462 Bierzuni

477 4497 623 4570 (123)
653 4497 1057 4569 pervenerant,
1094 4492 1396 4565 Rhenique
1426 4492 1653 4550 alveum
1699 4496 1951 4553 transire
1999 4498 2127 4568 jam

2240 3341 2436 3392 tamen
2471 3335 2867 3408 percussionis
2895 3335 3113 3391 acerbae
3145 3334 3452 3391 brachium
3501 3339 3591 3391 est
3636 3335 3787 3392 adeo
3837 3336 3909 3395 in

2238 3424 2479 3481 livorem
2521 3441 2890 3493 conversum,
2921 3428 2988 3480 ut
3017 3422 3196 3479 nullis
3228 3424 3590 3479 medicorum
3624 3426 3787 3481 curis
3819 3426 3910 3482 ita

2240 3512 2456 3570 mederi
2478 3518 2777 3585 posset,ne
2804 3518 3134 3569 recurrente
3175 3530 3326 3569 anno
3365 3529 3757 3586 permagnum
3791 3514 3906 3570 do-

2236 3602 2418 3659 lorem
2453 3603 2715 3659 sentiret.
2746 3602 2908 3659 Unde
2940 3606 2996 3657 et
3025 3601 3210 3657 multo
3243 3606 3374 3674 post
3401 3601 3581 3673 hujus
3616 3602 3904 3658 facinoris

2239 3692 2541 3748 occasione
2574 3693 2767 3764 ipsum
2792 3692 2931 3747 fassi
2956 3696 3096 3747 sunt
3117 3691 3413 3747 hominem
3434 3691 3900 3748 3‘li‘exivisseSed

2238 3783 2379 3853 quia
2408 3784 2618 3836 lanceae
2652 3780 2837 3852 ipsius
2868 3785 3079 3836 sanctae
3113 3779 3455 3836 memoriam
3485 3780 3895 3851 fecimus,hic,

2238 3870 2490 3943 qualiter
2518 3870 2589 3925 ad
2622 3886 2756 3926 eum
2784 3871 3129 3943 pervenerit,
3162 3871 3511 3926 inseramus.

2306 3961 2396 4014 24.
2432 3960 2917 4032 Burgundionum
2945 3976 3044 4015 rex
3073 3959 3379 4026 Rodulfus,
3431 3958 3531 4032 qui
3581 3958 3897 4017 nonnullis

2237 4049 2408 4105 annis
2437 4047 2652 4104 Italicis
2682 4048 3011 4122 imperavit,
3042 4048 3304 4105 lanceam
3347 4046 3509 4103 illam
3560 4064 3594 4103 a
3642 4048 3896 4105 Samson

2238 4138 2449 4194 comite
2477 4138 2630 4193 dono
2662 4138 2904 4211 accepit.
2937 4139 3075 4195 Erat
3121 4138 3278 4194 enim
3327 4140 3532 4209 exepta
3560 4136 3629 4172 ³⁰⁴
3658 4142 3897 4193 caetera-

2237 4244 2369 4283 rum
2392 4227 2586 4300 specie
2604 4226 3116 4297 lancearum,novo
3148 4227 3405 4299 quodam
3430 4226 3604 4282 modo
3627 4242 3898 4299 novaque

2236 4316 2534 4373 elaborata
2561 4317 2629 4352 ³⁰⁵
2657 4316 3103 4389 ﬁgura,habens
3126 4316 3297 4388 juxta
3327 4314 3595 4371 lumbum
3627 4315 3895 4371 medium

2236 4405 2550 4478 utrobique
2579 4405 2886 4462 fenestras.
2919 4405 3015 4460 Hae
3055 4422 3160 4477 pro
3208 4403 3520 4477 pollicibus
3571 4402 3895 4476 perpulere:

2237 4495 2363 4550 duae
2396 4494 2549 4551 acies
2582 4510 2767 4567 usque
2797 4494 2868 4550 ad
2901 4494 3189 4550 declivum
3240 4492 3501 4548 medium
3547 4490 3761 4549 lanceae
3792 4510 3894 4550 ex-

477 4588 768 4657 ceperant,
802 4585 1200 4656 ingnorantes,
1236 4582 1389 4655 quod
1420 4582 1728 4640 Heinricus
1753 4601 1888 4641 cum
1918 4587 2126 4657 praefa-
2158 4602 2205 4668 D
2238 4584 2578 4640 tenduntur.
2612 4584 2769 4639 Hanc
2802 4582 2982 4655 igitur
3009 4582 3373 4639 Constantini
3424 4580 3640 4655 Magni,
3674 4587 3891 4638 sanctas

478 4673 556 4729 tis
572 4672 884 4729 comitibus
900 4675 1065 4727 tanta
1079 4671 1164 4727 eis
1181 4671 1474 4728 vicinitate
1490 4676 1645 4729 esset
1653 4673 1780 4744 jam
1807 4675 2125 4746 proximus.

478 4761 760 4835 Perpauei
782 4759 1035 4831 denique
1051 4776 1082 4814 e
1098 4761 1344 4817 navibus
1368 4761 1708 4833 egressi,vix
1728 4779 1910 4835 equos
1931 4780 2134 4821 ascen-

476 4852 613 4908 dere
642 4865 887 4922 seseque
916 4848 1096 4906 armis
1123 4849 1287 4906 indui
1312 4853 1744 4922 poterant,cum
1766 4853 2135 4924 prenomina—

472 4940 939 5014 torumlegiones
956 4956 1071 4995 non
1092 4940 1440 4995 nuntiantur
1451 4942 1959 5012 properantes,sed
1980 4943 2132 4999 intu-

474 5032 561 5089 itu
576 5030 703 5105 ipso
716 5034 1040 5088 cernuntur
1054 5027 1505 5101 presentes.Tali
1519 5029 1701 5102 igitur
1714 5047 1841 5087 sese
1855 5036 2131 5089 suntmu-

474 5124 574 5177 tuo
596 5137 866 5179 sermone
887 5119 1154 5193 adgressi
1186 5135 1199 5175 :
1234 5116 1520 5174 Fluminis
1551 5118 1748 5190 hujus,
1775 5124 1841 5175 ut
1867 5121 2124 5189 cernitis,

474 5210 816 5285 magnitudo
846 5210 1037 5267 socios
1078 5211 1309 5265 nostros
1360 5206 1531 5263 nobis
1573 5222 1869 5276 succurre,
1902 5227 2127 5283 nosque

2240 4672 2345 4727 ﬁlii
2374 4672 2866 4742 Helena,viviﬁcae
2898 4672 3088 4728 crucis
3119 4671 3478 4738 inventricis,
3502 4671 3683 4727 fuisse
3711 4672 3892 4727 adﬁr-

2245 4767 2565 4834 mant,qua3
2597 4762 2788 4818 media
2819 4762 2879 4816 in
2910 4762 3286 4834 spina,quam
3317 4760 3587 4816 lumbum
3618 4761 3895 4833 superius

2243 4851 2562 4917 nominavi,
2581 4868 2650 4907 ex
2674 4850 2872 4921 clavis,
2894 4852 3166 4907 manibus
3195 4850 3559 4923 pedibusque
3588 4850 3813 4905 domini
3835 4855 3895 4908 et

2243 4939 2627 5011 redemptoris
2657 4939 2841 4996 nostri
2870 4940 3008 4996 Jesu
3040 4939 3256 4995 Christi
3289 4938 3517 5008 adﬁxis,
3551 4954 3754 4995 cruces
3785 4938 3894 4995 ha-

2240 5028 2353 5084 bet.
2392 5029 2693 5085 lleinricus
2724 5029 2920 5101 itaque
2952 5046 3072 5097 rex,
3103 5032 3170 5084 ut
3216 5032 3340 5084 erat
3387 5028 3489 5085 Dei
3536 5027 3755 5085 timens
3800 5033 3893 5085 to-

2236 5118 2472 5191 tiusque
2530 5119 2827 5192 religionis
2876 5123 3120 5187 amator,
3154 5118 3355 5174 audito
3413 5115 3733 5174 Rodulfum
3765 5122 3891 5175 tam

2233 5207 2625 5265 incstimabile
2645 5209 2867 5264 donum
2899 5208 3113 5265 habere
3129 5206 3615 5280 cteleste,nuntiis
3650 5206 3891 5265 directis

1832 5314 2072 5372 VARIIE
2112 5315 2527 5373 LECTIONES.

545 5404 613 5442 ⁸⁸³
642 5423 691 5461 s.
718 5423 778 5462 n.
809 5404 850 5460 i.
882 5404 922 5476 i.
956 5420 1006 5460 c.
1032 5419 1088 5476 _r.
1117 5419 1170 5460 o.
1204 5400 1563 5476 q.__i._desunt
1584 5404 1637 5458 2.
1673 5402 1727 5459 3.
1804 5403 2019 5476 mite.
2053 5403 2343 5462 hostibus.
2420 5406 2488 5442 ³⁰⁰
2516 5403 2823 5463 intstinctu
2855 5406 2906 5462 1.

3004 5405 3069 5444 ³⁰¹
3102 5405 3243 5464 ﬂuio
3267 5404 3319 5465 4.
3424 5403 3491 5443 ⁸⁰²
3522 5402 3612 5462 hic
3639 5417 3747 5462 vox
3774 5402 3894 5466 uiri

470 5489 632 5537 erasa
662 5478 714 5532 1.
788 5476 856 5511 ³⁰³
884 5474 1081 5531 homie
1111 5476 1163 5532 1.
1222 5473 1309 5511 ’θοι
1332 5473 1373 5529 i.
1406 5488 1453 5531 θ.
1486 5478 1741 5548 excepta.
1816 5475 1885 5513 ³⁰⁶
1912 5474 2206 5535 elaborata
2228 5477 2282 5534 4.

545 5642 591 5739 μ
603 5642 694 5722 23)
719 5641 969 5709 Birthen.
994 5644 1078 5709 Cf.
1111 5586 1431 5730 Reginonis
1458 5644 1678 5717 contis.
1702 5661 1798 5711 an.
1826 5646 1955 5719 939.
2036 5710 2043 5719 ,

2059 5575 2292 5639 ΝΟΤίΕ.
