  <div class='ocr_page' id='page_1' title='image "/cluster/home/n/w/nwhite01/storage/ocr_20150623/136/umn.31951002477429o/458.png"; bbox 0 0 4050 6388; ppageno 0'>
   <div class='ocr_carea' id='block_1_1' title="bbox 94 368 222 432">
    <p class='ocr_par' dir='ltr' id='par_1_1' title="bbox 94 368 222 432">
     <span class='ocr_line' id='line_1_1' title="bbox 94 368 222 432; baseline 0 -3"><span class='ocrx_word' id='word_1_1' title='bbox 94 368 222 432; x_wconf 78' lang='lat'>869</span> 
     </span>
    </p>
   </div>
   <div class='ocr_carea' id='block_1_2' title="bbox 1052 367 2588 435">
    <p class='ocr_par' dir='ltr' id='par_1_2' title="bbox 1052 367 2588 435">
     <span class='ocr_line' id='line_1_2' title="bbox 1052 367 2588 435; baseline 0.001 -3"><span class='ocrx_word' id='word_1_2' title='bbox 1052 368 1676 435; x_wconf 87' lang='lat' dir='ltr'>ANTAPODOSEOS</span> <span class='ocrx_word' id='word_1_3' title='bbox 1722 367 1932 432; x_wconf 85' lang='lat' dir='ltr'><strong>LIBRI</strong></span> <span class='ocrx_word' id='word_1_4' title='bbox 1977 370 2153 433; x_wconf 85' lang='lat' dir='ltr'>SEX.</span> <span class='ocrx_word' id='word_1_5' title='bbox 2184 404 2263 418; x_wconf 85' lang='lat'><strong>—</strong></span> <span class='ocrx_word' id='word_1_6' title='bbox 2289 369 2440 435; x_wconf 91' lang='lat' dir='ltr'>LIB.</span> <span class='ocrx_word' id='word_1_7' title='bbox 2483 370 2588 434; x_wconf 84' lang='lat' dir='ltr'>IV.</span> 
     </span>
    </p>
   </div>
   <div class='ocr_carea' id='block_1_3' title="bbox 3408 372 3529 434">
    <p class='ocr_par' dir='ltr' id='par_1_3' title="bbox 3408 372 3529 434">
     <span class='ocr_line' id='line_1_3' title="bbox 3408 372 3529 434; baseline -0.008 0"><span class='ocrx_word' id='word_1_8' title='bbox 3408 372 3529 434; x_wconf 79' lang='lat'>870</span> 
     </span>
    </p>
   </div>
   <div class='ocr_carea' id='block_1_4' title="bbox 99 501 3529 578">
    <p class='ocr_par' dir='ltr' id='par_1_4' title="bbox 99 501 3529 578">
     <span class='ocr_line' id='line_1_4' title="bbox 99 501 3529 578; baseline 0.001 -20"><span class='ocrx_word' id='word_1_9' title='bbox 99 502 505 576; x_wconf 84' lang='lat' dir='ltr'>temptavit,si</span> <span class='ocrx_word' id='word_1_10' title='bbox 535 501 795 576; x_wconf 64' lang='lat' dir='ltr'>prwmiis</span> <span class='ocrx_word' id='word_1_11' title='bbox 825 502 1120 576; x_wconf 81' lang='lat' dir='ltr'>aliquibus</span> <span class='ocrx_word' id='word_1_12' title='bbox 1146 502 1205 560; x_wconf 87' lang='lat' dir='ltr'>id</span> <span class='ocrx_word' id='word_1_13' title='bbox 1235 507 1433 576; x_wconf 83' lang='lat' dir='ltr'>posset</span> <span class='ocrx_word' id='word_1_14' title='bbox 1462 504 1766 577; x_wconf 83' lang='lat' dir='ltr'>adquirere</span> <span class='ocrx_word' id='word_1_15' title='bbox 1793 502 1851 570; x_wconf 81' lang='grc' dir='ltr'><strong>Α</strong></span> <span class='ocrx_word' id='word_1_16' title='bbox 1879 508 2112 560; x_wconf 91' lang='lat' dir='ltr'>suetum</span> <span class='ocrx_word' id='word_1_17' title='bbox 2144 521 2367 561; x_wconf 90' lang='lat' dir='ltr'>morem</span> <span class='ocrx_word' id='word_1_18' title='bbox 2397 521 2609 578; x_wconf 87' lang='lat' dir='ltr'>panem</span> <span class='ocrx_word' id='word_1_19' title='bbox 2622 503 3529 578; x_wconf 83' lang='lat' dir='ltr'>benedixit,fregit,acdedit,non</span> 
     </span>
    </p>
   </div>
   <div class='ocr_carea' id='block_1_5' title="bbox 99 590 1769 664">
    <p class='ocr_par' dir='ltr' id='par_1_5' title="bbox 99 590 1769 664">
     <span class='ocr_line' id='line_1_5' title="bbox 99 590 1769 664; baseline -0.001 -16"><span class='ocrx_word' id='word_1_20' title='bbox 99 590 349 664; x_wconf 81' lang='lat' dir='ltr'>sibique</span> <span class='ocrx_word' id='word_1_21' title='bbox 380 591 661 649; x_wconf 89' lang='lat' dir='ltr'>adversus</span> <span class='ocrx_word' id='word_1_22' title='bbox 687 592 949 648; x_wconf 87' lang='lat' dir='ltr'>visibiles</span> <span class='ocrx_word' id='word_1_23' title='bbox 983 595 1158 664; x_wconf 90' lang='lat' dir='ltr'>atque</span> <span class='ocrx_word' id='word_1_24' title='bbox 1203 593 1524 649; x_wconf 85' lang='lat' dir='ltr'>invisibiles</span> <span class='ocrx_word' id='word_1_25' title='bbox 1571 593 1769 649; x_wconf 87' lang='lat' dir='ltr'>hostes</span> 
     </span>
    </p>
   </div>
   <div class='ocr_carea' id='block_1_6' title="bbox 101 679 1768 755">
    <p class='ocr_par' dir='ltr' id='par_1_6' title="bbox 101 679 1768 755">
     <span class='ocr_line' id='line_1_6' title="bbox 101 679 1768 755; baseline -0.001 -19"><span class='ocrx_word' id='word_1_26' title='bbox 101 696 282 736; x_wconf 85' lang='lat' dir='ltr'>arma</span> <span class='ocrx_word' id='word_1_27' title='bbox 312 679 702 737; x_wconf 74' lang='lat' dir='ltr'>invictissime</span> <span class='ocrx_word' id='word_1_28' title='bbox 729 680 1218 753; x_wconf 85' lang='lat' dir='ltr'>triumphumque</span> <span class='ocrx_word' id='word_1_29' title='bbox 1248 686 1592 755; x_wconf 90' lang='lat' dir='ltr'>perpetuum</span> <span class='ocrx_word' id='word_1_30' title='bbox 1624 698 1768 753; x_wconf 64' lang='lat' dir='ltr'>prte-</span> 
     </span>
    </p>
   </div>
   <div class='ocr_carea' id='block_1_7' title="bbox 102 769 1771 843">
    <p class='ocr_par' dir='ltr' id='par_1_7' title="bbox 102 769 1771 843">
     <span class='ocr_line' id='line_1_7' title="bbox 102 769 1771 843; baseline -0.001 -17"><span class='ocrx_word' id='word_1_31' title='bbox 102 770 519 843; x_wconf 62' lang='grc' dir='ltr'>μαῖαι-θ.ουοά</span> <span class='ocrx_word' id='word_1_32' title='bbox 552 787 684 826; x_wconf 88' lang='lat' dir='ltr'>cum</span> <span class='ocrx_word' id='word_1_33' title='bbox 718 787 818 826; x_wconf 89' lang='lat' dir='ltr'>rex</span> <span class='ocrx_word' id='word_1_34' title='bbox 848 769 1135 827; x_wconf 85' lang='lat' dir='ltr'>Rodulfus</span> <span class='ocrx_word' id='word_1_35' title='bbox 1182 770 1373 826; x_wconf 92' lang='lat' dir='ltr'>modis</span> <span class='ocrx_word' id='word_1_36' title='bbox 1403 771 1677 827; x_wconf 89' lang='lat' dir='ltr'>omnibus</span> <span class='ocrx_word' id='word_1_37' title='bbox 1710 786 1771 826; x_wconf 87' lang='lat' dir='ltr'>se</span> 
     </span>
    </p>
   </div>
   <div class='ocr_carea' id='block_1_8' title="bbox 105 854 1786 932">
    <p class='ocr_par' dir='ltr' id='par_1_8' title="bbox 105 854 1786 932">
     <span class='ocr_line' id='line_1_8' title="bbox 105 854 1786 932; baseline 0.001 -18"><span class='ocrx_word' id='word_1_38' title='bbox 105 875 449 932; x_wconf 83' lang='lat' dir='ltr'>numquam</span> <span class='ocrx_word' id='word_1_39' title='bbox 500 860 609 916; x_wconf 91' lang='lat' dir='ltr'>hoc</span> <span class='ocrx_word' id='word_1_40' title='bbox 655 863 926 916; x_wconf 88' lang='lat' dir='ltr'>acturum</span> <span class='ocrx_word' id='word_1_41' title='bbox 970 858 1246 930; x_wconf 85' lang='lat' dir='ltr'>ediceret,</span> <span class='ocrx_word' id='word_1_42' title='bbox 1297 877 1396 915; x_wconf 86' lang='lat' dir='ltr'>rex</span> <span class='ocrx_word' id='word_1_43' title='bbox 1441 854 1786 927; x_wconf 61' lang='lat' dir='ltr'>Heinricus,</span> 
     </span>
    </p>
   </div>
   <div class='ocr_carea' id='block_1_9' title="bbox 105 947 1773 1021">
    <p class='ocr_par' dir='ltr' id='par_1_9' title="bbox 105 947 1773 1021">
     <span class='ocr_line' id='line_1_9' title="bbox 105 947 1773 1021; baseline -0.001 -17"><span class='ocrx_word' id='word_1_44' title='bbox 105 948 259 1021; x_wconf 88' lang='lat' dir='ltr'>quia</span> <span class='ocrx_word' id='word_1_45' title='bbox 307 947 536 1004; x_wconf 85' lang='lat' dir='ltr'>mollire</span> <span class='ocrx_word' id='word_1_46' title='bbox 582 947 742 1004; x_wconf 93' lang='lat' dir='ltr'>hunc</span> <span class='ocrx_word' id='word_1_47' title='bbox 790 947 1137 1004; x_wconf 86' lang='lat' dir='ltr'>muneribus</span> <span class='ocrx_word' id='word_1_48' title='bbox 1185 965 1300 1004; x_wconf 92' lang='lat' dir='ltr'>non</span> <span class='ocrx_word' id='word_1_49' title='bbox 1344 948 1553 1020; x_wconf 88' lang='lat' dir='ltr'>potuit,</span> <span class='ocrx_word' id='word_1_50' title='bbox 1594 947 1773 1004; x_wconf 88' lang='lat' dir='ltr'>minis</span> 
     </span>
    </p>
   </div>
   <div class='ocr_carea' id='block_1_10' title="bbox 102 1035 1772 1109">
    <p class='ocr_par' dir='ltr' id='par_1_10' title="bbox 102 1035 1772 1109">
     <span class='ocr_line' id='line_1_10' title="bbox 102 1035 1772 1109; baseline -0.001 -18"><span class='ocrx_word' id='word_1_51' title='bbox 102 1039 337 1091; x_wconf 86' lang='lat' dir='ltr'>terrere</span> <span class='ocrx_word' id='word_1_52' title='bbox 367 1050 721 1108; x_wconf 78' lang='lat' dir='ltr'>magnopere</span> <span class='ocrx_word' id='word_1_53' title='bbox 761 1035 1003 1091; x_wconf 84' lang='lat' dir='ltr'>curavit.</span> <span class='ocrx_word' id='word_1_54' title='bbox 1037 1035 1221 1091; x_wconf 89' lang='lat' dir='ltr'>Omne</span> <span class='ocrx_word' id='word_1_55' title='bbox 1269 1036 1485 1109; x_wconf 89' lang='lat' dir='ltr'>quippe</span> <span class='ocrx_word' id='word_1_56' title='bbox 1526 1052 1772 1108; x_wconf 84' lang='lat' dir='ltr'>regnum</span> 
     </span>
    </p>
   </div>
   <div class='ocr_carea' id='block_1_11' title="bbox 106 1123 1769 1198">
    <p class='ocr_par' dir='ltr' id='par_1_11' title="bbox 106 1123 1769 1198">
     <span class='ocr_line' id='line_1_11' title="bbox 106 1123 1769 1198; baseline 0.001 -19"><span class='ocrx_word' id='word_1_57' title='bbox 106 1124 244 1195; x_wconf 87' lang='lat' dir='ltr'>ejus</span> <span class='ocrx_word' id='word_1_58' title='bbox 275 1123 419 1181; x_wconf 89' lang='lat' dir='ltr'>cede</span> <span class='ocrx_word' id='word_1_59' title='bbox 467 1127 642 1196; x_wconf 92' lang='lat' dir='ltr'>atque</span> <span class='ocrx_word' id='word_1_60' title='bbox 688 1123 978 1180; x_wconf 89' lang='lat' dir='ltr'>incendiis</span> <span class='ocrx_word' id='word_1_61' title='bbox 1020 1140 1081 1179; x_wconf 92' lang='lat' dir='ltr'>se</span> <span class='ocrx_word' id='word_1_62' title='bbox 1125 1124 1616 1198; x_wconf 88' lang='lat' dir='ltr'>depopulaturum</span> <span class='ocrx_word' id='word_1_63' title='bbox 1641 1140 1769 1181; x_wconf 88' lang='lat' dir='ltr'>esse</span> 
     </span>
    </p>
   </div>
   <div class='ocr_carea' id='block_1_12' title="bbox 106 1209 1771 1285">
    <p class='ocr_par' dir='ltr' id='par_1_12' title="bbox 106 1209 1771 1285">
     <span class='ocr_line' id='line_1_12' title="bbox 106 1209 1771 1285; baseline 0.001 -19"><span class='ocrx_word' id='word_1_64' title='bbox 106 1209 409 1283; x_wconf 84' lang='lat' dir='ltr'>promisit.</span> <span class='ocrx_word' id='word_1_65' title='bbox 444 1210 591 1277; x_wconf 87' lang='lat' dir='ltr'>Quia</span> <span class='ocrx_word' id='word_1_66' title='bbox 615 1227 751 1266; x_wconf 90' lang='lat' dir='ltr'>vero</span> <span class='ocrx_word' id='word_1_67' title='bbox 795 1211 951 1283; x_wconf 93' lang='lat' dir='ltr'>quod</span> <span class='ocrx_word' id='word_1_68' title='bbox 1001 1212 1309 1285; x_wconf 83' lang='lat' dir='ltr'>petebatur</span> <span class='ocrx_word' id='word_1_69' title='bbox 1360 1230 1579 1269; x_wconf 89' lang='lat' dir='ltr'>munus</span> <span class='ocrx_word' id='word_1_70' title='bbox 1628 1215 1771 1281; x_wconf 89' lang='lat' dir='ltr'>erat,</span> 
     </span>
    </p>
   </div>
   <div class='ocr_carea' id='block_1_13' title="bbox 109 1298 1778 1374">
    <p class='ocr_par' dir='ltr' id='par_1_13' title="bbox 109 1298 1778 1374">
     <span class='ocr_line' id='line_1_13' title="bbox 109 1298 1778 1374; baseline 0.001 -21"><span class='ocrx_word' id='word_1_71' title='bbox 109 1314 234 1371; x_wconf 91' lang='lat' dir='ltr'>quo</span> <span class='ocrx_word' id='word_1_72' title='bbox 267 1298 608 1356; x_wconf 81' lang='lat' dir='ltr'>cmlestibus</span> <span class='ocrx_word' id='word_1_73' title='bbox 638 1304 797 1356; x_wconf 86' lang='lat' dir='ltr'>terra</span> <span class='ocrx_word' id='word_1_74' title='bbox 820 1300 975 1356; x_wconf 92' lang='lat' dir='ltr'>Deus</span> <span class='ocrx_word' id='word_1_75' title='bbox 1006 1302 1385 1373; x_wconf 85' lang='lat' dir='ltr'>conjunxerat</span> <span class='ocrx_word' id='word_1_76' title='bbox 1412 1301 1652 1374; x_wconf 59' lang='lat' dir='ltr'>3°“,lapis</span> <span class='ocrx_word' id='word_1_77' title='bbox 1672 1301 1778 1356; x_wconf 89' lang='lat' dir='ltr'>sci-</span> 
     </span>
    </p>
   </div>
   <div class='ocr_carea' id='block_1_14' title="bbox 108 1387 1776 1463">
    <p class='ocr_par' dir='ltr' id='par_1_14' title="bbox 108 1387 1776 1463">
     <span class='ocr_line' id='line_1_14' title="bbox 108 1387 1776 1463; baseline 0.002 -20"><span class='ocrx_word' id='word_1_78' title='bbox 108 1387 254 1444; x_wconf 89' lang='lat' dir='ltr'>licet</span> <span class='ocrx_word' id='word_1_79' title='bbox 284 1387 585 1461; x_wconf 90' lang='lat' dir='ltr'>angularis</span> <span class='ocrx_word' id='word_1_80' title='bbox 618 1389 837 1446; x_wconf 79' lang='lat' dir='ltr'>faciens</span> <span class='ocrx_word' id='word_1_81' title='bbox 867 1393 1118 1462; x_wconf 89' lang='lat' dir='ltr'>utraque</span> <span class='ocrx_word' id='word_1_82' title='bbox 1150 1390 1600 1459; x_wconf 82' lang='lat' dir='ltr'>unum,Rodulﬁ</span> <span class='ocrx_word' id='word_1_83' title='bbox 1625 1389 1776 1463; x_wconf 85' lang='lat' dir='ltr'>regis</span> 
     </span>
    </p>
   </div>
   <div class='ocr_carea' id='block_1_15' title="bbox 111 1476 1776 1552">
    <p class='ocr_par' dir='ltr' id='par_1_15' title="bbox 111 1476 1776 1552">
     <span class='ocr_line' id='line_1_15' title="bbox 111 1476 1776 1552; baseline 0.001 -20"><span class='ocrx_word' id='word_1_84' title='bbox 111 1494 221 1533; x_wconf 87' lang='lat' dir='ltr'>cor</span> <span class='ocrx_word' id='word_1_85' title='bbox 239 1476 547 1543; x_wconf 85' lang='lat' dir='ltr'>omollivit,</span> <span class='ocrx_word' id='word_1_86' title='bbox 572 1480 851 1550; x_wconf 89' lang='lat' dir='ltr'>jusloque</span> <span class='ocrx_word' id='word_1_87' title='bbox 884 1478 1006 1550; x_wconf 82' lang='lat' dir='ltr'>rogi</span> <span class='ocrx_word' id='word_1_88' title='bbox 1046 1480 1214 1551; x_wconf 87' lang='lat' dir='ltr'>justa</span> <span class='ocrx_word' id='word_1_89' title='bbox 1253 1481 1417 1551; x_wconf 81' lang='lat' dir='ltr'>justo</span> <span class='ocrx_word' id='word_1_90' title='bbox 1464 1480 1683 1552; x_wconf 84' lang='lat' dir='ltr'>petenti</span> <span class='ocrx_word' id='word_1_91' title='bbox 1709 1481 1776 1514; x_wconf 76' lang='lat'>30&quot;</span> 
     </span>
    </p>
   </div>
   <div class='ocr_carea' id='block_1_16' title="bbox 113 1566 1779 1642">
    <p class='ocr_par' dir='ltr' id='par_1_16' title="bbox 113 1566 1779 1642">
     <span class='ocr_line' id='line_1_16' title="bbox 113 1566 1779 1642; baseline 0 -19"><span class='ocrx_word' id='word_1_92' title='bbox 113 1566 396 1623; x_wconf 87' lang='lat' dir='ltr'>cominus</span> <span class='ocrx_word' id='word_1_93' title='bbox 426 1567 893 1640; x_wconf 87' lang='lat' dir='ltr'>tradidit.Neque</span> <span class='ocrx_word' id='word_1_94' title='bbox 923 1567 1079 1624; x_wconf 91' lang='lat' dir='ltr'>enim</span> <span class='ocrx_word' id='word_1_95' title='bbox 1110 1584 1251 1641; x_wconf 91' lang='lat' dir='ltr'>pace</span> <span class='ocrx_word' id='word_1_96' title='bbox 1281 1575 1563 1642; x_wconf 78' lang='lat' dir='ltr'>praesente</span> <span class='ocrx_word' id='word_1_97' title='bbox 1579 1568 1779 1625; x_wconf 91' lang='lat' dir='ltr'>simul-</span> 
     </span>
    </p>
   </div>
   <div class='ocr_carea' id='block_1_17' title="bbox 112 1655 1778 1729">
    <p class='ocr_par' dir='ltr' id='par_1_17' title="bbox 112 1655 1778 1729">
     <span class='ocr_line' id='line_1_17' title="bbox 112 1655 1778 1729; baseline 0.001 -18"><span class='ocrx_word' id='word_1_98' title='bbox 112 1655 427 1712; x_wconf 66' lang='lat' dir='ltr'>tati‘locus</span> <span class='ocrx_word' id='word_1_99' title='bbox 456 1660 597 1712; x_wconf 89' lang='lat' dir='ltr'>erat.</span> <span class='ocrx_word' id='word_1_100' title='bbox 626 1655 773 1712; x_wconf 86' lang='lat' dir='ltr'>Nam</span> <span class='ocrx_word' id='word_1_101' title='bbox 805 1660 861 1712; x_wconf 88' lang='lat' dir='ltr'>et</span> <span class='ocrx_word' id='word_1_102' title='bbox 892 1672 981 1727; x_wconf 90' lang='lat' dir='ltr'>eo,</span> <span class='ocrx_word' id='word_1_103' title='bbox 1015 1657 1115 1728; x_wconf 90' lang='lat' dir='ltr'>qui</span> <span class='ocrx_word' id='word_1_104' title='bbox 1147 1656 1241 1713; x_wconf 89' lang='lat' dir='ltr'>his</span> <span class='ocrx_word' id='word_1_105' title='bbox 1271 1658 1583 1714; x_wconf 88' lang='lat' dir='ltr'>cruciﬁxus</span> <span class='ocrx_word' id='word_1_106' title='bbox 1613 1662 1720 1726; x_wconf 85' lang='lat' dir='ltr'>est,</span> <span class='ocrx_word' id='word_1_107' title='bbox 1744 1675 1778 1729; x_wconf 92' lang='lat' dir='ltr'>_a</span> 
     </span>
    </p>
   </div>
   <div class='ocr_carea' id='block_1_18' title="bbox 115 1744 1775 1817">
    <p class='ocr_par' dir='ltr' id='par_1_18' title="bbox 115 1744 1775 1817">
     <span class='ocr_line' id='line_1_18' title="bbox 115 1744 1775 1817; baseline 0.001 -17"><span class='ocrx_word' id='word_1_108' title='bbox 115 1744 310 1801; x_wconf 89' lang='lat' dir='ltr'>Pilato</span> <span class='ocrx_word' id='word_1_109' title='bbox 343 1745 416 1801; x_wconf 90' lang='lat' dir='ltr'>ad</span> <span class='ocrx_word' id='word_1_110' title='bbox 448 1744 735 1800; x_wconf 90' lang='lat' dir='ltr'>Herodem</span> <span class='ocrx_word' id='word_1_111' title='bbox 773 1750 1141 1817; x_wconf 89' lang='lat' dir='ltr'>properante,</span> <span class='ocrx_word' id='word_1_112' title='bbox 1178 1745 1311 1801; x_wconf 89' lang='lat' dir='ltr'>facti</span> <span class='ocrx_word' id='word_1_113' title='bbox 1343 1751 1482 1802; x_wconf 90' lang='lat' dir='ltr'>sunt</span> <span class='ocrx_word' id='word_1_114' title='bbox 1511 1747 1683 1803; x_wconf 87' lang='lat' dir='ltr'>amici</span> <span class='ocrx_word' id='word_1_115' title='bbox 1716 1747 1775 1802; x_wconf 90' lang='lat' dir='ltr'>in</span> 
     </span>
    </p>
   </div>
   <div class='ocr_carea' id='block_1_19' title="bbox 115 1832 1856 1934">
    <p class='ocr_par' dir='ltr' id='par_1_19' title="bbox 115 1832 1856 1934">
     <span class='ocr_line' id='line_1_19' title="bbox 115 1832 1856 1934; baseline 0.001 -45"><span class='ocrx_word' id='word_1_116' title='bbox 115 1832 223 1889; x_wconf 88' lang='lat' dir='ltr'>illa</span> <span class='ocrx_word' id='word_1_117' title='bbox 252 1834 374 1902; x_wconf 90' lang='lat' dir='ltr'>die,</span> <span class='ocrx_word' id='word_1_118' title='bbox 408 1832 508 1906; x_wconf 92' lang='lat' dir='ltr'>qui</span> <span class='ocrx_word' id='word_1_119' title='bbox 539 1833 704 1907; x_wconf 88' lang='lat' dir='ltr'>prius</span> <span class='ocrx_word' id='word_1_120' title='bbox 735 1832 959 1888; x_wconf 89' lang='lat' dir='ltr'>inimici</span> <span class='ocrx_word' id='word_1_121' title='bbox 984 1838 1149 1889; x_wconf 87' lang='lat' dir='ltr'>erant</span> <span class='ocrx_word' id='word_1_122' title='bbox 1176 1835 1246 1889; x_wconf 92' lang='lat' dir='ltr'>ad</span> <span class='ocrx_word' id='word_1_123' title='bbox 1279 1834 1778 1902; x_wconf 89' lang='lat' dir='ltr'>invioom.Quanto</span> <span class='ocrx_word' id='word_1_124' title='bbox 1806 1868 1856 1934; x_wconf 84' lang='lat' dir='ltr'><strong>B</strong></span> 
     </span>
    </p>
   </div>
   <div class='ocr_carea' id='block_1_20' title="bbox 117 1920 1780 1995">
    <p class='ocr_par' dir='ltr' id='par_1_20' title="bbox 117 1920 1780 1995">
     <span class='ocr_line' id='line_1_20' title="bbox 117 1920 1780 1995; baseline 0.001 -16"><span class='ocrx_word' id='word_1_125' title='bbox 117 1926 323 1979; x_wconf 86' lang='lat' dir='ltr'>autem</span> <span class='ocrx_word' id='word_1_126' title='bbox 354 1938 550 1978; x_wconf 89' lang='lat' dir='ltr'>amore</span> <span class='ocrx_word' id='word_1_127' title='bbox 584 1938 682 1978; x_wconf 88' lang='lat' dir='ltr'>rex</span> <span class='ocrx_word' id='word_1_128' title='bbox 711 1920 1017 1978; x_wconf 87' lang='lat' dir='ltr'>Heinricus</span> <span class='ocrx_word' id='word_1_129' title='bbox 1049 1923 1353 1995; x_wconf 71' lang='lat' dir='ltr'>praefatum</span> <span class='ocrx_word' id='word_1_130' title='bbox 1388 1924 1780 1981; x_wconf 89' lang='lat' dir='ltr'>inestimabile</span> 
     </span>
    </p>
   </div>
   <div class='ocr_carea' id='block_1_21' title="bbox 118 2011 1777 2083">
    <p class='ocr_par' dir='ltr' id='par_1_21' title="bbox 118 2011 1777 2083">
     <span class='ocr_line' id='line_1_21' title="bbox 118 2011 1777 2083; baseline 0.001 -16"><span class='ocrx_word' id='word_1_131' title='bbox 118 2013 350 2068; x_wconf 88' lang='lat' dir='ltr'>donum</span> <span class='ocrx_word' id='word_1_132' title='bbox 392 2011 697 2083; x_wconf 89' lang='lat' dir='ltr'>acceperit,</span> <span class='ocrx_word' id='word_1_133' title='bbox 734 2028 867 2067; x_wconf 90' lang='lat' dir='ltr'>cum</span> <span class='ocrx_word' id='word_1_134' title='bbox 900 2011 961 2067; x_wconf 91' lang='lat' dir='ltr'>in</span> <span class='ocrx_word' id='word_1_135' title='bbox 1006 2012 1303 2069; x_wconf 89' lang='lat' dir='ltr'>nonnullis</span> <span class='ocrx_word' id='word_1_136' title='bbox 1332 2014 1530 2082; x_wconf 88' lang='lat' dir='ltr'>rebus,</span> <span class='ocrx_word' id='word_1_137' title='bbox 1563 2018 1691 2070; x_wconf 92' lang='lat' dir='ltr'>tum</span> <span class='ocrx_word' id='word_1_138' title='bbox 1719 2015 1777 2069; x_wconf 89' lang='lat' dir='ltr'>in</span> 
     </span>
    </p>
   </div>
   <div class='ocr_carea' id='block_1_22' title="bbox 123 2100 1778 2174">
    <p class='ocr_par' dir='ltr' id='par_1_22' title="bbox 123 2100 1778 2174">
     <span class='ocr_line' id='line_1_22' title="bbox 123 2100 1778 2174; baseline 0.001 -17"><span class='ocrx_word' id='word_1_139' title='bbox 123 2101 240 2157; x_wconf 88' lang='lat' dir='ltr'>hoc</span> <span class='ocrx_word' id='word_1_140' title='bbox 271 2101 600 2174; x_wconf 72' lang='lat' dir='ltr'>praesertim</span> <span class='ocrx_word' id='word_1_141' title='bbox 631 2100 861 2169; x_wconf 86' lang='lat' dir='ltr'>claruit,</span> <span class='ocrx_word' id='word_1_142' title='bbox 892 2103 1045 2174; x_wconf 92' lang='lat' dir='ltr'>quod</span> <span class='ocrx_word' id='word_1_143' title='bbox 1078 2118 1192 2157; x_wconf 91' lang='lat' dir='ltr'>non</span> <span class='ocrx_word' id='word_1_144' title='bbox 1224 2101 1416 2158; x_wconf 91' lang='lat' dir='ltr'>solum</span> <span class='ocrx_word' id='word_1_145' title='bbox 1447 2120 1514 2159; x_wconf 89' lang='lat' dir='ltr'>eo</span> <span class='ocrx_word' id='word_1_146' title='bbox 1542 2104 1778 2159; x_wconf 88' lang='lat' dir='ltr'>dantem</span> 
     </span>
    </p>
   </div>
   <div class='ocr_carea' id='block_1_23' title="bbox 121 2189 1780 2263">
    <p class='ocr_par' dir='ltr' id='par_1_23' title="bbox 121 2189 1780 2263">
     <span class='ocr_line' id='line_1_23' title="bbox 121 2189 1780 2263; baseline 0.001 -16"><span class='ocrx_word' id='word_1_147' title='bbox 121 2208 188 2247; x_wconf 88' lang='lat' dir='ltr'>se</span> <span class='ocrx_word' id='word_1_148' title='bbox 220 2189 352 2246; x_wconf 89' lang='lat' dir='ltr'>auri</span> <span class='ocrx_word' id='word_1_149' title='bbox 383 2190 728 2263; x_wconf 85' lang='lat' dir='ltr'>argentique</span> <span class='ocrx_word' id='word_1_150' title='bbox 759 2190 1128 2261; x_wconf 88' lang='lat' dir='ltr'>muneribus,</span> <span class='ocrx_word' id='word_1_151' title='bbox 1160 2208 1359 2247; x_wconf 89' lang='lat' dir='ltr'>verum</span> <span class='ocrx_word' id='word_1_152' title='bbox 1409 2192 1585 2248; x_wconf 89' lang='lat' dir='ltr'>etiam</span> <span class='ocrx_word' id='word_1_153' title='bbox 1633 2193 1780 2248; x_wconf 88' lang='lat' dir='ltr'>Sue-</span> 
     </span>
    </p>
   </div>
   <div class='ocr_carea' id='block_1_24' title="bbox 121 2279 1782 2352">
    <p class='ocr_par' dir='ltr' id='par_1_24' title="bbox 121 2279 1782 2352">
     <span class='ocr_line' id='line_1_24' title="bbox 121 2279 1782 2352; baseline 0.001 -16"><span class='ocrx_word' id='word_1_154' title='bbox 121 2296 335 2336; x_wconf 89' lang='lat' dir='ltr'>vorum</span> <span class='ocrx_word' id='word_1_155' title='bbox 367 2279 663 2352; x_wconf 92' lang='lat' dir='ltr'>provincie</span> <span class='ocrx_word' id='word_1_156' title='bbox 690 2283 854 2352; x_wconf 87' lang='lat' dir='ltr'>parte</span> <span class='ocrx_word' id='word_1_157' title='bbox 881 2297 996 2335; x_wconf 90' lang='lat' dir='ltr'>non</span> <span class='ocrx_word' id='word_1_158' title='bbox 1029 2280 1276 2335; x_wconf 89' lang='lat' dir='ltr'>minima</span> <span class='ocrx_word' id='word_1_159' title='bbox 1295 2281 1782 2338; x_wconf 90' lang='lat' dir='ltr'>honoravit.Deus</span> 
     </span>
    </p>
   </div>
   <div class='ocr_carea' id='block_1_25' title="bbox 124 2368 1781 2444">
    <p class='ocr_par' dir='ltr' id='par_1_25' title="bbox 124 2368 1781 2444">
     <span class='ocr_line' id='line_1_25' title="bbox 124 2368 1781 2444; baseline 0.001 -19"><span class='ocrx_word' id='word_1_160' title='bbox 124 2368 460 2442; x_wconf 89' lang='lat' dir='ltr'>autem,qui</span> <span class='ocrx_word' id='word_1_161' title='bbox 493 2385 607 2441; x_wconf 91' lang='lat' dir='ltr'>quo</span> <span class='ocrx_word' id='word_1_162' title='bbox 641 2369 893 2442; x_wconf 90' lang='lat' dir='ltr'>quisque</span> <span class='ocrx_word' id='word_1_163' title='bbox 923 2370 1063 2442; x_wconf 91' lang='lat' dir='ltr'>quid</span> <span class='ocrx_word' id='word_1_164' title='bbox 1098 2369 1294 2426; x_wconf 92' lang='lat' dir='ltr'>animo</span> <span class='ocrx_word' id='word_1_165' title='bbox 1326 2371 1781 2444; x_wconf 84' lang='lat' dir='ltr'>peragat,intue-</span> 
     </span>
    </p>
   </div>
   <div class='ocr_carea' id='block_1_26' title="bbox 126 2457 1783 2530">
    <p class='ocr_par' dir='ltr' id='par_1_26' title="bbox 126 2457 1783 2530">
     <span class='ocr_line' id='line_1_26' title="bbox 126 2457 1783 2530; baseline 0.001 -16"><span class='ocrx_word' id='word_1_166' title='bbox 126 2463 248 2525; x_wconf 90' lang='lat' dir='ltr'>tur,</span> <span class='ocrx_word' id='word_1_167' title='bbox 280 2476 398 2514; x_wconf 90' lang='lat' dir='ltr'>non</span> <span class='ocrx_word' id='word_1_168' title='bbox 431 2457 695 2515; x_wconf 90' lang='lat' dir='ltr'>muneris</span> <span class='ocrx_word' id='word_1_169' title='bbox 727 2459 1071 2530; x_wconf 86' lang='lat' dir='ltr'>quantitatis</span> <span class='ocrx_word' id='word_1_170' title='bbox 1113 2460 1213 2515; x_wconf 91' lang='lat' dir='ltr'>sed</span> <span class='ocrx_word' id='word_1_171' title='bbox 1262 2460 1426 2515; x_wconf 65' lang='lat' dir='ltr'>bonae</span> <span class='ocrx_word' id='word_1_172' title='bbox 1464 2460 1783 2517; x_wconf 80' lang='lat' dir='ltr'>voluntatis</span> 
     </span>
    </p>
   </div>
   <div class='ocr_carea' id='block_1_27' title="bbox 126 2547 1783 2621">
    <p class='ocr_par' dir='ltr' id='par_1_27' title="bbox 126 2547 1783 2621">
     <span class='ocr_line' id='line_1_27' title="bbox 126 2547 1783 2621; baseline 0.002 -19"><span class='ocrx_word' id='word_1_173' title='bbox 126 2547 432 2620; x_wconf 89' lang='lat' dir='ltr'>inspector</span> <span class='ocrx_word' id='word_1_174' title='bbox 459 2564 524 2603; x_wconf 91' lang='lat' dir='ltr'>ac</span> <span class='ocrx_word' id='word_1_175' title='bbox 555 2547 891 2616; x_wconf 90' lang='lat' dir='ltr'>retributor,</span> <span class='ocrx_word' id='word_1_176' title='bbox 926 2552 1146 2620; x_wconf 89' lang='lat' dir='ltr'>quanta</span> <span class='ocrx_word' id='word_1_177' title='bbox 1174 2548 1246 2604; x_wconf 92' lang='lat' dir='ltr'>ob</span> <span class='ocrx_word' id='word_1_178' title='bbox 1277 2548 1636 2621; x_wconf 76' lang='lat' dir='ltr'>praelibatam</span> <span class='ocrx_word' id='word_1_179' title='bbox 1660 2566 1783 2605; x_wconf 90' lang='lat' dir='ltr'>rem</span> 
     </span>
    </p>
   </div>
   <div class='ocr_carea' id='block_1_28' title="bbox 130 2636 1780 2709">
    <p class='ocr_par' dir='ltr' id='par_1_28' title="bbox 130 2636 1780 2709">
     <span class='ocr_line' id='line_1_28' title="bbox 130 2636 1780 2709; baseline 0 -17"><span class='ocrx_word' id='word_1_180' title='bbox 130 2636 403 2693; x_wconf 88' lang='lat' dir='ltr'>mercede</span> <span class='ocrx_word' id='word_1_181' title='bbox 429 2640 644 2692; x_wconf 65' lang='lat' dir='ltr'>aeterno</span> <span class='ocrx_word' id='word_1_182' title='bbox 676 2636 733 2692; x_wconf 90' lang='lat' dir='ltr'>in</span> <span class='ocrx_word' id='word_1_183' title='bbox 766 2636 976 2692; x_wconf 71' lang='lat' dir='ltr'>smoulo</span> <span class='ocrx_word' id='word_1_184' title='bbox 1022 2636 1184 2709; x_wconf 90' lang='lat' dir='ltr'>pium</span> <span class='ocrx_word' id='word_1_185' title='bbox 1218 2638 1517 2693; x_wconf 88' lang='lat' dir='ltr'>donaverit</span> <span class='ocrx_word' id='word_1_186' title='bbox 1566 2654 1780 2709; x_wconf 82' lang='lat' dir='ltr'>regem,</span> 
     </span>
    </p>
   </div>
   <div class='ocr_carea' id='block_1_29' title="bbox 128 2724 1781 2799">
    <p class='ocr_par' dir='ltr' id='par_1_29' title="bbox 128 2724 1781 2799">
     <span class='ocr_line' id='line_1_29' title="bbox 128 2724 1781 2799; baseline 0.001 -18"><span class='ocrx_word' id='word_1_187' title='bbox 128 2724 371 2781; x_wconf 90' lang='lat' dir='ltr'>indiciis</span> <span class='ocrx_word' id='word_1_188' title='bbox 401 2724 760 2796; x_wconf 74' lang='lat' dir='ltr'>quibusdam</span> <span class='ocrx_word' id='word_1_189' title='bbox 791 2724 899 2780; x_wconf 92' lang='lat' dir='ltr'>hoc</span> <span class='ocrx_word' id='word_1_190' title='bbox 928 2724 1105 2780; x_wconf 91' lang='lat' dir='ltr'>etiam</span> <span class='ocrx_word' id='word_1_191' title='bbox 1136 2725 1193 2780; x_wconf 90' lang='lat' dir='ltr'>in</span> <span class='ocrx_word' id='word_1_192' title='bbox 1226 2731 1487 2798; x_wconf 90' lang='lat' dir='ltr'>tempore</span> <span class='ocrx_word' id='word_1_193' title='bbox 1506 2727 1781 2799; x_wconf 87' lang='lat' dir='ltr'>prodidit,</span> 
     </span>
    </p>
   </div>
   <div class='ocr_carea' id='block_1_30' title="bbox 129 2814 1783 2888">
    <p class='ocr_par' dir='ltr' id='par_1_30' title="bbox 129 2814 1783 2888">
     <span class='ocr_line' id='line_1_30' title="bbox 129 2814 1783 2888; baseline 0 -18"><span class='ocrx_word' id='word_1_194' title='bbox 129 2815 275 2870; x_wconf 92' lang='lat' dir='ltr'>dum</span> <span class='ocrx_word' id='word_1_195' title='bbox 300 2817 505 2870; x_wconf 90' lang='lat' dir='ltr'>contra</span> <span class='ocrx_word' id='word_1_196' title='bbox 530 2830 591 2870; x_wconf 89' lang='lat' dir='ltr'>se</span> <span class='ocrx_word' id='word_1_197' title='bbox 623 2814 997 2887; x_wconf 85' lang='lat' dir='ltr'>insurgentes</span> <span class='ocrx_word' id='word_1_198' title='bbox 1026 2814 1135 2870; x_wconf 92' lang='lat' dir='ltr'>hoc</span> <span class='ocrx_word' id='word_1_199' title='bbox 1165 2814 1491 2871; x_wconf 88' lang='lat' dir='ltr'>victorifero</span> <span class='ocrx_word' id='word_1_200' title='bbox 1521 2832 1783 2888; x_wconf 76' lang='lat' dir='ltr'>praeeun-</span> 
     </span>
    </p>
   </div>
   <div class='ocr_carea' id='block_1_31' title="bbox 128 2902 1785 2977">
    <p class='ocr_par' dir='ltr' id='par_1_31' title="bbox 128 2902 1785 2977">
     <span class='ocr_line' id='line_1_31' title="bbox 128 2902 1785 2977; baseline 0.001 -18"><span class='ocrx_word' id='word_1_201' title='bbox 128 2907 188 2959; x_wconf 91' lang='lat' dir='ltr'>te</span> <span class='ocrx_word' id='word_1_202' title='bbox 237 2904 410 2977; x_wconf 90' lang='lat' dir='ltr'>signo</span> <span class='ocrx_word' id='word_1_203' title='bbox 458 2919 690 2976; x_wconf 88' lang='lat' dir='ltr'>semper</span> <span class='ocrx_word' id='word_1_204' title='bbox 731 2902 930 2959; x_wconf 88' lang='lat' dir='ltr'>hostes</span> <span class='ocrx_word' id='word_1_205' title='bbox 957 2903 1164 2959; x_wconf 90' lang='lat' dir='ltr'>terruit</span> <span class='ocrx_word' id='word_1_206' title='bbox 1194 2907 1366 2976; x_wconf 91' lang='lat' dir='ltr'>atque</span> <span class='ocrx_word' id='word_1_207' title='bbox 1396 2904 1633 2977; x_wconf 83' lang='lat' dir='ltr'>fugavit.</span> <span class='ocrx_word' id='word_1_208' title='bbox 1667 2905 1785 2960; x_wconf 87' lang='lat' dir='ltr'>Hac</span> 
     </span>
    </p>
   </div>
   <div class='ocr_carea' id='block_1_32' title="bbox 130 2990 1787 3065">
    <p class='ocr_par' dir='ltr' id='par_1_32' title="bbox 130 2990 1787 3065">
     <span class='ocr_line' id='line_1_32' title="bbox 130 2990 1787 3065; baseline 0.002 -19"><span class='ocrx_word' id='word_1_209' title='bbox 130 2991 316 3065; x_wconf 88' lang='lat' dir='ltr'>igitur</span> <span class='ocrx_word' id='word_1_210' title='bbox 345 2990 667 3059; x_wconf 89' lang='lat' dir='ltr'>occasione,</span> <span class='ocrx_word' id='word_1_211' title='bbox 699 2990 881 3047; x_wconf 90' lang='lat' dir='ltr'>immo</span> <span class='ocrx_word' id='word_1_212' title='bbox 910 2991 1011 3047; x_wconf 92' lang='lat' dir='ltr'>Dei</span> <span class='ocrx_word' id='word_1_213' title='bbox 1040 2991 1358 3063; x_wconf 84' lang='lat' dir='ltr'>voluntate,</span> <span class='ocrx_word' id='word_1_214' title='bbox 1392 2996 1656 3049; x_wconf 91' lang='lat' dir='ltr'>sanctam</span> <span class='ocrx_word' id='word_1_215' title='bbox 1687 3010 1787 3049; x_wconf 85' lang='lat' dir='ltr'>rex</span> 
     </span>
    </p>
   </div>
   <div class='ocr_carea' id='block_1_33' title="bbox 130 3079 1782 3154">
    <p class='ocr_par' dir='ltr' id='par_1_33' title="bbox 130 3079 1782 3154">
     <span class='ocr_line' id='line_1_33' title="bbox 130 3079 1782 3154; baseline 0.001 -17"><span class='ocrx_word' id='word_1_216' title='bbox 130 3080 444 3137; x_wconf 83' lang='lat' dir='ltr'>Heinricus</span> <span class='ocrx_word' id='word_1_217' title='bbox 476 3079 818 3153; x_wconf 90' lang='lat' dir='ltr'>rompheam</span> <span class='ocrx_word' id='word_1_218' title='bbox 850 3081 1095 3154; x_wconf 88' lang='lat' dir='ltr'>adeptus</span> <span class='ocrx_word' id='word_1_219' title='bbox 1126 3086 1250 3149; x_wconf 89' lang='lat' dir='ltr'>est;</span> <span class='ocrx_word' id='word_1_220' title='bbox 1283 3099 1461 3154; x_wconf 90' lang='lat' dir='ltr'>quam</span> <span class='ocrx_word' id='word_1_221' title='bbox 1504 3081 1624 3138; x_wconf 89' lang='lat' dir='ltr'>ﬁlio</span> <span class='ocrx_word' id='word_1_222' title='bbox 1653 3099 1782 3151; x_wconf 91' lang='lat' dir='ltr'>suo,</span> 
     </span>
    </p>
   </div>
   <div class='ocr_carea' id='block_1_34' title="bbox 131 3169 1785 3244">
    <p class='ocr_par' dir='ltr' id='par_1_34' title="bbox 131 3169 1785 3244">
     <span class='ocr_line' id='line_1_34' title="bbox 131 3169 1785 3244; baseline 0.001 -17"><span class='ocrx_word' id='word_1_223' title='bbox 131 3172 205 3227; x_wconf 91' lang='lat' dir='ltr'>de</span> <span class='ocrx_word' id='word_1_224' title='bbox 228 3170 428 3244; x_wconf 66' lang='lat' dir='ltr'>quem</span> <span class='ocrx_word' id='word_1_225' title='bbox 452 3169 960 3243; x_wconf 76' lang='lat' dir='ltr'>inpraesentiarum</span> <span class='ocrx_word' id='word_1_226' title='bbox 992 3170 1161 3226; x_wconf 92' lang='lat' dir='ltr'>nobis</span> <span class='ocrx_word' id='word_1_227' title='bbox 1186 3187 1378 3227; x_wconf 89' lang='lat' dir='ltr'>sermo</span> <span class='ocrx_word' id='word_1_228' title='bbox 1396 3175 1484 3228; x_wconf 91' lang='lat' dir='ltr'>est</span> <span class='ocrx_word' id='word_1_229' title='bbox 1499 3172 1785 3229; x_wconf 89' lang='lat' dir='ltr'>decedens</span> 
     </span>
    </p>
   </div>
   <div class='ocr_carea' id='block_1_35' title="bbox 132 3258 1787 3333">
    <p class='ocr_par' dir='ltr' id='par_1_35' title="bbox 132 3258 1787 3333">
     <span class='ocr_line' id='line_1_35' title="bbox 132 3258 1787 3333; baseline 0.001 -17"><span class='ocrx_word' id='word_1_230' title='bbox 132 3276 271 3317; x_wconf 93' lang='lat' dir='ltr'>cum</span> <span class='ocrx_word' id='word_1_231' title='bbox 300 3275 479 3333; x_wconf 90' lang='lat' dir='ltr'>regno</span> <span class='ocrx_word' id='word_1_232' title='bbox 509 3258 689 3315; x_wconf 89' lang='lat' dir='ltr'>simul</span> <span class='ocrx_word' id='word_1_233' title='bbox 718 3258 1068 3315; x_wconf 90' lang='lat' dir='ltr'>hereditario</span> <span class='ocrx_word' id='word_1_234' title='bbox 1095 3258 1408 3332; x_wconf 91' lang='lat' dir='ltr'>dereliquit</span> <span class='ocrx_word' id='word_1_235' title='bbox 1428 3260 1535 3325; x_wconf 91' lang='lat' dir='ltr'>Qui</span> <span class='ocrx_word' id='word_1_236' title='bbox 1565 3265 1787 3333; x_wconf 90' lang='lat' dir='ltr'>quanta</span> 
     </span>
    </p>
   </div>
   <div class='ocr_carea' id='block_1_36' title="bbox 133 3347 1786 3418">
    <p class='ocr_par' dir='ltr' id='par_1_36' title="bbox 133 3347 1786 3418">
     <span class='ocr_line' id='line_1_36' title="bbox 133 3347 1786 3418; baseline 0.001 -13"><span class='ocrx_word' id='word_1_237' title='bbox 133 3350 357 3406; x_wconf 91' lang='lat' dir='ltr'>donum</span> <span class='ocrx_word' id='word_1_238' title='bbox 390 3347 783 3405; x_wconf 90' lang='lat' dir='ltr'>inestimabile</span> <span class='ocrx_word' id='word_1_239' title='bbox 830 3350 1197 3405; x_wconf 75' lang='lat' dir='ltr'>veneratione</span> <span class='ocrx_word' id='word_1_240' title='bbox 1244 3349 1508 3418; x_wconf 88' lang='lat' dir='ltr'>coluerit,</span> <span class='ocrx_word' id='word_1_241' title='bbox 1539 3350 1786 3407; x_wconf 83' lang='lat' dir='ltr'>victoria</span> 
     </span>
    </p>
   </div>
   <div class='ocr_carea' id='block_1_37' title="bbox 136 3437 1787 3509">
    <p class='ocr_par' dir='ltr' id='par_1_37' title="bbox 136 3437 1787 3509">
     <span class='ocr_line' id='line_1_37' title="bbox 136 3437 1787 3509; baseline 0.001 -15"><span class='ocrx_word' id='word_1_242' title='bbox 136 3454 252 3494; x_wconf 93' lang='lat' dir='ltr'>non</span> <span class='ocrx_word' id='word_1_243' title='bbox 284 3437 476 3494; x_wconf 90' lang='lat' dir='ltr'>solum</span> <span class='ocrx_word' id='word_1_244' title='bbox 507 3437 726 3493; x_wconf 89' lang='lat' dir='ltr'>indicat</span> <span class='ocrx_word' id='word_1_245' title='bbox 772 3453 1048 3509; x_wconf 68' lang='lat' dir='ltr'>praesens,</span> <span class='ocrx_word' id='word_1_246' title='bbox 1082 3454 1284 3493; x_wconf 86' lang='lat' dir='ltr'>verum</span> <span class='ocrx_word' id='word_1_247' title='bbox 1331 3438 1685 3506; x_wconf 88' lang='lat' dir='ltr'>divinorum,</span> <span class='ocrx_word' id='word_1_248' title='bbox 1720 3443 1787 3495; x_wconf 88' lang='lat' dir='ltr'>ut</span> 
     </span>
    </p>
   </div>
   <div class='ocr_carea' id='block_1_38' title="bbox 134 3525 1785 3599">
    <p class='ocr_par' dir='ltr' id='par_1_38' title="bbox 134 3525 1785 3599">
     <span class='ocr_line' id='line_1_38' title="bbox 134 3525 1785 3599; baseline 0.001 -17"><span class='ocrx_word' id='word_1_249' title='bbox 134 3526 423 3599; x_wconf 90' lang='lat' dir='ltr'>promturi</span> <span class='ocrx_word' id='word_1_250' title='bbox 457 3542 685 3595; x_wconf 89' lang='lat' dir='ltr'>sumus,</span> <span class='ocrx_word' id='word_1_251' title='bbox 712 3526 1056 3581; x_wconf 87' lang='lat' dir='ltr'>admiranda</span> <span class='ocrx_word' id='word_1_252' title='bbox 1076 3525 1309 3597; x_wconf 84' lang='lat' dir='ltr'>largitio</span> <span class='ocrx_word' id='word_1_253' title='bbox 1342 3527 1785 3584; x_wconf 85' lang='lat' dir='ltr'>munerum.His</span> 
     </span>
    </p>
   </div>
   <div class='ocr_carea' id='block_1_39' title="bbox 134 3614 1785 3689">
    <p class='ocr_par' dir='ltr' id='par_1_39' title="bbox 134 3614 1785 3689">
     <span class='ocr_line' id='line_1_39' title="bbox 134 3614 1785 3689; baseline 0.001 -19"><span class='ocrx_word' id='word_1_254' title='bbox 134 3616 335 3689; x_wconf 88' lang='lat' dir='ltr'>itaque</span> <span class='ocrx_word' id='word_1_255' title='bbox 383 3614 707 3689; x_wconf 87' lang='lat' dir='ltr'>perterritis</span> <span class='ocrx_word' id='word_1_256' title='bbox 761 3619 935 3687; x_wconf 90' lang='lat' dir='ltr'>atque</span> <span class='ocrx_word' id='word_1_257' title='bbox 993 3615 1229 3689; x_wconf 84' lang='lat' dir='ltr'>fugatis,</span> <span class='ocrx_word' id='word_1_258' title='bbox 1283 3632 1381 3670; x_wconf 85' lang='lat' dir='ltr'>rex</span> <span class='ocrx_word' id='word_1_259' title='bbox 1430 3615 1620 3682; x_wconf 91' lang='lat' dir='ltr'>rediit,</span> <span class='ocrx_word' id='word_1_260' title='bbox 1669 3633 1785 3671; x_wconf 90' lang='lat' dir='ltr'>non</span> 
     </span>
    </p>
   </div>
   <div class='ocr_carea' id='block_1_40' title="bbox 136 3701 1498 3777">
    <p class='ocr_par' dir='ltr' id='par_1_40' title="bbox 136 3701 1498 3777">
     <span class='ocr_line' id='line_1_40' title="bbox 136 3701 1498 3777; baseline -0.001 -16"><span class='ocrx_word' id='word_1_261' title='bbox 136 3708 365 3761; x_wconf 84' lang='lat' dir='ltr'>tantum</span> <span class='ocrx_word' id='word_1_262' title='bbox 395 3703 468 3760; x_wconf 90' lang='lat' dir='ltr'>de</span> <span class='ocrx_word' id='word_1_263' title='bbox 498 3703 695 3759; x_wconf 89' lang='lat' dir='ltr'>divina</span> <span class='ocrx_word' id='word_1_264' title='bbox 724 3701 1100 3760; x_wconf 89' lang='lat' dir='ltr'>miseratione</span> <span class='ocrx_word' id='word_1_265' title='bbox 1130 3704 1498 3777; x_wconf 89' lang='lat' dir='ltr'>magniﬁcus.</span> 
     </span>
    </p>
   </div>
   <div class='ocr_carea' id='block_1_41' title="bbox 203 3792 1786 3866">
    <p class='ocr_par' dir='ltr' id='par_1_41' title="bbox 203 3792 1786 3866">
     <span class='ocr_line' id='line_1_41' title="bbox 203 3792 1786 3866; baseline 0 -17"><span class='ocrx_word' id='word_1_266' title='bbox 203 3795 296 3849; x_wconf 87' lang='lat'>25.</span> <span class='ocrx_word' id='word_1_267' title='bbox 339 3793 504 3850; x_wconf 88' lang='lat' dir='ltr'>Libet</span> <span class='ocrx_word' id='word_1_268' title='bbox 553 3797 749 3849; x_wconf 92' lang='lat' dir='ltr'>autem</span> <span class='ocrx_word' id='word_1_269' title='bbox 796 3792 1106 3865; x_wconf 89' lang='lat' dir='ltr'>paululum</span> <span class='ocrx_word' id='word_1_270' title='bbox 1163 3792 1485 3861; x_wconf 90' lang='lat' dir='ltr'>immorari,</span> <span class='ocrx_word' id='word_1_271' title='bbox 1528 3797 1584 3848; x_wconf 91' lang='lat' dir='ltr'>et</span> <span class='ocrx_word' id='word_1_272' title='bbox 1631 3794 1786 3866; x_wconf 91' lang='lat' dir='ltr'>quod</span> 
     </span>
    </p>
   </div>
   <div class='ocr_carea' id='block_1_42' title="bbox 139 3882 1786 3955">
    <p class='ocr_par' dir='ltr' id='par_1_42' title="bbox 139 3882 1786 3955">
     <span class='ocr_line' id='line_1_42' title="bbox 139 3882 1786 3955; baseline -0.001 -17"><span class='ocrx_word' id='word_1_273' title='bbox 139 3900 253 3939; x_wconf 89' lang='lat' dir='ltr'>non</span> <span class='ocrx_word' id='word_1_274' title='bbox 302 3882 547 3937; x_wconf 87' lang='lat' dir='ltr'>fortuitu</span> <span class='ocrx_word' id='word_1_275' title='bbox 597 3883 698 3939; x_wconf 89' lang='lat' dir='ltr'>sed</span> <span class='ocrx_word' id='word_1_276' title='bbox 746 3883 864 3939; x_wconf 93' lang='lat' dir='ltr'>Deo</span> <span class='ocrx_word' id='word_1_277' title='bbox 916 3882 1258 3955; x_wconf 89' lang='lat' dir='ltr'>disponente</span> <span class='ocrx_word' id='word_1_278' title='bbox 1297 3883 1419 3939; x_wconf 69' lang='lat' dir='ltr'>haec</span> <span class='ocrx_word' id='word_1_279' title='bbox 1449 3883 1533 3940; x_wconf 88' lang='lat' dir='ltr'>ita</span> <span class='ocrx_word' id='word_1_280' title='bbox 1561 3882 1786 3939; x_wconf 89' lang='lat' dir='ltr'>accide-</span> 
     </span>
    </p>
   </div>
   <div class='ocr_carea' id='block_1_43' title="bbox 138 3970 1789 4041">
    <p class='ocr_par' dir='ltr' id='par_1_43' title="bbox 138 3970 1789 4041">
     <span class='ocr_line' id='line_1_43' title="bbox 138 3970 1789 4041; baseline -0.001 -14"><span class='ocrx_word' id='word_1_281' title='bbox 138 3972 276 4041; x_wconf 88' lang='lat' dir='ltr'>rint,</span> <span class='ocrx_word' id='word_1_282' title='bbox 310 3988 602 4028; x_wconf 88' lang='lat' dir='ltr'>enarrare.</span> <span class='ocrx_word' id='word_1_283' title='bbox 651 3971 808 4037; x_wconf 87' lang='lat' dir='ltr'>Quod</span> <span class='ocrx_word' id='word_1_284' title='bbox 843 3970 971 4027; x_wconf 91' lang='lat' dir='ltr'>luce</span> <span class='ocrx_word' id='word_1_285' title='bbox 1017 3970 1187 4027; x_wconf 91' lang='lat' dir='ltr'>nobis</span> <span class='ocrx_word' id='word_1_286' title='bbox 1236 3971 1450 4028; x_wconf 89' lang='lat' dir='ltr'>clarius</span> <span class='ocrx_word' id='word_1_287' title='bbox 1501 3972 1789 4029; x_wconf 87' lang='lat' dir='ltr'>constabit</span> 
     </span>
    </p>
   </div>
   <div class='ocr_carea' id='block_1_44' title="bbox 137 4059 1785 4133">
    <p class='ocr_par' dir='ltr' id='par_1_44' title="bbox 137 4059 1785 4133">
     <span class='ocr_line' id='line_1_44' title="bbox 137 4059 1785 4133; baseline -0.001 -16"><span class='ocrx_word' id='word_1_288' title='bbox 137 4061 227 4133; x_wconf 66' lang='lat'>’0’,</span> <span class='ocrx_word' id='word_1_289' title='bbox 253 4060 303 4117; x_wconf 91' lang='lat' dir='ltr'>si</span> <span class='ocrx_word' id='word_1_290' title='bbox 336 4060 559 4117; x_wconf 88' lang='lat' dir='ltr'>domini</span> <span class='ocrx_word' id='word_1_291' title='bbox 589 4065 646 4116; x_wconf 90' lang='lat' dir='ltr'>et</span> <span class='ocrx_word' id='word_1_292' title='bbox 692 4060 1000 4117; x_wconf 87' lang='lat' dir='ltr'>salvatoris</span> <span class='ocrx_word' id='word_1_293' title='bbox 1028 4059 1212 4116; x_wconf 91' lang='lat' dir='ltr'>nostri</span> <span class='ocrx_word' id='word_1_294' title='bbox 1236 4060 1372 4117; x_wconf 90' lang='lat' dir='ltr'>Jesu</span> <span class='ocrx_word' id='word_1_295' title='bbox 1421 4060 1636 4117; x_wconf 87' lang='lat' dir='ltr'>Christi</span> <span class='ocrx_word' id='word_1_296' title='bbox 1686 4078 1785 4133; x_wconf 85' lang='lat' dir='ltr'>ap-</span> 
     </span>
    </p>
   </div>
   <div class='ocr_carea' id='block_1_45' title="bbox 139 4149 1789 4224">
    <p class='ocr_par' dir='ltr' id='par_1_45' title="bbox 139 4149 1789 4224">
     <span class='ocr_line' id='line_1_45' title="bbox 139 4149 1789 4224; baseline -0.001 -17"><span class='ocrx_word' id='word_1_297' title='bbox 139 4149 510 4224; x_wconf 88' lang='lat' dir='ltr'>paritionem,</span> <span class='ocrx_word' id='word_1_298' title='bbox 565 4166 692 4222; x_wconf 62' lang='lat' dir='ltr'>quae</span> <span class='ocrx_word' id='word_1_299' title='bbox 734 4154 867 4223; x_wconf 92' lang='lat' dir='ltr'>post</span> <span class='ocrx_word' id='word_1_300' title='bbox 913 4149 1399 4207; x_wconf 87' lang='lat' dir='ltr'>resurrectionem</span> <span class='ocrx_word' id='word_1_301' title='bbox 1442 4149 1789 4207; x_wconf 88' lang='lat' dir='ltr'>mulieribus</span> 
     </span>
    </p>
   </div>
   <div class='ocr_carea' id='block_1_46' title="bbox 140 4238 1787 4313">
    <p class='ocr_par' dir='ltr' id='par_1_46' title="bbox 140 4238 1787 4313">
     <span class='ocr_line' id='line_1_46' title="bbox 140 4238 1787 4313; baseline -0.001 -17"><span class='ocrx_word' id='word_1_302' title='bbox 140 4255 205 4296; x_wconf 89' lang='lat' dir='ltr'>ac</span> <span class='ocrx_word' id='word_1_303' title='bbox 235 4238 541 4313; x_wconf 90' lang='lat' dir='ltr'>discipulis</span> <span class='ocrx_word' id='word_1_304' title='bbox 571 4240 724 4295; x_wconf 85' lang='lat' dir='ltr'>facta</span> <span class='ocrx_word' id='word_1_305' title='bbox 752 4243 860 4309; x_wconf 89' lang='lat' dir='ltr'>est,</span> <span class='ocrx_word' id='word_1_306' title='bbox 895 4240 955 4295; x_wconf 92' lang='lat' dir='ltr'>in</span> <span class='ocrx_word' id='word_1_307' title='bbox 989 4239 1248 4295; x_wconf 90' lang='lat' dir='ltr'>medium</span> <span class='ocrx_word' id='word_1_308' title='bbox 1279 4240 1666 4312; x_wconf 83' lang='lat' dir='ltr'>proferamus.</span> <span class='ocrx_word' id='word_1_309' title='bbox 1696 4238 1787 4295; x_wconf 90' lang='lat' dir='ltr'>Fi-</span> 
     </span>
    </p>
   </div>
   <div class='ocr_carea' id='block_1_47' title="bbox 140 4328 1789 4402">
    <p class='ocr_par' dir='ltr' id='par_1_47' title="bbox 140 4328 1789 4402">
     <span class='ocr_line' id='line_1_47' title="bbox 140 4328 1789 4402; baseline 0 -17"><span class='ocrx_word' id='word_1_310' title='bbox 140 4329 273 4385; x_wconf 89' lang='lat' dir='ltr'>dem</span> <span class='ocrx_word' id='word_1_311' title='bbox 304 4328 478 4397; x_wconf 83' lang='lat' dir='ltr'>Petri,</span> <span class='ocrx_word' id='word_1_312' title='bbox 513 4328 884 4386; x_wconf 90' lang='lat' dir='ltr'>dilectionem</span> <span class='ocrx_word' id='word_1_313' title='bbox 916 4328 1161 4385; x_wconf 88' lang='lat' dir='ltr'>Joannis</span> <span class='ocrx_word' id='word_1_314' title='bbox 1202 4346 1381 4402; x_wconf 88' lang='lat' dir='ltr'>supra</span> <span class='ocrx_word' id='word_1_315' title='bbox 1410 4333 1613 4402; x_wconf 88' lang='lat' dir='ltr'>pectus</span> <span class='ocrx_word' id='word_1_316' title='bbox 1663 4345 1789 4385; x_wconf 86' lang='lat' dir='ltr'>ma-</span> 
     </span>
    </p>
   </div>
   <div class='ocr_carea' id='block_1_48' title="bbox 141 4417 1789 4491">
    <p class='ocr_par' dir='ltr' id='par_1_48' title="bbox 141 4417 1789 4491">
     <span class='ocr_line' id='line_1_48' title="bbox 141 4417 1789 4491; baseline 0 -18"><span class='ocrx_word' id='word_1_317' title='bbox 141 4417 308 4491; x_wconf 87' lang='lat' dir='ltr'>gistri</span> <span class='ocrx_word' id='word_1_318' title='bbox 340 4417 398 4473; x_wconf 93' lang='lat' dir='ltr'>in</span> <span class='ocrx_word' id='word_1_319' title='bbox 438 4434 585 4475; x_wconf 90' lang='lat' dir='ltr'>cena</span> <span class='ocrx_word' id='word_1_320' title='bbox 632 4418 1047 4487; x_wconf 89' lang='lat' dir='ltr'>recumbentis,</span> <span class='ocrx_word' id='word_1_321' title='bbox 1080 4418 1338 4475; x_wconf 91' lang='lat' dir='ltr'>Thomas</span> <span class='ocrx_word' id='word_1_322' title='bbox 1388 4418 1632 4473; x_wconf 89' lang='lat' dir='ltr'>ﬁrmiter</span> <span class='ocrx_word' id='word_1_323' title='bbox 1678 4434 1789 4473; x_wconf 89' lang='lat' dir='ltr'>no-</span> 
     </span>
    </p>
   </div>
   <div class='ocr_carea' id='block_1_49' title="bbox 142 4505 1790 4579">
    <p class='ocr_par' dir='ltr' id='par_1_49' title="bbox 142 4505 1790 4579">
     <span class='ocr_line' id='line_1_49' title="bbox 142 4505 1790 4579; baseline -0.002 -15"><span class='ocrx_word' id='word_1_324' title='bbox 142 4511 324 4577; x_wconf 89' lang='lat' dir='ltr'>verat,</span> <span class='ocrx_word' id='word_1_325' title='bbox 357 4522 455 4563; x_wconf 87' lang='lat' dir='ltr'>sos</span> <span class='ocrx_word' id='word_1_326' title='bbox 489 4506 561 4563; x_wconf 93' lang='lat' dir='ltr'>ad</span> <span class='ocrx_word' id='word_1_327' title='bbox 590 4507 922 4579; x_wconf 88' lang='lat' dir='ltr'>sepulcrum</span> <span class='ocrx_word' id='word_1_328' title='bbox 956 4507 1307 4574; x_wconf 89' lang='lat' dir='ltr'>cucurrisse,</span> <span class='ocrx_word' id='word_1_329' title='bbox 1332 4505 1630 4579; x_wconf 91' lang='lat' dir='ltr'>nichilque</span> <span class='ocrx_word' id='word_1_330' title='bbox 1651 4524 1790 4579; x_wconf 80' lang='lat' dir='ltr'>prae-</span> 
     </span>
    </p>
   </div>
   <div class='ocr_carea' id='block_1_50' title="bbox 1878 592 3530 667">
    <p class='ocr_par' dir='ltr' id='par_1_50' title="bbox 1878 592 3530 667">
     <span class='ocr_line' id='line_1_50' title="bbox 1878 592 3530 667; baseline 0.002 -21"><span class='ocrx_word' id='word_1_331' title='bbox 1878 592 2370 661; x_wconf 89' lang='lat' dir='ltr'>orodis;omnibus</span> <span class='ocrx_word' id='word_1_332' title='bbox 2403 597 2597 650; x_wconf 90' lang='lat' dir='ltr'>tamen</span> <span class='ocrx_word' id='word_1_333' title='bbox 2631 592 3071 667; x_wconf 87' lang='lat' dir='ltr'>condiscipulis,</span> <span class='ocrx_word' id='word_1_334' title='bbox 3097 593 3530 665; x_wconf 88' lang='lat' dir='ltr'>quibusjanuis</span> 
     </span>
    </p>
   </div>
   <div class='ocr_carea' id='block_1_51' title="bbox 1878 680 3532 755">
    <p class='ocr_par' dir='ltr' id='par_1_51' title="bbox 1878 680 3532 755">
     <span class='ocr_line' id='line_1_51' title="bbox 1878 680 3532 755; baseline 0.002 -19"><span class='ocrx_word' id='word_1_335' title='bbox 1878 680 2094 738; x_wconf 89' lang='lat' dir='ltr'>clausis</span> <span class='ocrx_word' id='word_1_336' title='bbox 2148 683 2440 755; x_wconf 85' lang='lat' dir='ltr'>apparuit,</span> <span class='ocrx_word' id='word_1_337' title='bbox 2489 683 2631 755; x_wconf 90' lang='lat' dir='ltr'>quid</span> <span class='ocrx_word' id='word_1_338' title='bbox 2681 683 2858 739; x_wconf 87' lang='lat' dir='ltr'>ﬁdem</span> <span class='ocrx_word' id='word_1_339' title='bbox 2913 699 3027 738; x_wconf 91' lang='lat' dir='ltr'>non</span> <span class='ocrx_word' id='word_1_340' title='bbox 3077 680 3353 739; x_wconf 90' lang='lat' dir='ltr'>adhibere</span> <span class='ocrx_word' id='word_1_341' title='bbox 3400 700 3532 739; x_wconf 90' lang='lat' dir='ltr'>con-</span> 
     </span>
    </p>
   </div>
   <div class='ocr_carea' id='block_1_52' title="bbox 1879 770 3529 843">
    <p class='ocr_par' dir='ltr' id='par_1_52' title="bbox 1879 770 3529 843">
     <span class='ocr_line' id='line_1_52' title="bbox 1879 770 3529 843; baseline 0.001 -18"><span class='ocrx_word' id='word_1_342' title='bbox 1879 771 2118 827; x_wconf 86' lang='lat' dir='ltr'>tendis?</span> <span class='ocrx_word' id='word_1_343' title='bbox 2146 772 2561 839; x_wconf 89' lang='lat' dir='ltr'>Meministine,</span> <span class='ocrx_word' id='word_1_344' title='bbox 2616 770 2879 843; x_wconf 91' lang='lat' dir='ltr'>inquam,</span> <span class='ocrx_word' id='word_1_345' title='bbox 2912 771 3167 826; x_wconf 88' lang='lat' dir='ltr'>eundem</span> <span class='ocrx_word' id='word_1_346' title='bbox 3212 770 3529 827; x_wconf 91' lang='lat' dir='ltr'>Dominum</span> 
     </span>
    </p>
   </div>
   <div class='ocr_carea' id='block_1_53' title="bbox 1880 859 3530 932">
    <p class='ocr_par' dir='ltr' id='par_1_53' title="bbox 1880 859 3530 932">
     <span class='ocr_line' id='line_1_53' title="bbox 1880 859 3530 932; baseline 0.001 -19"><span class='ocrx_word' id='word_1_347' title='bbox 1880 862 1938 914; x_wconf 92' lang='lat' dir='ltr'>et</span> <span class='ocrx_word' id='word_1_348' title='bbox 1968 864 2379 932; x_wconf 69' lang='lat' dir='ltr'>praeceptorem</span> <span class='ocrx_word' id='word_1_349' title='bbox 2411 864 2602 927; x_wconf 90' lang='lat' dir='ltr'>tuum,</span> <span class='ocrx_word' id='word_1_350' title='bbox 2638 859 2731 916; x_wconf 89' lang='lat' dir='ltr'>cui</span> <span class='ocrx_word' id='word_1_351' title='bbox 2778 863 2833 915; x_wconf 89' lang='lat' dir='ltr'>te</span> <span class='ocrx_word' id='word_1_352' title='bbox 2865 859 3349 915; x_wconf 91' lang='lat' dir='ltr'>commoriturum</span> <span class='ocrx_word' id='word_1_353' title='bbox 3396 876 3530 932; x_wconf 91' lang='lat' dir='ltr'>pro-</span> 
     </span>
    </p>
   </div>
   <div class='ocr_carea' id='block_1_54' title="bbox 1882 947 3532 1020">
    <p class='ocr_par' dir='ltr' id='par_1_54' title="bbox 1882 947 3532 1020">
     <span class='ocr_line' id='line_1_54' title="bbox 1882 947 3532 1020; baseline 0.002 -19"><span class='ocrx_word' id='word_1_354' title='bbox 1882 947 2180 1016; x_wconf 86' lang='lat' dir='ltr'>mittebas,</span> <span class='ocrx_word' id='word_1_355' title='bbox 2223 952 2357 1004; x_wconf 89' lang='lat' dir='ltr'>ante</span> <span class='ocrx_word' id='word_1_356' title='bbox 2390 949 2720 1020; x_wconf 87' lang='lat' dir='ltr'>passionem</span> <span class='ocrx_word' id='word_1_357' title='bbox 2769 947 2892 1003; x_wconf 70' lang='lat' dir='ltr'>haec</span> <span class='ocrx_word' id='word_1_358' title='bbox 2920 947 3118 1003; x_wconf 89' lang='lat' dir='ltr'>omnia</span> <span class='ocrx_word' id='word_1_359' title='bbox 3146 948 3532 1020; x_wconf 68' lang='lat' dir='ltr'>praedixisse?</span> 
     </span>
    </p>
   </div>
   <div class='ocr_carea' id='block_1_55' title="bbox 1880 1026 3573 1109">
    <p class='ocr_par' dir='ltr' id='par_1_55' title="bbox 1880 1026 3573 1109">
     <span class='ocr_line' id='line_1_55' title="bbox 1880 1026 3573 1109; baseline 0.001 -18"><span class='ocrx_word' id='word_1_360' title='bbox 1880 1036 1976 1091; x_wconf 88' lang='lat' dir='ltr'>Ait</span> <span class='ocrx_word' id='word_1_361' title='bbox 1998 1053 2254 1109; x_wconf 89' lang='lat' dir='ltr'>namque</span> <span class='ocrx_word' id='word_1_362' title='bbox 2283 1055 2298 1093; x_wconf 80' lang='grc' dir='ltr'><strong>ε</strong></span> <span class='ocrx_word' id='word_1_363' title='bbox 2329 1060 2354 1087; x_wconf 85' lang='grc'>‹‹</span> <span class='ocrx_word' id='word_1_364' title='bbox 2391 1038 2530 1092; x_wconf 89' lang='lat' dir='ltr'>Ecce</span> <span class='ocrx_word' id='word_1_365' title='bbox 2561 1036 2944 1092; x_wconf 88' lang='lat' dir='ltr'>ascendimus</span> <span class='ocrx_word' id='word_1_366' title='bbox 2969 1036 3444 1107; x_wconf 88' lang='lat' dir='ltr'>Jherosolimam,</span> <span class='ocrx_word' id='word_1_367' title='bbox 3475 1040 3534 1093; x_wconf 88' lang='lat' dir='ltr'>et</span> <span class='ocrx_word' id='word_1_368' title='bbox 3564 1026 3573 1033; x_wconf 73' lang='grc'><strong>’</strong></span> 
     </span>
    </p>
   </div>
   <div class='ocr_carea' id='block_1_56' title="bbox 1883 1124 3531 1198">
    <p class='ocr_par' dir='ltr' id='par_1_56' title="bbox 1883 1124 3531 1198">
     <span class='ocr_line' id='line_1_56' title="bbox 1883 1124 3531 1198; baseline 0 -18"><span class='ocrx_word' id='word_1_369' title='bbox 1883 1126 2455 1182; x_wconf 88' lang='lat' dir='ltr'>consummabuntur</span> <span class='ocrx_word' id='word_1_370' title='bbox 2483 1125 2682 1181; x_wconf 90' lang='lat' dir='ltr'>omnia</span> <span class='ocrx_word' id='word_1_371' title='bbox 2704 1142 2831 1197; x_wconf 75' lang='lat' dir='ltr'>quze</span> <span class='ocrx_word' id='word_1_372' title='bbox 2864 1124 3081 1198; x_wconf 89' lang='lat' dir='ltr'>scripta</span> <span class='ocrx_word' id='word_1_373' title='bbox 3105 1128 3244 1181; x_wconf 91' lang='lat' dir='ltr'>sunt</span> <span class='ocrx_word' id='word_1_374' title='bbox 3275 1142 3378 1197; x_wconf 89' lang='lat' dir='ltr'>per</span> <span class='ocrx_word' id='word_1_375' title='bbox 3398 1142 3531 1198; x_wconf 84' lang='lat' dir='ltr'>pro-</span> 
     </span>
    </p>
   </div>
   <div class='ocr_carea' id='block_1_57' title="bbox 1883 1213 3530 1286">
    <p class='ocr_par' dir='ltr' id='par_1_57' title="bbox 1883 1213 3530 1286">
     <span class='ocr_line' id='line_1_57' title="bbox 1883 1213 3530 1286; baseline 0.001 -17"><span class='ocrx_word' id='word_1_376' title='bbox 1883 1214 2093 1285; x_wconf 88' lang='lat' dir='ltr'>phetas</span> <span class='ocrx_word' id='word_1_377' title='bbox 2122 1215 2194 1270; x_wconf 90' lang='lat' dir='ltr'>de</span> <span class='ocrx_word' id='word_1_378' title='bbox 2225 1214 2343 1270; x_wconf 88' lang='lat' dir='ltr'>ﬁlio</span> <span class='ocrx_word' id='word_1_379' title='bbox 2392 1213 2669 1270; x_wconf 89' lang='lat' dir='ltr'>hominis.</span> <span class='ocrx_word' id='word_1_380' title='bbox 2706 1214 2992 1269; x_wconf 88' lang='lat' dir='ltr'>Tradetur</span> <span class='ocrx_word' id='word_1_381' title='bbox 3033 1214 3191 1269; x_wconf 91' lang='lat' dir='ltr'>enim</span> <span class='ocrx_word' id='word_1_382' title='bbox 3235 1213 3530 1286; x_wconf 89' lang='lat' dir='ltr'>gentibus,</span> 
     </span>
    </p>
   </div>
   <div class='ocr_carea' id='block_1_58' title="bbox 1884 1301 3533 1377">
    <p class='ocr_par' dir='ltr' id='par_1_58' title="bbox 1884 1301 3533 1377">
     <span class='ocr_line' id='line_1_58' title="bbox 1884 1301 3533 1377; baseline 0.002 -21"><span class='ocrx_word' id='word_1_383' title='bbox 1884 1308 1941 1357; x_wconf 90' lang='lat' dir='ltr'>et</span> <span class='ocrx_word' id='word_1_384' title='bbox 1996 1301 2297 1370; x_wconf 87' lang='lat' dir='ltr'>illudetur,</span> <span class='ocrx_word' id='word_1_385' title='bbox 2353 1307 2413 1359; x_wconf 90' lang='lat' dir='ltr'>et</span> <span class='ocrx_word' id='word_1_386' title='bbox 2470 1301 2879 1377; x_wconf 87' lang='lat' dir='ltr'>ﬂagellabitur,</span> <span class='ocrx_word' id='word_1_387' title='bbox 2933 1306 2991 1359; x_wconf 92' lang='lat' dir='ltr'>et</span> <span class='ocrx_word' id='word_1_388' title='bbox 3047 1308 3426 1375; x_wconf 87' lang='lat' dir='ltr'>conspuetur.</span> <span class='ocrx_word' id='word_1_389' title='bbox 3476 1307 3533 1359; x_wconf 89' lang='lat' dir='ltr'>et</span> 
     </span>
    </p>
   </div>
   <div class='ocr_carea' id='block_1_59' title="bbox 1886 1392 3532 1465">
    <p class='ocr_par' dir='ltr' id='par_1_59' title="bbox 1886 1392 3532 1465">
     <span class='ocr_line' id='line_1_59' title="bbox 1886 1392 3532 1465; baseline 0.002 -19"><span class='ocrx_word' id='word_1_390' title='bbox 1886 1394 2197 1463; x_wconf 89' lang='lat' dir='ltr'>postquam</span> <span class='ocrx_word' id='word_1_391' title='bbox 2230 1392 2664 1465; x_wconf 86' lang='lat' dir='ltr'>ﬂagellaverint,</span> <span class='ocrx_word' id='word_1_392' title='bbox 2699 1393 2965 1448; x_wconf 85' lang='lat' dir='ltr'>occident</span> <span class='ocrx_word' id='word_1_393' title='bbox 2993 1409 3149 1463; x_wconf 90' lang='lat' dir='ltr'>eum,</span> <span class='ocrx_word' id='word_1_394' title='bbox 3184 1397 3241 1449; x_wconf 91' lang='lat' dir='ltr'>et</span> <span class='ocrx_word' id='word_1_395' title='bbox 3278 1392 3373 1450; x_wconf 90' lang='lat' dir='ltr'>die</span> <span class='ocrx_word' id='word_1_396' title='bbox 3414 1397 3532 1449; x_wconf 90' lang='lat' dir='ltr'>ter-</span> 
     </span>
    </p>
   </div>
   <div class='ocr_carea' id='block_1_60' title="bbox 1886 1480 3531 1554">
    <p class='ocr_par' dir='ltr' id='par_1_60' title="bbox 1886 1480 3531 1554">
     <span class='ocr_line' id='line_1_60' title="bbox 1886 1480 3531 1554; baseline 0.002 -19"><span class='ocrx_word' id='word_1_397' title='bbox 1886 1480 1977 1535; x_wconf 86' lang='lat' dir='ltr'>cia</span> <span class='ocrx_word' id='word_1_398' title='bbox 2031 1486 2297 1553; x_wconf 88' lang='lat' dir='ltr'>resurget</span> <span class='ocrx_word' id='word_1_399' title='bbox 2360 1484 2507 1552; x_wconf 80' lang='lat' dir='ltr'>(Lur.</span> <span class='ocrx_word' id='word_1_400' title='bbox 2567 1499 2725 1546; x_wconf 86' lang='lat' dir='ltr'>xvm,</span> <span class='ocrx_word' id='word_1_401' title='bbox 2791 1482 2906 1553; x_wconf 84' lang='lat'>3|).</span> <span class='ocrx_word' id='word_1_402' title='bbox 2974 1483 3088 1538; x_wconf 92' lang='lat' dir='ltr'>Cur</span> <span class='ocrx_word' id='word_1_403' title='bbox 3139 1481 3337 1554; x_wconf 89' lang='lat' dir='ltr'>itaque</span> <span class='ocrx_word' id='word_1_404' title='bbox 3394 1499 3531 1538; x_wconf 91' lang='lat' dir='ltr'>eum</span> 
     </span>
    </p>
   </div>
   <div class='ocr_carea' id='block_1_61' title="bbox 1886 1570 3536 1642">
    <p class='ocr_par' dir='ltr' id='par_1_61' title="bbox 1886 1570 3536 1642">
     <span class='ocr_line' id='line_1_61' title="bbox 1886 1570 3536 1642; baseline 0.002 -18"><span class='ocrx_word' id='word_1_405' title='bbox 1886 1570 2276 1626; x_wconf 85' lang='lat' dir='ltr'>resurrexisse</span> <span class='ocrx_word' id='word_1_406' title='bbox 2306 1570 2564 1636; x_wconf 86' lang='lat' dir='ltr'>dubitas,</span> <span class='ocrx_word' id='word_1_407' title='bbox 2600 1588 2733 1626; x_wconf 91' lang='lat' dir='ltr'>eum</span> <span class='ocrx_word' id='word_1_408' title='bbox 2777 1570 3051 1642; x_wconf 86' lang='lat' dir='ltr'>gentibus</span> <span class='ocrx_word' id='word_1_409' title='bbox 3098 1571 3403 1640; x_wconf 89' lang='lat' dir='ltr'>traditum,</span> <span class='ocrx_word' id='word_1_410' title='bbox 3435 1572 3536 1627; x_wconf 82' lang='lat' dir='ltr'>ﬂa-</span> 
     </span>
    </p>
   </div>
   <div class='ocr_carea' id='block_1_62' title="bbox 1886 1657 3535 1732">
    <p class='ocr_par' dir='ltr' id='par_1_62' title="bbox 1886 1657 3535 1732">
     <span class='ocr_line' id='line_1_62' title="bbox 1886 1657 3535 1732; baseline 0.003 -21"><span class='ocrx_word' id='word_1_411' title='bbox 1886 1657 2187 1729; x_wconf 88' lang='lat' dir='ltr'>gellatum,</span> <span class='ocrx_word' id='word_1_412' title='bbox 2234 1664 2611 1731; x_wconf 85' lang='lat' dir='ltr'>consputum,</span> <span class='ocrx_word' id='word_1_413' title='bbox 2645 1659 3011 1726; x_wconf 79' lang='lat' dir='ltr'>cruciﬁxum,</span> <span class='ocrx_word' id='word_1_414' title='bbox 3061 1658 3218 1715; x_wconf 88' lang='lat' dir='ltr'>sicut</span> <span class='ocrx_word' id='word_1_415' title='bbox 3257 1660 3535 1732; x_wconf 80' lang='lat' dir='ltr'>praedixe-</span> 
     </span>
    </p>
   </div>
   <div class='ocr_carea' id='block_1_63' title="bbox 1888 1747 3536 1819">
    <p class='ocr_par' dir='ltr' id='par_1_63' title="bbox 1888 1747 3536 1819">
     <span class='ocr_line' id='line_1_63' title="bbox 1888 1747 3536 1819; baseline 0.002 -18"><span class='ocrx_word' id='word_1_416' title='bbox 1888 1752 1996 1815; x_wconf 90' lang='lat' dir='ltr'>rat,</span> <span class='ocrx_word' id='word_1_417' title='bbox 2038 1747 2286 1803; x_wconf 86' lang='lat' dir='ltr'>videas?</span> <span class='ocrx_word' id='word_1_418' title='bbox 2333 1748 2500 1804; x_wconf 88' lang='lat' dir='ltr'>Haud</span> <span class='ocrx_word' id='word_1_419' title='bbox 2545 1748 2619 1803; x_wconf 89' lang='lat' dir='ltr'>ab</span> <span class='ocrx_word' id='word_1_420' title='bbox 2661 1765 2721 1802; x_wconf 88' lang='lat' dir='ltr'>re</span> <span class='ocrx_word' id='word_1_421' title='bbox 2767 1751 2876 1815; x_wconf 89' lang='lat' dir='ltr'>est,</span> <span class='ocrx_word' id='word_1_422' title='bbox 2921 1748 3079 1819; x_wconf 91' lang='lat' dir='ltr'>quod</span> <span class='ocrx_word' id='word_1_423' title='bbox 3131 1747 3318 1804; x_wconf 92' lang='lat' dir='ltr'>Deum</span> <span class='ocrx_word' id='word_1_424' title='bbox 3364 1751 3536 1804; x_wconf 90' lang='lat' dir='ltr'>tuum</span> 
     </span>
    </p>
   </div>
   <div class='ocr_carea' id='block_1_64' title="bbox 1888 1836 3537 1917">
    <p class='ocr_par' dir='ltr' id='par_1_64' title="bbox 1888 1836 3537 1917">
     <span class='ocr_line' id='line_1_64' title="bbox 1888 1836 3537 1917; baseline 0.002 -28"><span class='ocrx_word' id='word_1_425' title='bbox 1888 1836 2162 1892; x_wconf 89' lang='lat' dir='ltr'>manibus</span> <span class='ocrx_word' id='word_1_426' title='bbox 2194 1836 2446 1909; x_wconf 91' lang='lat' dir='ltr'>propriis</span> <span class='ocrx_word' id='word_1_427' title='bbox 2489 1841 2736 1892; x_wconf 86' lang='lat' dir='ltr'>tractare</span> <span class='ocrx_word' id='word_1_428' title='bbox 2765 1836 3092 1917; x_wconf 80' lang='lat' dir='ltr'>contendis.</span> <span class='ocrx_word' id='word_1_429' title='bbox 3124 1836 3253 1909; x_wconf 89' lang='lat' dir='ltr'>Ipse</span> <span class='ocrx_word' id='word_1_430' title='bbox 3281 1852 3537 1908; x_wconf 91' lang='lat' dir='ltr'>namque</span> 
     </span>
    </p>
   </div>
   <div class='ocr_carea' id='block_1_65' title="bbox 1890 1924 3537 1998">
    <p class='ocr_par' dir='ltr' id='par_1_65' title="bbox 1890 1924 3537 1998">
     <span class='ocr_line' id='line_1_65' title="bbox 1890 1924 3537 1998; baseline 0.001 -19"><span class='ocrx_word' id='word_1_431' title='bbox 1890 1941 1987 1979; x_wconf 88' lang='lat' dir='ltr'>rex</span> <span class='ocrx_word' id='word_1_432' title='bbox 2011 1928 2228 1993; x_wconf 89' lang='lat' dir='ltr'>noster,</span> <span class='ocrx_word' id='word_1_433' title='bbox 2265 1925 2532 1997; x_wconf 90' lang='lat' dir='ltr'>quiante</span> <span class='ocrx_word' id='word_1_434' title='bbox 2573 1925 2786 1980; x_wconf 66' lang='lat' dir='ltr'>saecula</span> <span class='ocrx_word' id='word_1_435' title='bbox 2833 1928 3108 1998; x_wconf 88' lang='lat' dir='ltr'>operatus</span> <span class='ocrx_word' id='word_1_436' title='bbox 3150 1929 3240 1982; x_wconf 90' lang='lat' dir='ltr'>est</span> <span class='ocrx_word' id='word_1_437' title='bbox 3285 1924 3537 1982; x_wconf 89' lang='lat' dir='ltr'>salutem</span> 
     </span>
    </p>
   </div>
   <div class='ocr_carea' id='block_1_66' title="bbox 1888 2013 3539 2086">
    <p class='ocr_par' dir='ltr' id='par_1_66' title="bbox 1888 2013 3539 2086">
     <span class='ocr_line' id='line_1_66' title="bbox 1888 2013 3539 2086; baseline 0.001 -18"><span class='ocrx_word' id='word_1_438' title='bbox 1888 2014 1947 2068; x_wconf 91' lang='lat' dir='ltr'>in</span> <span class='ocrx_word' id='word_1_439' title='bbox 1981 2014 2172 2069; x_wconf 91' lang='lat' dir='ltr'>medio</span> <span class='ocrx_word' id='word_1_440' title='bbox 2204 2018 2368 2069; x_wconf 66' lang='lat' dir='ltr'>terrae</span> <span class='ocrx_word' id='word_1_441' title='bbox 2399 2014 2571 2086; x_wconf 80' lang='lat' dir='ltr'>(Psal.</span> <span class='ocrx_word' id='word_1_442' title='bbox 2615 2031 2808 2081; x_wconf 84' lang='lat' dir='ltr'>Lxxm,</span> <span class='ocrx_word' id='word_1_443' title='bbox 2846 2013 2952 2086; x_wconf 87' lang='lat' dir='ltr'>l2),</span> <span class='ocrx_word' id='word_1_444' title='bbox 2985 2013 3089 2086; x_wconf 91' lang='lat' dir='ltr'>qui</span> <span class='ocrx_word' id='word_1_445' title='bbox 3137 2013 3298 2069; x_wconf 90' lang='lat' dir='ltr'>novit</span> <span class='ocrx_word' id='word_1_446' title='bbox 3338 2013 3539 2070; x_wconf 88' lang='lat' dir='ltr'>omnia</span> 
     </span>
    </p>
   </div>
   <div class='ocr_carea' id='block_1_67' title="bbox 1890 2100 3538 2174">
    <p class='ocr_par' dir='ltr' id='par_1_67' title="bbox 1890 2100 3538 2174">
     <span class='ocr_line' id='line_1_67' title="bbox 1890 2100 3538 2174; baseline -0.001 -17"><span class='ocrx_word' id='word_1_447' title='bbox 1890 2106 2201 2173; x_wconf 86' lang='lat' dir='ltr'>antequam</span> <span class='ocrx_word' id='word_1_448' title='bbox 2234 2102 2395 2170; x_wconf 86' lang='lat' dir='ltr'>fiant,</span> <span class='ocrx_word' id='word_1_449' title='bbox 2430 2100 2651 2157; x_wconf 90' lang='lat' dir='ltr'>multos</span> <span class='ocrx_word' id='word_1_450' title='bbox 2677 2101 3021 2174; x_wconf 77' lang='lat' dir='ltr'>praeviderat</span> <span class='ocrx_word' id='word_1_451' title='bbox 3050 2101 3160 2157; x_wconf 91' lang='lat' dir='ltr'>hoc</span> <span class='ocrx_word' id='word_1_452' title='bbox 3190 2118 3383 2158; x_wconf 87' lang='lat' dir='ltr'>errore</span> <span class='ocrx_word' id='word_1_453' title='bbox 3413 2118 3538 2174; x_wconf 89' lang='lat' dir='ltr'>per-</span> 
     </span>
    </p>
   </div>
   <div class='ocr_carea' id='block_1_68' title="bbox 1890 2188 3531 2259">
    <p class='ocr_par' dir='ltr' id='par_1_68' title="bbox 1890 2188 3531 2259">
     <span class='ocr_line' id='line_1_68' title="bbox 1890 2188 3531 2259; baseline -0.001 -14"><span class='ocrx_word' id='word_1_454' title='bbox 1890 2190 2094 2257; x_wconf 69' lang='lat' dir='ltr'>ituros,</span> <span class='ocrx_word' id='word_1_455' title='bbox 2150 2194 2216 2245; x_wconf 93' lang='lat' dir='ltr'>ut</span> <span class='ocrx_word' id='word_1_456' title='bbox 2263 2195 2371 2258; x_wconf 88' lang='lat' dir='ltr'>ost,</span> <span class='ocrx_word' id='word_1_457' title='bbox 2425 2190 2759 2246; x_wconf 85' lang='lat' dir='ltr'>misericors</span> <span class='ocrx_word' id='word_1_458' title='bbox 2816 2193 2873 2245; x_wconf 90' lang='lat' dir='ltr'>et</span> <span class='ocrx_word' id='word_1_459' title='bbox 2924 2188 3230 2246; x_wconf 90' lang='lat' dir='ltr'>clemens:</span> <span class='ocrx_word' id='word_1_460' title='bbox 3280 2211 3309 2241; x_wconf 87' lang='lat'><strong>«</strong></span> <span class='ocrx_word' id='word_1_461' title='bbox 3358 2191 3531 2259; x_wconf 86' lang='lat' dir='ltr'>Infer,</span> 
     </span>
    </p>
   </div>
   <div class='ocr_carea' id='block_1_69' title="bbox 1892 2278 3537 2351">
    <p class='ocr_par' dir='ltr' id='par_1_69' title="bbox 1892 2278 3537 2351">
     <span class='ocr_line' id='line_1_69' title="bbox 1892 2278 3537 2351; baseline 0.001 -18"><span class='ocrx_word' id='word_1_462' title='bbox 1892 2278 1991 2347; x_wconf 90' lang='lat' dir='ltr'>ait,</span> <span class='ocrx_word' id='word_1_463' title='bbox 2025 2278 2270 2351; x_wconf 88' lang='lat' dir='ltr'>dignum</span> <span class='ocrx_word' id='word_1_464' title='bbox 2301 2278 2437 2347; x_wconf 89' lang='lat' dir='ltr'>huc,</span> <span class='ocrx_word' id='word_1_465' title='bbox 2470 2284 2528 2334; x_wconf 92' lang='lat' dir='ltr'>et</span> <span class='ocrx_word' id='word_1_466' title='bbox 2574 2278 2739 2334; x_wconf 88' lang='lat' dir='ltr'>mitte</span> <span class='ocrx_word' id='word_1_467' title='bbox 2787 2294 3029 2333; x_wconf 88' lang='lat' dir='ltr'>manum</span> <span class='ocrx_word' id='word_1_468' title='bbox 3076 2282 3239 2334; x_wconf 91' lang='lat' dir='ltr'>tuam</span> <span class='ocrx_word' id='word_1_469' title='bbox 3287 2279 3349 2334; x_wconf 94' lang='lat' dir='ltr'>in</span> <span class='ocrx_word' id='word_1_470' title='bbox 3377 2278 3537 2336; x_wconf 90' lang='lat' dir='ltr'>latus</span> 
     </span>
    </p>
   </div>
   <div class='ocr_carea' id='block_1_70' title="bbox 1892 2366 3532 2441">
    <p class='ocr_par' dir='ltr' id='par_1_70' title="bbox 1892 2366 3532 2441">
     <span class='ocr_line' id='line_1_70' title="bbox 1892 2366 3532 2441; baseline 0.001 -19"><span class='ocrx_word' id='word_1_471' title='bbox 1892 2384 2110 2436; x_wconf 91' lang='lat' dir='ltr'>meum,</span> <span class='ocrx_word' id='word_1_472' title='bbox 2144 2371 2201 2424; x_wconf 89' lang='lat' dir='ltr'>et</span> <span class='ocrx_word' id='word_1_473' title='bbox 2242 2368 2361 2423; x_wconf 88' lang='lat' dir='ltr'>noli</span> <span class='ocrx_word' id='word_1_474' title='bbox 2412 2384 2541 2424; x_wconf 91' lang='lat' dir='ltr'>esse</span> <span class='ocrx_word' id='word_1_475' title='bbox 2588 2366 2945 2434; x_wconf 89' lang='lat' dir='ltr'>incredulus,</span> <span class='ocrx_word' id='word_1_476' title='bbox 2989 2367 3089 2423; x_wconf 91' lang='lat' dir='ltr'>sed</span> <span class='ocrx_word' id='word_1_477' title='bbox 3135 2366 3326 2424; x_wconf 86' lang='lat' dir='ltr'>ﬁdelis</span> <span class='ocrx_word' id='word_1_478' title='bbox 3355 2368 3532 2441; x_wconf 81' lang='lat' dir='ltr'>(Joan.</span> 
     </span>
    </p>
   </div>
   <div class='ocr_carea' id='block_1_71' title="bbox 1890 2455 3539 2527">
    <p class='ocr_par' dir='ltr' id='par_1_71' title="bbox 1890 2455 3539 2527">
     <span class='ocr_line' id='line_1_71' title="bbox 1890 2455 3539 2527; baseline 0.001 -16"><span class='ocrx_word' id='word_1_479' title='bbox 1890 2473 1982 2522; x_wconf 86' lang='lat' dir='ltr'>xx,</span> <span class='ocrx_word' id='word_1_480' title='bbox 2014 2456 2127 2527; x_wconf 85' lang='lat'>27).</span> <span class='ocrx_word' id='word_1_481' title='bbox 2182 2476 2209 2505; x_wconf 84' lang='lat'>»</span> <span class='ocrx_word' id='word_1_482' title='bbox 2244 2463 2444 2524; x_wconf 83' lang='grc' dir='ltr'>Ἐξαύδα</span> <span class='ocrx_word' id='word_1_483' title='bbox 2472 2464 2546 2525; x_wconf 82' lang='grc' dir='ltr'>δὲ,</span> <span class='ocrx_word' id='word_1_484' title='bbox 2575 2466 2711 2527; x_wconf 62' lang='lat' dir='ltr'>eone;</span> <span class='ocrx_word' id='word_1_485' title='bbox 2740 2465 2861 2526; x_wconf 72' lang='grc' dir='ltr'><strong>ἅγιε,</strong></span> <span class='ocrx_word' id='word_1_486' title='bbox 2913 2455 3137 2511; x_wconf 85' lang='lat' dir='ltr'>exauda</span> <span class='ocrx_word' id='word_1_487' title='bbox 3184 2456 3255 2512; x_wconf 90' lang='lat' dir='ltr'>de</span> <span class='ocrx_word' id='word_1_488' title='bbox 3310 2456 3539 2512; x_wconf 88' lang='lat' dir='ltr'>Thema</span> 
     </span>
    </p>
   </div>
   <div class='ocr_carea' id='block_1_72' title="bbox 1893 2544 3539 2618">
    <p class='ocr_par' dir='ltr' id='par_1_72' title="bbox 1893 2544 3539 2618">
     <span class='ocr_line' id='line_1_72' title="bbox 1893 2544 3539 2618; baseline 0.001 -18"><span class='ocrx_word' id='word_1_489' title='bbox 1893 2544 2040 2618; x_wconf 89' lang='lat' dir='ltr'>agie,</span> <span class='ocrx_word' id='word_1_490' title='bbox 2073 2545 2231 2617; x_wconf 90' lang='lat' dir='ltr'>quod</span> <span class='ocrx_word' id='word_1_491' title='bbox 2262 2548 2352 2601; x_wconf 90' lang='lat' dir='ltr'>est</span> <span class='ocrx_word' id='word_1_492' title='bbox 2383 2562 2396 2600; x_wconf 92' lang='lat'><strong>:</strong></span> <span class='ocrx_word' id='word_1_493' title='bbox 2427 2546 2701 2600; x_wconf 87' lang='lat' dir='ltr'>conﬁtere</span> <span class='ocrx_word' id='word_1_494' title='bbox 2733 2549 2929 2599; x_wconf 89' lang='lat' dir='ltr'>autem</span> <span class='ocrx_word' id='word_1_495' title='bbox 2972 2545 3199 2600; x_wconf 87' lang='lat' dir='ltr'>Thema</span> <span class='ocrx_word' id='word_1_496' title='bbox 3228 2550 3448 2613; x_wconf 89' lang='lat' dir='ltr'>sancte,</span> <span class='ocrx_word' id='word_1_497' title='bbox 3479 2550 3539 2601; x_wconf 90' lang='lat' dir='ltr'>et</span> 
     </span>
    </p>
   </div>
   <div class='ocr_carea' id='block_1_73' title="bbox 1891 2632 3533 2705">
    <p class='ocr_par' dir='ltr' id='par_1_73' title="bbox 1891 2632 3533 2705">
     <span class='ocr_line' id='line_1_73' title="bbox 1891 2632 3533 2705; baseline 0.001 -16"><span class='ocrx_word' id='word_1_498' title='bbox 1891 2637 1993 2689; x_wconf 84' lang='lat' dir='ltr'>tua</span> <span class='ocrx_word' id='word_1_499' title='bbox 2023 2634 2321 2690; x_wconf 84' lang='lat' dir='ltr'>dubietate</span> <span class='ocrx_word' id='word_1_500' title='bbox 2352 2651 2523 2690; x_wconf 87' lang='lat' dir='ltr'>omne</span> <span class='ocrx_word' id='word_1_501' title='bbox 2554 2637 2821 2689; x_wconf 91' lang='lat' dir='ltr'>nostrum</span> <span class='ocrx_word' id='word_1_502' title='bbox 2845 2632 3085 2689; x_wconf 82' lang='lat' dir='ltr'>exclude</span> <span class='ocrx_word' id='word_1_503' title='bbox 3105 2633 3533 2705; x_wconf 84' lang='lat' dir='ltr'>amphibolum.</span> 
     </span>
    </p>
   </div>
   <div class='ocr_carea' id='block_1_74' title="bbox 1891 2722 3537 2796">
    <p class='ocr_par' dir='ltr' id='par_1_74' title="bbox 1891 2722 3537 2796">
     <span class='ocr_line' id='line_1_74' title="bbox 1891 2722 3537 2796; baseline -0.001 -17"><span class='ocrx_word' id='word_1_504' title='bbox 1891 2725 2173 2789; x_wconf 77' lang='lat' dir='ltr'>Dominus,</span> <span class='ocrx_word' id='word_1_505' title='bbox 2205 2722 2418 2795; x_wconf 87' lang='lat' dir='ltr'>inquit,</span> <span class='ocrx_word' id='word_1_506' title='bbox 2450 2739 2604 2778; x_wconf 79' lang='lat' dir='ltr'>meus</span> <span class='ocrx_word' id='word_1_507' title='bbox 2632 2730 2684 2778; x_wconf 82' lang='lat' dir='ltr'>et</span> <span class='ocrx_word' id='word_1_508' title='bbox 2718 2724 2875 2778; x_wconf 83' lang='lat' dir='ltr'>Dcus-</span> <span class='ocrx_word' id='word_1_509' title='bbox 2896 2738 3070 2777; x_wconf 72' lang='lat' dir='ltr'>meus.</span> <span class='ocrx_word' id='word_1_510' title='bbox 3101 2722 3145 2777; x_wconf 93' lang='grc' dir='ltr'><strong>Ο</strong></span> <span class='ocrx_word' id='word_1_511' title='bbox 3191 2722 3537 2796; x_wconf 90' lang='lat' dir='ltr'>ambiguum</span> 
     </span>
    </p>
   </div>
   <div class='ocr_carea' id='block_1_75' title="bbox 1893 2809 3537 2885">
    <p class='ocr_par' dir='ltr' id='par_1_75' title="bbox 1893 2809 3537 2885">
     <span class='ocr_line' id='line_1_75' title="bbox 1893 2809 3537 2885; baseline -0.001 -18"><span class='ocrx_word' id='word_1_512' title='bbox 1893 2812 2052 2867; x_wconf 90' lang='lat' dir='ltr'>omni</span> <span class='ocrx_word' id='word_1_513' title='bbox 2084 2812 2255 2868; x_wconf 88' lang='lat' dir='ltr'>laude</span> <span class='ocrx_word' id='word_1_514' title='bbox 2299 2809 2753 2885; x_wconf 81' lang='lat' dir='ltr'>dignissimum!</span> <span class='ocrx_word' id='word_1_515' title='bbox 2788 2812 2833 2867; x_wconf 85' lang='grc' dir='ltr'><strong>Ο</strong></span> <span class='ocrx_word' id='word_1_516' title='bbox 2862 2810 3109 2866; x_wconf 91' lang='lat' dir='ltr'>dubium</span> <span class='ocrx_word' id='word_1_517' title='bbox 3159 2810 3384 2867; x_wconf 90' lang='lat' dir='ltr'>cunctis</span> <span class='ocrx_word' id='word_1_518' title='bbox 3432 2828 3537 2867; x_wconf 66' lang='lat' dir='ltr'>sae-</span> 
     </span>
    </p>
   </div>
   <div class='ocr_carea' id='block_1_76' title="bbox 1893 2900 3539 2973">
    <p class='ocr_par' dir='ltr' id='par_1_76' title="bbox 1893 2900 3539 2973">
     <span class='ocr_line' id='line_1_76' title="bbox 1893 2900 3539 2973; baseline 0 -17"><span class='ocrx_word' id='word_1_519' title='bbox 1893 2900 2043 2956; x_wconf 90' lang='lat' dir='ltr'>culis</span> <span class='ocrx_word' id='word_1_520' title='bbox 2074 2900 2542 2973; x_wconf 81' lang='lat' dir='ltr'>praedicandum!</span> <span class='ocrx_word' id='word_1_521' title='bbox 2578 2900 2636 2957; x_wconf 92' lang='lat' dir='ltr'>Si</span> <span class='ocrx_word' id='word_1_522' title='bbox 2669 2905 2732 2955; x_wconf 93' lang='lat' dir='ltr'>tu</span> <span class='ocrx_word' id='word_1_523' title='bbox 2763 2917 2880 2956; x_wconf 91' lang='lat' dir='ltr'>non</span> <span class='ocrx_word' id='word_1_524' title='bbox 2930 2900 3252 2969; x_wconf 86' lang='lat' dir='ltr'>dubitares,</span> <span class='ocrx_word' id='word_1_525' title='bbox 3285 2917 3401 2956; x_wconf 93' lang='lat' dir='ltr'>non</span> <span class='ocrx_word' id='word_1_526' title='bbox 3433 2916 3539 2973; x_wconf 87' lang='lat' dir='ltr'>ego</span> 
     </span>
    </p>
   </div>
   <div class='ocr_carea' id='block_1_77' title="bbox 1891 2987 3540 3058">
    <p class='ocr_par' dir='ltr' id='par_1_77' title="bbox 1891 2987 3540 3058">
     <span class='ocr_line' id='line_1_77' title="bbox 1891 2987 3540 3058; baseline 0.001 -13"><span class='ocrx_word' id='word_1_527' title='bbox 1891 2992 2012 3045; x_wconf 90' lang='lat' dir='ltr'>tam</span> <span class='ocrx_word' id='word_1_528' title='bbox 2044 2988 2289 3045; x_wconf 87' lang='lat' dir='ltr'>ﬁrmiter</span> <span class='ocrx_word' id='word_1_529' title='bbox 2316 2988 2700 3045; x_wconf 85' lang='lat' dir='ltr'>crederem.Si</span> <span class='ocrx_word' id='word_1_530' title='bbox 2733 2987 3048 3044; x_wconf 89' lang='lat' dir='ltr'>mulierum</span> <span class='ocrx_word' id='word_1_531' title='bbox 3080 2989 3465 3058; x_wconf 88' lang='lat' dir='ltr'>credentium,</span> <span class='ocrx_word' id='word_1_532' title='bbox 3489 2989 3540 3046; x_wconf 87' lang='lat' dir='ltr'>si</span> 
     </span>
    </p>
   </div>
   <div class='ocr_carea' id='block_1_78' title="bbox 1894 3076 3539 3150">
    <p class='ocr_par' dir='ltr' id='par_1_78' title="bbox 1894 3076 3539 3150">
     <span class='ocr_line' id='line_1_78' title="bbox 1894 3076 3539 3150; baseline 0.001 -17"><span class='ocrx_word' id='word_1_533' title='bbox 1894 3076 2428 3149; x_wconf 88' lang='lat' dir='ltr'>condiscipulorum</span> <span class='ocrx_word' id='word_1_534' title='bbox 2444 3077 2616 3133; x_wconf 88' lang='lat' dir='ltr'>ﬁdem</span> <span class='ocrx_word' id='word_1_535' title='bbox 2629 3076 2921 3143; x_wconf 89' lang='lat' dir='ltr'>hereticis,</span> <span class='ocrx_word' id='word_1_536' title='bbox 2943 3076 3042 3148; x_wconf 92' lang='lat' dir='ltr'>qui</span> <span class='ocrx_word' id='word_1_537' title='bbox 3059 3093 3171 3133; x_wconf 91' lang='lat' dir='ltr'>non</span> <span class='ocrx_word' id='word_1_538' title='bbox 3192 3094 3325 3133; x_wconf 90' lang='lat' dir='ltr'>vero</span> <span class='ocrx_word' id='word_1_539' title='bbox 3336 3095 3539 3150; x_wconf 91' lang='lat' dir='ltr'>corpo-</span> 
     </span>
    </p>
   </div>
   <div class='ocr_carea' id='block_1_79' title="bbox 1895 3162 3541 3223">
    <p class='ocr_par' dir='ltr' id='par_1_79' title="bbox 1895 3162 3541 3223">
     <span class='ocr_line' id='line_1_79' title="bbox 1895 3162 3541 3223; baseline -0.001 -1"><span class='ocrx_word' id='word_1_540' title='bbox 1895 3184 1953 3223; x_wconf 90' lang='lat' dir='ltr'>re</span> <span class='ocrx_word' id='word_1_541' title='bbox 1971 3165 2276 3221; x_wconf 89' lang='lat' dir='ltr'>dominum</span> <span class='ocrx_word' id='word_1_542' title='bbox 2297 3169 2561 3220; x_wconf 89' lang='lat' dir='ltr'>nostrum</span> <span class='ocrx_word' id='word_1_543' title='bbox 2597 3163 2801 3219; x_wconf 85' lang='lat' dir='ltr'>Jesum</span> <span class='ocrx_word' id='word_1_544' title='bbox 2828 3162 3126 3219; x_wconf 87' lang='lat' dir='ltr'>Christum</span> <span class='ocrx_word' id='word_1_545' title='bbox 3153 3163 3541 3221; x_wconf 85' lang='lat' dir='ltr'>rssurrexisse</span> 
     </span>
    </p>
   </div>
   <div class='ocr_carea' id='block_1_80' title="bbox 1814 3234 3540 3324">
    <p class='ocr_par' dir='ltr' id='par_1_80' title="bbox 1814 3234 3540 3324">
     <span class='ocr_line' id='line_1_80' title="bbox 1814 3234 3540 3324; baseline -0.002 -13"><span class='ocrx_word' id='word_1_546' title='bbox 1814 3234 1857 3302; x_wconf 69' lang='grc' dir='ltr'>Ο</span> <span class='ocrx_word' id='word_1_547' title='bbox 1894 3255 2207 3321; x_wconf 88' lang='lat' dir='ltr'>latrabant,</span> <span class='ocrx_word' id='word_1_548' title='bbox 2241 3253 2590 3321; x_wconf 89' lang='lat' dir='ltr'>diceremus,</span> <span class='ocrx_word' id='word_1_549' title='bbox 2625 3252 2814 3308; x_wconf 90' lang='lat' dir='ltr'>multa</span> <span class='ocrx_word' id='word_1_550' title='bbox 2833 3250 3002 3308; x_wconf 91' lang='lat' dir='ltr'>nobis</span> <span class='ocrx_word' id='word_1_551' title='bbox 3040 3255 3388 3324; x_wconf 88' lang='lat' dir='ltr'>argumenta</span> <span class='ocrx_word' id='word_1_552' title='bbox 3414 3251 3540 3308; x_wconf 85' lang='lat' dir='ltr'>dia-</span> 
     </span>
    </p>
   </div>
   <div class='ocr_carea' id='block_1_81' title="bbox 1894 3340 3540 3415">
    <p class='ocr_par' dir='ltr' id='par_1_81' title="bbox 1894 3340 3540 3415">
     <span class='ocr_line' id='line_1_81' title="bbox 1894 3340 3540 3415; baseline -0.001 -16"><span class='ocrx_word' id='word_1_553' title='bbox 1894 3344 2080 3401; x_wconf 91' lang='lat' dir='ltr'>bolica</span> <span class='ocrx_word' id='word_1_554' title='bbox 2107 3343 2420 3399; x_wconf 90' lang='lat' dir='ltr'>calliditate</span> <span class='ocrx_word' id='word_1_555' title='bbox 2450 3345 2828 3415; x_wconf 90' lang='lat' dir='ltr'>opponerent.</span> <span class='ocrx_word' id='word_1_556' title='bbox 2860 3340 2974 3397; x_wconf 91' lang='lat' dir='ltr'>Sed</span> <span class='ocrx_word' id='word_1_557' title='bbox 3003 3356 3139 3396; x_wconf 90' lang='lat' dir='ltr'>cum</span> <span class='ocrx_word' id='word_1_558' title='bbox 3170 3340 3540 3398; x_wconf 88' lang='lat' dir='ltr'>dubitantem</span> 
     </span>
    </p>
   </div>
   <div class='ocr_carea' id='block_1_82' title="bbox 1892 3428 3542 3505">
    <p class='ocr_par' dir='ltr' id='par_1_82' title="bbox 1892 3428 3542 3505">
     <span class='ocr_line' id='line_1_82' title="bbox 1892 3428 3542 3505; baseline -0.002 -16"><span class='ocrx_word' id='word_1_559' title='bbox 1892 3434 2178 3489; x_wconf 88' lang='lat' dir='ltr'>Thomam</span> <span class='ocrx_word' id='word_1_560' title='bbox 2204 3448 2418 3505; x_wconf 83' lang='lat' dir='ltr'>corpus</span> <span class='ocrx_word' id='word_1_561' title='bbox 2448 3436 2753 3499; x_wconf 89' lang='lat' dir='ltr'>tractasse,</span> <span class='ocrx_word' id='word_1_562' title='bbox 2783 3428 3095 3486; x_wconf 87' lang='lat' dir='ltr'>vulnerum</span> <span class='ocrx_word' id='word_1_563' title='bbox 3126 3429 3428 3499; x_wconf 83' lang='lat' dir='ltr'>cicatrices</span> <span class='ocrx_word' id='word_1_564' title='bbox 3454 3434 3542 3486; x_wconf 89' lang='lat' dir='ltr'>te-</span> 
     </span>
    </p>
   </div>
   <div class='ocr_carea' id='block_1_83' title="bbox 1894 3517 3540 3597">
    <p class='ocr_par' dir='ltr' id='par_1_83' title="bbox 1894 3517 3540 3597">
     <span class='ocr_line' id='line_1_83' title="bbox 1894 3517 3540 3597; baseline -0.004 -18"><span class='ocrx_word' id='word_1_565' title='bbox 1894 3523 2120 3597; x_wconf 86' lang='lat' dir='ltr'>tigisse,</span> <span class='ocrx_word' id='word_1_566' title='bbox 2151 3539 2216 3579; x_wconf 94' lang='lat' dir='ltr'>ac</span> <span class='ocrx_word' id='word_1_567' title='bbox 2247 3538 2382 3577; x_wconf 86' lang='lat' dir='ltr'>mox</span> <span class='ocrx_word' id='word_1_568' title='bbox 2419 3520 2789 3577; x_wconf 90' lang='lat' dir='ltr'>dubitacione</span> <span class='ocrx_word' id='word_1_569' title='bbox 2832 3523 3058 3576; x_wconf 89' lang='lat' dir='ltr'>remota</span> <span class='ocrx_word' id='word_1_570' title='bbox 3103 3522 3282 3575; x_wconf 90' lang='lat' dir='ltr'>Deum</span> <span class='ocrx_word' id='word_1_571' title='bbox 3326 3521 3385 3575; x_wconf 92' lang='lat' dir='ltr'>et</span> <span class='ocrx_word' id='word_1_572' title='bbox 3428 3517 3540 3574; x_wconf 89' lang='lat' dir='ltr'>Do-</span> 
     </span>
    </p>
   </div>
   <div class='ocr_carea' id='block_1_84' title="bbox 1896 3606 3541 3681">
    <p class='ocr_par' dir='ltr' id='par_1_84' title="bbox 1896 3606 3541 3681">
     <span class='ocr_line' id='line_1_84' title="bbox 1896 3606 3541 3681; baseline -0.004 -13"><span class='ocrx_word' id='word_1_573' title='bbox 1896 3613 2124 3668; x_wconf 91' lang='lat' dir='ltr'>minum</span> <span class='ocrx_word' id='word_1_574' title='bbox 2156 3609 2513 3667; x_wconf 82' lang='lat' dir='ltr'>exclamasse</span> <span class='ocrx_word' id='word_1_575' title='bbox 2543 3610 2810 3679; x_wconf 90' lang='lat' dir='ltr'>audiunt,</span> <span class='ocrx_word' id='word_1_576' title='bbox 2841 3608 2942 3681; x_wconf 93' lang='lat' dir='ltr'>qui</span> <span class='ocrx_word' id='word_1_577' title='bbox 2968 3607 3133 3680; x_wconf 90' lang='lat' dir='ltr'>prius</span> <span class='ocrx_word' id='word_1_578' title='bbox 3173 3611 3342 3664; x_wconf 89' lang='lat' dir='ltr'>erant</span> <span class='ocrx_word' id='word_1_579' title='bbox 3388 3606 3541 3663; x_wconf 91' lang='lat' dir='ltr'>mul-</span> 
     </span>
    </p>
   </div>
   <div class='ocr_carea' id='block_1_85' title="bbox 1895 3696 3546 3771">
    <p class='ocr_par' dir='ltr' id='par_1_85' title="bbox 1895 3696 3546 3771">
     <span class='ocr_line' id='line_1_85' title="bbox 1895 3696 3546 3771; baseline -0.003 -13"><span class='ocrx_word' id='word_1_580' title='bbox 1895 3701 2094 3769; x_wconf 90' lang='lat' dir='ltr'>tisoni,</span> <span class='ocrx_word' id='word_1_581' title='bbox 2127 3717 2263 3756; x_wconf 84' lang='lat' dir='ltr'>mox</span> <span class='ocrx_word' id='word_1_582' title='bbox 2297 3703 2362 3754; x_wconf 91' lang='lat' dir='ltr'>ut</span> <span class='ocrx_word' id='word_1_583' title='bbox 2408 3699 2599 3771; x_wconf 89' lang='lat' dir='ltr'>pisces</span> <span class='ocrx_word' id='word_1_584' title='bbox 2626 3698 2900 3755; x_wconf 90' lang='lat' dir='ltr'>videntur</span> <span class='ocrx_word' id='word_1_585' title='bbox 2928 3696 3121 3754; x_wconf 89' lang='lat' dir='ltr'>insoni</span> <span class='ocrx_word' id='word_1_586' title='bbox 3149 3715 3163 3767; x_wconf 89' lang='lat'><strong>;</strong></span> <span class='ocrx_word' id='word_1_587' title='bbox 3197 3713 3546 3771; x_wconf 86' lang='lat' dir='ltr'>cognoscen-</span> 
     </span>
    </p>
   </div>
   <div class='ocr_carea' id='block_1_86' title="bbox 1894 3785 3542 3863">
    <p class='ocr_par' dir='ltr' id='par_1_86' title="bbox 1894 3785 3542 3863">
     <span class='ocr_line' id='line_1_86' title="bbox 1894 3785 3542 3863; baseline -0.003 -17"><span class='ocrx_word' id='word_1_588' title='bbox 1894 3795 1983 3848; x_wconf 90' lang='lat' dir='ltr'>tes</span> <span class='ocrx_word' id='word_1_589' title='bbox 2032 3790 2170 3863; x_wconf 90' lang='lat' dir='ltr'>quia</span> <span class='ocrx_word' id='word_1_590' title='bbox 2226 3794 2279 3845; x_wconf 90' lang='lat' dir='ltr'>et</span> <span class='ocrx_word' id='word_1_591' title='bbox 2322 3806 2458 3845; x_wconf 89' lang='lat' dir='ltr'>vera</span> <span class='ocrx_word' id='word_1_592' title='bbox 2504 3805 2638 3845; x_wconf 92' lang='lat' dir='ltr'>caro</span> <span class='ocrx_word' id='word_1_593' title='bbox 2684 3791 2792 3857; x_wconf 89' lang='lat' dir='ltr'>est,</span> <span class='ocrx_word' id='word_1_594' title='bbox 2854 3805 2980 3860; x_wconf 71' lang='lat' dir='ltr'>quae</span> <span class='ocrx_word' id='word_1_595' title='bbox 3038 3787 3274 3845; x_wconf 88' lang='lat' dir='ltr'>tractari</span> <span class='ocrx_word' id='word_1_596' title='bbox 3331 3785 3542 3859; x_wconf 88' lang='lat' dir='ltr'>potuit,</span> 
     </span>
    </p>
   </div>
   <div class='ocr_carea' id='block_1_87' title="bbox 1896 3875 3543 3951">
    <p class='ocr_par' dir='ltr' id='par_1_87' title="bbox 1896 3875 3543 3951">
     <span class='ocr_line' id='line_1_87' title="bbox 1896 3875 3543 3951; baseline -0.003 -15"><span class='ocrx_word' id='word_1_597' title='bbox 1896 3884 1952 3937; x_wconf 92' lang='lat' dir='ltr'>et</span> <span class='ocrx_word' id='word_1_598' title='bbox 1982 3880 2158 3947; x_wconf 90' lang='lat' dir='ltr'>Deus,</span> <span class='ocrx_word' id='word_1_599' title='bbox 2192 3877 2292 3951; x_wconf 91' lang='lat' dir='ltr'>qui</span> <span class='ocrx_word' id='word_1_600' title='bbox 2323 3877 2537 3935; x_wconf 91' lang='lat' dir='ltr'>clausis</span> <span class='ocrx_word' id='word_1_601' title='bbox 2559 3877 2765 3949; x_wconf 87' lang='lat' dir='ltr'>januis</span> <span class='ocrx_word' id='word_1_602' title='bbox 2795 3876 3050 3932; x_wconf 90' lang='lat' dir='ltr'>intravit.</span> <span class='ocrx_word' id='word_1_603' title='bbox 3080 3878 3150 3933; x_wconf 92' lang='lat' dir='ltr'>Et</span> <span class='ocrx_word' id='word_1_604' title='bbox 3195 3876 3351 3949; x_wconf 91' lang='lat' dir='ltr'>quod</span> <span class='ocrx_word' id='word_1_605' title='bbox 3390 3875 3543 3931; x_wconf 88' lang='lat' dir='ltr'>Tho-</span> 
     </span>
    </p>
   </div>
   <div class='ocr_carea' id='block_1_88' title="bbox 1897 3962 3542 4038">
    <p class='ocr_par' dir='ltr' id='par_1_88' title="bbox 1897 3962 3542 4038">
     <span class='ocr_line' id='line_1_88' title="bbox 1897 3962 3542 4038; baseline -0.004 -13"><span class='ocrx_word' id='word_1_606' title='bbox 1897 3986 2024 4025; x_wconf 90' lang='lat' dir='ltr'>mas</span> <span class='ocrx_word' id='word_1_607' title='bbox 2055 3967 2363 4036; x_wconf 87' lang='lat' dir='ltr'>dubitavit,</span> <span class='ocrx_word' id='word_1_608' title='bbox 2386 3984 2500 4023; x_wconf 93' lang='lat' dir='ltr'>non</span> <span class='ocrx_word' id='word_1_609' title='bbox 2526 3966 2643 4022; x_wconf 86' lang='lat' dir='ltr'>fors</span> <span class='ocrx_word' id='word_1_610' title='bbox 2667 3966 2767 4021; x_wconf 91' lang='lat' dir='ltr'>sed</span> <span class='ocrx_word' id='word_1_611' title='bbox 2799 3965 2998 4021; x_wconf 91' lang='lat' dir='ltr'>divina</span> <span class='ocrx_word' id='word_1_612' title='bbox 3024 3962 3391 4038; x_wconf 87' lang='lat' dir='ltr'>dispensacio</span> <span class='ocrx_word' id='word_1_613' title='bbox 3412 3962 3542 4019; x_wconf 77' lang='lat' dir='ltr'>fuit.</span> 
     </span>
    </p>
   </div>
   <div class='ocr_carea' id='block_1_89' title="bbox 1898 4050 3542 4130">
    <p class='ocr_par' dir='ltr' id='par_1_89' title="bbox 1898 4050 3542 4130">
     <span class='ocr_line' id='line_1_89' title="bbox 1898 4050 3542 4130; baseline -0.005 -16"><span class='ocrx_word' id='word_1_614' title='bbox 1898 4059 1992 4115; x_wconf 90' lang='lat' dir='ltr'>Sic</span> <span class='ocrx_word' id='word_1_615' title='bbox 2025 4058 2239 4130; x_wconf 88' lang='lat' dir='ltr'>itaque,</span> <span class='ocrx_word' id='word_1_616' title='bbox 2267 4057 2371 4122; x_wconf 93' lang='lat' dir='ltr'>sic,</span> <span class='ocrx_word' id='word_1_617' title='bbox 2405 4072 2505 4111; x_wconf 85' lang='lat' dir='ltr'>rex</span> <span class='ocrx_word' id='word_1_618' title='bbox 2534 4052 3161 4126; x_wconf 86' lang='lat' dir='ltr'>piissime,inseparata</span> <span class='ocrx_word' id='word_1_619' title='bbox 3188 4051 3262 4107; x_wconf 91' lang='lat' dir='ltr'>ob</span> <span class='ocrx_word' id='word_1_620' title='bbox 3283 4050 3542 4107; x_wconf 90' lang='lat' dir='ltr'>militum</span> 
     </span>
    </p>
   </div>
   <div class='ocr_carea' id='block_1_90' title="bbox 1897 4137 3543 4219">
    <p class='ocr_par' dir='ltr' id='par_1_90' title="bbox 1897 4137 3543 4219">
     <span class='ocr_line' id='line_1_90' title="bbox 1897 4137 3543 4219; baseline -0.005 -16"><span class='ocrx_word' id='word_1_621' title='bbox 1897 4146 2250 4219; x_wconf 89' lang='lat' dir='ltr'>paucitatem</span> <span class='ocrx_word' id='word_1_622' title='bbox 2294 4143 2538 4200; x_wconf 89' lang='lat' dir='ltr'>victoria</span> <span class='ocrx_word' id='word_1_623' title='bbox 2569 4142 2776 4197; x_wconf 75' lang='lat' dir='ltr'>divina:</span> <span class='ocrx_word' id='word_1_624' title='bbox 2808 4140 3122 4198; x_wconf 89' lang='lat' dir='ltr'>consilium</span> <span class='ocrx_word' id='word_1_625' title='bbox 3167 4137 3543 4212; x_wconf 65' lang='lat' dir='ltr'>providentiae</span> 
     </span>
    </p>
   </div>
   <div class='ocr_carea' id='block_1_91' title="bbox 1899 4227 3544 4303">
    <p class='ocr_par' dir='ltr' id='par_1_91' title="bbox 1899 4227 3544 4303">
     <span class='ocr_line' id='line_1_91' title="bbox 1899 4227 3544 4303; baseline -0.004 -13"><span class='ocrx_word' id='word_1_626' title='bbox 1899 4234 2027 4303; x_wconf 90' lang='lat' dir='ltr'>fuit,</span> <span class='ocrx_word' id='word_1_627' title='bbox 2058 4234 2257 4290; x_wconf 90' lang='lat' dir='ltr'>volens</span> <span class='ocrx_word' id='word_1_628' title='bbox 2289 4231 2638 4289; x_wconf 89' lang='lat' dir='ltr'>mortalibus</span> <span class='ocrx_word' id='word_1_629' title='bbox 2686 4230 2945 4287; x_wconf 88' lang='lat' dir='ltr'>indicare</span> <span class='ocrx_word' id='word_1_630' title='bbox 2983 4245 3162 4302; x_wconf 91' lang='lat' dir='ltr'>quam</span> <span class='ocrx_word' id='word_1_631' title='bbox 3208 4244 3380 4284; x_wconf 90' lang='lat' dir='ltr'>carus</span> <span class='ocrx_word' id='word_1_632' title='bbox 3427 4227 3544 4283; x_wconf 91' lang='lat' dir='ltr'>Deo</span> 
     </span>
    </p>
   </div>
   <div class='ocr_carea' id='block_1_92' title="bbox 1898 4315 3547 4395">
    <p class='ocr_par' dir='ltr' id='par_1_92' title="bbox 1898 4315 3547 4395">
     <span class='ocr_line' id='line_1_92' title="bbox 1898 4315 3547 4395; baseline -0.004 -15"><span class='ocrx_word' id='word_1_633' title='bbox 1898 4328 2055 4381; x_wconf 88' lang='lat' dir='ltr'>esset</span> <span class='ocrx_word' id='word_1_634' title='bbox 2083 4323 2183 4395; x_wconf 90' lang='lat' dir='ltr'>qui</span> <span class='ocrx_word' id='word_1_635' title='bbox 2218 4322 2437 4378; x_wconf 91' lang='lat' dir='ltr'>orando</span> <span class='ocrx_word' id='word_1_636' title='bbox 2458 4325 2579 4377; x_wconf 90' lang='lat' dir='ltr'>tam</span> <span class='ocrx_word' id='word_1_637' title='bbox 2610 4318 2968 4375; x_wconf 90' lang='lat' dir='ltr'>immensum</span> <span class='ocrx_word' id='word_1_638' title='bbox 3000 4334 3137 4374; x_wconf 92' lang='lat' dir='ltr'>cum</span> <span class='ocrx_word' id='word_1_639' title='bbox 3167 4315 3547 4390; x_wconf 87' lang='lat' dir='ltr'>paucissimis</span> 
     </span>
    </p>
   </div>
   <div class='ocr_carea' id='block_1_93' title="bbox 1898 4405 3549 4485">
    <p class='ocr_par' dir='ltr' id='par_1_93' title="bbox 1898 4405 3549 4485">
     <span class='ocr_line' id='line_1_93' title="bbox 1898 4405 3549 4485; baseline -0.004 -17"><span class='ocrx_word' id='word_1_640' title='bbox 1898 4412 2267 4485; x_wconf 89' lang='lat' dir='ltr'>triumphum</span> <span class='ocrx_word' id='word_1_641' title='bbox 2297 4410 2559 4483; x_wconf 88' lang='lat' dir='ltr'>optinere</span> <span class='ocrx_word' id='word_1_642' title='bbox 2590 4406 2932 4481; x_wconf 92' lang='lat' dir='ltr'>promeruit.</span> <span class='ocrx_word' id='word_1_643' title='bbox 2953 4406 3120 4463; x_wconf 84' lang='lat' dir='ltr'>Forte</span> <span class='ocrx_word' id='word_1_644' title='bbox 3149 4405 3331 4475; x_wconf 78' lang='lat' dir='ltr'>enim,</span> <span class='ocrx_word' id='word_1_645' title='bbox 3360 4405 3549 4462; x_wconf 90' lang='lat' dir='ltr'>immo</span> 
     </span>
    </p>
   </div>
   <div class='ocr_carea' id='block_1_94' title="bbox 1898 4494 3545 4572">
    <p class='ocr_par' dir='ltr' id='par_1_94' title="bbox 1898 4494 3545 4572">
     <span class='ocr_line' id='line_1_94' title="bbox 1898 4494 3545 4572; baseline -0.006 -12"><span class='ocrx_word' id='word_1_646' title='bbox 1898 4508 2074 4571; x_wconf 90' lang='lat' dir='ltr'>certe,</span> <span class='ocrx_word' id='word_1_647' title='bbox 2104 4504 2160 4557; x_wconf 92' lang='lat' dir='ltr'>et</span> <span class='ocrx_word' id='word_1_648' title='bbox 2184 4505 2244 4556; x_wconf 94' lang='lat' dir='ltr'>tu</span> <span class='ocrx_word' id='word_1_649' title='bbox 2277 4498 2441 4572; x_wconf 91' lang='lat' dir='ltr'>prius</span> <span class='ocrx_word' id='word_1_650' title='bbox 2472 4497 2808 4571; x_wconf 88' lang='lat' dir='ltr'>ignorabas,</span> <span class='ocrx_word' id='word_1_651' title='bbox 2841 4512 3019 4569; x_wconf 90' lang='lat' dir='ltr'>quam</span> <span class='ocrx_word' id='word_1_652' title='bbox 3051 4512 3222 4552; x_wconf 90' lang='lat' dir='ltr'>carus</span> <span class='ocrx_word' id='word_1_653' title='bbox 3272 4495 3391 4551; x_wconf 92' lang='lat' dir='ltr'>Deo</span> <span class='ocrx_word' id='word_1_654' title='bbox 3422 4494 3545 4550; x_wconf 84' lang='lat' dir='ltr'>exi-</span> 
     </span>
    </p>
   </div>
   <div class='ocr_carea' id='block_1_95' title="bbox 142 4584 3546 4668">
    <p class='ocr_par' dir='ltr' id='par_1_95' title="bbox 142 4584 3546 4668">
     <span class='ocr_line' id='line_1_95' title="bbox 142 4584 3546 4668; baseline -0.004 -16"><span class='ocrx_word' id='word_1_655' title='bbox 142 4600 230 4652; x_wconf 89' lang='lat' dir='ltr'>ter</span> <span class='ocrx_word' id='word_1_656' title='bbox 257 4595 603 4653; x_wconf 88' lang='lat' dir='ltr'>linteamina</span> <span class='ocrx_word' id='word_1_657' title='bbox 624 4596 917 4652; x_wconf 90' lang='lat' dir='ltr'>invenisse</span> <span class='ocrx_word' id='word_1_658' title='bbox 948 4595 1583 4668; x_wconf 89' lang='lat' dir='ltr'>audierat,angelorum</span> <span class='ocrx_word' id='word_1_659' title='bbox 1614 4596 1791 4652; x_wconf 89' lang='lat' dir='ltr'>etiam</span> <span class='ocrx_word' id='word_1_660' title='bbox 1821 4603 1869 4668; x_wconf 80' lang='grc' dir='ltr'>Ι)</span> <span class='ocrx_word' id='word_1_661' title='bbox 1901 4599 2121 4660; x_wconf 90' lang='lat' dir='ltr'>steres;</span> <span class='ocrx_word' id='word_1_662' title='bbox 2156 4589 2310 4662; x_wconf 91' lang='lat' dir='ltr'>quod</span> <span class='ocrx_word' id='word_1_663' title='bbox 2343 4590 2473 4661; x_wconf 89' lang='lat' dir='ltr'>post</span> <span class='ocrx_word' id='word_1_664' title='bbox 2513 4590 2568 4641; x_wconf 91' lang='lat' dir='ltr'>te</span> <span class='ocrx_word' id='word_1_665' title='bbox 2616 4601 2965 4658; x_wconf 91' lang='lat' dir='ltr'>cognoscere</span> <span class='ocrx_word' id='word_1_666' title='bbox 3009 4584 3163 4653; x_wconf 89' lang='lat' dir='ltr'>fecit,</span> <span class='ocrx_word' id='word_1_667' title='bbox 3198 4600 3333 4639; x_wconf 89' lang='lat' dir='ltr'>cum</span> <span class='ocrx_word' id='word_1_668' title='bbox 3379 4585 3546 4640; x_wconf 85' lang='lat' dir='ltr'>tanta</span> 
     </span>
    </p>
   </div>
   <div class='ocr_carea' id='block_1_96' title="bbox 142 4684 1791 4758">
    <p class='ocr_par' dir='ltr' id='par_1_96' title="bbox 142 4684 1791 4758">
     <span class='ocr_line' id='line_1_96' title="bbox 142 4684 1791 4758; baseline -0.001 -16"><span class='ocrx_word' id='word_1_669' title='bbox 142 4685 417 4755; x_wconf 91' lang='lat' dir='ltr'>visiones,</span> <span class='ocrx_word' id='word_1_670' title='bbox 469 4685 568 4758; x_wconf 92' lang='lat' dir='ltr'>qui</span> <span class='ocrx_word' id='word_1_671' title='bbox 618 4702 751 4741; x_wconf 90' lang='lat' dir='ltr'>eum</span> <span class='ocrx_word' id='word_1_672' title='bbox 798 4686 990 4743; x_wconf 91' lang='lat' dir='ltr'>vivere</span> <span class='ocrx_word' id='word_1_673' title='bbox 1041 4689 1389 4752; x_wconf 89' lang='lat' dir='ltr'>assererent,</span> <span class='ocrx_word' id='word_1_674' title='bbox 1444 4684 1791 4741; x_wconf 91' lang='lat' dir='ltr'>mulieribus</span> 
     </span>
    </p>
   </div>
   <div class='ocr_carea' id='block_1_97' title="bbox 146 4774 1790 4849">
    <p class='ocr_par' dir='ltr' id='par_1_97' title="bbox 146 4774 1790 4849">
     <span class='ocr_line' id='line_1_97' title="bbox 146 4774 1790 4849; baseline -0.001 -18"><span class='ocrx_word' id='word_1_675' title='bbox 146 4775 484 4849; x_wconf 89' lang='lat' dir='ltr'>apparuisse</span> <span class='ocrx_word' id='word_1_676' title='bbox 533 4779 897 4849; x_wconf 88' lang='lat' dir='ltr'>cognoverat.</span> <span class='ocrx_word' id='word_1_677' title='bbox 930 4775 1044 4831; x_wconf 90' lang='lat' dir='ltr'>Sed</span> <span class='ocrx_word' id='word_1_678' title='bbox 1077 4778 1238 4844; x_wconf 90' lang='lat' dir='ltr'>esto;</span> <span class='ocrx_word' id='word_1_679' title='bbox 1272 4775 1417 4830; x_wconf 88' lang='lat' dir='ltr'>forte</span> <span class='ocrx_word' id='word_1_680' title='bbox 1447 4774 1603 4831; x_wconf 91' lang='lat' dir='ltr'>enim</span> <span class='ocrx_word' id='word_1_681' title='bbox 1653 4792 1790 4830; x_wconf 92' lang='lat' dir='ltr'>mu-</span> 
     </span>
    </p>
   </div>
   <div class='ocr_carea' id='block_1_98' title="bbox 146 4863 1790 4932">
    <p class='ocr_par' dir='ltr' id='par_1_98' title="bbox 146 4863 1790 4932">
     <span class='ocr_line' id='line_1_98' title="bbox 146 4863 1790 4932; baseline 0.001 -14"><span class='ocrx_word' id='word_1_682' title='bbox 146 4863 352 4922; x_wconf 90' lang='lat' dir='ltr'>lierum</span> <span class='ocrx_word' id='word_1_683' title='bbox 397 4864 801 4921; x_wconf 87' lang='lat' dir='ltr'>inﬁrmitatem</span> <span class='ocrx_word' id='word_1_684' title='bbox 850 4864 1248 4932; x_wconf 89' lang='lat' dir='ltr'>considerans,</span> <span class='ocrx_word' id='word_1_685' title='bbox 1296 4863 1643 4921; x_wconf 90' lang='lat' dir='ltr'>mulieribus</span> <span class='ocrx_word' id='word_1_686' title='bbox 1674 4882 1790 4921; x_wconf 91' lang='lat' dir='ltr'>non</span> 
     </span>
    </p>
   </div>
   <div class='ocr_carea' id='block_1_99' title="bbox 148 4952 1791 5027">
    <p class='ocr_par' dir='ltr' id='par_1_99' title="bbox 148 4952 1791 5027">
     <span class='ocr_line' id='line_1_99' title="bbox 148 4952 1791 5027; baseline -0.001 -17"><span class='ocrx_word' id='word_1_687' title='bbox 148 4954 434 5011; x_wconf 88' lang='lat' dir='ltr'>credebat.</span> <span class='ocrx_word' id='word_1_688' title='bbox 467 4953 641 5023; x_wconf 87' lang='lat' dir='ltr'>Cedo,</span> <span class='ocrx_word' id='word_1_689' title='bbox 674 4954 937 5027; x_wconf 90' lang='lat' dir='ltr'>inquam,</span> <span class='ocrx_word' id='word_1_690' title='bbox 972 4957 1173 5010; x_wconf 90' lang='lat' dir='ltr'>sancte</span> <span class='ocrx_word' id='word_1_691' title='bbox 1202 4952 1446 5017; x_wconf 83' lang='lat' dir='ltr'>Thema,</span> <span class='ocrx_word' id='word_1_692' title='bbox 1479 4953 1528 5009; x_wconf 91' lang='lat' dir='ltr'>si</span> <span class='ocrx_word' id='word_1_693' title='bbox 1561 4953 1791 5009; x_wconf 92' lang='lat' dir='ltr'>duobus</span> 
     </span>
    </p>
   </div>
   <div class='ocr_carea' id='block_1_100' title="bbox 148 5042 1790 5117">
    <p class='ocr_par' dir='ltr' id='par_1_100' title="bbox 148 5042 1790 5117">
     <span class='ocr_line' id='line_1_100' title="bbox 148 5042 1790 5117; baseline -0.001 -17"><span class='ocrx_word' id='word_1_694' title='bbox 148 5042 451 5117; x_wconf 86' lang='lat' dir='ltr'>discipulis</span> <span class='ocrx_word' id='word_1_695' title='bbox 507 5044 578 5099; x_wconf 92' lang='lat' dir='ltr'>ad</span> <span class='ocrx_word' id='word_1_696' title='bbox 632 5042 940 5101; x_wconf 89' lang='lat' dir='ltr'>castellum</span> <span class='ocrx_word' id='word_1_697' title='bbox 990 5044 1272 5099; x_wconf 89' lang='lat' dir='ltr'>Emmaus</span> <span class='ocrx_word' id='word_1_698' title='bbox 1317 5043 1790 5114; x_wconf 89' lang='lat' dir='ltr'>properantibus,</span> 
     </span>
    </p>
   </div>
   <div class='ocr_carea' id='block_1_101' title="bbox 148 5130 1793 5206">
    <p class='ocr_par' dir='ltr' id='par_1_101' title="bbox 148 5130 1793 5206">
     <span class='ocr_line' id='line_1_101' title="bbox 148 5130 1793 5206; baseline 0.001 -20"><span class='ocrx_word' id='word_1_699' title='bbox 148 5132 361 5205; x_wconf 90' lang='lat' dir='ltr'>quibus</span> <span class='ocrx_word' id='word_1_700' title='bbox 391 5148 507 5189; x_wconf 90' lang='lat' dir='ltr'>non</span> <span class='ocrx_word' id='word_1_701' title='bbox 538 5131 732 5188; x_wconf 90' lang='lat' dir='ltr'>solum</span> <span class='ocrx_word' id='word_1_702' title='bbox 764 5132 1058 5206; x_wconf 87' lang='lat' dir='ltr'>apparuit,</span> <span class='ocrx_word' id='word_1_703' title='bbox 1091 5132 1191 5188; x_wconf 91' lang='lat' dir='ltr'>sed</span> <span class='ocrx_word' id='word_1_704' title='bbox 1221 5134 1279 5186; x_wconf 88' lang='lat' dir='ltr'>et</span> <span class='ocrx_word' id='word_1_705' title='bbox 1308 5130 1626 5202; x_wconf 72' lang='lat' dir='ltr'>scripturas</span> <span class='ocrx_word' id='word_1_706' title='bbox 1664 5148 1793 5204; x_wconf 70' lang='lat' dir='ltr'>quae</span> 
     </span>
    </p>
   </div>
   <div class='ocr_carea' id='block_1_102' title="bbox 150 5220 1795 5295">
    <p class='ocr_par' dir='ltr' id='par_1_102' title="bbox 150 5220 1795 5295">
     <span class='ocr_line' id='line_1_102' title="bbox 150 5220 1795 5295; baseline 0.001 -18"><span class='ocrx_word' id='word_1_707' title='bbox 150 5222 217 5277; x_wconf 90' lang='lat' dir='ltr'>de</span> <span class='ocrx_word' id='word_1_708' title='bbox 247 5238 311 5280; x_wconf 89' lang='lat' dir='ltr'>se</span> <span class='ocrx_word' id='word_1_709' title='bbox 340 5225 506 5279; x_wconf 90' lang='lat' dir='ltr'>erant</span> <span class='ocrx_word' id='word_1_710' title='bbox 532 5222 803 5295; x_wconf 89' lang='lat' dir='ltr'>apperuit</span> <span class='ocrx_word' id='word_1_711' title='bbox 821 5220 1098 5291; x_wconf 67' lang='lat' dir='ltr'>31°,immo</span> <span class='ocrx_word' id='word_1_712' title='bbox 1119 5220 1294 5279; x_wconf 90' lang='lat' dir='ltr'>etiam</span> <span class='ocrx_word' id='word_1_713' title='bbox 1316 5220 1639 5278; x_wconf 91' lang='lat' dir='ltr'>secundum</span> <span class='ocrx_word' id='word_1_714' title='bbox 1658 5237 1795 5278; x_wconf 90' lang='lat' dir='ltr'>con-</span> 
     </span>
    </p>
   </div>
   <div class='ocr_carea' id='block_1_103' title="bbox 1898 4672 3548 4746">
    <p class='ocr_par' dir='ltr' id='par_1_103' title="bbox 1898 4672 3548 4746">
     <span class='ocr_line' id='line_1_103' title="bbox 1898 4672 3548 4746; baseline -0.007 -6"><span class='ocrx_word' id='word_1_715' title='bbox 1898 4681 2140 4740; x_wconf 89' lang='lat' dir='ltr'>victoria</span> <span class='ocrx_word' id='word_1_716' title='bbox 2170 4675 2496 4735; x_wconf 90' lang='lat' dir='ltr'>honoravit.</span> <span class='ocrx_word' id='word_1_717' title='bbox 2530 4674 2724 4731; x_wconf 89' lang='lat' dir='ltr'>Sancti</span> <span class='ocrx_word' id='word_1_718' title='bbox 2757 4673 2973 4731; x_wconf 90' lang='lat' dir='ltr'>etenim</span> <span class='ocrx_word' id='word_1_719' title='bbox 3002 4672 3110 4729; x_wconf 91' lang='lat' dir='ltr'>viri</span> <span class='ocrx_word' id='word_1_720' title='bbox 3142 4672 3285 4746; x_wconf 92' lang='lat' dir='ltr'>quid</span> <span class='ocrx_word' id='word_1_721' title='bbox 3312 4672 3548 4730; x_wconf 90' lang='lat' dir='ltr'>virtutis</span> 
     </span>
    </p>
   </div>
   <div class='ocr_carea' id='block_1_104' title="bbox 1899 4761 3549 4839">
    <p class='ocr_par' dir='ltr' id='par_1_104' title="bbox 1899 4761 3549 4839">
     <span class='ocr_line' id='line_1_104' title="bbox 1899 4761 3549 4839; baseline -0.007 -9"><span class='ocrx_word' id='word_1_722' title='bbox 1899 4774 2173 4837; x_wconf 87' lang='lat' dir='ltr'>habeant,</span> <span class='ocrx_word' id='word_1_723' title='bbox 2206 4772 2263 4824; x_wconf 90' lang='lat' dir='ltr'>et</span> <span class='ocrx_word' id='word_1_724' title='bbox 2291 4764 2496 4839; x_wconf 88' lang='lat' dir='ltr'>quanti</span> <span class='ocrx_word' id='word_1_725' title='bbox 2547 4764 2606 4819; x_wconf 92' lang='lat' dir='ltr'>in</span> <span class='ocrx_word' id='word_1_726' title='bbox 2668 4767 2983 4836; x_wconf 90' lang='lat' dir='ltr'>conspectu</span> <span class='ocrx_word' id='word_1_727' title='bbox 3034 4762 3216 4819; x_wconf 92' lang='lat' dir='ltr'>divini</span> <span class='ocrx_word' id='word_1_728' title='bbox 3263 4761 3549 4819; x_wconf 87' lang='lat' dir='ltr'>examinis</span> 
     </span>
    </p>
   </div>
   <div class='ocr_carea' id='block_1_105' title="bbox 1902 4851 3549 4928">
    <p class='ocr_par' dir='ltr' id='par_1_105' title="bbox 1902 4851 3549 4928">
     <span class='ocr_line' id='line_1_105' title="bbox 1902 4851 3549 4928; baseline -0.007 -10"><span class='ocrx_word' id='word_1_729' title='bbox 1902 4861 2246 4926; x_wconf 90' lang='lat' dir='ltr'>consistant,</span> <span class='ocrx_word' id='word_1_730' title='bbox 2298 4854 2413 4911; x_wconf 88' lang='lat' dir='ltr'>nisi</span> <span class='ocrx_word' id='word_1_731' title='bbox 2465 4852 2855 4928; x_wconf 88' lang='lat' dir='ltr'>probaverint,</span> <span class='ocrx_word' id='word_1_732' title='bbox 2914 4852 3218 4925; x_wconf 88' lang='lat' dir='ltr'>ignorant;</span> <span class='ocrx_word' id='word_1_733' title='bbox 3267 4852 3423 4923; x_wconf 88' lang='lat' dir='ltr'>quod</span> <span class='ocrx_word' id='word_1_734' title='bbox 3474 4851 3549 4917; x_wconf 83' lang='lat' dir='ltr'>ad</span> 
     </span>
    </p>
   </div>
   <div class='ocr_carea' id='block_1_106' title="bbox 1902 4938 3549 5013">
    <p class='ocr_par' dir='ltr' id='par_1_106' title="bbox 1902 4938 3549 5013">
     <span class='ocr_line' id='line_1_106' title="bbox 1902 4938 3549 5013; baseline -0.007 -5"><span class='ocrx_word' id='word_1_735' title='bbox 1902 4949 2193 5009; x_wconf 88' lang='lat' dir='ltr'>Abraham</span> <span class='ocrx_word' id='word_1_736' title='bbox 2246 4945 2433 5000; x_wconf 85' lang='lat' dir='ltr'>ﬁlium</span> <span class='ocrx_word' id='word_1_737' title='bbox 2484 4940 2788 4999; x_wconf 89' lang='lat' dir='ltr'>immolare</span> <span class='ocrx_word' id='word_1_738' title='bbox 2828 4940 3118 5013; x_wconf 89' lang='lat' dir='ltr'>cupientis</span> <span class='ocrx_word' id='word_1_739' title='bbox 3145 4941 3211 4976; x_wconf 72' lang='lat'>3“</span> <span class='ocrx_word' id='word_1_740' title='bbox 3243 4956 3312 4996; x_wconf 86' lang='lat' dir='ltr'>ex</span> <span class='ocrx_word' id='word_1_741' title='bbox 3356 4938 3549 4996; x_wconf 86' lang='lat' dir='ltr'>verbis</span> 
     </span>
    </p>
   </div>
   <div class='ocr_carea' id='block_1_107' title="bbox 1904 5027 3551 5113">
    <p class='ocr_par' dir='ltr' id='par_1_107' title="bbox 1904 5027 3551 5113">
     <span class='ocr_line' id='line_1_107' title="bbox 1904 5027 3551 5113; baseline -0.009 -17"><span class='ocrx_word' id='word_1_742' title='bbox 1904 5038 2094 5113; x_wconf 87' lang='lat' dir='ltr'>angeli</span> <span class='ocrx_word' id='word_1_743' title='bbox 2124 5033 2371 5092; x_wconf 89' lang='lat' dir='ltr'>dicentis</span> <span class='ocrx_word' id='word_1_744' title='bbox 2394 5033 2663 5106; x_wconf 89' lang='lat' dir='ltr'>colligere</span> <span class='ocrx_word' id='word_1_745' title='bbox 2693 5047 3039 5104; x_wconf 89' lang='lat' dir='ltr'>possumus;</span> <span class='ocrx_word' id='word_1_746' title='bbox 3069 5029 3151 5085; x_wconf 90' lang='lat' dir='ltr'>ait</span> <span class='ocrx_word' id='word_1_747' title='bbox 3179 5027 3375 5084; x_wconf 90' lang='lat' dir='ltr'>enim:</span> <span class='ocrx_word' id='word_1_748' title='bbox 3409 5048 3438 5079; x_wconf 84' lang='lat'><strong>«</strong></span> <span class='ocrx_word' id='word_1_749' title='bbox 3466 5027 3551 5084; x_wconf 87' lang='lat' dir='ltr'>Ne</span> 
     </span>
    </p>
   </div>
   <div class='ocr_carea' id='block_1_108' title="bbox 1904 5114 3550 5194">
    <p class='ocr_par' dir='ltr' id='par_1_108' title="bbox 1904 5114 3550 5194">
     <span class='ocr_line' id='line_1_108' title="bbox 1904 5114 3550 5194; baseline -0.008 -8"><span class='ocrx_word' id='word_1_750' title='bbox 1904 5128 2184 5187; x_wconf 84' lang='lat' dir='ltr'>extendas</span> <span class='ocrx_word' id='word_1_751' title='bbox 2214 5138 2456 5180; x_wconf 91' lang='lat' dir='ltr'>manum</span> <span class='ocrx_word' id='word_1_752' title='bbox 2486 5126 2651 5179; x_wconf 90' lang='lat' dir='ltr'>tuam</span> <span class='ocrx_word' id='word_1_753' title='bbox 2683 5136 2860 5194; x_wconf 88' lang='lat' dir='ltr'>super</span> <span class='ocrx_word' id='word_1_754' title='bbox 2885 5133 3351 5194; x_wconf 91' lang='lat' dir='ltr'>puerum,neque</span> <span class='ocrx_word' id='word_1_755' title='bbox 3371 5114 3550 5174; x_wconf 85' lang='lat' dir='ltr'>facias</span> 
     </span>
    </p>
   </div>
   <div class='ocr_carea' id='block_1_109' title="bbox 1905 5205 3549 5292">
    <p class='ocr_par' dir='ltr' id='par_1_109' title="bbox 1905 5205 3549 5292">
     <span class='ocr_line' id='line_1_109' title="bbox 1905 5205 3549 5292; baseline -0.01 -16"><span class='ocrx_word' id='word_1_756' title='bbox 1905 5220 1989 5276; x_wconf 90' lang='lat' dir='ltr'>illi</span> <span class='ocrx_word' id='word_1_757' title='bbox 2020 5216 2378 5292; x_wconf 89' lang='lat' dir='ltr'>quicquam;</span> <span class='ocrx_word' id='word_1_758' title='bbox 2420 5228 2581 5269; x_wconf 90' lang='lat' dir='ltr'>nunc</span> <span class='ocrx_word' id='word_1_759' title='bbox 2628 5210 2869 5285; x_wconf 87' lang='lat' dir='ltr'>cognovi</span> <span class='ocrx_word' id='word_1_760' title='bbox 2898 5208 3054 5283; x_wconf 93' lang='lat' dir='ltr'>quod</span> <span class='ocrx_word' id='word_1_761' title='bbox 3096 5205 3304 5265; x_wconf 88' lang='lat' dir='ltr'>timeas</span> <span class='ocrx_word' id='word_1_762' title='bbox 3351 5205 3549 5263; x_wconf 88' lang='lat' dir='ltr'>Domi-</span> 
     </span>
    </p>
   </div>
   <div class='ocr_carea' id='block_1_110' title="bbox 1491 5388 2189 5449">
    <p class='ocr_par' dir='ltr' id='par_1_110' title="bbox 1491 5388 2189 5449">
     <span class='ocr_line' id='line_1_110' title="bbox 1491 5388 2189 5449; baseline -0.003 -4"><span class='ocrx_word' id='word_1_763' title='bbox 1491 5390 1731 5449; x_wconf 79' lang='lat' dir='ltr'>VARle</span> <span class='ocrx_word' id='word_1_764' title='bbox 1771 5388 2189 5449; x_wconf 87' lang='lat' dir='ltr'>LECTIONES.</span> 
     </span>
    </p>
   </div>
   <div class='ocr_carea' id='block_1_111' title="bbox 216 5501 3554 5600">
    <p class='ocr_par' dir='ltr' id='par_1_111' title="bbox 216 5501 3554 5600">
     <span class='ocr_line' id='line_1_111' title="bbox 216 5501 3554 5600; baseline -0 1"><span class='ocrx_word' id='word_1_765' title='bbox 216 5517 284 5554; x_wconf 83' lang='grc'>³⁰⁶</span> <span class='ocrx_word' id='word_1_766' title='bbox 312 5517 888 5600; x_wconf 58' lang='grc' dir='ltr'>οοηὶυρᾶμηκθγαῌ-</span> <span class='ocrx_word' id='word_1_767' title='bbox 938 5516 1034 5600; x_wconf 61' lang='grc' dir='ltr'>.Ῡ⁰⁷</span> <span class='ocrx_word' id='word_1_768' title='bbox 1060 5516 1384 5600; x_wconf 59' lang='lat' dir='ltr'>Potestas“</span> <span class='ocrx_word' id='word_1_769' title='bbox 1418 5517 1469 5572; x_wconf 73' lang='lat'>1°</span> <span class='ocrx_word' id='word_1_770' title='bbox 1545 5517 1939 5600; x_wconf 43' lang='lat' dir='ltr'>“tentanda</span> <span class='ocrx_word' id='word_1_771' title='bbox 1969 5518 2044 5591; x_wconf 80' lang='lat'>(5-</span> <span class='ocrx_word' id='word_1_772' title='bbox 2078 5516 2115 5572; x_wconf 83' lang='lat'>5</span> <span class='ocrx_word' id='word_1_773' title='bbox 2138 5513 2218 5597; x_wconf 53' lang='lat' dir='ltr'>ac)</span> <span class='ocrx_word' id='word_1_774' title='bbox 2246 5511 2369 5600; x_wconf 53' lang='lat' dir='ltr'>ire?</span> <span class='ocrx_word' id='word_1_775' title='bbox 2403 5502 3219 5600; x_wconf 60' lang='lat' dir='ltr'>Vi.‘f€_§;9f’z‘f&quot;i€.£’j‘ft“€&quot;jf‘</span> <span class='ocrx_word' id='word_1_776' title='bbox 3239 5501 3554 5600; x_wconf 48' lang='lat'>5.1.83-3“!</span> 
     </span>
    </p>
   </div>
   <div class='ocr_carea' id='block_1_112' title="bbox 150 5577 3549 5664">
    <p class='ocr_par' dir='ltr' id='par_1_112' title="bbox 150 5577 3549 5664">
     <span class='ocr_line' id='line_1_112' title="bbox 150 5577 3549 5664; baseline -0.003 -18"><span class='ocrx_word' id='word_1_777' title='bbox 150 5577 580 5664; x_wconf 63' lang='lat' dir='ltr'>concons&#39;tabit</span> <span class='ocrx_word' id='word_1_778' title='bbox 610 5591 661 5645; x_wconf 84' lang='lat'>1.</span> <span class='ocrx_word' id='word_1_779' title='bbox 692 5589 902 5647; x_wconf 83' lang='lat' dir='ltr'>duabus</span> <span class='ocrx_word' id='word_1_780' title='bbox 932 5577 1114 5664; x_wconf 54' lang='lat' dir='ltr'>lineis.</span> <span class='ocrx_word' id='word_1_781' title='bbox 1190 5590 1411 5664; x_wconf 68' lang='lat' dir='ltr'>3&#39;°__i._e.</span> <span class='ocrx_word' id='word_1_782' title='bbox 1437 5589 1683 5664; x_wconf 81' lang='lat' dir='ltr'>aperuit.</span> <span class='ocrx_word' id='word_1_783' title='bbox 1724 5591 1831 5664; x_wconf 24' lang='lat' dir='ltr'>J3“</span> <span class='ocrx_word' id='word_1_784' title='bbox 1862 5577 1996 5664; x_wconf 62' lang='lat' dir='ltr'>lege</span> <span class='ocrx_word' id='word_1_785' title='bbox 2043 5577 2376 5664; x_wconf 77' lang='lat' dir='ltr'>cupientem</span> <span class='ocrx_word' id='word_1_786' title='bbox 2401 5578 3028 5664; x_wconf 42' lang='lat' dir='ltr'>i‘qonstruptio‘scilicet</span> <span class='ocrx_word' id='word_1_787' title='bbox 3074 5579 3191 5658; x_wconf 52' lang='lat' dir='ltr'>haec</span> <span class='ocrx_word' id='word_1_788' title='bbox 3230 5585 3354 5638; x_wconf 75' lang='lat' dir='ltr'>est:</span> <span class='ocrx_word' id='word_1_789' title='bbox 3385 5577 3549 5661; x_wconf 83' lang='lat' dir='ltr'>Quod</span> 
     </span>
    </p>
   </div>
   <div class='ocr_carea' id='block_1_113' title="bbox 149 5646 2937 5738">
    <p class='ocr_par' dir='ltr' id='par_1_113' title="bbox 149 5646 2937 5738">
     <span class='ocr_line' id='line_1_113' title="bbox 149 5646 2937 5738; baseline -0.005 -12"><span class='ocrx_word' id='word_1_790' title='bbox 149 5660 413 5738; x_wconf 79' lang='lat' dir='ltr'>colligere</span> <span class='ocrx_word' id='word_1_791' title='bbox 441 5677 762 5737; x_wconf 83' lang='lat' dir='ltr'>possumus</span> <span class='ocrx_word' id='word_1_792' title='bbox 792 5646 867 5723; x_wconf 81' lang='lat' dir='ltr'>ex</span> <span class='ocrx_word' id='word_1_793' title='bbox 884 5646 1083 5723; x_wconf 83' lang='lat' dir='ltr'>verbis</span> <span class='ocrx_word' id='word_1_794' title='bbox 1108 5659 1300 5737; x_wconf 83' lang='lat' dir='ltr'>angeli</span> <span class='ocrx_word' id='word_1_795' title='bbox 1322 5646 1571 5722; x_wconf 72' lang='lat' dir='ltr'>dicentis</span> <span class='ocrx_word' id='word_1_796' title='bbox 1600 5662 1673 5722; x_wconf 85' lang='lat' dir='ltr'>ad</span> <span class='ocrx_word' id='word_1_797' title='bbox 1703 5646 2002 5725; x_wconf 66' lang='lat' dir='ltr'>Abraham</span> <span class='ocrx_word' id='word_1_798' title='bbox 2031 5646 2365 5737; x_wconf 69' lang='lat' dir='ltr'>cupientem</span> <span class='ocrx_word' id='word_1_799' title='bbox 2396 5646 2586 5712; x_wconf 78' lang='lat' dir='ltr'>ﬁlium</span> <span class='ocrx_word' id='word_1_800' title='bbox 2609 5646 2937 5713; x_wconf 77' lang='lat' dir='ltr'>immolare.</span> 
     </span>
    </p>
   </div>
  </div>
