4050 6388
481 351 598 416 801

1435 346 1906 413 LIUTPBANDI
1949 343 2504 410 CREMONENSIS
2548 343 2926 409 EPISGOPI.

3778 337 3925 404 8ὶὲ

487 501 630 542 num
661 483 810 555 (Gen.
834 499 974 549 xxii,
1005 482 1117 554 12),
1155 505 1182 532 ››
1215 482 1270 539 id
1299 487 1392 539 est
1423 485 1479 538 te
1517 481 1713 553 ipsum
1761 485 1822 537 et
1867 484 2127 552 posteros
2156 479 2212 546 Α
2243 479 2420 536 saluti
2452 485 2588 546 tum,
2617 478 2743 536 loca
2771 479 2893 538 haec
2924 478 3197 534 deserens
3216 480 3278 534 .et
3307 474 3618 536 Samiam
3665 478 3918 547 petens.

485 588 828 646 cognoscere
876 571 1005 626 feci.
1055 571 1306 627 Noverat
1353 569 1508 626 enim
1557 569 1842 625 Dominus
1891 573 1947 625 et
1997 572 2128 624 ante

483 677 661 733 quam
694 659 882 718 ﬁlium
916 659 1221 717 immolare
1246 657 1437 726 vellet,
1472 663 1692 731 quanta
1719 658 2012 714 Abraham
2037 674 2132 729 pa-

481 749 740 806 triarcha
765 753 1008 806 sanctus
1039 765 1174 804 eum
1202 747 1443 804 caritate
1474 748 1776 819 diligeret;
1812 747 1912 804 sed
1943 747 1995 801 is
2027 746 2128 818 qui

480 837 780 910 diligebat,
813 855 989 909 quam
1023 837 1270 909 perfecte
1315 837 1602 909 diligeret,
1635 853 1751 893 non
1802 835 1984 901 novit,
2027 836 2126 889 do-

478 943 584 984 nec
597 926 905 999 perdilecti
923 926 1023 982 ﬁlii
1038 926 1499 982 immolationem
1515 925 1882 998 apertissime
1895 923 2126 979 claruit.

478 1015 799 1072 Possumus
829 1020 886 1071 et
925 1015 1074 1071 hanc
1117 1032 1186 1070 ex
1217 1015 1370 1070 beati
1403 1015 1554 1070 Petri
1587 1014 1976 1085 promissione
1997 1030 2127 1068 sen-

477 1103 718 1166 tentiam
750 1105 1131 1177 approbare.«
1157 1104 1420 1170 Domine,
1446 1103 1857 1175 inquit,tecum
1889 1105 2128 1174 paratus

475 1209 609 1254 sum
657 1197 715 1249 et
762 1194 821 1249 in
871 1209 1161 1249 carcerem
1210 1197 1267 1248 et
1314 1193 1372 1248 in
1406 1196 1650 1248 mortem
1687 1191 1789 1246 ire.
1826 1214 1854 1240 ››
1887 1191 1988 1246 Cui
2022 1190 2128 1245 Do-

473 1282 719 1342 minus:
774 1303 802 1334 «
853 1283 986 1338 Dico
1038 1281 1165 1348 tibi,
1199 1281 1300 1350 ait,
1355 1282 1540 1348 Petre,
1594 1297 1708 1336 non
1761 1279 2019 1336 cantabit
2068 1279 2125 1333 in

474 1370 583 1430 hac
615 1374 782 1430 nocte
802 1370 1204 1443 gallus,donec
1234 1373 1322 1425 ter
1352 1370 1606 1441 abneges
1640 1385 1813 1425 nosse
1843 1385 1938 1423 me
1970 1368 2122 1438 (Luc.

474 1476 614 1525 xxxi,
642 1459 758 1531 33).
808 1481 836 1508 »
885 1460 927 1514 Ο
973 1463 1174 1516 sancte
1227 1459 1412 1528 Petre,
1467 1458 1681 1515 melius
1731 1473 1908 1528 quam
1960 1461 2021 1512 tu
2071 1460 2126 1512 te

474 1547 632 1605 novit
670 1547 773 1620 qui
818 1548 953 1605 fecit
996 1551 1071 1604 te.
1119 1549 1205 1603 Tu
1265 1546 1575 1619 proﬁteris,
1629 1545 2124 1618 quemadmodum

473 1639 671 1708 putas,
701 1651 897 1693 veram
929 1634 1236 1701 ﬁdem;sed
1271 1633 1369 1705 qui
1406 1633 1750 1704 priusquam
1776 1632 2127 1688 ﬁantomnia

475 1724 663 1791 novit,
694 1727 782 1780 ter
824 1740 892 1778 se
944 1727 1294 1795 negaturum
1339 1728 1394 1780 te
1441 1739 1570 1779 esse
1619 1721 1902 1794 praedixit.
1937 1721 2124 1791 Hujus

2240 570 2352 624 Nec
2383 569 2530 624 clam
2565 572 2620 624 te
2651 572 2757 635 est,
2791 567 2947 638 quod
2997 565 3303 622 Heinricus
3353 565 3532 620 frater
3577 567 3721 620 tuus
3770 561 3920 618 bel-

2239 658 2361 714 lum
2393 659 2498 714 tibi
2529 658 2739 713 inferre
2769 661 3048 722 conetur;
3086 653 3185 726 qui
3219 653 3265 710 si
3299 657 3421 711 tam
3455 670 3664 724 pravas
3700 657 3919 709 tecum

2239 764 2366 803 esse
2399 747 2599 819 copias
2651 745 2919 809 senserit,
2953 744 3036 799 ita
3078 743 3260 800 irruet
3299 742 3658 813 repentinus,
3694 744 3762 796 ut
3796 756 3920 796 nee

2239 835 2498 907 fugiendi
2543 834 2780 906 quidem
2827 833 2906 888 sit
2952 832 3136 889 locus.
3187 830 3394 888 Melius
3441 834 3531 885 est
3577 829 3761 902 igitur
3813 847 3920 886 re-

2240 930 2443 996 parato
2474 923 2725 980 exercitu
2759 921 2971 978 iterum
3026 922 3234 987 redire,
3270 936 3444 991 quam
3477 923 3578 975 aut
3607 917 3761 975 mori
3795 918 3920 976 mi-

2237 1030 2380 1082 sere,
2444 1017 2543 1067 aut
2581 1011 2830 1083 turpiter
2853 1011 3069 1082 fugere.
3123 1032 3150 1060 »
3183 1008 3405 1072 Quibus
3449 1025 3546 1065 rex
3593 1008 3906 1078 inperter-

2239 1103 2408 1167 ritus,
2442 1106 2507 1156 ut
2536 1101 2832 1172 quondam
2869 1099 2994 1155 suis
3021 1098 3206 1154 Judas
3240 1101 3627 1168 cognomento
3654 1095 3908 1152 Macha-

2239 1193 2400 1247 bzeus
2435 1209 2447 1247 :
2503 1213 2531 1240 «
2576 1189 2783 1254 Nolite,
2825 1189 2926 1254 ait,
2978 1187 3155 1244 nolite
3205 1186 3350 1242 talia
3379 1185 3578 1258 loqui;
3614 1191 3673 1240 et
3703 1185 3754 1241 si
3789 1185 3909 1240 ad-

2238 1279 2651 1352 propinuqavit
2699 1281 2932 1348 tempus
2962 1282 3252 1342 nostrum,
3301 1274 3624 1331 moriamur
3670 1274 3732 1330 in
3779 1273 3912 1328 vir-

2238 1374 2380 1436 tute,
2413 1374 2471 1424 et
2502 1385 2614 1424 non
2637 1367 2962 1422 inferamus
2984 1365 3202 1421 crimen
3233 1363 3430 1437 gloria;
3463 1369 3672 1420 nostris
3699 1366 3751 1435 (1
3781 1368 3913 1420 Μα-

2235 1457 2390 1512 rhab.
2433 1474 2512 1522 IX,
2566 1457 2675 1524 10).
2728 1455 2936 1512 Melius
2981 1460 3072 1510 est
3119 1454 3276 1510 enim
3323 1470 3425 1524 pro
3476 1469 3612 1508 vera
3653 1451 3910 1523 justitia

2236 1551 2482 1602 mortem
2513 1546 2916 1617 subire,quam
2951 1560 3077 1600 eam
3110 1543 3385 1616 fugiendo
3408 1541 3663 1614 turpiter
3677 1542 3906 1596 vivere.

2235 1635 2494 1706 Denique
2526 1634 2575 1690 si
2608 1633 2738 1689 illos
2767 1632 2867 1688 Dei
2919 1631 3269 1690 ordinationi
3323 1631 3685 1696 resistentes,
3721 1630 3902 1686 auxi-

2235 1723 2378 1779 lium
2409 1741 2445 1779 a
2475 1723 2854 1778 multitudine
2882 1722 3006 1777 sola
3035 1725 3092 1776 et
3148 1737 3262 1776 non
3313 1737 3346 1775 a
3388 1720 3504 1775 Deo
3556 1725 3900 1791 sperantes,

475 1812 692 1911 quippe
721 1812 1022 1911 sententiis
1067 1829 1181 1868 non
1232 1812 1540 1877 inmemor.
1587 1827 1721 1866 cum
1772 1815 1827 1866 te
1872 1814 2124 1882 postmo—
2153 1846 2200 1911 Β
2231 1813 2452 1884 injuste
2483 1811 2754 1883 praeliari,
2789 1811 2934 1866 mori
2968 1815 3024 1865 et
3055 1811 3127 1864 ad
3169 1807 3606 1864 irremissibiles
3656 1807 3903 1864 herebri

475 1901 641 1969 dum,
667 1917 747 1960 an
797 1917 859 1958 se
907 1899 1180 1973 diligeres
1211 1902 1298 1969 ³³³,
1331 1900 1739 1972 interrogaret,
1772 1898 1960 1972 magis
2007 1898 2121 1971 ipsi

474 1991 717 2048 credens
747 2006 924 2062 quam
956 1990 1086 2061 tibi,
1129 2006 1387 2048 amorem
1419 1993 1585 2046 tuum
1639 1988 1748 2044 hac
1800 1993 2122 2060 temperata

472 2078 850 2152 responsione
881 2078 1431 2145 declarasti,dicens
1460 2095 1471 2132 :
1505 2101 1531 2127 «
1567 2078 1897 2143 Demine,tu
1923 2077 2122 2132 omnia

471 2169 648 2235 nosti,
695 2172 756 2223 tu
812 2168 926 2227 scis
975 2168 1114 2240 quia
1160 2184 1294 2224 amo
1343 2172 1398 2222 te
1444 2168 1622 2239 (Joan.
1655 2184 1769 2233 χχι,
1814 2167 1920 2238 15).
1968 2166 2119 2221 Con-

470 2257 714 2314 scientia
745 2256 980 2329 quidem
1016 2273 1147 2312 mea
1178 2255 1310 2328 plus
1342 2255 1520 2328 diligo
1552 2261 1606 2311 te
1637 2273 1816 2327 quam
1860 2272 1972 2321 me,
2006 2254 2119 2310 nisi

469 2346 608 2418 quia
637 2349 693 2402 te
722 2345 1016 2418 diligendo
1045 2345 1226 2417 diligo
1260 2361 1374 2400 me.
1409 2345 1614 2401 Utrum
1655 2349 1874 2412 autem,
1907 2347 1972 2398 ut
2001 2343 2119 2398 exi-

470 2435 669 2501 stimo,
717 2433 800 2490 ita
846 2449 974 2490 sese
1031 2433 1244 2494 veritas
1301 2433 1536 2501 habeat,
1597 2433 1721 2504 ipse
1777 2449 1954 2505 quam
2013 2448 2118 2502 ego

470 2521 680 2580 melius
729 2522 903 2589 nosti,
955 2521 1057 2593 qui
1110 2539 1200 2577 me
1245 2525 1310 2577 ut
1353 2537 1543 2576 essem
1598 2520 1806 2588 fecisti,
1853 2520 1904 2575 ei
1959 2525 2023 2574 ut
2065 2525 2120 2575 to

469 2609 773 2683 diligerem
789 2609 1328 2680 amorejustissimo
1344 2609 1784 2664 inﬂammasti.»
1811 2610 1964 2664 Bone
1981 2609 2121 2664 itaa-

469 2715 585 2771 que
615 2715 852 2766 rex,non
884 2698 956 2755 ob
985 2703 1152 2756 tuam
1183 2698 1292 2754 hoc
1305 2698 1406 2754 sed
1437 2698 1510 2754 ob
1535 2698 1903 2754 infirmorum
1923 2705 2115 2754 actum

471 2792 560 2843 est
592 2788 789 2857 ﬁdem,
823 2787 921 2858 qui
952 2785 1254 2843 victoriam
1302 2803 1419 2844 non
1471 2787 1582 2843 nisi
1632 2786 1689 2842 in
1743 2787 2116 2843 multitudine

469 2880 680 2949 putant
699 2875 1014 2932 consistere
1030 2881 1087 2931 et
1101 2875 1394 2931 humanas
1408 2893 1497 2932 res
1519 2892 1633 2932 non
1666 2877 1778 2932 nisi
1796 2876 1853 2931 in
1868 2877 2112 2933 fortuitu

469 2965 790 3037 provenire.
842 2963 1073 3022 Scimus
1121 2964 1300 3031 enim,
1337 2964 1475 3036 quia
1516 2969 1573 3021 et
1619 2964 1668 3022 si
1708 2982 1841 3022 cum
1875 2965 2114 3022 milibus

466 3056 534 3090 ³³³
563 3053 891 3127 legionibus
925 3053 1204 3112 transiros
1235 3071 1299 3109 ac
1331 3054 1629 3113 victoriam
1663 3055 1975 3126 optineres,
1997 3072 2112 3111 non

467 3161 594 3202 eam
625 3145 873 3212 tibi,-sed
909 3142 1174 3211 Domino,
1205 3142 1546 3216 imputares.
1572 3144 1640 3199 Et
1669 3143 1788 3200 haec
1820 3143 1967 3200 ratio
1999 3149 2106 3212 est,

2232 1918 2432 1973 pmnas
2465 1901 2813 1956 descendere
2846 1900 3034 1970 juvat,
3071 1897 3489 1954 nichilominus
3539 1913 3656 1952 non
3703 1896 3902 1953 immo

2231 1990 2422 2046 acrius
2455 2005 2713 2061 pugnare
2743 1987 3122 2059 delcctet,qui
3154 1991 3209 2041 et
3242 1985 3488 2058 praeliari
3523 1985 3902 2058 projusticia

2231 2079 2442 2145 securi,
2474 2084 2529 2135 et
2559 2076 2894 2150 praeliando,
2931 2077 2978 2132 si
3008 2093 3136 2131 sors
3168 2075 3362 2132 carnis
3415 2076 3699 2132 universae
3734 2075 3898 2131 acci-

2231 2167 2398 2233 derit,
2431 2167 2694 2224 securius
2729 2182 3046 2238 possumus
3093 2165 3261 2221 mori.
3298 2164 3444 2219 Nam
3494 2179 3595 2234 pro
3635 2164 3900 2234 justieia

2193 2245 2613 2329 'pugnaturos,
2649 2256 2721 2311 ob
2752 2255 3052 2327 copiarum
3087 2253 3438 2326 paucitatem
3484 2256 3618 2307 ante
3670 2269 3898 2326 pugna:

2230 2346 2690 2417 experimentum
2721 2349 2887 2416 terga
2915 2344 3073 2410 dare,
3109 2343 3224 2398 Deo
3255 2341 3519 2396 diffidere
3558 2345 3668 2396 est.
3707 2364 3734 2389 ››
3785 2341 3897 2397 His

2231 2433 2400 2490 dictis
2432 2451 2545 2489 non
2579 2433 2769 2489 solum
2801 2450 2900 2488 eos
2939 2449 2973 2487 a
3019 2432 3170 2503 fugis
3220 2429 3517 2503 proposito
3567 2430 3890 2499 revocavit,

2227 2539 2427 2579 verum
2459 2523 2656 2588 etiam,
2692 2526 2755 2576 ut
2801 2521 3173 2577 vehementer
3219 2522 3567 2591 pugnarent,
3603 2519 3889 2590 protinus

2228 2613 2524 2670 animavit.

2295 2706 2384 2757 27.
2423 2702 2608 2756 Unum
2658 2705 2876 2766 autem,
2929 2715 3135 2764 unum,
3188 2701 3352 2770 pater
3403 2696 3654 2768 egregie,
3701 2697 3890 2754 velim

2225 2791 2536 2862 diligenter
2563 2789 2848 2847 adtendas
2873 2807 2886 2855 ;
2915 2789 3069 2859 quod
3107 2805 3236 2842 cum
3267 2786 3540 2854 audieris,
3578 2786 3711 2858 plus
3741 2805 3889 2844 eum

2225 2880 2404 2937 animi
2434 2880 2737 2952 passiones
2761 2894 2936 2949 quam
2969 2877 3166 2932 hostes
3197 2877 3403 2931 vicisse
3427 2874 3892 2932 miraberis.Hu-

2215 2969 2479 3042 jusmodi
2507 2968 2734 3024 vincere
2764 2967 3148 3033 adversarios,
3174 2966 3543 3037 permittente
3563 2966 3702 3035 Deo,
3728 2983 3885 3022 non-

2223 3074 2550 3130 numquam
2581 3061 2638 3112 et
2667 3061 2996 3128 peccatores
3029 3059 3292 3126 possunt;
3327 3053 3740 3111 inconcussam
3776 3073 3886 3112 au-

2220 3153 2337 3204 tem
2385 3145 2566 3203 animi
2615 3150 2810 3200 tenere
2839 3143 3131 3213 virtutem,
3166 3143 3475 3216 prospasris
3501 3142 3724 3199 scilicet
3755 3162 3883 3201 non

466 3233 620 3305 quod
653 3237 706 3290 te
733 3234 795 3290 in
849 3233 1051 3306 paucis
1100 3233 1319 3289 orando
1367 3232 1550 3288 voluit
1582 3234 1829 3299 vincere,
1868 3238 1929 3288 ut
1967 3239 2022 3288 et
2051 3233 2109 3288 in
2143 3214 2185 3281 ί]
2220 3237 2431 3294 elevari
2462 3240 2520 3292 et
2549 3234 2807 3292 adversis
2839 3251 2955 3289 non
2983 3214 3194 3305 frangi,
3228 3214 3618 3304 perfecturum
3645 3233 3879 3290 solum-

465 3339 526 3379 se
552 3326 854 3392 sperantes
887 3323 952 3377 ad
988 3339 1249 3378 amorem
1279 3321 1371 3378 sui
1405 3321 1594 3394 magis
1644 3323 1999 3389 accenderet,
2031 3326 2106 3390 et,

463 3413 522 3465 te
551 3415 841 3481 quantum
893 3409 1180 3481 diligeret,
1215 3409 1610 3470 nescientibus
1661 3410 1965 3476 indicaret,
1999 3412 2109 3467 Sed

464 3497 560 3554 his
591 3497 889 3566 obmisais,
917 3498 988 3552 ad
1021 3498 1295 3554 narrandi
1325 3497 1538 3554 seriem
1569 3499 1878 3555 redeamus
1897 3500 1984 3554 3”.

536 3587 627 3641 26.
661 3586 763 3641 Est
788 3586 849 3641 in
881 3584 1117 3641 Alsacize
1177 3585 1444 3660 partibus
1493 3587 1818 3655 castellum,
1851 3587 2110 3644 Brisicau

467 3674 617 3746 (124)
651 3674 837 3745 patrio
866 3673 1148 3730 vocabulo
1167 3677 1754 3748 nuncupatum,quod
1785 3681 1843 3732 et
1871 3677 2110 3734 Rhenus

469 3763 798 3824 immodum
845 3760 1051 3820 insulae
1101 3762 1362 3834 cingens,
1395 3768 1451 3818 et
1495 3764 1780 3820 naturalis
1828 3764 1958 3836 ipsa
1999 3764 2111 3822 loci

467 3850 752 3922 asperitas
782 3851 994 3910 munit.
1027 3851 1092 3908 In
1140 3851 1250 3908 hoc
1298 3852 1493 3924 itaque
1537 3870 1785 3910 suorum
1835 3853 2110 3911 Hevcrar-

467 3941 578 3999 dus
601 3943 874 4013 posuerat
891 3940 1331 3999 multitudinem
1344 3941 1810 4014 militum,quoru
1821 3961 1877 3998 m
1892 3947 2110 4000 terrore

465 4047 580 4088 non
611 4029 802 4088 solum
834 4047 1108 4103 magnam
1132 4031 1242 4088 sibi
1271 4034 1494 4102 partem
1529 4032 1779 4103 praefatae
1801 4033 2106 4104 provincia:

463 4118 825 4186 vendicabat,
858 4136 1058 4176 verum
1090 4119 1267 4176 etiam
1297 4119 1680 4177 circumcirca
1725 4121 1875 4194 regis
1906 4122 2107 4181 ﬁdeles

463 4208 674 4265 misere
704 4207 980 4265 laniabat.
1017 4209 1136 4265 Rex
1167 4209 1418 4280 denique
1449 4209 1658 4278 bonus,
1689 4227 1805 4265 non
1841 4228 1968 4282 quae
2000 4230 2108 4268 sua

462 4299 560 4355 sed
597 4315 723 4370 quae
753 4315 994 4356 suorum
1025 4303 1192 4355 erant
1237 4298 1634 4365 considerans,
1668 4299 1907 4356 collecto
1953 4318 2107 4358 exer-

461 4388 603 4453 citu,
634 4387 696 4444 in
719 4387 1021 4454 Alsatiam,
1057 4391 1121 4444 ut
1159 4389 1465 4460 praefatum
1514 4393 1772 4445 castrum
1819 4391 2102 4461 obsideat,

459 4477 1138 4550 praticisoitur.Cumque
1166 4479 1366 4534 eodem
1400 4479 1779 4550 pervenisset,
1796 4481 2101 4549 Frederici,

2221 3327 2392 3382 modo
2425 3328 2532 3380 est.
2566 3323 2713 3380 Audi
2747 3322 2925 3394 igitur
2951 3323 3010 3378 in
3043 3326 3207 3377 tanta
3235 3321 3344 3377 hac
3375 3322 3696 3378 ﬂuctuante
3739 3339 3881 3394 pro-

2221 3414 2366 3471 cella
2394 3431 2509 3485 quo
2549 3412 2683 3469 ﬁdei
2735 3427 2913 3482 supra
2960 3414 3206 3482 petram,
3264 3426 3391 3482 quae
3442 3409 3714 3466 Christus
3759 3417 3877 3478 est,

2220 3503 2297 3559 sit
2323 3503 2526 3559 ardore
2554 3501 2853 3557 fundatus.
2883 3499 3089 3554 Comes
3119 3498 3361 3570 quidam
3395 3502 3536 3554 tunc
3587 3499 3880 3570 praedives

2221 3609 2420 3649 secum
2453 3595 2594 3659 erat,
2629 3590 2797 3660 cujus
2831 3587 3146 3644 multitudo
3178 3587 3436 3644 militum
3486 3586 3639 3660 regis
3686 3587 3879 3652 aciem

2219 3681 2662 3738 condecorabat.
2697 3678 2800 3734 Hie
2849 3677 3046 3748 itaque
3093 3677 3316 3744 videns,
3352 3693 3528 3748 quam
3580 3675 3878 3747 plurimos

2219 3789 2288 3828 ex
2340 3771 2492 3843 regis
2525 3769 2646 3826 acie
2692 3769 3015 3824 desertores
3063 3783 3128 3846 ac
3171 3767 3507 3838 transfugas
3557 3765 3705 3832 ﬁeri,
3752 3783 3874 3822 non

2220 3861 2555 3916 interiorem
2593 3858 2696 3914 sed
2723 3856 3068 3913 exteriorem
3119 3856 3498 3912 considerans
3545 3854 3871 3925 hominem,

2217 3949 2431 4006 tacitus
2462 3948 2583 4004 hinc
2614 3963 2815 4002 secum
2845 3944 3067 4001 volvere
3093 3945 3276 4017 cepit:
3302 3969 3328 3995 «
3353 3943 3637 4016 Quicquid
3670 3959 3872 4017 regem

2218 4039 2276 4095 in
2304 4040 2412 4094 hac
2441 4036 2775 4093 turbatione
2819 4034 3206 4091 constitutum
3257 4034 3495 4107 petiero,
3530 4033 3657 4090 sine
3689 4033 3871 4089 dubio

2216 4127 2561 4200 impetrabo,
2596 4125 2916 4198 praesertim
2963 4140 3099 4179 cum
3148 4128 3204 4178 et
3251 4140 3381 4180 acre
3425 4121 3646 4178 bellum
3696 4122 3870 4179 nobis

2216 4216 2540 4283 immineat,
2591 4232 2656 4271 ac
2713 4231 2784 4271 ne
2841 4231 2903 4270 se
2960 4214 3225 4269 deseram
3281 4213 3501 4269 timeat.
3551 4235 3578 4263 ››
3630 4211 3870 4267 Nunt-iis

2215 4307 2411 4378 itaque
2431 4304 2687 4373 directis,
2721 4304 2842 4375 regi
2872 4301 3183 4374 supplicat,
3219 4305 3281 4357 ut
3340 4300 3637 4358 abbatiam
3676 4317 3872 4372 quan-

2215 4395 2351 4450 dam
2382 4382 2715 4450 Laresheim
2744 4391 2961 4448 dictam
2990 4391 3077 4454 διδ,
3116 4389 3348 4462 praediis
3393 4389 3771 4458 ditissimum,
3807 4388 3862 4444 ei

2215 4484 2530 4552 concedat;
2563 4483 2732 4552 cujus
2764 4479 3238 4553 possessionibus
3260 4478 3414 4550 quod
3449 4477 3562 4534 sibi
3589 4478 3868 4535 deeratac

461 4566 726 4637 quicum
764 4581 830 4621 eo
877 4570 1016 4624 tunc
1070 4565 1246 4622 simul
1297 4567 1517 4635 aderat,
1550 4568 1898 4640 Mogontinae
1948 4569 2103 4627 sedis
2137 4587 2183 4652 ο
2213 4573 2502 4634 militibus
2544 4571 2669 4628 suis
2715 4569 3050 4626 ministrare
3099 4567 3425 4641 praevaleat.
3478 4568 3596 4624 Rex
3643 4571 3864 4634 autem,

459 4652 905 4726 archiepiscOpi,
937 4653 1337 4711 exhortatione
1359 4654 1766 4729 episcoporum
1799 4658 2107 4730 quamplu-

460 4741 619 4811 rimi,
669 4741 872 4797 deﬁxis
921 4747 1091 4798 noctu
1140 4760 1241 4815 per
1285 4745 1480 4816 girum
1529 4745 1767 4802 amissis
1812 4747 2100 4818 tentoriis,

459 4834 762 4903 coeperunt
791 4846 983 4903 regem
1016 4832 1280 4890 deserere
1311 4833 1660 4906 clamquead
1694 4835 1952 4892 civitates
1977 4854 2106 4909 pro-

455 4920 618 4994 prius
649 4918 868 4993 fugere,
904 4920 1204 4977 Frederico
1248 4939 1380 4978 cum
1431 4925 1633 4979 eodem
1684 4924 1926 4980 subdole
1975 4943 2102 4998 per-

459 5013 754 5068 manente.
784 5010 947 5076 Quod
977 5010 1133 5083 regis
1163 5011 1379 5068 milites
1410 5012 1869 5082 considerantes,
1901 5014 2106 5086 hujus-

2217 4661 2553 4718 columbina
2579 4677 2692 4716 non
2722 4657 2913 4715 solum
2947 4658 3069 4726 sed,
3095 4661 3159 4713 ut
3189 4661 3336 4724 erat,
3365 4654 3669 4728 vipperina
3708 4653 3868 4714 calli-

2215 4751 2398 4808 ditate
2428 4748 2864 4816 suffarcinatus,
2900 4763 3018 4804 non
3065 4747 3176 4804 hoc
3207 4745 3362 4818 quod
3403 4745 3774 4816 portenderet
3794 4744 3867 4780 ³³⁸

2214 4841 2675 4897 animadvertere
2705 4837 2947 4894 minime
2980 4835 3204 4908 potuit;
3238 4835 3391 4892 unde
3421 4840 3479 4891 et
3520 4833 3866 4905 hujusmodi

2216 4929 2438 4986 nuntiis
2477 4925 2901 5000 apologoticum
2931 4925 3094 4982 dedit
3126 4943 3138 4981 :
3172 4948 3200 4975 «
3235 4923 3344 4995 Illi,
3373 4923 3515 4996 quid
3547 4939 3724 4995 super
3753 4921 3865 4978 hac

2213 5036 2275 5074 re
2305 5016 2770 5088 sentiam,verbis
2799 5015 2925 5087 ipse
2956 5015 3150 5087 potius
3171 5013 3470 5086 expllcabo
3493 5029 3671 5085 quam
3712 5027 3863 5070 nun-

457 5098 615 5157 modi
647 5115 842 5174 regem
873 5103 1014 5160 sunt
1043 5117 1312 5158 sermone
1342 5101 1644 5175 adgressi:
1679 5125 1700 5153 α
1733 5102 2108 5176 Consule,rex
2215 5109 2335 5164 tiis.
2368 5129 2396 5160 »
2431 5107 2594 5175 Quod
2619 5105 2720 5179 qui
2753 5105 2861 5162 hoc
2881 5104 3171 5162 direxerat
3195 5103 3759 5172 audiens,immensa
3776 5105 3868 5159 est

1804 5226 2043 5285 VARIZE
2085 5231 2501 5289 LECTIONES.

527 5328 594 5368 ⁸¹²
627 5330 886 5398 diligires
918 5337 969 5392 1.
1044 5334 1113 5372 ³1⁸
1138 5336 1236 5393 XII
1266 5333 1506 5392 milibus
1536 5333 1588 5390 1.
1623 5335 1676 5388 2.
1712 5337 1760 5389 3.
1787 5335 1842 5390 5.
1875 5335 2030 5393 X115
2059 5355 2111 5394 a.
2145 5340 2454 5398 duodecim
2501 5341 2538 5394 5
2583 5339 2662 5394 a‘.

782 5411 910 5463 sunt
932 5413 984 5463 3.
1017 5407 1350 5485 lauresgein
1377 5411 1432 5466 2.
1463 5405 1820 5467 lauresheim
1847 5406 1937 5466 vel
1965 5406 2278 5470 loresheim
2309 5414 2364 5470 5.
2439 5412 2506 5450 ⁸³⁸
2537 5409 2928 5487 pordenderet
2952 5409 3004 5469 1.

454 5399 526 5442 ⁸³⁸
553 5403 593 5462 l.
625 5405 682 5464 d.

2738 5337 2808 5372 3“
2837 5336 2911 5392 ad
2941 5334 3058 5394 alia
3087 5336 3432 5396 festinemus
3471 5335 3525 5394 5.
3557 5335 3594 5394 5
3632 5351 3685 5392 a.
3717 5332 3755 5390 5
3779 5335 3862 5392 a".

2032 5535 2272 5616 NOTIE.

529 5625 678 5716 (124)
704 5628 984 5710 Breisach,
