4050 6388
511 403 633 469 879

1469 400 1942 467 LIUTPRANDI
1977 398 2528 464 CREMONENSIS
2571 398 2949 464 EPISCOPI.

3798 398 3943 461 880

517 536 662 592 mihi
694 536 835 591 ﬁdos
857 534 1170 609 incognita.
1195 536 1294 592 Est
1312 536 1468 593 enim
1491 534 1962 608 calamojsimilis,
1988 535 2080 590 cui
2103 534 2151 590 si
2181 535 2237 601 Α
2266 532 2487 590 Sarlius
2511 534 2663 589 acies
2686 534 2989 599 habuerat,
3010 548 3263 608 quarum
3280 534 3400 588 tres
3429 533 3635 588 contra
3648 532 3937 588 Anscarii

516 625 748 680 inuisus
770 624 943 680 fuerit
966 624 1164 691 homo,
1196 624 1514 697 perforabit
1543 641 1786 681 manum
1815 625 1962 697 ejus.
2002 624 2161 680 Vade

514 713 731 785 itaque,
758 717 931 786 atque
954 732 987 770 a
1008 732 1101 769 me
1124 717 1393 786 suscepta
1414 713 1683 787 pecunia,
1711 717 1937 770 mentes
1958 730 2159 769 eorum

514 818 841 875 corrumpe,
868 803 941 857 ab
966 803 1226 859 Anscarii
1251 801 1559 858 dilectione
1578 819 1676 858 eos
1693 818 1913 868 amove,
1936 802 2161 873 tibique

513 892 823 965 conjunge.
858 893 938 948 Te
970 909 1138 948 nemo
1170 895 1260 948 est
1305 890 1406 963 qui
1456 891 1643 963 possit
1669 892 1738 926 ³⁸³
1784 891 1991 958 facere,
2026 907 2161 945 cum

512 978 748 1046 melius,
779 985 904 1036 tum
938 980 1323 1036 commodius.
1380 979 1571 1035 Habes
1613 979 1770 1034 enim
1796 977 1958 1034 illius
2006 978 2157 1033 Ted-

510 1068 691 1135 baldi,
727 1069 840 1123 mei
873 1069 1099 1141 nepotis
1129 1068 1387 1125 defuncti
1409 1067 1613 1140 optimi
1631 1067 2165 1133 marchionis,uxo-

517 1173 659 1226 rem,
696 1158 866 1230 cujus
899 1158 1133 1215 auxiliis
1161 1158 1344 1214 fretus
1369 1161 1618 1213 cunctus
1652 1158 1721 1212 ad
1754 1161 1809 1211 te
1837 1155 2030 1212 veniet
2062 1172 2161 1228 po-

517 1246 714 1320 pulus.
749 1268 777 1296 »
809 1247 1114 1303 Profectus
1144 1247 1417 1320 denique,
1450 1246 1607 1301 hand
1641 1262 1809 1302 secus
1850 1248 2024 1317 atque
2066 1244 2163 1299 rex

516 1334 846 1409 predixerat
870 1336 1310 1392 Camerinorum
1342 1353 1407 1392 ac
1436 1334 1866 1407 Spoletinorum
1911 1332 2163 1406 populus

515 1425 654 1498 egit.
686 1428 1045 1498 Congregata
1070 1426 1266 1498 itaque
1294 1423 1695 1490 multitudine,
1729 1422 1801 1477 ad
1821 1438 1951 1476 eam
1972 1421 2029 1474 in
2049 1436 2165 1493 qua

515 1514 833 1570 Anscarius
888 1518 1013 1570 erat
1069 1514 1367 1570 civitatem
1436 1526 1746 1584 properare
1807 1509 2046 1565 festinat
2096 1509 2165 1544 3“

515 1602 680 1667 Quod
711 1620 845 1659 cum
904 1603 1167 1658 audisset
1220 1598 1559 1669 Anscarius,
1604 1599 2058 1671 antesignanum
2097 1600 2164 1634 “5

519 1708 696 1747 suum
727 1691 961 1746 nomine
990 1690 1357 1746 Wikbertum
1390 1688 1604 1744 talibus
1640 1689 1891 1745 adorsus
1922 1691 2011 1743 est
2040 1705 2162 1743 ver-

520 1779 612 1835 bis
638 1797 650 1834 :

1257 1868 1447 1923 Versus

598 1978 625 2007 ‹‹
658 1955 882 2012 Sarlius
914 1955 1167 2023 inbellis,
1202 1955 1522 2011 multorum
1556 1955 1699 2013 ﬁsus
1729 1953 1788 2009 in
1815 1954 2019 2024 armis,

594 2045 966 2116 Pugnaturus
997 2044 1153 2112 adit;
1190 2043 1282 2099 cui
1312 2044 1490 2099 fortes
1512 2047 1739 2115 pectore
1771 2047 1826 2097 et
1856 2044 2036 2098 armis

591 2133 908 2189 Occursare
938 2133 1102 2188 decet
1130 2132 1461 2204 bellumque
1491 2131 1704 2188 inferre
1734 2136 2062 2187 cruentum.

592 2222 763 2277 Lecta
795 2238 1006 2276 manus
1029 2222 1336 2291 juvenum,
1362 2221 1648 2293 bellisque
1668 2220 1919 2277 exercita
1937 2220 2161 2287 multis,

593 2311 695 2364 Est
716 2310 831 2365 huc
850 2311 917 2343 3‘5
934 2310 1268 2366 tendentem
1283 2327 1410 2381 quae
1430 2326 1522 2364 me
1536 2310 1810 2365 comitata
1828 2312 2160 2381 patronum,

595 2398 863 2453 Protinus
895 2398 1178 2466 adveniet,
1212 2397 1369 2453 fulvo
1403 2399 1674 2453 decorata
1704 2396 1962 2453 metallo.
1988 2416 2015 2449 ››

590 2488 645 2541 6.
678 2486 778 2541 His
791 2487 1030 2555 auditis,
1055 2487 1420 2552 Wikbertus,
1450 2492 1515 2540 ut
1539 2490 1659 2541 erat
1678 2486 1766 2540 vir
1791 2503 1906 2541 non
1929 2487 2165 2545 audatia

522 2575 715 2631 solum
744 2591 944 2631 verum
977 2575 1153 2631 etiam
1184 2576 1428 2630 scientia
1453 2575 1636 2630 fretus
1661 2592 1673 2628 :
1710 2598 1737 2624 «
1762 2574 1949 2642 Mane,
1975 2576 2074 2643 ait,
2098 2594 2164 2632 ac

524 2664 721 2736 cepias
754 2668 926 2736 prout
974 2663 1126 2736 potis
1148 2667 1238 2720 est
1268 2668 1617 2735 congregato
1646 2664 1734 2717 3‘7.
1771 2664 2049 2736 Pergrave
2078 2671 2167 2723 est

524 2753 702 2823 enim,
716 2751 990 2807 exercitui
1004 2768 1137 2807 cum
1152 2756 1270 2807 tam
1290 2751 1492 2824 paucis
1512 2768 1821 2808 numeroso
1839 2769 2161 2811 occurrere.

525 2842 635 2898 Sed
663 2847 721 2897 et
753 2842 800 2898 si
834 2841 1187 2914 quibuscum
1220 2857 1313 2897 res
1357 2841 1551 2912 agitur
1579 2840 2015 2910 animadvertis,
2066 2843 2164 2899 he-

524 2946 654 2985 roes
676 2933 834 2995 sunt,
858 2929 1014 2985 haud
1039 2929 1278 3001 segnius
1291 2933 1466 3002 atque
1488 2946 1594 2987 nos
1615 2928 1766 2986 bello
1786 2931 2117 2989 assuefacti.
2137 2956 2165 2984 »

522 3019 654 3076 Jam
684 3018 999 3075 Anscarius
1020 3018 1323 3098 Wikherto
1354 3023 1513 3075 recta
1532 3019 1643 3075 sibi
1663 3019 1989 3076 consulenti
2012 3023 2167 3078 coni-

521 3115 653 3155 vere
682 3099 1030 3168 decreverat,
1066 3099 1422 3172 directisque
1456 3115 1877 3172 usquequaque
1916 3102 2163 3172 nuntiis,

522 3203 873 3261 congregare
905 3187 1223 3244 exercitum
1253 3194 1514 3261 cuperat,
1557 3204 1692 3243 cum
1743 3189 2001 3245 Arcodus
2033 3192 2163 3263 qui-

521 3276 681 3344 dam,
713 3276 1191 3349 Burgundionum
1227 3278 1515 3349 sanguine
1562 3282 1746 3345 ortus,
1793 3278 2160 3337 Wikbertum
2192 3269 2236 3337 C

516 3362 633 3418 ista
665 3362 1063 3419 consulentem
1096 3363 1269 3420 dictis
1302 3364 1628 3437 increparet
1657 3366 1873 3423 amaris
1902 3385 1915 3422 :
1949 3392 1977 3418 ‹‹
1997 3369 2165 3426 Chre-

518 3450 681 3516 meti,
712 3450 924 3522 inquit,
978 3450 1191 3507 similis
1224 3468 1308 3519 es,
1369 3453 1468 3525 qui
1501 3454 1573 3509 ob
1606 3455 1884 3513 Trasonis
1938 3462 2162 3516 metum

518 3537 730 3594 Thaidi
761 3539 831 3593 de
858 3539 1232 3596 occludendis
1257 3542 1466 3598 edibus
1489 3543 1823 3612 consilium,
1848 3547 2040 3617 quoad
2068 3548 2167 3604 ad-

516 3631 751 3682 vocatos
783 3626 894 3682 sibi
926 3645 960 3683 a
983 3628 1107 3684 foro
1127 3629 1382 3700 duceret,
1408 3631 1601 3700 dedit;
1628 3649 1802 3705 quem
1825 3650 1961 3689 cum
1982 3635 2163 3693 Thais

518 3716 853 3789 prohiberet
904 3718 1090 3790 (426):
1124 3719 1272 3787 Quod
1325 3737 1449 3776 cum
1477 3723 1652 3777 salute
1701 3731 1816 3791 tua,
1852 3724 1932 3779 ait
1976 3740 2164 3783 cavere

511 3807 708 3877 possis,
739 3808 966 3861 stultum
1017 3807 1299 3865 admittere
1354 3814 1452 3865 est.
1486 3810 1622 3867 Malo
1675 3828 1771 3881 ego
1814 3828 1911 3867 nos
1954 3817 2163 3887 prospi-

514 3910 653 3961 cere,
685 3912 851 3968 quam
879 3898 1071 3952 ulcisci
1094 3897 1161 3932 ³⁴⁸
1193 3904 1411 3971 accepta
1438 3900 1688 3971 injuria!
1717 3900 1968 3973 Optime,
2000 3904 2161 3961 Wik-

512 3985 738 4054 bertus,
754 3985 1017 4058 inquam,
1035 3986 1355 4045 Thrasonis
1370 3988 1558 4045 fecisti
1575 3989 1916 4046 memoriam
1933 3991 2157 4064 militis,

516 4073 618 4145 qui
649 4074 852 4130 rabido
884 4074 1048 4147 prius
1077 4092 1175 4131 ore
1205 4076 1529 4146 deseviens,
1562 4093 1697 4133 cum
1718 4078 1790 4133 ad
1818 4095 1940 4135 rem
1961 4097 2159 4140 veram

509 4166 749 4218 ventum
781 4167 953 4232 esset,
985 4164 1283 4237 Syriacum
1316 4166 1375 4220 in
1407 4166 1609 4223 dextro
1640 4182 1841 4234 cornu,
1872 4171 2160 4240 Symalio-

512 4267 648 4307 nem
680 4252 738 4307 in
770 4252 1005 4308 sinistro
1052 4254 1416 4310 constituens
1458 4255 1631 4327 (127),
1665 4254 1790 4326 ipse
1819 4257 1931 4313 sibi
1963 4258 2158 4317 locum

510 4343 646 4412 post
673 4340 959 4412 principia
990 4342 1141 4414 (128)
1172 4342 1368 4415 elegit.
1396 4343 1837 4415 Burgundiones
1857 4348 2014 4404 enim
2033 4366 2161 4423 gar-

512 4427 673 4484 rulos
697 4429 766 4465 “9
796 4444 944 4499 esse,
995 4447 1231 4487 voraces
1264 4448 1330 4487 ac
1382 4431 1646 4502 inbelles,
1698 4434 1895 4491 nullus
1927 4454 2026 4509 qui
2058 4456 2158 4498 eos

514 4518 737 4573 noverit
765 4517 1143 4591 ambigit.Sed
1169 4524 1229 4575 et
1258 4536 1437 4591 quam
1469 4521 1799 4593 perfortiter
1827 4542 1979 4598 saepe
2008 4528 2157 4586 fece-

2272 639 2472 688 unam,
2532 621 2591 676 in
2641 639 2758 693 qua
2786 627 2843 678 et
2892 623 3016 695 ipse
3058 625 3202 690 erat,
3262 620 3573 678 direxerat.
3602 620 3737 694 Ipse
3783 638 3939 678 vero

2272 711 2444 766 fluvio
2475 711 2776 782 intcrjecto
2808 711 2888 768 rei
2922 714 3194 785 spectans
3223 714 3514 779 eventum,
3548 726 3684 766 cum
3724 710 3940 767 tribus

2270 802 2651 855 remanserat.
2682 800 3006 856 Verebatur
3034 800 3215 869 enim,
3247 799 3404 872 quod
3452 794 3558 854 nec
3593 802 3765 854 tanta
3783 814 3936 855 eum

2272 888 2464 960 quiret
2493 886 2806 945 multitudo
2842 889 3172 962 defendere,
3206 887 3254 944 si
3280 904 3420 944 suos
3445 886 3504 942 in
3536 903 3675 942 eum
3703 888 3937 961 Ansca-

2271 977 2394 1032 rius
2425 982 2621 1049 posset
2650 978 2889 1033 obtutus
2928 978 3223 1034 inducere.
3274 976 3443 1046 Haud
3474 992 3659 1044 mora,
3693 975 3933 1031 bellum

2270 1065 2568 1138 incipitur,
2588 1066 2647 1121 in
2676 1083 2789 1138 quo
2802 1068 3083 1134 Arcodus,
3100 1066 3239 1139 quia
3258 1066 3506 1137 fugerat,
3523 1081 3641 1120 non
3660 1064 3933 1142 videtur,

2271 1154 2614 1211 Wikbertus
2646 1172 2780 1212 vero
2820 1161 3005 1211 morte
3045 1160 3218 1212 tenus
3247 1154 3607 1222 vulneratur,
3634 1154 3933 1225 quoniam

2273 1244 2507 1316 quidem
2532 1245 2678 1300 mori
2720 1245 2906 1302 satius
2943 1262 3118 1317 quam
3143 1244 3340 1316 fugere
3365 1243 3550 1299 duxit.
3586 1240 3689 1299 His
3720 1243 3934 1316 itaque

2273 1334 2547 1389 omnibus
2583 1334 2656 1389 ab
2701 1334 2979 1390 Auscario
3032 1332 3364 1400 debellatis,
3405 1333 3553 1389 duas
3611 1332 3664 1388 ei
3700 1331 3935 1389 iterum

2272 1421 2495 1478 Sarlius
2520 1422 2672 1479 acies
2694 1423 2890 1491 mittit,
2915 1440 3032 1479 uno
3056 1422 3424 1479 solummodo
3447 1437 3648 1478 secum
3670 1425 3933 1497 retenta.

2273 1511 2537 1583 Cumque
2552 1511 2894 1579 Anscarius,
2906 1513 3037 1586 quis
3050 1528 3292 1569 suorum
3309 1512 3367 1567 in
3381 1527 3586 1583 campo
3604 1511 3933 1568 occumbe-

2274 1604 2384 1669 ret,
2408 1599 2578 1657 v'ellet
2598 1600 2913 1672 inquirere,
2932 1619 3047 1657 non
3072 1618 3178 1658 suo
3202 1603 3431 1656 tantum
3456 1616 3637 1673 quam
3668 1599 3933 1657 aliorum

2274 1690 2559 1762 sanguine
2604 1694 2941 1746 cruentatus
2965 1690 3307 1747 Wikbertus
3345 1689 3396 1745 ei
3420 1688 3693 1745 occurrit.
3727 1689 3839 1745 Cui
3873 1693 3937 1744 et

2275 1779 2394 1834 ait:
2429 1802 2457 1829 ‹‹
2492 1778 2630 1835 Duae
2679 1784 2880 1834 contra
2931 1796 3039 1836 nos
3086 1779 3239 1836 acies
3269 1779 3334 1814 ³⁵¹
3387 1777 3691 1852 perpulcre
3742 1777 3938 1835 armis

2276 1868 2571 1924 instructae
2596 1868 2933 1940 adveniunt,
2966 1885 3113 1941 quas
3133 1872 3190 1924 te
3209 1868 3405 1941 potius
3426 1862 3722 1923 declinare
3742 1884 3936 1941 quam

2274 1960 2576 2029 expectare
2606 1956 2781 2011 etiam
2812 1961 2987 2028 atque
3012 1956 3189 2012 etiam
3220 1955 3668 2029 rogo.Arcodus,
3698 1960 3771 2029 ut
3798 1956 3938 2028 ipse

2274 2045 2419 2101 bene
2435 2044 2584 2099 nosti
2610 2060 2817 2116 pugnae
2836 2044 3310 2115 hujusincentor,
3330 2042 3583 2116 qualiter
3602 2042 3933 2121 aufugerit,

2271 2133 2451 2189 vides.
2485 2133 2600 2204 Ego
2629 2149 2763 2188 vero
2793 2133 3018 2205 positus
3049 2132 3109 2187 in
3132 2132 3427 2201 extremis,
3455 2148 3571 2187 non
3589 2130 3937 2205 cogitojam

2273 2222 2341 2277 de
2373 2237 2589 2294 pugna,
2613 2222 2714 2277 sed
2748 2221 3182 2277 misericordem
3216 2222 3400 2277 Deum
3428 2237 3566 2294 rogo
3590 2237 3696 2294 pro
3723 2221 3937 2277 anima

2277 2326 2348 2365 ne
2380 2309 2524 2365 mihi
2559 2310 2809 2382 imputet
2837 2311 2923 2380 ’5’,
2957 2327 3085 2382 qua:
3123 2310 3196 2366 ob
3229 2310 3596 2366 dilectionem
3633 2310 3720 2365 tui
3754 2310 3939 2367 hodie

2274 2399 2596 2456 commerui
2637 2399 2903 2467 crimina,
2935 2398 3242 2455 hominum
3273 2399 3400 2455 neci
3438 2399 3631 2456 dando
3682 2416 3941 2473 corpora

2279 2489 2483 2545 multa.
2520 2510 2546 2538 »
2580 2488 2680 2543 His
2705 2487 2967 2559 expletis,
2993 2487 3288 2561 expiravit.
3528 2538 3533 2542 .

2344 2582 2397 2632 8.
2430 2577 2664 2633 Collecti
2698 2577 2895 2649 itaque
2924 2577 3243 2633 Anscarius
3275 2594 3422 2649 quos
3450 2577 3662 2649 potuit,
3690 2578 3938 2633 duabus

2274 2666 2585 2740 phalangis
2614 2682 2920 2732 occurens,
2956 2682 3056 2722 eas
3094 2666 3249 2722 inter
3304 2666 3665 2727 furibundus
3716 2667 3939 2723 insiliit

2274 2762 2647 2829 stragemgue
2660 2754 3027 2811 innumeram
3045 2754 3225 2811 dedit.
3245 2758 3448 2812 Comes
3466 2754 3735 2827 quidam,
3751 2756 3937 2813 Hatto

2274 2845 2532 2911 nomine,
2565 2844 2796 2900 duabus
2828 2843 2945 2900 illis
2973 2848 3217 2916 prmerat
3248 2844 3506 2914 aciebus,
3540 2844 3643 2917 qui
3675 2845 3787 2902 bac
3818 2847 3935 2901 An-

2274 2934 2461 2991 scario
2485 2932 2736 2989 occurrit
2760 2932 2989 3001 ﬁdutia,
3019 2932 3319 3005 quoniam,
3344 2932 3638 2989 confracta
3648 2934 3780 3005 jam
3805 2933 3940 2990 lan-

2274 3039 2394 3093 cea,
2427 3021 2612 3078 solam
2636 3020 2695 3076 in
2718 3037 2895 3076 manu
2920 3021 3046 3091 ejus
3070 3020 3290 3077 viderat
3310 3021 3560 3078 hastam.
3576 3023 3761 3088 Quem
3781 3021 3934 3079 dum

2273 3110 2525 3168 intuitus
2554 3113 2709 3166 esset
2735 3108 3087 3166 Anscarius:
3118 3132 3146 3162 «
3170 3111 3335 3167 Tune
3363 3126 3446 3176 es,
3473 3110 3622 3178 infit,
3656 3109 3763 3183 qui
3785 3128 3935 3168 con-

2274 3203 2497 3272 tcmpto
2529 3200 2719 3255 crucis
2749 3202 2808 3254 et
2835 3202 3177 3255 sanctorum
3225 3200 3586 3271 juramento,
3639 3201 3929 3273 perjurus

2274 3289 2335 3346 in
2366 3288 2601 3345 nomine
2630 3287 2733 3344 Dei
2769 3287 2851 3343 tui
2884 3303 2979 3344 me
3007 3291 3177 3345 tuum
3228 3288 3533 3345 dominum
3577 3289 3927 3359 deseruisti,

2275 3383 2331 3435 et
2359 3379 2429 3435 ad
2463 3376 2699 3450 vulpem
2759 3376 3009 3433 Sarlium
3040 3378 3350 3451 transfuga
3400 3394 3465 3434 ac
3497 3378 3763 3434 desertor
3820 3379 3929 3436 ab-

2273 3468 2368 3524 isti
2396 3468 2424 3522 ?

2333 3558 2429 3609 Ess
2452 3581 2464 3607 ς
2488 3557 2698 3620 aliquos
2726 3570 2915 3607 manes
2945 3560 2999 3607 et
3027 3558 3373 3609 subterranea
3399 3570 3568 3623 regna
3594 3558 3743 3619 (129).

2272 3648 2329 3703 in
2365 3648 2578 3721 quibus
2624 3646 2842 3719 perjuri
2874 3646 3212 3719 puniantur,
3264 3646 3527 3702 Cocitum
3556 3646 3624 3681 ³³⁵
3653 3646 3837 3703 etiam
3869 3652 3930 3704 et

2331 3738 2494 3802 Stigio
2523 3750 2681 3787 ranas
2711 3736 2766 3786 in
2796 3736 3002 3799 gurgite
3026 3736 3205 3800 nigras
3234 3737 3380 3799 U30),

2272 3818 2372 3891 qui
2404 3834 2591 3890 usque
2616 3817 2789 3872 modo
2811 3815 3137 3883 somniasti,
3163 3833 3224 3872 re
3247 3816 3375 3889 ipsa
3395 3832 3573 3889 quam
3597 3833 3733 3872 mox
3755 3833 3926 3890 expe-

2272 3908 2385 3963 rire
2410 3907 2421 3962 ι
2455 3929 2483 3958 ››
2518 3906 2649 3962 Haec
2678 3905 2899 3975 dicens,
2930 3905 3183 3973 hastam,
3207 3922 3383 3977 quam
3408 3905 3534 3961 sine
3555 3906 3706 3962 ferro
3730 3910 3923 3979 gesta-

2272 3997 2391 4065 bat,
2425 4013 2524 4052 aer
2544 4012 2609 4052 os
2640 3994 2799 4051 illius
2823 3994 3013 4051 valide
3034 3994 3283 4066 jaciens,
3330 3994 3618 4067 sanguine
3647 3995 3918 4052 cerebro-

2270 4102 2385 4158 que
2442 4100 2769 4156 respersam
2803 4100 2907 4157 per
2974 4083 3311 4156 occipitium
3370 4082 3602 4151 eduxit;
3663 4098 3924 4156 enseque

2272 4176 2587 4241 abstracto,
2612 4173 2891 4245 quoniam
2924 4171 3097 4228 multi
3128 4186 3307 4245 super
3349 4187 3413 4228 se
3454 4170 3768 4239 irruerant,
3830 4173 3918 4228 di-

2270 4264 2486 4320 micare
2516 4262 2739 4318 naviter
2767 4262 2955 4334 coepit.
2990 4263 3271 4333 Cumque.
3304 4259 3485 4317 nullis
3506 4260 3616 4317 sibi
3637 4260 3917 4318 ammini-

2269 4352 2626 4420 culantibus,
2659 4349 2925 4409 omnium
2956 4367 3122 4423 poene
3145 4349 3403 4406 hostium
3435 4348 3595 4406 solus
3623 4349 3913 4422 impetum

2268 4442 2605 4509 sustineret,
2635 4440 2751 4496 huc
2780 4439 3033 4512 illucque
3089 4439 3450 4506 discurrens,
3513 4437 3750 4510 sonipes
3793 4455 3913 4511 quo

2268 4531 2561 4588 insederat
2614 4529 2684 4564 3“
2736 4529 2877 4585 adeo
2938 4528 2997 4582 in
3055 4527 3321 4585 scrobem
3381 4526 3607 4595 cecidit,
3639 4530 3705 4582 ut
3760 4526 3912 4584 collo

515 4605 618 4673 ris,
657 4623 805 4704 quas
849 4607 1126 4679 fugiendo
1178 4609 1502 4679 declinasti,
1551 4611 1848 4669 cicatrices
1896 4614 2161 4676 indicant
2187 4644 2236 4709 D
2268 4615 3914 4692 suppositopedibusquesursumerectis,eousquesuper

516 4709 797 4750 COI‘DOI‘lB.
834 4717 862 4744 ))

581 4710 616 4747 ir
658 4710 797 4750 oris.
834 4717 862 4744 »

581 4710 653 4836 7?
671 4782 1022 4853 Hujusmodi
1054 4785 1249 4858 itaque
1279 4788 1596 4846 Anscarius
1618 4794 1793 4863 atque
1816 4793 2155 4855 Wikbertus

507 4870 707 4929 exitati
725 4872 921 4940 dictis,
944 4874 1043 4930 ubi
1066 4874 1316 4931 Sarlium
1339 4893 1467 4933 esse
1496 4894 1629 4934 cum
1653 4879 1857 4936 multis
1880 4885 2149 4959 audiunt,

504 4977 683 5035 quam
703 4979 838 5020 mox
850 4979 983 5019 cum
1001 4966 1203 5038 paucis
1220 4983 1529 5039 properare
1550 4970 1794 5024 contend
1804 4976 1926 5026 unt.
1948 4974 2056 5032 Sex
2085 4977 2154 5014 ³³0

2265 4708 2613 4766 Anscarium
2665 4709 2902 4779 jaceret,
2935 4707 3118 4762 donec
3148 4706 3220 4762 ab
3253 4704 3580 4760 irruentibu
3638 4703 3912 4761 hostibus

2264 4799 2500 4855 directis
2523 4796 3250 4853 missilibusoccideretur.
3275 4794 3396 4858 Quo
3413 4796 3661 4862 mortuo,
3682 4792 3908 4850 Sarlius

2263 4905 2462 4945 marca
2492 4903 2692 4943 secure
2722 4884 2961 4958 potitur,
2995 4888 3052 4942 et
3076 4901 3174 4941 rex
3198 4884 3363 4956 Hugo
3394 4882 3608 4956 gaudio
3637 4881 3907 4939 inmenso

2262 4978 2533 5035 afﬁcitur.

1868 5088 2109 5149 VARle
2147 5093 2603 5153 LECTIONNES.

535 5178 887 5305 f‘f‘posscit
920 5184 965 5238 1.
1046 5183 1114 5216 ³⁸*
1145 5182 1379 5238 festinet
1409 5180 1457 5235 1.
1532 5182 1598 5216 ³⁸⁵
1656 5185 2087 5257 antcsignatum
2124 5199 2253 5251 1.2.
2330 5194 2395 5229 3‘5
2452 5192 2609 5247 hunc
2640 5208 2779 5247 corr.
2842 5190 2955 5247 huc
2990 5190 3036 5247 1.
3116 5192 3182 5226 3"
3239 5191 3611 5296 congregata.
3684 5185 3755 5222 ³⁸⁸
3813 5188 3903 5245 ul-

500 5264 634 5305 CISSI
706 5292 717 5305 .
794 5254 862 5289 3“
894 5253 1131 5305 gerulos
1165 5256 1213 5305 1.
1291 5254 1359 5289 ³⁵0
1391 5253 1501 5305 SBd
1536 5255 1586 5305 1.
1619 5256 1669 5305 2.
1703 5256 1739 5305 5
1764 5272 1797 5305 a
1827 5264 1916 5305 set
1968 5264 2004 5305 5
2059 5266 2165 5305 Ωον
2197 5269 2229 5305 ρ
2325 5267 2390 5301 331
2450 5269 2607 5305 animi
2640 5265 2687 5305 1,
2742 5263 2905 5305 nnuln
2953 5268 3087 5305 nnlp
3143 5264 3381 5305 nnnnrit,
3485 5262 3530 5296 5’
3580 5262 3816 5305 ntnntnt
3846 5261 3891 5305 I,

794 5254 862 5289 3‘“
893 5253 1131 5334 gerulos
1165 5256 1213 5308 1.
1291 5254 1359 5289 ³⁵0
1391 5253 1501 5334 sed
1536 5255 1669 5334 l._2.
1703 5256 1797 5334 5a
1827 5253 1916 5334 8:613
1957 5264 2023 5334 _5.
2059 5266 2167 5321 Sex
2195 5269 2249 5323 3.
2325 5267 2390 5301 ³³¹
2449 5269 2607 5320 actes
2640 5265 2689 5317 1.
2738 5263 2905 5334 paulo
2953 5268 3087 5319 ante
3143 5253 3385 5320 occurit:

3485 5262 3530 5296 δ’
3580 5262 3816 5331 utputet
3846 5261 3896 5317 1.

496 5318 565 5391 9⁸³
595 5320 824 5379 Coitum
854 5318 993 5380 ccvrr.
1025 5326 1213 5381 eadem
1240 5341 1412 5380 manu
1442 5323 1714 5382 Conitum
1747 5329 1796 5382 1.
1832 5318 2284 5394 Conitum-its“
2312 5318 2681 5393 insedederat
2709 5318 2761 5390 4'.

2095 5454 2328 5512 NOTzE.

748 5525 1160 5602 Terent._Eun.
1194 5528 1287 5599 IV,
1319 5545 1399 5602 γι,
1429 5548 1484 5589 v.
1515 5530 1607 5592 24.

594 5522 716 5593 156)
748 5525 978 5583 Terent.
1012 5530 1160 5588 Eun.
1194 5528 1287 5599 IV,

564 5521 721 5748 {127;
750 5596 879 5653 Ter.
912 5598 952 5653 l.
986 5599 1003 5655 l
1032 5618 1132 5671 v11,
1163 5619 1219 5659 v.
1251 5604 1305 5661 5.

590 5664 695 5728 128
748 5667 879 5743 Ter.
910 5668 950 5728 l.
974 5670 1011 5729 1.
1044 5690 1098 5731 ν.
1129 5673 1221 5737 Η.

590 5664 717 5728 128)
748 5667 879 5743 Ter.
910 5668 950 5728 ι.
974 5670 1011 5729 1.
1044 5664 1221 5737 ν.’11.

2320 5538 2757 5618 (129)J_uvenal,
2779 5540 2897 5618 Sat.
2932 5541 3167 5618 1_1_,_149.

2321 5611 2471 5688 (130)
2499 5611 2760 5671 Juvenal.
2792 5611 2832 5670 l.
2864 5611 2903 5670 l.
2938 5613 3062 5673 450.
