  <div class='ocr_page' id='page_1' title='image "/cluster/home/n/w/nwhite01/storage/ocr_20150623/136/umn.31951002477429o/464.png"; bbox 0 0 4050 6420; ppageno 0'>
   <div class='ocr_carea' id='block_1_1' title="bbox 157 415 3574 504">
    <p class='ocr_par' dir='ltr' id='par_1_1' title="bbox 157 415 3574 504">
     <span class='ocr_line' id='line_1_1' title="bbox 157 415 3574 504; baseline 0.002 -12"><span class='ocrx_word' id='word_1_1' title='bbox 157 415 278 492; x_wconf 77' lang='grc'>881</span> <span class='ocrx_word' id='word_1_2' title='bbox 1127 434 1746 500; x_wconf 82' lang='lat' dir='ltr'>ANTAPODOSEOS</span> <span class='ocrx_word' id='word_1_3' title='bbox 1792 435 2001 502; x_wconf 85' lang='lat' dir='ltr'><strong>LIBRI</strong></span> <span class='ocrx_word' id='word_1_4' title='bbox 2046 437 2215 502; x_wconf 87' lang='lat' dir='ltr'>SEX.</span> <span class='ocrx_word' id='word_1_5' title='bbox 2249 471 2325 485; x_wconf 92' lang='lat'>--</span> <span class='ocrx_word' id='word_1_6' title='bbox 2352 440 2499 503; x_wconf 88' lang='lat' dir='ltr'>LIB.</span> <span class='ocrx_word' id='word_1_7' title='bbox 2545 435 2618 504; x_wconf 85' lang='lat' dir='ltr'>V.</span> <span class='ocrx_word' id='word_1_8' title='bbox 3457 432 3574 499; x_wconf 81' lang='lat'>882</span> 
     </span>
    </p>
   </div>
   <div class='ocr_carea' id='block_1_2' title="bbox 230 563 1892 642">
    <p class='ocr_par' dir='ltr' id='par_1_2' title="bbox 230 563 1892 642">
     <span class='ocr_line' id='line_1_2' title="bbox 230 563 1892 642; baseline 0.006 -23"><span class='ocrx_word' id='word_1_9' title='bbox 230 563 285 619; x_wconf 89' lang='lat'>9.</span> <span class='ocrx_word' id='word_1_10' title='bbox 321 563 473 622; x_wconf 89' lang='lat' dir='ltr'>Dum</span> <span class='ocrx_word' id='word_1_11' title='bbox 503 563 624 622; x_wconf 70' lang='lat' dir='ltr'>haec</span> <span class='ocrx_word' id='word_1_12' title='bbox 655 569 928 640; x_wconf 84' lang='lat' dir='ltr'>aguntur,</span> <span class='ocrx_word' id='word_1_13' title='bbox 978 572 1257 626; x_wconf 90' lang='lat' dir='ltr'>montana</span> <span class='ocrx_word' id='word_1_14' title='bbox 1306 569 1522 642; x_wconf 86' lang='lat' dir='ltr'>quibus</span> <span class='ocrx_word' id='word_1_15' title='bbox 1561 570 1630 628; x_wconf 84' lang='lat' dir='ltr'>ab</span> <span class='ocrx_word' id='word_1_16' title='bbox 1658 569 1808 628; x_wconf 92' lang='lat' dir='ltr'>occi-</span> <span class='ocrx_word' id='word_1_17' title='bbox 1834 572 1892 640; x_wconf 77' lang='grc' dir='ltr'><strong>Α</strong></span> 
     </span>
    </p>
   </div>
   <div class='ocr_carea' id='block_1_3' title="bbox 157 653 1813 732">
    <p class='ocr_par' dir='ltr' id='par_1_3' title="bbox 157 653 1813 732">
     <span class='ocr_line' id='line_1_3' title="bbox 157 653 1813 732; baseline 0.004 -21"><span class='ocrx_word' id='word_1_18' title='bbox 157 653 280 712; x_wconf 88' lang='lat' dir='ltr'>dua</span> <span class='ocrx_word' id='word_1_19' title='bbox 309 655 380 691; x_wconf 75' lang='grc'>³⁵⁸</span> <span class='ocrx_word' id='word_1_20' title='bbox 409 673 512 713; x_wconf 91' lang='lat' dir='ltr'>seu</span> <span class='ocrx_word' id='word_1_21' title='bbox 553 657 990 729; x_wconf 77' lang='lat' dir='ltr'>septentrionali</span> <span class='ocrx_word' id='word_1_22' title='bbox 1049 658 1216 715; x_wconf 85' lang='lat' dir='ltr'>Italia</span> <span class='ocrx_word' id='word_1_23' title='bbox 1271 659 1522 732; x_wconf 84' lang='lat' dir='ltr'>cingitur</span> <span class='ocrx_word' id='word_1_24' title='bbox 1565 667 1745 732; x_wconf 88' lang='lat' dir='ltr'>parte,</span> <span class='ocrx_word' id='word_1_25' title='bbox 1778 678 1813 717; x_wconf 88' lang='lat' dir='ltr'>a</span> 
     </span>
    </p>
   </div>
   <div class='ocr_carea' id='block_1_4' title="bbox 155 744 1812 804">
    <p class='ocr_par' dir='ltr' id='par_1_4' title="bbox 155 744 1812 804">
     <span class='ocr_line' id='line_1_4' title="bbox 155 744 1812 804; baseline 0.002 -4"><span class='ocrx_word' id='word_1_26' title='bbox 155 744 470 801; x_wconf 81' lang='lat' dir='ltr'>Saracenis</span> <span class='ocrx_word' id='word_1_27' title='bbox 520 745 903 801; x_wconf 87' lang='lat' dir='ltr'>Fraxenetum</span> <span class='ocrx_word' id='word_1_28' title='bbox 932 746 1358 803; x_wconf 91' lang='lat' dir='ltr'>inabitantibus</span> <span class='ocrx_word' id='word_1_29' title='bbox 1409 748 1812 804; x_wconf 84' lang='lat' dir='ltr'>crudelissime</span> 
     </span>
    </p>
   </div>
   <div class='ocr_carea' id='block_1_5' title="bbox 2097 571 2945 644">
    <p class='ocr_par' dir='ltr' id='par_1_5' title="bbox 2097 571 2945 644">
     <span class='ocr_line' id='line_1_5' title="bbox 2097 571 2945 644; baseline 0.002 -15"><span class='ocrx_word' id='word_1_30' title='bbox 2097 572 2166 629; x_wconf 90' lang='lat' dir='ltr'>Et</span> <span class='ocrx_word' id='word_1_31' title='bbox 2195 590 2422 631; x_wconf 88' lang='lat' dir='ltr'>servare</span> <span class='ocrx_word' id='word_1_32' title='bbox 2452 573 2658 644; x_wconf 89' lang='lat' dir='ltr'>malos,</span> <span class='ocrx_word' id='word_1_33' title='bbox 2689 571 2945 632; x_wconf 82' lang='lat' dir='ltr'>vocitant</span> 
     </span>
    </p>
   </div>
   <div class='ocr_carea' id='block_1_6' title="bbox 2099 662 3171 738">
    <p class='ocr_par' dir='ltr' id='par_1_6' title="bbox 2099 662 3171 738">
     <span class='ocr_line' id='line_1_6' title="bbox 2099 662 3171 738; baseline 0 -20"><span class='ocrx_word' id='word_1_34' title='bbox 2099 663 2396 735; x_wconf 83' lang='lat' dir='ltr'>Sanguine</span> <span class='ocrx_word' id='word_1_35' title='bbox 2427 665 2526 736; x_wconf 88' lang='lat' dir='ltr'>qui</span> <span class='ocrx_word' id='word_1_36' title='bbox 2560 665 2817 738; x_wconf 85' lang='lat' dir='ltr'>gaudent</span> <span class='ocrx_word' id='word_1_37' title='bbox 2841 662 3171 729; x_wconf 89' lang='lat' dir='ltr'>hominum,</span> 
     </span>
    </p>
   </div>
   <div class='ocr_carea' id='block_1_7' title="bbox 155 833 1810 910">
    <p class='ocr_par' dir='ltr' id='par_1_7' title="bbox 155 833 1810 910">
     <span class='ocr_line' id='line_1_7' title="bbox 155 833 1810 910; baseline 0.002 -20"><span class='ocrx_word' id='word_1_38' title='bbox 155 833 595 906; x_wconf 82' lang='lat' dir='ltr'>depopulantur</span> <span class='ocrx_word' id='word_1_39' title='bbox 621 835 689 870; x_wconf 75' lang='grc'>³⁵⁸</span> <span class='ocrx_word' id='word_1_40' title='bbox 729 834 840 907; x_wconf 80' lang='lat' dir='ltr'>(an.</span> <span class='ocrx_word' id='word_1_41' title='bbox 892 835 1042 906; x_wconf 86' lang='grc'><strong>941).</strong></span> <span class='ocrx_word' id='word_1_42' title='bbox 1084 836 1471 900; x_wconf 87' lang='lat' dir='ltr'>Quamobrem</span> <span class='ocrx_word' id='word_1_43' title='bbox 1517 837 1681 910; x_wconf 87' lang='lat' dir='ltr'>Hugo</span> <span class='ocrx_word' id='word_1_44' title='bbox 1712 855 1810 894; x_wconf 87' lang='lat' dir='ltr'>rex</span> 
     </span>
    </p>
   </div>
   <div class='ocr_carea' id='block_1_8' title="bbox 155 922 1804 999">
    <p class='ocr_par' dir='ltr' id='par_1_8' title="bbox 155 922 1804 999">
     <span class='ocr_line' id='line_1_8' title="bbox 155 922 1804 999; baseline 0.001 -20"><span class='ocrx_word' id='word_1_45' title='bbox 155 922 408 979; x_wconf 88' lang='lat' dir='ltr'>consilio</span> <span class='ocrx_word' id='word_1_46' title='bbox 440 927 691 995; x_wconf 88' lang='lat' dir='ltr'>accepto,</span> <span class='ocrx_word' id='word_1_47' title='bbox 723 923 960 979; x_wconf 91' lang='lat' dir='ltr'>nuntios</span> <span class='ocrx_word' id='word_1_48' title='bbox 991 923 1552 996; x_wconf 86' lang='lat' dir='ltr'>Constantinopolim</span> <span class='ocrx_word' id='word_1_49' title='bbox 1584 927 1804 999; x_wconf 84' lang='lat' dir='ltr'>dirigit,</span> 
     </span>
    </p>
   </div>
   <div class='ocr_carea' id='block_1_9' title="bbox 155 1013 1807 1085">
    <p class='ocr_par' dir='ltr' id='par_1_9' title="bbox 155 1013 1807 1085">
     <span class='ocr_line' id='line_1_9' title="bbox 155 1013 1807 1085; baseline 0.001 -17"><span class='ocrx_word' id='word_1_50' title='bbox 155 1028 376 1084; x_wconf 86' lang='lat' dir='ltr'>rogans</span> <span class='ocrx_word' id='word_1_51' title='bbox 405 1013 816 1084; x_wconf 88' lang='lat' dir='ltr'>imperatorem</span> <span class='ocrx_word' id='word_1_52' title='bbox 850 1013 1246 1085; x_wconf 87' lang='lat' dir='ltr'>Romanon,ut</span> <span class='ocrx_word' id='word_1_53' title='bbox 1275 1019 1453 1069; x_wconf 72' lang='lat' dir='ltr'>naves</span> <span class='ocrx_word' id='word_1_54' title='bbox 1486 1014 1597 1069; x_wconf 89' lang='lat' dir='ltr'>sibi</span> <span class='ocrx_word' id='word_1_55' title='bbox 1630 1015 1807 1071; x_wconf 72' lang='lat' dir='ltr'>Greco</span> 
     </span>
    </p>
   </div>
   <div class='ocr_carea' id='block_1_10' title="bbox 157 1100 1806 1174">
    <p class='ocr_par' dir='ltr' id='par_1_10' title="bbox 157 1100 1806 1174">
     <span class='ocr_line' id='line_1_10' title="bbox 157 1100 1806 1174; baseline 0 -16"><span class='ocrx_word' id='word_1_56' title='bbox 157 1118 297 1158; x_wconf 90' lang='lat' dir='ltr'>cum</span> <span class='ocrx_word' id='word_1_57' title='bbox 331 1102 464 1174; x_wconf 89' lang='lat' dir='ltr'>igne</span> <span class='ocrx_word' id='word_1_58' title='bbox 493 1100 873 1172; x_wconf 84' lang='lat' dir='ltr'>transmittat,</span> <span class='ocrx_word' id='word_1_59' title='bbox 922 1118 1069 1173; x_wconf 91' lang='lat' dir='ltr'>quas</span> <span class='ocrx_word' id='word_1_60' title='bbox 1119 1102 1426 1158; x_wconf 89' lang='lat' dir='ltr'>ehelandia</span> <span class='ocrx_word' id='word_1_61' title='bbox 1466 1103 1653 1174; x_wconf 89' lang='lat' dir='ltr'>patrio</span> <span class='ocrx_word' id='word_1_62' title='bbox 1685 1118 1806 1158; x_wconf 90' lang='lat' dir='ltr'>ser-</span> 
     </span>
    </p>
   </div>
   <div class='ocr_carea' id='block_1_11' title="bbox 156 1189 1811 1262">
    <p class='ocr_par' dir='ltr' id='par_1_11' title="bbox 156 1189 1811 1262">
     <span class='ocr_line' id='line_1_11' title="bbox 156 1189 1811 1262; baseline -0.001 -15"><span class='ocrx_word' id='word_1_63' title='bbox 156 1206 338 1247; x_wconf 87' lang='lat' dir='ltr'>mone</span> <span class='ocrx_word' id='word_1_64' title='bbox 368 1189 530 1246; x_wconf 89' lang='lat' dir='ltr'>Greei</span> <span class='ocrx_word' id='word_1_65' title='bbox 562 1189 993 1262; x_wconf 87' lang='lat' dir='ltr'>cognominant.</span> <span class='ocrx_word' id='word_1_66' title='bbox 1039 1189 1159 1248; x_wconf 90' lang='lat' dir='ltr'>Hoc</span> <span class='ocrx_word' id='word_1_67' title='bbox 1207 1195 1402 1248; x_wconf 92' lang='lat' dir='ltr'>autem</span> <span class='ocrx_word' id='word_1_68' title='bbox 1461 1207 1526 1247; x_wconf 91' lang='lat' dir='ltr'>eo</span> <span class='ocrx_word' id='word_1_69' title='bbox 1559 1191 1712 1256; x_wconf 90' lang='lat' dir='ltr'>fecit,</span> <span class='ocrx_word' id='word_1_70' title='bbox 1746 1194 1811 1246; x_wconf 90' lang='lat' dir='ltr'>ut</span> 
     </span>
    </p>
   </div>
   <div class='ocr_carea' id='block_1_12' title="bbox 157 1277 1811 1352">
    <p class='ocr_par' dir='ltr' id='par_1_12' title="bbox 157 1277 1811 1352">
     <span class='ocr_line' id='line_1_12' title="bbox 157 1277 1811 1352; baseline 0 -17"><span class='ocrx_word' id='word_1_71' title='bbox 157 1280 307 1335; x_wconf 92' lang='lat' dir='ltr'>dum</span> <span class='ocrx_word' id='word_1_72' title='bbox 331 1278 592 1334; x_wconf 87' lang='lat' dir='ltr'>terrestri</span> <span class='ocrx_word' id='word_1_73' title='bbox 616 1278 822 1334; x_wconf 87' lang='lat' dir='ltr'>itinere</span> <span class='ocrx_word' id='word_1_74' title='bbox 843 1277 969 1352; x_wconf 90' lang='lat' dir='ltr'>ipse</span> <span class='ocrx_word' id='word_1_75' title='bbox 996 1279 1067 1334; x_wconf 89' lang='lat' dir='ltr'>ad</span> <span class='ocrx_word' id='word_1_76' title='bbox 1101 1279 1523 1335; x_wconf 88' lang='lat' dir='ltr'>destruendum</span> <span class='ocrx_word' id='word_1_77' title='bbox 1551 1280 1811 1335; x_wconf 84' lang='lat' dir='ltr'>tenderet</span> 
     </span>
    </p>
   </div>
   <div class='ocr_carea' id='block_1_13' title="bbox 157 1367 1810 1440">
    <p class='ocr_par' dir='ltr' id='par_1_13' title="bbox 157 1367 1810 1440">
     <span class='ocr_line' id='line_1_13' title="bbox 157 1367 1810 1440; baseline 0.001 -16"><span class='ocrx_word' id='word_1_78' title='bbox 157 1367 537 1424; x_wconf 83' lang='lat' dir='ltr'>Fraxinetum</span> <span class='ocrx_word' id='word_1_79' title='bbox 566 1367 789 1433; x_wconf 71' lang='lat' dir='ltr'>357,eam</span> <span class='ocrx_word' id='word_1_80' title='bbox 819 1371 1044 1440; x_wconf 90' lang='lat' dir='ltr'>partem</span> <span class='ocrx_word' id='word_1_81' title='bbox 1079 1385 1196 1440; x_wconf 90' lang='lat' dir='ltr'>qua</span> <span class='ocrx_word' id='word_1_82' title='bbox 1219 1367 1368 1424; x_wconf 90' lang='lat' dir='ltr'>mari</span> <span class='ocrx_word' id='word_1_83' title='bbox 1398 1368 1662 1423; x_wconf 81' lang='lat' dir='ltr'>munitur</span> <span class='ocrx_word' id='word_1_84' title='bbox 1679 1371 1810 1425; x_wconf 85' lang='lat' dir='ltr'>Gre-</span> 
     </span>
    </p>
   </div>
   <div class='ocr_carea' id='block_1_14' title="bbox 153 1456 1805 1530">
    <p class='ocr_par' dir='ltr' id='par_1_14' title="bbox 153 1456 1805 1530">
     <span class='ocr_line' id='line_1_14' title="bbox 153 1456 1805 1530; baseline 0.001 -19"><span class='ocrx_word' id='word_1_85' title='bbox 153 1458 204 1512; x_wconf 82' lang='lat' dir='ltr'>ei</span> <span class='ocrx_word' id='word_1_86' title='bbox 237 1456 469 1530; x_wconf 85' lang='lat' dir='ltr'>navigio</span> <span class='ocrx_word' id='word_1_87' title='bbox 495 1457 846 1526; x_wconf 87' lang='lat' dir='ltr'>obsiderent,</span> <span class='ocrx_word' id='word_1_88' title='bbox 882 1473 1201 1528; x_wconf 88' lang='lat' dir='ltr'>eorumque</span> <span class='ocrx_word' id='word_1_89' title='bbox 1250 1475 1424 1514; x_wconf 89' lang='lat' dir='ltr'>naves</span> <span class='ocrx_word' id='word_1_90' title='bbox 1475 1461 1805 1526; x_wconf 87' lang='lat' dir='ltr'>exurerent,</span> 
     </span>
    </p>
   </div>
   <div class='ocr_carea' id='block_1_15' title="bbox 155 1545 1808 1619">
    <p class='ocr_par' dir='ltr' id='par_1_15' title="bbox 155 1545 1808 1619">
     <span class='ocr_line' id='line_1_15' title="bbox 155 1545 1808 1619; baseline -0.001 -17"><span class='ocrx_word' id='word_1_91' title='bbox 155 1563 224 1602; x_wconf 88' lang='lat' dir='ltr'>ac</span> <span class='ocrx_word' id='word_1_92' title='bbox 258 1563 332 1602; x_wconf 93' lang='lat' dir='ltr'>ne</span> <span class='ocrx_word' id='word_1_93' title='bbox 362 1547 434 1602; x_wconf 90' lang='lat' dir='ltr'>ab</span> <span class='ocrx_word' id='word_1_94' title='bbox 460 1547 739 1617; x_wconf 89' lang='lat' dir='ltr'>Hispania</span> <span class='ocrx_word' id='word_1_95' title='bbox 767 1545 956 1602; x_wconf 89' lang='lat' dir='ltr'>victus</span> <span class='ocrx_word' id='word_1_96' title='bbox 1005 1547 1088 1602; x_wconf 92' lang='lat' dir='ltr'>eis</span> <span class='ocrx_word' id='word_1_97' title='bbox 1137 1551 1238 1602; x_wconf 89' lang='lat' dir='ltr'>aut</span> <span class='ocrx_word' id='word_1_98' title='bbox 1281 1547 1582 1619; x_wconf 86' lang='lat' dir='ltr'>cOpiarum</span> <span class='ocrx_word' id='word_1_99' title='bbox 1613 1546 1808 1602; x_wconf 90' lang='lat' dir='ltr'>subsi-</span> 
     </span>
    </p>
   </div>
   <div class='ocr_carea' id='block_1_16' title="bbox 155 1634 1579 1708">
    <p class='ocr_par' dir='ltr' id='par_1_16' title="bbox 155 1634 1579 1708">
     <span class='ocr_line' id='line_1_16' title="bbox 155 1634 1579 1708; baseline -0.001 -17"><span class='ocrx_word' id='word_1_100' title='bbox 155 1635 255 1691; x_wconf 88' lang='lat' dir='ltr'>dia</span> <span class='ocrx_word' id='word_1_101' title='bbox 289 1635 680 1708; x_wconf 84' lang='lat' dir='ltr'>provenirent,</span> <span class='ocrx_word' id='word_1_102' title='bbox 713 1634 1162 1708; x_wconf 86' lang='lat' dir='ltr'>diligentissime</span> <span class='ocrx_word' id='word_1_103' title='bbox 1187 1635 1579 1707; x_wconf 90' lang='lat' dir='ltr'>providerent.</span> 
     </span>
    </p>
   </div>
   <div class='ocr_carea' id='block_1_17' title="bbox 226 1723 1806 1796">
    <p class='ocr_par' dir='ltr' id='par_1_17' title="bbox 226 1723 1806 1796">
     <span class='ocr_line' id='line_1_17' title="bbox 226 1723 1806 1796; baseline 0.001 -17"><span class='ocrx_word' id='word_1_104' title='bbox 226 1725 318 1779; x_wconf 91' lang='grc'>10.</span> <span class='ocrx_word' id='word_1_105' title='bbox 353 1723 583 1779; x_wconf 90' lang='lat' dir='ltr'>Interea</span> <span class='ocrx_word' id='word_1_106' title='bbox 611 1723 1013 1796; x_wconf 90' lang='lat' dir='ltr'>Berengarius,</span> <span class='ocrx_word' id='word_1_107' title='bbox 1049 1725 1356 1780; x_wconf 87' lang='lat' dir='ltr'>memorati</span> <span class='ocrx_word' id='word_1_108' title='bbox 1385 1725 1561 1780; x_wconf 85' lang='lat' dir='ltr'>frater</span> <span class='ocrx_word' id='word_1_109' title='bbox 1588 1726 1806 1780; x_wconf 90' lang='lat' dir='ltr'>Ansca-</span> 
     </span>
    </p>
   </div>
   <div class='ocr_carea' id='block_1_18' title="bbox 148 1811 1806 1884">
    <p class='ocr_par' dir='ltr' id='par_1_18' title="bbox 148 1811 1806 1884">
     <span class='ocr_line' id='line_1_18' title="bbox 148 1811 1806 1884; baseline -0.001 -15"><span class='ocrx_word' id='word_1_110' title='bbox 148 1813 226 1869; x_wconf 85' lang='lat' dir='ltr'>rii</span> <span class='ocrx_word' id='word_1_111' title='bbox 285 1816 464 1884; x_wconf 87' lang='lat' dir='ltr'>atque</span> <span class='ocrx_word' id='word_1_112' title='bbox 539 1811 847 1884; x_wconf 64' lang='lat' dir='ltr'>[Eporegize</span> <span class='ocrx_word' id='word_1_113' title='bbox 919 1812 1169 1869; x_wconf 90' lang='lat' dir='ltr'>civitatis</span> <span class='ocrx_word' id='word_1_114' title='bbox 1244 1812 1524 1883; x_wconf 87' lang='lat' dir='ltr'>marchio,</span> <span class='ocrx_word' id='word_1_115' title='bbox 1583 1811 1806 1868; x_wconf 88' lang='lat' dir='ltr'>occulte</span> 
     </span>
    </p>
   </div>
   <div class='ocr_carea' id='block_1_19' title="bbox 151 1900 1803 1975">
    <p class='ocr_par' dir='ltr' id='par_1_19' title="bbox 151 1900 1803 1975">
     <span class='ocr_line' id='line_1_19' title="bbox 151 1900 1803 1975; baseline -0.002 -16"><span class='ocrx_word' id='word_1_116' title='bbox 151 1903 429 1975; x_wconf 61' lang='lat' dir='ltr'>quaedam</span> <span class='ocrx_word' id='word_1_117' title='bbox 461 1900 521 1956; x_wconf 91' lang='lat' dir='ltr'>in</span> <span class='ocrx_word' id='word_1_118' title='bbox 560 1917 754 1974; x_wconf 89' lang='lat' dir='ltr'>regem</span> <span class='ocrx_word' id='word_1_119' title='bbox 803 1903 976 1974; x_wconf 85' lang='lat' dir='ltr'>ecepit</span> <span class='ocrx_word' id='word_1_120' title='bbox 1025 1902 1240 1958; x_wconf 90' lang='lat' dir='ltr'>moliri.</span> <span class='ocrx_word' id='word_1_121' title='bbox 1276 1903 1439 1967; x_wconf 88' lang='lat' dir='ltr'>Quod</span> <span class='ocrx_word' id='word_1_122' title='bbox 1489 1903 1629 1958; x_wconf 90' lang='lat' dir='ltr'>dum</span> <span class='ocrx_word' id='word_1_123' title='bbox 1685 1902 1803 1973; x_wconf 90' lang='lat' dir='ltr'>regi</span> 
     </span>
    </p>
   </div>
   <div class='ocr_carea' id='block_1_20' title="bbox 153 1990 1807 2068">
    <p class='ocr_par' dir='ltr' id='par_1_20' title="bbox 153 1990 1807 2068">
     <span class='ocr_line' id='line_1_20' title="bbox 153 1990 1807 2068; baseline -0.001 -21"><span class='ocrx_word' id='word_1_124' title='bbox 153 1993 527 2064; x_wconf 90' lang='lat' dir='ltr'>compertum</span> <span class='ocrx_word' id='word_1_125' title='bbox 559 1990 1018 2068; x_wconf 90' lang='lat' dir='ltr'>esset,simulata</span> <span class='ocrx_word' id='word_1_126' title='bbox 1046 1991 1443 2048; x_wconf 89' lang='lat' dir='ltr'>benivolencia</span> <span class='ocrx_word' id='word_1_127' title='bbox 1474 1990 1807 2048; x_wconf 90' lang='lat' dir='ltr'>dissimula-</span> 
     </span>
    </p>
   </div>
   <div class='ocr_carea' id='block_1_21' title="bbox 152 2079 1806 2153">
    <p class='ocr_par' dir='ltr' id='par_1_21' title="bbox 152 2079 1806 2153">
     <span class='ocr_line' id='line_1_21' title="bbox 152 2079 1806 2153; baseline -0.001 -17"><span class='ocrx_word' id='word_1_128' title='bbox 152 2085 334 2152; x_wconf 88' lang='lat' dir='ltr'>taque</span> <span class='ocrx_word' id='word_1_129' title='bbox 365 2079 472 2147; x_wconf 91' lang='lat' dir='ltr'>ira,</span> <span class='ocrx_word' id='word_1_130' title='bbox 500 2079 642 2134; x_wconf 91' lang='lat' dir='ltr'>dum</span> <span class='ocrx_word' id='word_1_131' title='bbox 691 2080 763 2134; x_wconf 92' lang='lat' dir='ltr'>ad</span> <span class='ocrx_word' id='word_1_132' title='bbox 792 2096 919 2136; x_wconf 89' lang='lat' dir='ltr'>sese</span> <span class='ocrx_word' id='word_1_133' title='bbox 966 2080 1208 2150; x_wconf 89' lang='lat' dir='ltr'>veniret,</span> <span class='ocrx_word' id='word_1_134' title='bbox 1241 2080 1370 2136; x_wconf 90' lang='lat' dir='ltr'>luce</span> <span class='ocrx_word' id='word_1_135' title='bbox 1415 2097 1548 2136; x_wconf 89' lang='lat' dir='ltr'>eum</span> <span class='ocrx_word' id='word_1_136' title='bbox 1581 2079 1806 2153; x_wconf 88' lang='lat' dir='ltr'>privare</span> 
     </span>
    </p>
   </div>
   <div class='ocr_carea' id='block_1_22' title="bbox 155 2167 1803 2244">
    <p class='ocr_par' dir='ltr' id='par_1_22' title="bbox 155 2167 1803 2244">
     <span class='ocr_line' id='line_1_22' title="bbox 155 2167 1803 2244; baseline -0.002 -19"><span class='ocrx_word' id='word_1_137' title='bbox 155 2169 472 2242; x_wconf 85' lang='lat' dir='ltr'>disposuit.</span> <span class='ocrx_word' id='word_1_138' title='bbox 500 2167 682 2223; x_wconf 90' lang='lat' dir='ltr'>Filius</span> <span class='ocrx_word' id='word_1_139' title='bbox 713 2169 965 2241; x_wconf 92' lang='lat' dir='ltr'>denique</span> <span class='ocrx_word' id='word_1_140' title='bbox 1003 2171 1150 2244; x_wconf 85' lang='lat' dir='ltr'>ejus,</span> <span class='ocrx_word' id='word_1_141' title='bbox 1201 2169 1437 2225; x_wconf 88' lang='lat' dir='ltr'>nomine</span> <span class='ocrx_word' id='word_1_142' title='bbox 1489 2168 1803 2224; x_wconf 89' lang='lat' dir='ltr'>Lotharius</span> 
     </span>
    </p>
   </div>
   <div class='ocr_carea' id='block_1_23' title="bbox 154 2257 1804 2329">
    <p class='ocr_par' dir='ltr' id='par_1_23' title="bbox 154 2257 1804 2329">
     <span class='ocr_line' id='line_1_23' title="bbox 154 2257 1804 2329; baseline -0.002 -15"><span class='ocrx_word' id='word_1_143' title='bbox 154 2275 279 2325; x_wconf 88' lang='lat' dir='ltr'>rex,</span> <span class='ocrx_word' id='word_1_144' title='bbox 308 2261 366 2313; x_wconf 90' lang='lat' dir='ltr'>et</span> <span class='ocrx_word' id='word_1_145' title='bbox 395 2257 518 2329; x_wconf 91' lang='lat' dir='ltr'>ipse</span> <span class='ocrx_word' id='word_1_146' title='bbox 570 2273 783 2329; x_wconf 86' lang='lat' dir='ltr'>parvus</span> <span class='ocrx_word' id='word_1_147' title='bbox 839 2275 904 2312; x_wconf 92' lang='lat' dir='ltr'>ac</span> <span class='ocrx_word' id='word_1_148' title='bbox 965 2259 1428 2314; x_wconf 88' lang='lat' dir='ltr'>necessariarum</span> <span class='ocrx_word' id='word_1_149' title='bbox 1461 2257 1573 2314; x_wconf 90' lang='lat' dir='ltr'>sibi</span> <span class='ocrx_word' id='word_1_150' title='bbox 1606 2273 1804 2312; x_wconf 88' lang='lat' dir='ltr'>rerum</span> 
     </span>
    </p>
   </div>
   <div class='ocr_carea' id='block_1_24' title="bbox 158 2345 1806 2419">
    <p class='ocr_par' dir='ltr' id='par_1_24' title="bbox 158 2345 1806 2419">
     <span class='ocr_line' id='line_1_24' title="bbox 158 2345 1806 2419; baseline -0.002 -16"><span class='ocrx_word' id='word_1_151' title='bbox 158 2347 353 2402; x_wconf 87' lang='lat' dir='ltr'>adhuc</span> <span class='ocrx_word' id='word_1_152' title='bbox 411 2345 674 2419; x_wconf 89' lang='lat' dir='ltr'>ignarus,</span> <span class='ocrx_word' id='word_1_153' title='bbox 729 2345 1006 2416; x_wconf 86' lang='lat' dir='ltr'>quoniam</span> <span class='ocrx_word' id='word_1_154' title='bbox 1057 2347 1318 2403; x_wconf 88' lang='lat' dir='ltr'>consiliis</span> <span class='ocrx_word' id='word_1_155' title='bbox 1366 2348 1459 2402; x_wconf 88' lang='lat' dir='ltr'>his</span> <span class='ocrx_word' id='word_1_156' title='bbox 1517 2346 1806 2416; x_wconf 84' lang='lat' dir='ltr'>interfuit,</span> 
     </span>
    </p>
   </div>
   <div class='ocr_carea' id='block_1_25' title="bbox 158 2435 1803 2508">
    <p class='ocr_par' dir='ltr' id='par_1_25' title="bbox 158 2435 1803 2508">
     <span class='ocr_line' id='line_1_25' title="bbox 158 2435 1803 2508; baseline -0.002 -15"><span class='ocrx_word' id='word_1_157' title='bbox 158 2435 348 2493; x_wconf 90' lang='lat' dir='ltr'>celare</span> <span class='ocrx_word' id='word_1_158' title='bbox 379 2436 878 2508; x_wconf 88' lang='lat' dir='ltr'>quemadmodum</span> <span class='ocrx_word' id='word_1_159' title='bbox 930 2452 1075 2508; x_wconf 92' lang='lat' dir='ltr'>puer</span> <span class='ocrx_word' id='word_1_160' title='bbox 1126 2437 1284 2492; x_wconf 86' lang='lat' dir='ltr'>haud</span> <span class='ocrx_word' id='word_1_161' title='bbox 1342 2437 1552 2508; x_wconf 91' lang='lat' dir='ltr'>potuit,</span> <span class='ocrx_word' id='word_1_162' title='bbox 1606 2451 1803 2491; x_wconf 90' lang='lat' dir='ltr'>verum</span> 
     </span>
    </p>
   </div>
   <div class='ocr_carea' id='block_1_26' title="bbox 157 2513 1810 2596">
    <p class='ocr_par' dir='ltr' id='par_1_26' title="bbox 157 2513 1810 2596">
     <span class='ocr_line' id='line_1_26' title="bbox 157 2513 1810 2596; baseline -0.002 -16"><span class='ocrx_word' id='word_1_163' title='bbox 157 2513 454 2581; x_wconf 86' lang='lat' dir='ltr'>destinato</span> <span class='ocrx_word' id='word_1_164' title='bbox 487 2524 557 2579; x_wconf 88' lang='lat' dir='ltr'>ad</span> <span class='ocrx_word' id='word_1_165' title='bbox 590 2524 1002 2596; x_wconf 90' lang='lat' dir='ltr'>Berengarium</span> <span class='ocrx_word' id='word_1_166' title='bbox 1043 2525 1269 2593; x_wconf 90' lang='lat' dir='ltr'>nuntio,</span> <span class='ocrx_word' id='word_1_167' title='bbox 1303 2525 1455 2596; x_wconf 92' lang='lat' dir='ltr'>quod</span> <span class='ocrx_word' id='word_1_168' title='bbox 1503 2524 1614 2579; x_wconf 91' lang='lat' dir='ltr'>sibi</span> <span class='ocrx_word' id='word_1_169' title='bbox 1647 2526 1810 2595; x_wconf 90' lang='lat' dir='ltr'>pater</span> 
     </span>
    </p>
   </div>
   <div class='ocr_carea' id='block_1_27' title="bbox 157 2611 1808 2686">
    <p class='ocr_par' dir='ltr' id='par_1_27' title="bbox 157 2611 1808 2686">
     <span class='ocr_line' id='line_1_27' title="bbox 157 2611 1808 2686; baseline -0.001 -16"><span class='ocrx_word' id='word_1_170' title='bbox 157 2621 307 2670; x_wconf 72' lang='lat' dir='ltr'>&#39;suus</span> <span class='ocrx_word' id='word_1_171' title='bbox 320 2614 508 2669; x_wconf 88' lang='lat' dir='ltr'>facere</span> <span class='ocrx_word' id='word_1_172' title='bbox 526 2611 1131 2685; x_wconf 90' lang='lat' dir='ltr'>vellet,apperuit.Hoc</span> <span class='ocrx_word' id='word_1_173' title='bbox 1155 2613 1404 2686; x_wconf 92' lang='lat' dir='ltr'>denique</span> <span class='ocrx_word' id='word_1_174' title='bbox 1425 2613 1808 2685; x_wconf 86' lang='lat' dir='ltr'>Berengarius</span> 
     </span>
    </p>
   </div>
   <div class='ocr_carea' id='block_1_28' title="bbox 157 2701 1810 2775">
    <p class='ocr_par' dir='ltr' id='par_1_28' title="bbox 157 2701 1810 2775">
     <span class='ocr_line' id='line_1_28' title="bbox 157 2701 1810 2775; baseline -0.002 -16"><span class='ocrx_word' id='word_1_175' title='bbox 157 2708 225 2759; x_wconf 88' lang='lat' dir='ltr'>ut</span> <span class='ocrx_word' id='word_1_176' title='bbox 252 2701 494 2769; x_wconf 88' lang='lat' dir='ltr'>audivit,</span> <span class='ocrx_word' id='word_1_177' title='bbox 521 2701 747 2757; x_wconf 84' lang='lat' dir='ltr'>Italiam</span> <span class='ocrx_word' id='word_1_178' title='bbox 770 2719 946 2775; x_wconf 88' lang='lat' dir='ltr'>quam</span> <span class='ocrx_word' id='word_1_179' title='bbox 970 2720 1101 2758; x_wconf 85' lang='lat' dir='ltr'>mox</span> <span class='ocrx_word' id='word_1_180' title='bbox 1118 2704 1397 2774; x_wconf 88' lang='lat' dir='ltr'>deseruit,</span> <span class='ocrx_word' id='word_1_181' title='bbox 1431 2719 1495 2758; x_wconf 89' lang='lat' dir='ltr'>ac</span> <span class='ocrx_word' id='word_1_182' title='bbox 1519 2719 1621 2774; x_wconf 91' lang='lat' dir='ltr'>per</span> <span class='ocrx_word' id='word_1_183' title='bbox 1651 2718 1810 2756; x_wconf 90' lang='lat' dir='ltr'>mon-</span> 
     </span>
    </p>
   </div>
   <div class='ocr_carea' id='block_1_29' title="bbox 154 2791 1810 2868">
    <p class='ocr_par' dir='ltr' id='par_1_29' title="bbox 154 2791 1810 2868">
     <span class='ocr_line' id='line_1_29' title="bbox 154 2791 1810 2868; baseline -0.002 -19"><span class='ocrx_word' id='word_1_184' title='bbox 154 2797 278 2849; x_wconf 69' lang='grc' dir='ltr'>ιθω</span> <span class='ocrx_word' id='word_1_185' title='bbox 311 2791 470 2847; x_wconf 90' lang='lat' dir='ltr'>Jovis</span> <span class='ocrx_word' id='word_1_186' title='bbox 499 2791 559 2846; x_wconf 88' lang='lat' dir='ltr'>in</span> <span class='ocrx_word' id='word_1_187' title='bbox 593 2791 860 2846; x_wconf 88' lang='lat' dir='ltr'>Sueviam</span> <span class='ocrx_word' id='word_1_188' title='bbox 885 2793 957 2868; x_wconf 89' lang='lat' dir='ltr'>ad</span> <span class='ocrx_word' id='word_1_189' title='bbox 988 2792 1411 2847; x_wconf 88' lang='lat' dir='ltr'>Herimannum</span> <span class='ocrx_word' id='word_1_190' title='bbox 1444 2792 1650 2847; x_wconf 90' lang='lat' dir='ltr'>ducem</span> <span class='ocrx_word' id='word_1_191' title='bbox 1681 2807 1810 2862; x_wconf 90' lang='lat' dir='ltr'>pro-</span> 
     </span>
    </p>
   </div>
   <div class='ocr_carea' id='block_1_30' title="bbox 158 2879 1808 2955">
    <p class='ocr_par' dir='ltr' id='par_1_30' title="bbox 158 2879 1808 2955">
     <span class='ocr_line' id='line_1_30' title="bbox 158 2879 1808 2955; baseline -0.004 -17"><span class='ocrx_word' id='word_1_192' title='bbox 158 2881 657 2955; x_wconf 88' lang='lat' dir='ltr'>peravit;uxorem</span> <span class='ocrx_word' id='word_1_193' title='bbox 689 2895 820 2935; x_wconf 91' lang='lat' dir='ltr'>vero</span> <span class='ocrx_word' id='word_1_194' title='bbox 854 2897 1020 2936; x_wconf 90' lang='lat' dir='ltr'>suam</span> <span class='ocrx_word' id='word_1_195' title='bbox 1046 2880 1300 2937; x_wconf 88' lang='lat' dir='ltr'>William</span> <span class='ocrx_word' id='word_1_196' title='bbox 1327 2897 1427 2953; x_wconf 89' lang='lat' dir='ltr'>per</span> <span class='ocrx_word' id='word_1_197' title='bbox 1457 2879 1633 2934; x_wconf 89' lang='lat' dir='ltr'>aliam</span> <span class='ocrx_word' id='word_1_198' title='bbox 1653 2879 1808 2933; x_wconf 90' lang='lat' dir='ltr'>viam</span> 
     </span>
    </p>
   </div>
   <div class='ocr_carea' id='block_1_31' title="bbox 161 2969 1811 3042">
    <p class='ocr_par' dir='ltr' id='par_1_31' title="bbox 161 2969 1811 3042">
     <span class='ocr_line' id='line_1_31' title="bbox 161 2969 1811 3042; baseline -0.003 -15"><span class='ocrx_word' id='word_1_199' title='bbox 161 2972 236 3027; x_wconf 88' lang='lat' dir='ltr'>ad</span> <span class='ocrx_word' id='word_1_200' title='bbox 269 2971 516 3026; x_wconf 88' lang='lat' dir='ltr'>eandem</span> <span class='ocrx_word' id='word_1_201' title='bbox 549 2969 903 3041; x_wconf 88' lang='lat' dir='ltr'>provinciam</span> <span class='ocrx_word' id='word_1_202' title='bbox 935 2969 1129 3025; x_wconf 88' lang='lat' dir='ltr'>venire</span> <span class='ocrx_word' id='word_1_203' title='bbox 1177 2969 1469 3042; x_wconf 71' lang='lat' dir='ltr'>praecepit.</span> <span class='ocrx_word' id='word_1_204' title='bbox 1505 2971 1638 3035; x_wconf 66' lang='lat' dir='ltr'>Quae</span> <span class='ocrx_word' id='word_1_205' title='bbox 1669 2972 1811 3022; x_wconf 88' lang='lat' dir='ltr'>tem-</span> 
     </span>
    </p>
   </div>
   <div class='ocr_carea' id='block_1_32' title="bbox 160 3057 1807 3134">
    <p class='ocr_par' dir='ltr' id='par_1_32' title="bbox 160 3057 1807 3134">
     <span class='ocr_line' id='line_1_32' title="bbox 160 3057 1807 3134; baseline -0.005 -18"><span class='ocrx_word' id='word_1_206' title='bbox 160 3077 302 3134; x_wconf 90' lang='lat' dir='ltr'>pore</span> <span class='ocrx_word' id='word_1_207' title='bbox 328 3059 396 3094; x_wconf 78' lang='grc'><strong>³⁵⁸</strong></span> <span class='ocrx_word' id='word_1_208' title='bbox 429 3058 811 3131; x_wconf 87' lang='lat' dir='ltr'>digressionis</span> <span class='ocrx_word' id='word_1_209' title='bbox 843 3075 946 3114; x_wconf 91' lang='lat' dir='ltr'>sue</span> <span class='ocrx_word' id='word_1_210' title='bbox 978 3075 1082 3130; x_wconf 88' lang='lat' dir='ltr'>per</span> <span class='ocrx_word' id='word_1_211' title='bbox 1110 3062 1368 3116; x_wconf 84' lang='lat' dir='ltr'>montem</span> <span class='ocrx_word' id='word_1_212' title='bbox 1399 3058 1605 3112; x_wconf 86' lang='lat' dir='ltr'>Avium</span> <span class='ocrx_word' id='word_1_213' title='bbox 1639 3057 1807 3128; x_wconf 87' lang='lat' dir='ltr'>(i3l),</span> 
     </span>
    </p>
   </div>
   <div class='ocr_carea' id='block_1_33' title="bbox 162 3146 1809 3219">
    <p class='ocr_par' dir='ltr' id='par_1_33' title="bbox 162 3146 1809 3219">
     <span class='ocr_line' id='line_1_33' title="bbox 162 3146 1809 3219; baseline -0.003 -14"><span class='ocrx_word' id='word_1_214' title='bbox 162 3149 281 3205; x_wconf 88' lang='lat' dir='ltr'>feta</span> <span class='ocrx_word' id='word_1_215' title='bbox 303 3146 611 3219; x_wconf 86' lang='lat' dir='ltr'>partuique</span> <span class='ocrx_word' id='word_1_216' title='bbox 639 3146 846 3214; x_wconf 90' lang='lat' dir='ltr'>vicina,</span> <span class='ocrx_word' id='word_1_217' title='bbox 882 3147 1133 3219; x_wconf 88' lang='lat' dir='ltr'>qualiter</span> <span class='ocrx_word' id='word_1_218' title='bbox 1163 3150 1389 3202; x_wconf 87' lang='lat' dir='ltr'>montes</span> <span class='ocrx_word' id='word_1_219' title='bbox 1421 3150 1542 3201; x_wconf 91' lang='lat' dir='ltr'>tam</span> <span class='ocrx_word' id='word_1_220' title='bbox 1574 3160 1809 3216; x_wconf 88' lang='lat' dir='ltr'>asperos</span> 
     </span>
    </p>
   </div>
   <div class='ocr_carea' id='block_1_34' title="bbox 159 3235 1809 3309">
    <p class='ocr_par' dir='ltr' id='par_1_34' title="bbox 159 3235 1809 3309">
     <span class='ocr_line' id='line_1_34' title="bbox 159 3235 1809 3309; baseline -0.003 -17"><span class='ocrx_word' id='word_1_221' title='bbox 159 3241 340 3309; x_wconf 88' lang='lat' dir='ltr'>atque</span> <span class='ocrx_word' id='word_1_222' title='bbox 370 3235 557 3290; x_wconf 88' lang='lat' dir='ltr'>invios</span> <span class='ocrx_word' id='word_1_223' title='bbox 582 3235 832 3292; x_wconf 91' lang='lat' dir='ltr'>transire</span> <span class='ocrx_word' id='word_1_224' title='bbox 860 3237 1107 3308; x_wconf 91' lang='lat' dir='ltr'>pedibus</span> <span class='ocrx_word' id='word_1_225' title='bbox 1163 3236 1375 3308; x_wconf 90' lang='lat' dir='ltr'>poterit</span> <span class='ocrx_word' id='word_1_226' title='bbox 1417 3236 1504 3303; x_wconf 73' lang='lat'><strong>359,</strong></span> <span class='ocrx_word' id='word_1_227' title='bbox 1539 3235 1684 3289; x_wconf 89' lang='lat' dir='ltr'>satis</span> <span class='ocrx_word' id='word_1_228' title='bbox 1715 3249 1809 3288; x_wconf 92' lang='lat' dir='ltr'>ne-</span> 
     </span>
    </p>
   </div>
   <div class='ocr_carea' id='block_1_35' title="bbox 1834 1949 1882 2013">
    <p class='ocr_par' dir='ltr' id='par_1_35' title="bbox 1834 1949 1882 2013">
     <span class='ocr_line' id='line_1_35' title="bbox 1834 1949 1882 2013; baseline 0 0"><span class='ocrx_word' id='word_1_229' title='bbox 1834 1949 1882 2013; x_wconf 92' lang='lat' dir='ltr'><strong>B</strong></span> 
     </span>
    </p>
   </div>
   <div class='ocr_carea' id='block_1_36' title="bbox 2099 750 3112 824">
    <p class='ocr_par' dir='ltr' id='par_1_36' title="bbox 2099 750 3112 824">
     <span class='ocr_line' id='line_1_36' title="bbox 2099 750 3112 824; baseline 0.004 -20"><span class='ocrx_word' id='word_1_230' title='bbox 2099 750 2246 814; x_wconf 90' lang='lat' dir='ltr'>Quid</span> <span class='ocrx_word' id='word_1_231' title='bbox 2279 752 2531 824; x_wconf 88' lang='lat' dir='ltr'>loquar?</span> <span class='ocrx_word' id='word_1_232' title='bbox 2558 770 2687 809; x_wconf 89' lang='lat' dir='ltr'>ecce</span> <span class='ocrx_word' id='word_1_233' title='bbox 2717 753 2902 808; x_wconf 91' lang='lat' dir='ltr'>Deum</span> <span class='ocrx_word' id='word_1_234' title='bbox 2943 751 3112 824; x_wconf 90' lang='lat' dir='ltr'>cupio</span> 
     </span>
    </p>
   </div>
   <div class='ocr_carea' id='block_1_37' title="bbox 2097 841 3020 915">
    <p class='ocr_par' dir='ltr' id='par_1_37' title="bbox 2097 841 3020 915">
     <span class='ocr_line' id='line_1_37' title="bbox 2097 841 3020 915; baseline 0.004 -21"><span class='ocrx_word' id='word_1_235' title='bbox 2097 841 2557 915; x_wconf 89' lang='lat' dir='ltr'>Conscissusque</span> <span class='ocrx_word' id='word_1_236' title='bbox 2586 843 2763 898; x_wconf 89' lang='lat' dir='ltr'>chaos</span> <span class='ocrx_word' id='word_1_237' title='bbox 2794 844 3020 898; x_wconf 87' lang='lat' dir='ltr'>cunctis</span> 
     </span>
    </p>
   </div>
   <div class='ocr_carea' id='block_1_38' title="bbox 2096 928 2924 1004">
    <p class='ocr_par' dir='ltr' id='par_1_38' title="bbox 2096 928 2924 1004">
     <span class='ocr_line' id='line_1_38' title="bbox 2096 928 2924 1004; baseline 0.005 -22"><span class='ocrx_word' id='word_1_238' title='bbox 2096 928 2296 1000; x_wconf 89' lang='lat' dir='ltr'>Neque</span> <span class='ocrx_word' id='word_1_239' title='bbox 2328 935 2392 985; x_wconf 90' lang='lat' dir='ltr'>tu</span> <span class='ocrx_word' id='word_1_240' title='bbox 2425 931 2660 986; x_wconf 90' lang='lat' dir='ltr'>nomine</span> <span class='ocrx_word' id='word_1_241' title='bbox 2691 932 2924 1004; x_wconf 89' lang='lat' dir='ltr'>dignus,</span> 
     </span>
    </p>
   </div>
   <div class='ocr_carea' id='block_1_39' title="bbox 2096 1016 2958 1092">
    <p class='ocr_par' dir='ltr' id='par_1_39' title="bbox 2096 1016 2958 1092">
     <span class='ocr_line' id='line_1_39' title="bbox 2096 1016 2958 1092; baseline 0.005 -21"><span class='ocrx_word' id='word_1_242' title='bbox 2096 1016 2260 1074; x_wconf 88' lang='lat' dir='ltr'>Nunc</span> <span class='ocrx_word' id='word_1_243' title='bbox 2290 1035 2467 1090; x_wconf 85' lang='lat' dir='ltr'>quam</span> <span class='ocrx_word' id='word_1_244' title='bbox 2500 1021 2738 1092; x_wconf 89' lang='lat' dir='ltr'>perdere</span> <span class='ocrx_word' id='word_1_245' title='bbox 2768 1020 2958 1092; x_wconf 89' lang='lat' dir='ltr'>possis</span> 
     </span>
    </p>
   </div>
   <div class='ocr_carea' id='block_1_40' title="bbox 2095 1105 2812 1180">
    <p class='ocr_par' dir='ltr' id='par_1_40' title="bbox 2095 1105 2812 1180">
     <span class='ocr_line' id='line_1_40' title="bbox 2095 1105 2812 1180; baseline 0.003 -19"><span class='ocrx_word' id='word_1_246' title='bbox 2095 1105 2241 1161; x_wconf 92' lang='lat' dir='ltr'>Cum</span> <span class='ocrx_word' id='word_1_247' title='bbox 2275 1108 2359 1164; x_wconf 90' lang='lat' dir='ltr'>sol</span> <span class='ocrx_word' id='word_1_248' title='bbox 2393 1109 2600 1180; x_wconf 90' lang='lat' dir='ltr'>igneus</span> <span class='ocrx_word' id='word_1_249' title='bbox 2631 1109 2812 1174; x_wconf 88' lang='lat' dir='ltr'>ardet,</span> 
     </span>
    </p>
   </div>
   <div class='ocr_carea' id='block_1_41' title="bbox 2098 1194 2855 1268">
    <p class='ocr_par' dir='ltr' id='par_1_41' title="bbox 2098 1194 2855 1268">
     <span class='ocr_line' id='line_1_41' title="bbox 2098 1194 2855 1268; baseline 0.011 -21"><span class='ocrx_word' id='word_1_250' title='bbox 2098 1197 2282 1250; x_wconf 89' lang='lat' dir='ltr'>Curva</span> <span class='ocrx_word' id='word_1_251' title='bbox 2313 1194 2456 1252; x_wconf 85' lang='lat' dir='ltr'>falce</span> <span class='ocrx_word' id='word_1_252' title='bbox 2484 1197 2737 1268; x_wconf 87' lang='lat' dir='ltr'>reposcit</span> <span class='ocrx_word' id='word_1_253' title='bbox 2767 1197 2855 1262; x_wconf 69' lang='lat'>35’,</span> 
     </span>
    </p>
   </div>
   <div class='ocr_carea' id='block_1_42' title="bbox 2098 1282 2836 1342">
    <p class='ocr_par' dir='ltr' id='par_1_42' title="bbox 2098 1282 2836 1342">
     <span class='ocr_line' id='line_1_42' title="bbox 2098 1282 2836 1342; baseline 0.003 -6"><span class='ocrx_word' id='word_1_254' title='bbox 2098 1282 2300 1338; x_wconf 91' lang='lat' dir='ltr'>Cancri</span> <span class='ocrx_word' id='word_1_255' title='bbox 2331 1284 2398 1319; x_wconf 75' lang='grc'>³⁸³</span> <span class='ocrx_word' id='word_1_256' title='bbox 2428 1285 2591 1342; x_wconf 91' lang='lat' dir='ltr'>sidus</span> <span class='ocrx_word' id='word_1_257' title='bbox 2624 1285 2836 1340; x_wconf 90' lang='lat' dir='ltr'>adurit.</span> 
     </span>
    </p>
   </div>
   <div class='ocr_carea' id='block_1_43' title="bbox 2099 1370 2941 1446">
    <p class='ocr_par' dir='ltr' id='par_1_43' title="bbox 2099 1370 2941 1446">
     <span class='ocr_line' id='line_1_43' title="bbox 2099 1370 2941 1446; baseline 0.005 -20"><span class='ocrx_word' id='word_1_258' title='bbox 2099 1370 2316 1442; x_wconf 65' lang='lat' dir='ltr'>Rigida;</span> <span class='ocrx_word' id='word_1_259' title='bbox 2346 1374 2415 1409; x_wconf 68' lang='grc'>³⁸⁵</span> <span class='ocrx_word' id='word_1_260' title='bbox 2445 1377 2704 1446; x_wconf 90' lang='lat' dir='ltr'>tempore</span> <span class='ocrx_word' id='word_1_261' title='bbox 2734 1375 2941 1430; x_wconf 90' lang='lat' dir='ltr'>brume</span> 
     </span>
    </p>
   </div>
   <div class='ocr_carea' id='block_1_44' title="bbox 2097 1459 2814 1530">
    <p class='ocr_par' dir='ltr' id='par_1_44' title="bbox 2097 1459 2814 1530">
     <span class='ocr_line' id='line_1_44' title="bbox 2097 1459 2814 1530; baseline 0.006 -16"><span class='ocrx_word' id='word_1_262' title='bbox 2097 1459 2225 1516; x_wconf 89' lang='lat' dir='ltr'>Mea</span> <span class='ocrx_word' id='word_1_263' title='bbox 2255 1478 2410 1517; x_wconf 91' lang='lat' dir='ltr'>nunc</span> <span class='ocrx_word' id='word_1_264' title='bbox 2439 1467 2570 1519; x_wconf 89' lang='lat' dir='ltr'>vota</span> <span class='ocrx_word' id='word_1_265' title='bbox 2601 1462 2814 1530; x_wconf 88' lang='lat' dir='ltr'>valere,</span> 
     </span>
    </p>
   </div>
   <div class='ocr_carea' id='block_1_45' title="bbox 2093 1549 2767 1608">
    <p class='ocr_par' dir='ltr' id='par_1_45' title="bbox 2093 1549 2767 1608">
     <span class='ocr_line' id='line_1_45' title="bbox 2093 1549 2767 1608; baseline 0.009 -6"><span class='ocrx_word' id='word_1_266' title='bbox 2093 1549 2238 1606; x_wconf 91' lang='lat' dir='ltr'>Aliis</span> <span class='ocrx_word' id='word_1_267' title='bbox 2269 1552 2570 1607; x_wconf 90' lang='lat' dir='ltr'>montibus</span> <span class='ocrx_word' id='word_1_268' title='bbox 2599 1551 2767 1608; x_wconf 89' lang='lat' dir='ltr'>isses.</span> 
     </span>
    </p>
   </div>
   <div class='ocr_carea' id='block_1_46' title="bbox 2092 1637 2781 1696">
    <p class='ocr_par' dir='ltr' id='par_1_46' title="bbox 2092 1637 2781 1696">
     <span class='ocr_line' id='line_1_46' title="bbox 2092 1637 2781 1696; baseline 0.009 -6"><span class='ocrx_word' id='word_1_269' title='bbox 2092 1637 2241 1692; x_wconf 91' lang='lat' dir='ltr'>Sinit</span> <span class='ocrx_word' id='word_1_270' title='bbox 2271 1642 2327 1695; x_wconf 92' lang='lat' dir='ltr'>et</span> <span class='ocrx_word' id='word_1_271' title='bbox 2357 1641 2592 1695; x_wconf 87' lang='lat' dir='ltr'>tramite</span> <span class='ocrx_word' id='word_1_272' title='bbox 2623 1644 2781 1696; x_wconf 90' lang='lat' dir='ltr'>recto</span> 
     </span>
    </p>
   </div>
   <div class='ocr_carea' id='block_1_47' title="bbox 2094 1727 2860 1801">
    <p class='ocr_par' dir='ltr' id='par_1_47' title="bbox 2094 1727 2860 1801">
     <span class='ocr_line' id='line_1_47' title="bbox 2094 1727 2860 1801; baseline 0.007 -20"><span class='ocrx_word' id='word_1_273' title='bbox 2094 1727 2300 1784; x_wconf 91' lang='lat' dir='ltr'>Suetos</span> <span class='ocrx_word' id='word_1_274' title='bbox 2332 1729 2575 1801; x_wconf 88' lang='lat' dir='ltr'>perdere</span> <span class='ocrx_word' id='word_1_275' title='bbox 2606 1733 2860 1797; x_wconf 88' lang='lat' dir='ltr'>sanctos,</span> 
     </span>
    </p>
   </div>
   <div class='ocr_carea' id='block_1_48' title="bbox 2093 1815 2938 1889">
    <p class='ocr_par' dir='ltr' id='par_1_48' title="bbox 2093 1815 2938 1889">
     <span class='ocr_line' id='line_1_48' title="bbox 2093 1815 2938 1889; baseline 0.006 -19"><span class='ocrx_word' id='word_1_276' title='bbox 2093 1815 2214 1871; x_wconf 92' lang='lat' dir='ltr'>Heu</span> <span class='ocrx_word' id='word_1_277' title='bbox 2245 1834 2393 1889; x_wconf 91' lang='lat' dir='ltr'>quos</span> <span class='ocrx_word' id='word_1_278' title='bbox 2424 1818 2659 1875; x_wconf 89' lang='lat' dir='ltr'>nomine</span> <span class='ocrx_word' id='word_1_279' title='bbox 2686 1819 2938 1887; x_wconf 88' lang='lat' dir='ltr'>Mauros,</span> 
     </span>
    </p>
   </div>
   <div class='ocr_carea' id='block_1_49' title="bbox 2089 1903 2783 1980">
    <p class='ocr_par' dir='ltr' id='par_1_49' title="bbox 2089 1903 2783 1980">
     <span class='ocr_line' id='line_1_49' title="bbox 2089 1903 2783 1980; baseline 0.007 -22"><span class='ocrx_word' id='word_1_280' title='bbox 2089 1903 2264 1961; x_wconf 89' lang='lat' dir='ltr'>Juvat</span> <span class='ocrx_word' id='word_1_281' title='bbox 2296 1910 2354 1962; x_wconf 91' lang='lat' dir='ltr'>et</span> <span class='ocrx_word' id='word_1_282' title='bbox 2383 1907 2568 1962; x_wconf 90' lang='lat' dir='ltr'>vivere</span> <span class='ocrx_word' id='word_1_283' title='bbox 2599 1912 2783 1980; x_wconf 91' lang='lat' dir='ltr'>rapto.</span> 
     </span>
    </p>
   </div>
   <div class='ocr_carea' id='block_1_50' title="bbox 2090 1992 2711 2063">
    <p class='ocr_par' dir='ltr' id='par_1_50' title="bbox 2090 1992 2711 2063">
     <span class='ocr_line' id='line_1_50' title="bbox 2090 1992 2711 2063; baseline 0.008 -18"><span class='ocrx_word' id='word_1_284' title='bbox 2090 1992 2228 2046; x_wconf 87' lang='lat' dir='ltr'>Tete</span> <span class='ocrx_word' id='word_1_285' title='bbox 2259 1992 2502 2049; x_wconf 84' lang='lat' dir='ltr'>fulmine</span> <span class='ocrx_word' id='word_1_286' title='bbox 2525 1995 2711 2063; x_wconf 90' lang='lat' dir='ltr'>aduri,</span> 
     </span>
    </p>
   </div>
   <div class='ocr_carea' id='block_1_51' title="bbox 2091 2080 2769 2153">
    <p class='ocr_par' dir='ltr' id='par_1_51' title="bbox 2091 2080 2769 2153">
     <span class='ocr_line' id='line_1_51' title="bbox 2091 2080 2769 2153; baseline 0.006 -18"><span class='ocrx_word' id='word_1_287' title='bbox 2091 2080 2220 2136; x_wconf 87' lang='lat' dir='ltr'>Fias</span> <span class='ocrx_word' id='word_1_288' title='bbox 2251 2087 2509 2153; x_wconf 91' lang='lat' dir='ltr'>tempore</span> <span class='ocrx_word' id='word_1_289' title='bbox 2542 2088 2769 2139; x_wconf 91' lang='lat' dir='ltr'>cuncto.</span> 
     </span>
    </p>
   </div>
   <div class='ocr_carea' id='block_1_52' title="bbox 1986 2167 3561 2242">
    <p class='ocr_par' dir='ltr' id='par_1_52' title="bbox 1986 2167 3561 2242">
     <span class='ocr_line' id='line_1_52' title="bbox 1986 2167 3561 2242; baseline 0.004 -20"><span class='ocrx_word' id='word_1_290' title='bbox 1986 2167 2073 2223; x_wconf 86' lang='grc'><strong>42.</strong></span> <span class='ocrx_word' id='word_1_291' title='bbox 2111 2169 2290 2242; x_wconf 87' lang='lat' dir='ltr'>Igitur</span> <span class='ocrx_word' id='word_1_292' title='bbox 2313 2171 3058 2239; x_wconf 88' lang='lat' dir='ltr'>Herimannus,Suevorum</span> <span class='ocrx_word' id='word_1_293' title='bbox 3090 2172 3561 2241; x_wconf 89' lang='lat' dir='ltr'>dux,venientem</span> 
     </span>
    </p>
   </div>
   <div class='ocr_carea' id='block_1_53' title="bbox 1916 2257 3561 2334">
    <p class='ocr_par' dir='ltr' id='par_1_53' title="bbox 1916 2257 3561 2334">
     <span class='ocr_line' id='line_1_53' title="bbox 1916 2257 3561 2334; baseline 0.004 -24"><span class='ocrx_word' id='word_1_294' title='bbox 1916 2257 1988 2310; x_wconf 90' lang='lat' dir='ltr'>ad</span> <span class='ocrx_word' id='word_1_295' title='bbox 2019 2273 2081 2312; x_wconf 91' lang='lat' dir='ltr'>se</span> <span class='ocrx_word' id='word_1_296' title='bbox 2108 2258 2524 2332; x_wconf 89' lang='lat' dir='ltr'>Berengarium</span> <span class='ocrx_word' id='word_1_297' title='bbox 2556 2261 2803 2334; x_wconf 86' lang='lat' dir='ltr'>benigne</span> <span class='ocrx_word' id='word_1_298' title='bbox 2834 2261 3110 2334; x_wconf 89' lang='lat' dir='ltr'>suscepit,</span> <span class='ocrx_word' id='word_1_299' title='bbox 3152 2277 3405 2332; x_wconf 89' lang='lat' dir='ltr'>eumque</span> <span class='ocrx_word' id='word_1_300' title='bbox 3437 2279 3561 2318; x_wconf 86' lang='lat' dir='ltr'>ma-</span> 
     </span>
    </p>
   </div>
   <div class='ocr_carea' id='block_1_54' title="bbox 1916 2348 3562 2423">
    <p class='ocr_par' dir='ltr' id='par_1_54' title="bbox 1916 2348 3562 2423">
     <span class='ocr_line' id='line_1_54' title="bbox 1916 2348 3562 2423; baseline 0.004 -24"><span class='ocrx_word' id='word_1_301' title='bbox 1916 2360 2028 2416; x_wconf 91' lang='lat' dir='ltr'>gno</span> <span class='ocrx_word' id='word_1_302' title='bbox 2059 2362 2193 2401; x_wconf 91' lang='lat' dir='ltr'>cum</span> <span class='ocrx_word' id='word_1_303' title='bbox 2223 2348 2444 2404; x_wconf 91' lang='lat' dir='ltr'>honore</span> <span class='ocrx_word' id='word_1_304' title='bbox 2485 2354 2618 2405; x_wconf 89' lang='lat' dir='ltr'>ante</span> <span class='ocrx_word' id='word_1_305' title='bbox 2675 2351 2928 2422; x_wconf 88' lang='lat' dir='ltr'>piissimi</span> <span class='ocrx_word' id='word_1_306' title='bbox 2985 2350 3137 2422; x_wconf 86' lang='lat' dir='ltr'>regis</span> <span class='ocrx_word' id='word_1_307' title='bbox 3169 2351 3395 2406; x_wconf 90' lang='lat' dir='ltr'>Ottonis</span> <span class='ocrx_word' id='word_1_308' title='bbox 3417 2367 3562 2423; x_wconf 66' lang='lat' dir='ltr'>prae-</span> 
     </span>
    </p>
   </div>
   <div class='ocr_carea' id='block_1_55' title="bbox 1917 2435 3566 2511">
    <p class='ocr_par' dir='ltr' id='par_1_55' title="bbox 1917 2435 3566 2511">
     <span class='ocr_line' id='line_1_55' title="bbox 1917 2435 3566 2511; baseline 0.004 -23"><span class='ocrx_word' id='word_1_309' title='bbox 1917 2435 2166 2490; x_wconf 88' lang='lat' dir='ltr'>sentiam</span> <span class='ocrx_word' id='word_1_310' title='bbox 2199 2437 2567 2501; x_wconf 88' lang='lat' dir='ltr'>duxit.Quem</span> <span class='ocrx_word' id='word_1_311' title='bbox 2601 2443 2821 2511; x_wconf 89' lang='lat' dir='ltr'>quanta</span> <span class='ocrx_word' id='word_1_312' title='bbox 2851 2457 2952 2495; x_wconf 86' lang='lat' dir='ltr'>rex</span> <span class='ocrx_word' id='word_1_313' title='bbox 2972 2439 3273 2495; x_wconf 89' lang='lat' dir='ltr'>devotione</span> <span class='ocrx_word' id='word_1_314' title='bbox 3298 2456 3566 2511; x_wconf 90' lang='lat' dir='ltr'>suscepe-</span> 
     </span>
    </p>
   </div>
   <div class='ocr_carea' id='block_1_56' title="bbox 1917 2523 3562 2601">
    <p class='ocr_par' dir='ltr' id='par_1_56' title="bbox 1917 2523 3562 2601">
     <span class='ocr_line' id='line_1_56' title="bbox 1917 2523 3562 2601; baseline 0.004 -23"><span class='ocrx_word' id='word_1_315' title='bbox 1917 2523 2011 2591; x_wconf 89' lang='lat' dir='ltr'>rit,</span> <span class='ocrx_word' id='word_1_316' title='bbox 2049 2525 2401 2597; x_wconf 84' lang='lat' dir='ltr'>quantisque</span> <span class='ocrx_word' id='word_1_317' title='bbox 2433 2528 2776 2583; x_wconf 89' lang='lat' dir='ltr'>muneribus</span> <span class='ocrx_word' id='word_1_318' title='bbox 2809 2527 3123 2596; x_wconf 88' lang='lat' dir='ltr'>donaverit,</span> <span class='ocrx_word' id='word_1_319' title='bbox 3159 2533 3562 2601; x_wconf 89' lang='lat' dir='ltr'>quantumque</span> 
     </span>
    </p>
   </div>
   <div class='ocr_carea' id='block_1_57' title="bbox 1918 2612 3563 2688">
    <p class='ocr_par' dir='ltr' id='par_1_57' title="bbox 1918 2612 3563 2688">
     <span class='ocr_line' id='line_1_57' title="bbox 1918 2612 3563 2688; baseline 0.002 -22"><span class='ocrx_word' id='word_1_320' title='bbox 1918 2612 2306 2682; x_wconf 88' lang='lat' dir='ltr'>honoraverit,</span> <span class='ocrx_word' id='word_1_321' title='bbox 2343 2615 2512 2671; x_wconf 88' lang='lat' dir='ltr'>stilus</span> <span class='ocrx_word' id='word_1_322' title='bbox 2544 2633 2710 2672; x_wconf 91' lang='lat' dir='ltr'>meus</span> <span class='ocrx_word' id='word_1_323' title='bbox 2743 2633 2804 2672; x_wconf 92' lang='lat' dir='ltr'>se</span> <span class='ocrx_word' id='word_1_324' title='bbox 2835 2616 3084 2671; x_wconf 88' lang='lat' dir='ltr'>scribere</span> <span class='ocrx_word' id='word_1_325' title='bbox 3112 2616 3180 2651; x_wconf 70' lang='lat'>365</span> <span class='ocrx_word' id='word_1_326' title='bbox 3210 2633 3382 2688; x_wconf 86' lang='lat' dir='ltr'>posse</span> <span class='ocrx_word' id='word_1_327' title='bbox 3413 2616 3563 2671; x_wconf 82' lang='lat' dir='ltr'>diffi-</span> 
     </span>
    </p>
   </div>
   <div class='ocr_carea' id='block_1_58' title="bbox 1890 2701 3565 2793">
    <p class='ocr_par' dir='ltr' id='par_1_58' title="bbox 1890 2701 3565 2793">
     <span class='ocr_line' id='line_1_58' title="bbox 1890 2701 3565 2793; baseline 0.002 -37"><span class='ocrx_word' id='word_1_328' title='bbox 1890 2701 2021 2793; x_wconf 39' lang='lat' dir='ltr'>ldit.</span> <span class='ocrx_word' id='word_1_329' title='bbox 2055 2702 2271 2758; x_wconf 89' lang='lat' dir='ltr'>Verum</span> <span class='ocrx_word' id='word_1_330' title='bbox 2303 2709 2590 2775; x_wconf 90' lang='lat' dir='ltr'>quantum</span> <span class='ocrx_word' id='word_1_331' title='bbox 2620 2706 2831 2777; x_wconf 90' lang='lat' dir='ltr'>poterit</span> <span class='ocrx_word' id='word_1_332' title='bbox 2862 2705 3200 2776; x_wconf 85' lang='lat' dir='ltr'>designatis,</span> <span class='ocrx_word' id='word_1_333' title='bbox 3235 2706 3403 2775; x_wconf 89' lang='lat' dir='ltr'>cujus</span> <span class='ocrx_word' id='word_1_334' title='bbox 3435 2722 3565 2760; x_wconf 91' lang='lat' dir='ltr'>san-</span> 
     </span>
    </p>
   </div>
   <div class='ocr_carea' id='block_1_59' title="bbox 1918 2790 3561 2865">
    <p class='ocr_par' dir='ltr' id='par_1_59' title="bbox 1918 2790 3561 2865">
     <span class='ocr_line' id='line_1_59' title="bbox 1918 2790 3561 2865; baseline 0.002 -22"><span class='ocrx_word' id='word_1_335' title='bbox 1918 2790 2135 2847; x_wconf 85' lang='lat' dir='ltr'>ctitatis</span> <span class='ocrx_word' id='word_1_336' title='bbox 2169 2796 2517 2865; x_wconf 56' lang='lat' dir='ltr'>quantaque</span> <span class='ocrx_word' id='word_1_337' title='bbox 2547 2794 2933 2850; x_wconf 89' lang='lat' dir='ltr'>humanitatis</span> <span class='ocrx_word' id='word_1_338' title='bbox 2971 2811 3070 2849; x_wconf 86' lang='lat' dir='ltr'>rex</span> <span class='ocrx_word' id='word_1_339' title='bbox 3104 2794 3298 2864; x_wconf 85' lang='lat' dir='ltr'>fuerit,</span> <span class='ocrx_word' id='word_1_340' title='bbox 3333 2798 3561 2865; x_wconf 69' lang='lat' dir='ltr'>quantae</span> 
     </span>
    </p>
   </div>
   <div class='ocr_carea' id='block_1_60' title="bbox 1918 2879 3566 2955">
    <p class='ocr_par' dir='ltr' id='par_1_60' title="bbox 1918 2879 3566 2955">
     <span class='ocr_line' id='line_1_60' title="bbox 1918 2879 3566 2955; baseline 0.002 -22"><span class='ocrx_word' id='word_1_341' title='bbox 1918 2879 2095 2934; x_wconf 89' lang='lat' dir='ltr'>etiam</span> <span class='ocrx_word' id='word_1_342' title='bbox 2126 2879 2521 2952; x_wconf 88' lang='lat' dir='ltr'>improbitatis</span> <span class='ocrx_word' id='word_1_343' title='bbox 2552 2883 2937 2955; x_wconf 89' lang='lat' dir='ltr'>Berengarius</span> <span class='ocrx_word' id='word_1_344' title='bbox 2959 2881 3403 2948; x_wconf 85' lang='lat' dir='ltr'>extiterit,facile</span> <span class='ocrx_word' id='word_1_345' title='bbox 3427 2898 3566 2953; x_wconf 83' lang='lat' dir='ltr'>pru-</span> 
     </span>
    </p>
   </div>
   <div class='ocr_carea' id='block_1_61' title="bbox 1919 2968 3014 3043">
    <p class='ocr_par' dir='ltr' id='par_1_61' title="bbox 1919 2968 3014 3043">
     <span class='ocr_line' id='line_1_61' title="bbox 1919 2968 3014 3043; baseline 0.004 -21"><span class='ocrx_word' id='word_1_346' title='bbox 1919 2968 2062 3024; x_wconf 88' lang='lat' dir='ltr'>dens</span> <span class='ocrx_word' id='word_1_347' title='bbox 2091 2968 2272 3024; x_wconf 90' lang='lat' dir='ltr'>lector</span> <span class='ocrx_word' id='word_1_348' title='bbox 2298 2971 2758 3028; x_wconf 90' lang='lat' dir='ltr'>animadvertere</span> <span class='ocrx_word' id='word_1_349' title='bbox 2789 2971 3014 3043; x_wconf 87' lang='lat' dir='ltr'>poterit.</span> 
     </span>
    </p>
   </div>
   <div class='ocr_carea' id='block_1_62' title="bbox 1992 3058 3564 3131">
    <p class='ocr_par' dir='ltr' id='par_1_62' title="bbox 1992 3058 3564 3131">
     <span class='ocr_line' id='line_1_62' title="bbox 1992 3058 3564 3131; baseline 0.003 -21"><span class='ocrx_word' id='word_1_350' title='bbox 1992 3058 2076 3110; x_wconf 88' lang='grc'>13.</span> <span class='ocrx_word' id='word_1_351' title='bbox 2112 3058 2229 3112; x_wconf 81' lang='lat' dir='ltr'>Rex</span> <span class='ocrx_word' id='word_1_352' title='bbox 2259 3062 2444 3130; x_wconf 85' lang='lat' dir='ltr'>Hugo,</span> <span class='ocrx_word' id='word_1_353' title='bbox 2489 3060 2688 3114; x_wconf 88' lang='lat' dir='ltr'>audita</span> <span class='ocrx_word' id='word_1_354' title='bbox 2741 3058 3074 3131; x_wconf 88' lang='lat' dir='ltr'>Berengarii</span> <span class='ocrx_word' id='word_1_355' title='bbox 3131 3060 3290 3131; x_wconf 88' lang='lat' dir='ltr'>fuga,</span> <span class='ocrx_word' id='word_1_356' title='bbox 3325 3059 3564 3115; x_wconf 86' lang='lat' dir='ltr'>nuntios</span> 
     </span>
    </p>
   </div>
   <div class='ocr_carea' id='block_1_63' title="bbox 1920 3147 3564 3219">
    <p class='ocr_par' dir='ltr' id='par_1_63' title="bbox 1920 3147 3564 3219">
     <span class='ocr_line' id='line_1_63' title="bbox 1920 3147 3564 3219; baseline 0 -18"><span class='ocrx_word' id='word_1_357' title='bbox 1920 3163 2058 3201; x_wconf 88' lang='lat' dir='ltr'>suos</span> <span class='ocrx_word' id='word_1_358' title='bbox 2091 3147 2210 3218; x_wconf 89' lang='lat' dir='ltr'>regi</span> <span class='ocrx_word' id='word_1_359' title='bbox 2243 3147 2436 3202; x_wconf 89' lang='lat' dir='ltr'>Ottoni</span> <span class='ocrx_word' id='word_1_360' title='bbox 2466 3147 2666 3219; x_wconf 88' lang='lat' dir='ltr'>dirigit</span> <span class='ocrx_word' id='word_1_361' title='bbox 2696 3150 2809 3218; x_wconf 84' lang='lat' dir='ltr'>(an.</span> <span class='ocrx_word' id='word_1_362' title='bbox 2843 3148 3324 3217; x_wconf 61' lang='lat' dir='ltr'>9112),secundum</span> <span class='ocrx_word' id='word_1_363' title='bbox 3356 3147 3564 3202; x_wconf 88' lang='lat' dir='ltr'>volun-</span> 
     </span>
    </p>
   </div>
   <div class='ocr_carea' id='block_1_64' title="bbox 1923 3234 3564 3308">
    <p class='ocr_par' dir='ltr' id='par_1_64' title="bbox 1923 3234 3564 3308">
     <span class='ocr_line' id='line_1_64' title="bbox 1923 3234 3564 3308; baseline 0.001 -18"><span class='ocrx_word' id='word_1_364' title='bbox 1923 3234 2058 3290; x_wconf 84' lang='lat' dir='ltr'>tatis</span> <span class='ocrx_word' id='word_1_365' title='bbox 2089 3252 2205 3290; x_wconf 68' lang='lat' dir='ltr'>sua:</span> <span class='ocrx_word' id='word_1_366' title='bbox 2237 3234 2711 3292; x_wconf 88' lang='lat' dir='ltr'>deliberationem</span> <span class='ocrx_word' id='word_1_367' title='bbox 2743 3237 2867 3291; x_wconf 89' lang='lat' dir='ltr'>auri</span> <span class='ocrx_word' id='word_1_368' title='bbox 2894 3236 3233 3307; x_wconf 87' lang='lat' dir='ltr'>argentique</span> <span class='ocrx_word' id='word_1_369' title='bbox 3256 3235 3481 3308; x_wconf 90' lang='lat' dir='ltr'>copiam</span> <span class='ocrx_word' id='word_1_370' title='bbox 3502 3251 3564 3291; x_wconf 90' lang='lat' dir='ltr'>se</span> 
     </span>
    </p>
   </div>
   <div class='ocr_carea' id='block_1_65' title="bbox 161 3316 3562 3399">
    <p class='ocr_par' dir='ltr' id='par_1_65' title="bbox 161 3316 3562 3399">
     <span class='ocr_line' id='line_1_65' title="bbox 161 3316 3562 3399; baseline -0.001 -18"><span class='ocrx_word' id='word_1_371' title='bbox 161 3331 310 3399; x_wconf 87' lang='lat' dir='ltr'>queo</span> <span class='ocrx_word' id='word_1_372' title='bbox 343 3323 581 3392; x_wconf 89' lang='lat' dir='ltr'>mirari;</span> <span class='ocrx_word' id='word_1_373' title='bbox 615 3323 727 3380; x_wconf 90' lang='lat' dir='ltr'>nisi</span> <span class='ocrx_word' id='word_1_374' title='bbox 775 3325 915 3396; x_wconf 89' lang='lat' dir='ltr'>quia</span> <span class='ocrx_word' id='word_1_375' title='bbox 959 3325 1222 3380; x_wconf 57' lang='lat' dir='ltr'>furtunae</span> <span class='ocrx_word' id='word_1_376' title='bbox 1280 3341 1483 3380; x_wconf 90' lang='lat' dir='ltr'>omnes</span> <span class='ocrx_word' id='word_1_377' title='bbox 1533 3324 1806 3378; x_wconf 86' lang='lat' dir='ltr'>adversas</span> <span class='ocrx_word' id='word_1_378' title='bbox 1837 3316 1878 3382; x_wconf 86' lang='lat' dir='ltr'>C</span> <span class='ocrx_word' id='word_1_379' title='bbox 1916 3323 1967 3379; x_wconf 92' lang='lat' dir='ltr'>ei</span> <span class='ocrx_word' id='word_1_380' title='bbox 1999 3325 2296 3391; x_wconf 90' lang='lat' dir='ltr'>daturum,</span> <span class='ocrx_word' id='word_1_381' title='bbox 2332 3324 2379 3379; x_wconf 91' lang='lat' dir='ltr'>si</span> <span class='ocrx_word' id='word_1_382' title='bbox 2406 3325 2822 3398; x_wconf 88' lang='lat' dir='ltr'>Berengarium</span> <span class='ocrx_word' id='word_1_383' title='bbox 2874 3342 2989 3380; x_wconf 93' lang='lat' dir='ltr'>non</span> <span class='ocrx_word' id='word_1_384' title='bbox 3041 3324 3363 3397; x_wconf 89' lang='lat' dir='ltr'>susciperet</span> <span class='ocrx_word' id='word_1_385' title='bbox 3391 3323 3562 3395; x_wconf 89' lang='lat' dir='ltr'>eique</span> 
     </span>
    </p>
   </div>
   <div class='ocr_carea' id='block_1_66' title="bbox 160 3413 1804 3485">
    <p class='ocr_par' dir='ltr' id='par_1_66' title="bbox 160 3413 1804 3485">
     <span class='ocr_line' id='line_1_66' title="bbox 160 3413 1804 3485; baseline -0.002 -15"><span class='ocrx_word' id='word_1_386' title='bbox 160 3414 305 3470; x_wconf 91' lang='lat' dir='ltr'>mihi</span> <span class='ocrx_word' id='word_1_387' title='bbox 333 3413 514 3468; x_wconf 89' lang='lat' dir='ltr'>fuisse</span> <span class='ocrx_word' id='word_1_388' title='bbox 537 3417 694 3468; x_wconf 90' lang='lat' dir='ltr'>certo</span> <span class='ocrx_word' id='word_1_389' title='bbox 729 3413 870 3468; x_wconf 89' lang='lat' dir='ltr'>scio.</span> <span class='ocrx_word' id='word_1_390' title='bbox 905 3413 1018 3469; x_wconf 89' lang='lat' dir='ltr'>Sed</span> <span class='ocrx_word' id='word_1_391' title='bbox 1051 3413 1122 3469; x_wconf 91' lang='lat' dir='ltr'>ah</span> <span class='ocrx_word' id='word_1_392' title='bbox 1149 3415 1160 3468; x_wconf 76' lang='grc' dir='ltr'><strong>Ξ</strong></span> <span class='ocrx_word' id='word_1_393' title='bbox 1197 3431 1374 3485; x_wconf 88' lang='lat' dir='ltr'>quam</span> <span class='ocrx_word' id='word_1_394' title='bbox 1426 3413 1538 3468; x_wconf 87' lang='lat' dir='ltr'>sibi</span> <span class='ocrx_word' id='word_1_395' title='bbox 1569 3413 1804 3484; x_wconf 88' lang='lat' dir='ltr'>decipu-</span> 
     </span>
    </p>
   </div>
   <div class='ocr_carea' id='block_1_67' title="bbox 156 3501 1807 3574">
    <p class='ocr_par' dir='ltr' id='par_1_67' title="bbox 156 3501 1807 3574">
     <span class='ocr_line' id='line_1_67' title="bbox 156 3501 1807 3574; baseline -0.002 -15"><span class='ocrx_word' id='word_1_396' title='bbox 156 3504 275 3559; x_wconf 88' lang='lat' dir='ltr'>Iam</span> <span class='ocrx_word' id='word_1_397' title='bbox 310 3501 612 3557; x_wconf 89' lang='lat' dir='ltr'>Lotharius</span> <span class='ocrx_word' id='word_1_398' title='bbox 638 3502 1068 3574; x_wconf 72' lang='lat' dir='ltr'>praeparaverit,</span> <span class='ocrx_word' id='word_1_399' title='bbox 1098 3502 1275 3558; x_wconf 90' lang='lat' dir='ltr'>futuri</span> <span class='ocrx_word' id='word_1_400' title='bbox 1328 3502 1568 3574; x_wconf 83' lang='lat' dir='ltr'>ignarus</span> <span class='ocrx_word' id='word_1_401' title='bbox 1613 3501 1807 3556; x_wconf 86' lang='lat' dir='ltr'>videre</span> 
     </span>
    </p>
   </div>
   <div class='ocr_carea' id='block_1_68' title="bbox 158 3589 1807 3665">
    <p class='ocr_par' dir='ltr' id='par_1_68' title="bbox 158 3589 1807 3665">
     <span class='ocr_line' id='line_1_68' title="bbox 158 3589 1807 3665; baseline -0.003 -17"><span class='ocrx_word' id='word_1_402' title='bbox 158 3609 274 3648; x_wconf 88' lang='lat' dir='ltr'>non</span> <span class='ocrx_word' id='word_1_403' title='bbox 308 3590 518 3665; x_wconf 90' lang='lat' dir='ltr'>potuit.</span> <span class='ocrx_word' id='word_1_404' title='bbox 548 3591 698 3645; x_wconf 90' lang='lat' dir='ltr'>Dum</span> <span class='ocrx_word' id='word_1_405' title='bbox 744 3590 901 3646; x_wconf 91' lang='lat' dir='ltr'>enim</span> <span class='ocrx_word' id='word_1_406' title='bbox 960 3590 1304 3664; x_wconf 85' lang='lat' dir='ltr'>Berengario</span> <span class='ocrx_word' id='word_1_407' title='bbox 1362 3589 1674 3654; x_wconf 90' lang='lat' dir='ltr'>consuluit,</span> <span class='ocrx_word' id='word_1_408' title='bbox 1710 3589 1807 3660; x_wconf 93' lang='lat' dir='ltr'>qui</span> 
     </span>
    </p>
   </div>
   <div class='ocr_carea' id='block_1_69' title="bbox 157 3679 1809 3754">
    <p class='ocr_par' dir='ltr' id='par_1_69' title="bbox 157 3679 1809 3754">
     <span class='ocr_line' id='line_1_69' title="bbox 157 3679 1809 3754; baseline -0.002 -18"><span class='ocrx_word' id='word_1_409' title='bbox 157 3691 405 3754; x_wconf 84' lang='lat' dir='ltr'>regnum</span> <span class='ocrx_word' id='word_1_410' title='bbox 433 3684 492 3737; x_wconf 90' lang='lat' dir='ltr'>et</span> <span class='ocrx_word' id='word_1_411' title='bbox 517 3679 699 3735; x_wconf 89' lang='lat' dir='ltr'>vitam</span> <span class='ocrx_word' id='word_1_412' title='bbox 735 3681 987 3736; x_wconf 86' lang='lat' dir='ltr'>auferret</span> <span class='ocrx_word' id='word_1_413' title='bbox 1017 3680 1252 3736; x_wconf 91' lang='lat' dir='ltr'>sibimet</span> <span class='ocrx_word' id='word_1_414' title='bbox 1303 3679 1666 3751; x_wconf 66' lang='lat' dir='ltr'>praeparavit.</span> <span class='ocrx_word' id='word_1_415' title='bbox 1700 3683 1809 3732; x_wconf 89' lang='lat' dir='ltr'>Im-</span> 
     </span>
    </p>
   </div>
   <div class='ocr_carea' id='block_1_70' title="bbox 159 3766 1809 3844">
    <p class='ocr_par' dir='ltr' id='par_1_70' title="bbox 159 3766 1809 3844">
     <span class='ocr_line' id='line_1_70' title="bbox 159 3766 1809 3844; baseline -0.003 -18"><span class='ocrx_word' id='word_1_416' title='bbox 159 3785 381 3844; x_wconf 66' lang='lat' dir='ltr'>prteeor</span> <span class='ocrx_word' id='word_1_417' title='bbox 409 3769 609 3841; x_wconf 89' lang='lat' dir='ltr'>itaque</span> <span class='ocrx_word' id='word_1_418' title='bbox 642 3785 757 3824; x_wconf 89' lang='lat' dir='ltr'>non</span> <span class='ocrx_word' id='word_1_419' title='bbox 809 3769 1103 3838; x_wconf 87' lang='lat' dir='ltr'>Lothario,</span> <span class='ocrx_word' id='word_1_420' title='bbox 1139 3769 1239 3841; x_wconf 88' lang='lat' dir='ltr'>qui</span> <span class='ocrx_word' id='word_1_421' title='bbox 1289 3767 1556 3841; x_wconf 72' lang='lat' dir='ltr'>puerieiae</span> <span class='ocrx_word' id='word_1_422' title='bbox 1581 3766 1809 3822; x_wconf 86' lang='lat' dir='ltr'>levitate</span> 
     </span>
    </p>
   </div>
   <div class='ocr_carea' id='block_1_71' title="bbox 160 3857 1808 3932">
    <p class='ocr_par' dir='ltr' id='par_1_71' title="bbox 160 3857 1808 3932">
     <span class='ocr_line' id='line_1_71' title="bbox 160 3857 1808 3932; baseline -0.003 -16"><span class='ocrx_word' id='word_1_423' title='bbox 160 3857 621 3932; x_wconf 75' lang='lat' dir='ltr'>pe&#39;ccavit,idque</span> <span class='ocrx_word' id='word_1_424' title='bbox 655 3859 1030 3931; x_wconf 81' lang='lat' dir='ltr'>postmodum</span> <span class='ocrx_word' id='word_1_425' title='bbox 1067 3874 1263 3914; x_wconf 90' lang='lat' dir='ltr'>amare</span> <span class='ocrx_word' id='word_1_426' title='bbox 1293 3857 1585 3930; x_wconf 88' lang='lat' dir='ltr'>poenituit,</span> <span class='ocrx_word' id='word_1_427' title='bbox 1606 3874 1808 3912; x_wconf 91' lang='lat' dir='ltr'>verum</span> 
     </span>
    </p>
   </div>
   <div class='ocr_carea' id='block_1_72' title="bbox 164 3943 1809 4015">
    <p class='ocr_par' dir='ltr' id='par_1_72' title="bbox 164 3943 1809 4015">
     <span class='ocr_line' id='line_1_72' title="bbox 164 3943 1809 4015; baseline -0.002 -12"><span class='ocrx_word' id='word_1_428' title='bbox 164 3943 464 4003; x_wconf 84' lang='lat' dir='ltr'>montibus</span> <span class='ocrx_word' id='word_1_429' title='bbox 482 3945 602 4003; x_wconf 92' lang='lat' dir='ltr'>illis</span> <span class='ocrx_word' id='word_1_430' title='bbox 624 3946 1186 4015; x_wconf 86' lang='lat' dir='ltr'>erudelibus,contra</span> <span class='ocrx_word' id='word_1_431' title='bbox 1215 3947 1515 4002; x_wconf 89' lang='lat' dir='ltr'>insuetum</span> <span class='ocrx_word' id='word_1_432' title='bbox 1533 3945 1809 4001; x_wconf 89' lang='lat' dir='ltr'>omnibus</span> 
     </span>
    </p>
   </div>
   <div class='ocr_carea' id='block_1_73' title="bbox 163 4035 1809 4110">
    <p class='ocr_par' dir='ltr' id='par_1_73' title="bbox 163 4035 1809 4110">
     <span class='ocr_line' id='line_1_73' title="bbox 163 4035 1809 4110; baseline -0.002 -18"><span class='ocrx_word' id='word_1_433' title='bbox 163 4053 387 4093; x_wconf 90' lang='lat' dir='ltr'>morem</span> <span class='ocrx_word' id='word_1_434' title='bbox 413 4035 580 4092; x_wconf 87' lang='lat' dir='ltr'>facile</span> <span class='ocrx_word' id='word_1_435' title='bbox 611 4036 694 4091; x_wconf 91' lang='lat' dir='ltr'>eis</span> <span class='ocrx_word' id='word_1_436' title='bbox 743 4035 856 4091; x_wconf 90' lang='lat' dir='ltr'>iter</span> <span class='ocrx_word' id='word_1_437' title='bbox 906 4036 1306 4110; x_wconf 87' lang='lat' dir='ltr'>prebentibus.</span> <span class='ocrx_word' id='word_1_438' title='bbox 1341 4037 1542 4107; x_wconf 90' lang='lat' dir='ltr'>Itaque</span> <span class='ocrx_word' id='word_1_439' title='bbox 1581 4035 1722 4090; x_wconf 91' lang='lat' dir='ltr'>libet</span> <span class='ocrx_word' id='word_1_440' title='bbox 1749 4035 1809 4089; x_wconf 89' lang='lat' dir='ltr'>in</span> 
     </span>
    </p>
   </div>
   <div class='ocr_carea' id='block_1_74' title="bbox 162 4124 1564 4182">
    <p class='ocr_par' dir='ltr' id='par_1_74' title="bbox 162 4124 1564 4182">
     <span class='ocr_line' id='line_1_74' title="bbox 162 4124 1564 4182; baseline -0.001 0"><span class='ocrx_word' id='word_1_441' title='bbox 162 4131 366 4182; x_wconf 81' lang='lat' dir='ltr'>eorum</span> <span class='ocrx_word' id='word_1_442' title='bbox 399 4124 546 4180; x_wconf 90' lang='lat' dir='ltr'>mihi</span> <span class='ocrx_word' id='word_1_443' title='bbox 577 4141 733 4180; x_wconf 90' lang='lat' dir='ltr'>nunc</span> <span class='ocrx_word' id='word_1_444' title='bbox 759 4124 1172 4180; x_wconf 86' lang='lat' dir='ltr'>contumeliam</span> <span class='ocrx_word' id='word_1_445' title='bbox 1205 4124 1527 4180; x_wconf 84' lang='lat' dir='ltr'>exclamare</span> <span class='ocrx_word' id='word_1_446' title='bbox 1554 4142 1564 4180; x_wconf 87' lang='lat'>:</span> 
     </span>
    </p>
   </div>
   <div class='ocr_carea' id='block_1_75' title="bbox 337 4213 1422 4285">
    <p class='ocr_par' dir='ltr' id='par_1_75' title="bbox 337 4213 1422 4285">
     <span class='ocr_line' id='line_1_75' title="bbox 337 4213 1422 4285; baseline -0.002 -16"><span class='ocrx_word' id='word_1_447' title='bbox 337 4213 428 4269; x_wconf 92' lang='grc'>44.</span> <span class='ocrx_word' id='word_1_448' title='bbox 464 4213 732 4285; x_wconf 90' lang='lat' dir='ltr'>Improbe</span> <span class='ocrx_word' id='word_1_449' title='bbox 766 4214 835 4249; x_wconf 69' lang='grc'>³⁸0</span> <span class='ocrx_word' id='word_1_450' title='bbox 865 4230 1033 4270; x_wconf 91' lang='lat' dir='ltr'>mons</span> <span class='ocrx_word' id='word_1_451' title='bbox 1061 4213 1287 4280; x_wconf 87' lang='lat' dir='ltr'>Avium,</span> <span class='ocrx_word' id='word_1_452' title='bbox 1321 4213 1422 4268; x_wconf 88' lang='lat' dir='ltr'>tali</span> 
     </span>
    </p>
   </div>
   <div class='ocr_carea' id='block_1_76' title="bbox 340 4301 1270 4375">
    <p class='ocr_par' dir='ltr' id='par_1_76' title="bbox 340 4301 1270 4375">
     <span class='ocr_line' id='line_1_76' title="bbox 340 4301 1270 4375; baseline 0 -18"><span class='ocrx_word' id='word_1_453' title='bbox 340 4301 660 4358; x_wconf 89' lang='lat' dir='ltr'>Conservas</span> <span class='ocrx_word' id='word_1_454' title='bbox 687 4302 824 4373; x_wconf 91' lang='lat' dir='ltr'>quia</span> <span class='ocrx_word' id='word_1_455' title='bbox 855 4302 1000 4358; x_wconf 87' lang='lat' dir='ltr'>nam</span> <span class='ocrx_word' id='word_1_456' title='bbox 1021 4307 1270 4375; x_wconf 90' lang='lat' dir='ltr'>pestem,</span> 
     </span>
    </p>
   </div>
   <div class='ocr_carea' id='block_1_77' title="bbox 343 4390 1120 4459">
    <p class='ocr_par' dir='ltr' id='par_1_77' title="bbox 343 4390 1120 4459">
     <span class='ocr_line' id='line_1_77' title="bbox 343 4390 1120 4459; baseline 0 -13"><span class='ocrx_word' id='word_1_457' title='bbox 343 4390 542 4446; x_wconf 85' lang='lat' dir='ltr'>Invius</span> <span class='ocrx_word' id='word_1_458' title='bbox 577 4407 704 4446; x_wconf 90' lang='lat' dir='ltr'>esse</span> <span class='ocrx_word' id='word_1_459' title='bbox 736 4391 890 4446; x_wconf 87' lang='lat' dir='ltr'>soles</span> <span class='ocrx_word' id='word_1_460' title='bbox 920 4390 1120 4459; x_wconf 89' lang='lat' dir='ltr'>etiam,</span> 
     </span>
    </p>
   </div>
   <div class='ocr_carea' id='block_1_78' title="bbox 345 4479 1338 4551">
    <p class='ocr_par' dir='ltr' id='par_1_78' title="bbox 345 4479 1338 4551">
     <span class='ocr_line' id='line_1_78' title="bbox 345 4479 1338 4551; baseline 0.002 -18"><span class='ocrx_word' id='word_1_461' title='bbox 345 4479 634 4550; x_wconf 91' lang='lat' dir='ltr'>Tempore</span> <span class='ocrx_word' id='word_1_462' title='bbox 665 4495 780 4551; x_wconf 92' lang='lat' dir='ltr'>quo</span> <span class='ocrx_word' id='word_1_463' title='bbox 813 4480 1077 4536; x_wconf 88' lang='lat' dir='ltr'>Cererem</span> <span class='ocrx_word' id='word_1_464' title='bbox 1111 4495 1338 4535; x_wconf 89' lang='lat' dir='ltr'>messor</span> 
     </span>
    </p>
   </div>
   <div class='ocr_carea' id='block_1_79' title="bbox 293 4568 1222 4639">
    <p class='ocr_par' dir='ltr' id='par_1_79' title="bbox 293 4568 1222 4639">
     <span class='ocr_line' id='line_1_79' title="bbox 293 4568 1222 4639; baseline 0 -17"><span class='ocrx_word' id='word_1_465' title='bbox 293 4583 296 4588; x_wconf 92' lang='grc'><strong>·</strong></span> <span class='ocrx_word' id='word_1_466' title='bbox 345 4568 630 4638; x_wconf 86' lang='lat' dir='ltr'>Tempore</span> <span class='ocrx_word' id='word_1_467' title='bbox 663 4584 778 4639; x_wconf 90' lang='lat' dir='ltr'>quo</span> <span class='ocrx_word' id='word_1_468' title='bbox 812 4568 992 4624; x_wconf 90' lang='lat' dir='ltr'>radiis</span> <span class='ocrx_word' id='word_1_469' title='bbox 1021 4569 1222 4623; x_wconf 80' lang='lat' dir='ltr'>Phoebi</span> 
     </span>
    </p>
   </div>
   <div class='ocr_carea' id='block_1_80' title="bbox 348 4655 1186 4714">
    <p class='ocr_par' dir='ltr' id='par_1_80' title="bbox 348 4655 1186 4714">
     <span class='ocr_line' id='line_1_80' title="bbox 348 4655 1186 4714; baseline 0.002 -3"><span class='ocrx_word' id='word_1_470' title='bbox 348 4655 610 4712; x_wconf 88' lang='lat' dir='ltr'>Pessime</span> <span class='ocrx_word' id='word_1_471' title='bbox 642 4673 798 4712; x_wconf 92' lang='lat' dir='ltr'>nunc</span> <span class='ocrx_word' id='word_1_472' title='bbox 829 4673 890 4712; x_wconf 93' lang='lat' dir='ltr'>es</span> <span class='ocrx_word' id='word_1_473' title='bbox 923 4657 1186 4714; x_wconf 89' lang='lat' dir='ltr'>inaudito</span> 
     </span>
    </p>
   </div>
   <div class='ocr_carea' id='block_1_81' title="bbox 347 4745 1361 4819">
    <p class='ocr_par' dir='ltr' id='par_1_81' title="bbox 347 4745 1361 4819">
     <span class='ocr_line' id='line_1_81' title="bbox 347 4745 1361 4819; baseline 0.002 -19"><span class='ocrx_word' id='word_1_474' title='bbox 347 4745 584 4800; x_wconf 83' lang='lat' dir='ltr'>Pervius</span> <span class='ocrx_word' id='word_1_475' title='bbox 605 4745 634 4799; x_wconf 85' lang='lat'><strong>?</strong></span> <span class='ocrx_word' id='word_1_476' title='bbox 666 4749 837 4816; x_wconf 89' lang='lat' dir='ltr'>atque</span> <span class='ocrx_word' id='word_1_477' title='bbox 869 4745 1096 4802; x_wconf 90' lang='lat' dir='ltr'>utinam</span> <span class='ocrx_word' id='word_1_478' title='bbox 1121 4751 1361 4819; x_wconf 88' lang='lat' dir='ltr'>possent</span> 
     </span>
    </p>
   </div>
   <div class='ocr_carea' id='block_1_82' title="bbox 347 4833 1417 4892">
    <p class='ocr_par' dir='ltr' id='par_1_82' title="bbox 347 4833 1417 4892">
     <span class='ocr_line' id='line_1_82' title="bbox 347 4833 1417 4892; baseline 0 -3"><span class='ocrx_word' id='word_1_479' title='bbox 347 4833 625 4890; x_wconf 86' lang='lat' dir='ltr'>Protinus</span> <span class='ocrx_word' id='word_1_480' title='bbox 654 4835 713 4889; x_wconf 94' lang='lat' dir='ltr'>in</span> <span class='ocrx_word' id='word_1_481' title='bbox 745 4836 1050 4890; x_wconf 87' lang='lat' dir='ltr'>baratrum</span> <span class='ocrx_word' id='word_1_482' title='bbox 1082 4835 1322 4892; x_wconf 90' lang='lat' dir='ltr'>avulsus</span> <span class='ocrx_word' id='word_1_483' title='bbox 1353 4837 1417 4871; x_wconf 68' lang='lat'>361</span> 
     </span>
    </p>
   </div>
   <div class='ocr_carea' id='block_1_83' title="bbox 347 4922 1176 4996">
    <p class='ocr_par' dir='ltr' id='par_1_83' title="bbox 347 4922 1176 4996">
     <span class='ocr_line' id='line_1_83' title="bbox 347 4922 1176 4996; baseline 0.005 -20"><span class='ocrx_word' id='word_1_484' title='bbox 347 4922 493 4978; x_wconf 88' lang='lat' dir='ltr'>Ecce</span> <span class='ocrx_word' id='word_1_485' title='bbox 518 4923 933 4996; x_wconf 88' lang='lat' dir='ltr'>Berengarium</span> <span class='ocrx_word' id='word_1_486' title='bbox 966 4929 1176 4991; x_wconf 90' lang='lat' dir='ltr'>servat,</span> 
     </span>
    </p>
   </div>
   <div class='ocr_carea' id='block_1_84' title="bbox 348 5009 1438 5079">
    <p class='ocr_par' dir='ltr' id='par_1_84' title="bbox 348 5009 1438 5079">
     <span class='ocr_line' id='line_1_84' title="bbox 348 5009 1438 5079; baseline 0 -13"><span class='ocrx_word' id='word_1_487' title='bbox 348 5009 517 5066; x_wconf 90' lang='lat' dir='ltr'>Mons</span> <span class='ocrx_word' id='word_1_488' title='bbox 545 5013 798 5069; x_wconf 88' lang='lat' dir='ltr'>transire</span> <span class='ocrx_word' id='word_1_489' title='bbox 815 5013 996 5079; x_wconf 82' lang='lat' dir='ltr'>Jovis,</span> <span class='ocrx_word' id='word_1_490' title='bbox 1031 5013 1248 5068; x_wconf 89' lang='lat' dir='ltr'>mirum</span> <span class='ocrx_word' id='word_1_491' title='bbox 1280 5012 1438 5067; x_wconf 88' lang='lat' dir='ltr'>haud</span> 
     </span>
    </p>
   </div>
   <div class='ocr_carea' id='block_1_85' title="bbox 1914 3412 3559 3484">
    <p class='ocr_par' dir='ltr' id='par_1_85' title="bbox 1914 3412 3559 3484">
     <span class='ocr_line' id='line_1_85' title="bbox 1914 3412 3559 3484; baseline -0.001 -17"><span class='ocrx_word' id='word_1_492' title='bbox 1914 3412 2293 3468; x_wconf 90' lang='lat' dir='ltr'>amminicula</span> <span class='ocrx_word' id='word_1_493' title='bbox 2323 3429 2438 3468; x_wconf 91' lang='lat' dir='ltr'>non</span> <span class='ocrx_word' id='word_1_494' title='bbox 2469 3414 2777 3480; x_wconf 87' lang='lat' dir='ltr'>conferret,</span> <span class='ocrx_word' id='word_1_495' title='bbox 2803 3413 3171 3484; x_wconf 89' lang='lat' dir='ltr'>promittens.</span> <span class='ocrx_word' id='word_1_496' title='bbox 3201 3412 3424 3477; x_wconf 87' lang='lat' dir='ltr'>Quibus</span> <span class='ocrx_word' id='word_1_497' title='bbox 3459 3428 3559 3466; x_wconf 91' lang='lat' dir='ltr'>rex</span> 
     </span>
    </p>
   </div>
   <div class='ocr_carea' id='block_1_86' title="bbox 1917 3499 3561 3574">
    <p class='ocr_par' dir='ltr' id='par_1_86' title="bbox 1917 3499 3561 3574">
     <span class='ocr_line' id='line_1_86' title="bbox 1917 3499 3561 3574; baseline -0.001 -18"><span class='ocrx_word' id='word_1_498' title='bbox 1917 3502 2341 3574; x_wconf 80' lang='lat' dir='ltr'>apologeticum</span> <span class='ocrx_word' id='word_1_499' title='bbox 2369 3503 2435 3538; x_wconf 71' lang='grc'>³⁵⁸</span> <span class='ocrx_word' id='word_1_500' title='bbox 2467 3503 2807 3574; x_wconf 89' lang='lat' dir='ltr'>hujusmodi</span> <span class='ocrx_word' id='word_1_501' title='bbox 2867 3501 3059 3557; x_wconf 90' lang='lat' dir='ltr'>dedit:</span> <span class='ocrx_word' id='word_1_502' title='bbox 3099 3524 3126 3551; x_wconf 91' lang='grc'>‹‹</span> <span class='ocrx_word' id='word_1_503' title='bbox 3172 3499 3561 3573; x_wconf 73' lang='lat' dir='ltr'>Berengarius</span> 
     </span>
    </p>
   </div>
   <div class='ocr_carea' id='block_1_87' title="bbox 1917 3588 3558 3663">
    <p class='ocr_par' dir='ltr' id='par_1_87' title="bbox 1917 3588 3558 3663">
     <span class='ocr_line' id='line_1_87' title="bbox 1917 3588 3558 3663; baseline -0.001 -17"><span class='ocrx_word' id='word_1_504' title='bbox 1917 3609 2032 3646; x_wconf 91' lang='lat' dir='ltr'>non</span> <span class='ocrx_word' id='word_1_505' title='bbox 2092 3592 2162 3646; x_wconf 89' lang='lat' dir='ltr'>ob</span> <span class='ocrx_word' id='word_1_506' title='bbox 2218 3591 2440 3647; x_wconf 91' lang='lat' dir='ltr'>domini</span> <span class='ocrx_word' id='word_1_507' title='bbox 2503 3592 2680 3647; x_wconf 89' lang='lat' dir='ltr'>vestri</span> <span class='ocrx_word' id='word_1_508' title='bbox 2747 3591 3160 3663; x_wconf 86' lang='lat' dir='ltr'>dejeeeionem,</span> <span class='ocrx_word' id='word_1_509' title='bbox 3222 3606 3445 3657; x_wconf 91' lang='lat' dir='ltr'>verum,</span> <span class='ocrx_word' id='word_1_510' title='bbox 3508 3588 3558 3645; x_wconf 91' lang='lat' dir='ltr'>si</span> 
     </span>
    </p>
   </div>
   <div class='ocr_carea' id='block_1_88' title="bbox 1917 3679 3566 3753">
    <p class='ocr_par' dir='ltr' id='par_1_88' title="bbox 1917 3679 3566 3753">
     <span class='ocr_line' id='line_1_88' title="bbox 1917 3679 3566 3753; baseline -0.001 -17"><span class='ocrx_word' id='word_1_511' title='bbox 1917 3681 2069 3753; x_wconf 90' lang='lat' dir='ltr'>potis</span> <span class='ocrx_word' id='word_1_512' title='bbox 2101 3685 2207 3748; x_wconf 90' lang='lat' dir='ltr'>est,</span> <span class='ocrx_word' id='word_1_513' title='bbox 2242 3681 2312 3736; x_wconf 95' lang='lat' dir='ltr'>ob</span> <span class='ocrx_word' id='word_1_514' title='bbox 2346 3679 2901 3752; x_wconf 85' lang='lat' dir='ltr'>reconciliationem,</span> <span class='ocrx_word' id='word_1_515' title='bbox 2926 3684 3186 3736; x_wconf 90' lang='lat' dir='ltr'>nostram</span> <span class='ocrx_word' id='word_1_516' title='bbox 3221 3680 3365 3735; x_wconf 91' lang='lat' dir='ltr'>adiit</span> <span class='ocrx_word' id='word_1_517' title='bbox 3390 3679 3566 3750; x_wconf 90' lang='lat' dir='ltr'>pieta-</span> 
     </span>
    </p>
   </div>
   <div class='ocr_carea' id='block_1_89' title="bbox 1918 3767 3564 3840">
    <p class='ocr_par' dir='ltr' id='par_1_89' title="bbox 1918 3767 3564 3840">
     <span class='ocr_line' id='line_1_89' title="bbox 1918 3767 3564 3840; baseline -0.003 -15"><span class='ocrx_word' id='word_1_518' title='bbox 1918 3774 2056 3825; x_wconf 88' lang='lat' dir='ltr'>tem.</span> <span class='ocrx_word' id='word_1_519' title='bbox 2088 3771 2212 3833; x_wconf 90' lang='lat' dir='ltr'>Qua</span> <span class='ocrx_word' id='word_1_520' title='bbox 2241 3771 2299 3824; x_wconf 91' lang='lat' dir='ltr'>in</span> <span class='ocrx_word' id='word_1_521' title='bbox 2323 3787 2384 3826; x_wconf 91' lang='lat' dir='ltr'>re</span> <span class='ocrx_word' id='word_1_522' title='bbox 2443 3770 2492 3825; x_wconf 93' lang='lat' dir='ltr'>si</span> <span class='ocrx_word' id='word_1_523' title='bbox 2540 3769 2971 3826; x_wconf 88' lang='lat' dir='ltr'>amminiculari</span> <span class='ocrx_word' id='word_1_524' title='bbox 3031 3769 3116 3824; x_wconf 92' lang='lat' dir='ltr'>illi</span> <span class='ocrx_word' id='word_1_525' title='bbox 3150 3785 3345 3840; x_wconf 72' lang='lat' dir='ltr'>pmnes</span> <span class='ocrx_word' id='word_1_526' title='bbox 3377 3767 3564 3822; x_wconf 86' lang='lat' dir='ltr'>domi-</span> 
     </span>
    </p>
   </div>
   <div class='ocr_carea' id='block_1_90' title="bbox 1919 3857 3567 3931">
    <p class='ocr_par' dir='ltr' id='par_1_90' title="bbox 1919 3857 3567 3931">
     <span class='ocr_line' id='line_1_90' title="bbox 1919 3857 3567 3931; baseline -0.002 -17"><span class='ocrx_word' id='word_1_527' title='bbox 1919 3876 2060 3914; x_wconf 90' lang='lat' dir='ltr'>num</span> <span class='ocrx_word' id='word_1_528' title='bbox 2092 3863 2351 3914; x_wconf 84' lang='lat' dir='ltr'>vestrum</span> <span class='ocrx_word' id='word_1_529' title='bbox 2371 3863 2769 3931; x_wconf 86' lang='lat' dir='ltr'>potero,gazas</span> <span class='ocrx_word' id='word_1_530' title='bbox 2791 3876 2825 3914; x_wconf 89' lang='lat' dir='ltr'>a</span> <span class='ocrx_word' id='word_1_531' title='bbox 2845 3873 2907 3914; x_wconf 89' lang='lat' dir='ltr'>se</span> <span class='ocrx_word' id='word_1_532' title='bbox 2931 3858 3074 3913; x_wconf 90' lang='lat' dir='ltr'>mihi</span> <span class='ocrx_word' id='word_1_533' title='bbox 3105 3857 3426 3930; x_wconf 90' lang='lat' dir='ltr'>promissas</span> <span class='ocrx_word' id='word_1_534' title='bbox 3450 3872 3567 3910; x_wconf 89' lang='lat' dir='ltr'>non</span> 
     </span>
    </p>
   </div>
   <div class='ocr_carea' id='block_1_91' title="bbox 1920 3944 3570 4019">
    <p class='ocr_par' dir='ltr' id='par_1_91' title="bbox 1920 3944 3570 4019">
     <span class='ocr_line' id='line_1_91' title="bbox 1920 3944 3570 4019; baseline -0.002 -17"><span class='ocrx_word' id='word_1_535' title='bbox 1920 3948 2112 4003; x_wconf 88' lang='lat' dir='ltr'>solum</span> <span class='ocrx_word' id='word_1_536' title='bbox 2143 3965 2258 4002; x_wconf 92' lang='lat' dir='ltr'>non</span> <span class='ocrx_word' id='word_1_537' title='bbox 2293 3948 2570 4019; x_wconf 89' lang='lat' dir='ltr'>suscipio,</span> <span class='ocrx_word' id='word_1_538' title='bbox 2595 3964 2796 4002; x_wconf 88' lang='lat' dir='ltr'>verum</span> <span class='ocrx_word' id='word_1_539' title='bbox 2840 3963 3032 4001; x_wconf 91' lang='lat' dir='ltr'>meam</span> <span class='ocrx_word' id='word_1_540' title='bbox 3064 3945 3148 3999; x_wconf 93' lang='lat' dir='ltr'>illi</span> <span class='ocrx_word' id='word_1_541' title='bbox 3181 3944 3570 3999; x_wconf 87' lang='lat' dir='ltr'>libentissime</span> 
     </span>
    </p>
   </div>
   <div class='ocr_carea' id='block_1_92' title="bbox 1919 4032 3568 4107">
    <p class='ocr_par' dir='ltr' id='par_1_92' title="bbox 1919 4032 3568 4107">
     <span class='ocr_line' id='line_1_92' title="bbox 1919 4032 3568 4107; baseline -0.003 -17"><span class='ocrx_word' id='word_1_542' title='bbox 1919 4037 2114 4091; x_wconf 88' lang='lat' dir='ltr'>tribuo</span> <span class='ocrx_word' id='word_1_543' title='bbox 2139 4054 2151 4103; x_wconf 91' lang='lat'><strong>;</strong></span> <span class='ocrx_word' id='word_1_544' title='bbox 2186 4037 2528 4107; x_wconf 82' lang='lat' dir='ltr'>Berengario</span> <span class='ocrx_word' id='word_1_545' title='bbox 2561 4053 2718 4104; x_wconf 89' lang='lat' dir='ltr'>vero,</span> <span class='ocrx_word' id='word_1_546' title='bbox 2748 4053 2851 4090; x_wconf 91' lang='lat' dir='ltr'>seu</span> <span class='ocrx_word' id='word_1_547' title='bbox 2883 4033 3121 4089; x_wconf 92' lang='lat' dir='ltr'>cuilibet</span> <span class='ocrx_word' id='word_1_548' title='bbox 3151 4036 3361 4088; x_wconf 83' lang='lat' dir='ltr'>nostrae</span> <span class='ocrx_word' id='word_1_549' title='bbox 3388 4032 3568 4103; x_wconf 89' lang='lat' dir='ltr'>pieta-</span> 
     </span>
    </p>
   </div>
   <div class='ocr_carea' id='block_1_93' title="bbox 1919 4117 3569 4195">
    <p class='ocr_par' dir='ltr' id='par_1_93' title="bbox 1919 4117 3569 4195">
     <span class='ocr_line' id='line_1_93' title="bbox 1919 4117 3569 4195; baseline -0.006 -15"><span class='ocrx_word' id='word_1_550' title='bbox 1919 4125 1997 4180; x_wconf 92' lang='lat' dir='ltr'>tis</span> <span class='ocrx_word' id='word_1_551' title='bbox 2028 4125 2397 4179; x_wconf 88' lang='lat' dir='ltr'>clementiam</span> <span class='ocrx_word' id='word_1_552' title='bbox 2457 4123 2815 4195; x_wconf 89' lang='lat' dir='ltr'>imploranti,</span> <span class='ocrx_word' id='word_1_553' title='bbox 2864 4123 3175 4176; x_wconf 87' lang='lat' dir='ltr'>mandasse</span> <span class='ocrx_word' id='word_1_554' title='bbox 3237 4117 3569 4174; x_wconf 90' lang='lat' dir='ltr'>subsidium</span> 
     </span>
    </p>
   </div>
   <div class='ocr_carea' id='block_1_94' title="bbox 1924 4207 3570 4285">
    <p class='ocr_par' dir='ltr' id='par_1_94' title="bbox 1924 4207 3570 4285">
     <span class='ocr_line' id='line_1_94' title="bbox 1924 4207 3570 4285; baseline -0.005 -17"><span class='ocrx_word' id='word_1_555' title='bbox 1924 4231 2038 4268; x_wconf 93' lang='lat' dir='ltr'>non</span> <span class='ocrx_word' id='word_1_556' title='bbox 2056 4214 2581 4285; x_wconf 72' lang='lat' dir='ltr'>praebere,summze</span> <span class='ocrx_word' id='word_1_557' title='bbox 2601 4213 2903 4267; x_wconf 66' lang='lat' dir='ltr'>dementiae</span> <span class='ocrx_word' id='word_1_558' title='bbox 2923 4209 3331 4281; x_wconf 88' lang='lat' dir='ltr'>est.He,pende</span> <span class='ocrx_word' id='word_1_559' title='bbox 3352 4207 3570 4278; x_wconf 87' lang='lat' dir='ltr'>itaque,</span> 
     </span>
    </p>
   </div>
   <div class='ocr_carea' id='block_1_95' title="bbox 1924 4293 3568 4374">
    <p class='ocr_par' dir='ltr' id='par_1_95' title="bbox 1924 4293 3568 4374">
     <span class='ocr_line' id='line_1_95' title="bbox 1924 4293 3568 4374; baseline -0.006 -16"><span class='ocrx_word' id='word_1_560' title='bbox 1924 4307 2144 4374; x_wconf 91' lang='lat' dir='ltr'>quanta</span> <span class='ocrx_word' id='word_1_561' title='bbox 2173 4319 2306 4358; x_wconf 90' lang='lat' dir='ltr'>eum</span> <span class='ocrx_word' id='word_1_562' title='bbox 2341 4319 2439 4357; x_wconf 85' lang='lat' dir='ltr'>rex</span> <span class='ocrx_word' id='word_1_563' title='bbox 2468 4301 2600 4374; x_wconf 90' lang='lat' dir='ltr'>pius</span> <span class='ocrx_word' id='word_1_564' title='bbox 2633 4301 2871 4356; x_wconf 88' lang='lat' dir='ltr'>caritate</span> <span class='ocrx_word' id='word_1_565' title='bbox 2894 4296 3282 4368; x_wconf 90' lang='lat' dir='ltr'>dilexerit,qui</span> <span class='ocrx_word' id='word_1_566' title='bbox 3316 4293 3568 4368; x_wconf 89' lang='lat' dir='ltr'>promis-</span> 
     </span>
    </p>
   </div>
   <div class='ocr_carea' id='block_1_96' title="bbox 1925 4384 3570 4460">
    <p class='ocr_par' dir='ltr' id='par_1_96' title="bbox 1925 4384 3570 4460">
     <span class='ocr_line' id='line_1_96' title="bbox 1925 4384 3570 4460; baseline -0.005 -13"><span class='ocrx_word' id='word_1_567' title='bbox 1925 4409 2050 4447; x_wconf 90' lang='lat' dir='ltr'>sam</span> <span class='ocrx_word' id='word_1_568' title='bbox 2083 4408 2198 4446; x_wconf 92' lang='lat' dir='ltr'>non</span> <span class='ocrx_word' id='word_1_569' title='bbox 2231 4391 2420 4446; x_wconf 89' lang='lat' dir='ltr'>solum</span> <span class='ocrx_word' id='word_1_570' title='bbox 2473 4407 2588 4446; x_wconf 92' lang='lat' dir='ltr'>non</span> <span class='ocrx_word' id='word_1_571' title='bbox 2645 4389 2924 4460; x_wconf 90' lang='lat' dir='ltr'>accipere,</span> <span class='ocrx_word' id='word_1_572' title='bbox 2977 4387 3078 4443; x_wconf 89' lang='lat' dir='ltr'>sed</span> <span class='ocrx_word' id='word_1_573' title='bbox 3130 4384 3424 4458; x_wconf 89' lang='lat' dir='ltr'>propriam</span> <span class='ocrx_word' id='word_1_574' title='bbox 3467 4400 3570 4456; x_wconf 90' lang='lat' dir='ltr'>pro</span> 
     </span>
    </p>
   </div>
   <div class='ocr_carea' id='block_1_97' title="bbox 1925 4479 2764 4552">
    <p class='ocr_par' dir='ltr' id='par_1_97' title="bbox 1925 4479 2764 4552">
     <span class='ocr_line' id='line_1_97' title="bbox 1925 4479 2764 4552; baseline 0 -18"><span class='ocrx_word' id='word_1_575' title='bbox 1925 4479 2022 4536; x_wconf 91' lang='lat' dir='ltr'>illo</span> <span class='ocrx_word' id='word_1_576' title='bbox 2056 4479 2363 4552; x_wconf 88' lang='lat' dir='ltr'>pecuniam</span> <span class='ocrx_word' id='word_1_577' title='bbox 2392 4479 2574 4536; x_wconf 92' lang='lat' dir='ltr'>voluit</span> <span class='ocrx_word' id='word_1_578' title='bbox 2606 4479 2764 4534; x_wconf 91' lang='lat' dir='ltr'>dare.</span> 
     </span>
    </p>
   </div>
   <div class='ocr_carea' id='block_1_98' title="bbox 1997 4561 3572 4641">
    <p class='ocr_par' dir='ltr' id='par_1_98' title="bbox 1997 4561 3572 4641">
     <span class='ocr_line' id='line_1_98' title="bbox 1997 4561 3572 4641; baseline -0.006 -17"><span class='ocrx_word' id='word_1_579' title='bbox 1997 4569 2083 4624; x_wconf 87' lang='grc'>44.</span> <span class='ocrx_word' id='word_1_580' title='bbox 2118 4568 2268 4623; x_wconf 90' lang='lat' dir='ltr'>Dum</span> <span class='ocrx_word' id='word_1_581' title='bbox 2301 4568 2419 4622; x_wconf 79' lang='lat' dir='ltr'>haec</span> <span class='ocrx_word' id='word_1_582' title='bbox 2452 4570 2706 4641; x_wconf 86' lang='lat' dir='ltr'>aguntur</span> <span class='ocrx_word' id='word_1_583' title='bbox 2763 4568 2852 4634; x_wconf 71' lang='grc'>³⁸⁷,</span> <span class='ocrx_word' id='word_1_584' title='bbox 2894 4561 3572 4635; x_wconf 88' lang='lat' dir='ltr'>Constantinopolitanus</span> 
     </span>
    </p>
   </div>
   <div class='ocr_carea' id='block_1_99' title="bbox 1849 4650 3578 4745">
    <p class='ocr_par' dir='ltr' id='par_1_99' title="bbox 1849 4650 3578 4745">
     <span class='ocr_line' id='line_1_99' title="bbox 1849 4650 3578 4745; baseline -0.005 -32"><span class='ocrx_word' id='word_1_585' title='bbox 1849 4680 1895 4745; x_wconf 72' lang='grc' dir='ltr'>Ι)</span> <span class='ocrx_word' id='word_1_586' title='bbox 1928 4658 2244 4730; x_wconf 88' lang='lat' dir='ltr'>imperator</span> <span class='ocrx_word' id='word_1_587' title='bbox 2275 4673 2407 4711; x_wconf 90' lang='lat' dir='ltr'>cum</span> <span class='ocrx_word' id='word_1_588' title='bbox 2441 4656 2594 4728; x_wconf 89' lang='lat' dir='ltr'>regis</span> <span class='ocrx_word' id='word_1_589' title='bbox 2625 4655 2886 4729; x_wconf 88' lang='lat' dir='ltr'>Hugonis</span> <span class='ocrx_word' id='word_1_590' title='bbox 2919 4654 3142 4710; x_wconf 92' lang='lat' dir='ltr'>nuntiis</span> <span class='ocrx_word' id='word_1_591' title='bbox 3188 4668 3325 4708; x_wconf 88' lang='lat' dir='ltr'>suos</span> <span class='ocrx_word' id='word_1_592' title='bbox 3357 4650 3578 4724; x_wconf 88' lang='lat' dir='ltr'>pariter</span> 
     </span>
    </p>
   </div>
   <div class='ocr_carea' id='block_1_100' title="bbox 1928 4740 3583 4818">
    <p class='ocr_par' dir='ltr' id='par_1_100' title="bbox 1928 4740 3583 4818">
     <span class='ocr_line' id='line_1_100' title="bbox 1928 4740 3583 4818; baseline -0.005 -16"><span class='ocrx_word' id='word_1_593' title='bbox 1928 4745 2147 4818; x_wconf 86' lang='lat' dir='ltr'>dirigit,</span> <span class='ocrx_word' id='word_1_594' title='bbox 2181 4745 2492 4811; x_wconf 90' lang='lat' dir='ltr'>mandans,</span> <span class='ocrx_word' id='word_1_595' title='bbox 2526 4761 2701 4800; x_wconf 90' lang='lat' dir='ltr'>naves</span> <span class='ocrx_word' id='word_1_596' title='bbox 2733 4749 2790 4800; x_wconf 91' lang='lat' dir='ltr'>et</span> <span class='ocrx_word' id='word_1_597' title='bbox 2825 4744 3023 4800; x_wconf 91' lang='lat' dir='ltr'>omnia</span> <span class='ocrx_word' id='word_1_598' title='bbox 3083 4758 3196 4815; x_wconf 90' lang='lat' dir='ltr'>que</span> <span class='ocrx_word' id='word_1_599' title='bbox 3226 4740 3583 4796; x_wconf 88' lang='lat' dir='ltr'>desideraret</span> 
     </span>
    </p>
   </div>
   <div class='ocr_carea' id='block_1_101' title="bbox 1929 4828 3581 4906">
    <p class='ocr_par' dir='ltr' id='par_1_101' title="bbox 1929 4828 3581 4906">
     <span class='ocr_line' id='line_1_101' title="bbox 1929 4828 3581 4906; baseline -0.005 -15"><span class='ocrx_word' id='word_1_600' title='bbox 1929 4852 1990 4891; x_wconf 91' lang='lat' dir='ltr'>se</span> <span class='ocrx_word' id='word_1_601' title='bbox 2021 4834 2072 4889; x_wconf 92' lang='lat' dir='ltr'>ei</span> <span class='ocrx_word' id='word_1_602' title='bbox 2102 4835 2397 4898; x_wconf 91' lang='lat' dir='ltr'>daturum,</span> <span class='ocrx_word' id='word_1_603' title='bbox 2420 4833 2467 4888; x_wconf 90' lang='lat' dir='ltr'>si</span> <span class='ocrx_word' id='word_1_604' title='bbox 2501 4833 2695 4904; x_wconf 89' lang='lat' dir='ltr'>nepoti</span> <span class='ocrx_word' id='word_1_605' title='bbox 2730 4850 2834 4889; x_wconf 89' lang='lat' dir='ltr'>suo</span> <span class='ocrx_word' id='word_1_606' title='bbox 2866 4831 3108 4906; x_wconf 87' lang='lat' dir='ltr'>parvulo</span> <span class='ocrx_word' id='word_1_607' title='bbox 3141 4830 3254 4886; x_wconf 91' lang='lat' dir='ltr'>sibi</span> <span class='ocrx_word' id='word_1_608' title='bbox 3285 4828 3581 4894; x_wconf 90' lang='lat' dir='ltr'>omonino,</span> 
     </span>
    </p>
   </div>
   <div class='ocr_carea' id='block_1_102' title="bbox 1930 4918 3581 4993">
    <p class='ocr_par' dir='ltr' id='par_1_102' title="bbox 1930 4918 3581 4993">
     <span class='ocr_line' id='line_1_102' title="bbox 1930 4918 3581 4993; baseline -0.007 -13"><span class='ocrx_word' id='word_1_609' title='bbox 1930 4922 2294 4980; x_wconf 86' lang='lat' dir='ltr'>Constantini</span> <span class='ocrx_word' id='word_1_610' title='bbox 2326 4921 2657 4988; x_wconf 81' lang='lat' dir='ltr'>filio,filiam</span> <span class='ocrx_word' id='word_1_611' title='bbox 2682 4939 2852 4977; x_wconf 87' lang='lat' dir='ltr'>suam</span> <span class='ocrx_word' id='word_1_612' title='bbox 2886 4923 3194 4993; x_wconf 86' lang='lat' dir='ltr'>conjugem</span> <span class='ocrx_word' id='word_1_613' title='bbox 3227 4919 3408 4973; x_wconf 92' lang='lat' dir='ltr'>daret.</span> <span class='ocrx_word' id='word_1_614' title='bbox 3436 4918 3581 4971; x_wconf 92' lang='lat' dir='ltr'>Con-</span> 
     </span>
    </p>
   </div>
   <div class='ocr_carea' id='block_1_103' title="bbox 1935 5003 3580 5083">
    <p class='ocr_par' dir='ltr' id='par_1_103' title="bbox 1935 5003 3580 5083">
     <span class='ocr_line' id='line_1_103' title="bbox 1935 5003 3580 5083; baseline -0.007 -13"><span class='ocrx_word' id='word_1_615' title='bbox 1935 5012 2262 5070; x_wconf 90' lang='lat' dir='ltr'>stantinum</span> <span class='ocrx_word' id='word_1_616' title='bbox 2295 5015 2489 5066; x_wconf 90' lang='lat' dir='ltr'>autem</span> <span class='ocrx_word' id='word_1_617' title='bbox 2520 5010 2728 5066; x_wconf 90' lang='lat' dir='ltr'>Leonis</span> <span class='ocrx_word' id='word_1_618' title='bbox 2748 5010 3119 5083; x_wconf 89' lang='lat' dir='ltr'>imperatoris</span> <span class='ocrx_word' id='word_1_619' title='bbox 3150 5009 3362 5076; x_wconf 69' lang='lat' dir='ltr'>363,non</span> <span class='ocrx_word' id='word_1_620' title='bbox 3394 5003 3580 5076; x_wconf 88' lang='lat' dir='ltr'>ipsius</span> 
     </span>
    </p>
   </div>
   <div class='ocr_carea' id='block_1_104' title="bbox 1548 5111 2218 5168">
    <p class='ocr_par' dir='ltr' id='par_1_104' title="bbox 1548 5111 2218 5168">
     <span class='ocr_line' id='line_1_104' title="bbox 1548 5111 2218 5168; baseline 0.003 -5"><span class='ocrx_word' id='word_1_621' title='bbox 1548 5111 1640 5165; x_wconf 88' lang='lat' dir='ltr'>VA</span> <span class='ocrx_word' id='word_1_622' title='bbox 1649 5112 1788 5167; x_wconf 72' lang='lat' dir='ltr'>RLE</span> <span class='ocrx_word' id='word_1_623' title='bbox 1828 5111 2218 5168; x_wconf 84' lang='lat' dir='ltr'>LECTIONES</span> 
     </span>
    </p>
   </div>
   <div class='ocr_carea' id='block_1_105' title="bbox 152 5196 3300 5325">
    <p class='ocr_par' dir='ltr' id='par_1_105' title="bbox 152 5196 3300 5325">
     <span class='ocr_line' id='line_1_105' title="bbox 152 5196 3300 5323; baseline -0.002 -71"><span class='ocrx_word' id='word_1_624' title='bbox 152 5234 160 5240; x_wconf 89' lang='lat'><strong><em>-</em></strong></span> <span class='ocrx_word' id='word_1_625' title='bbox 238 5196 310 5232; x_wconf 76' lang='grc'>³⁸⁸</span> <span class='ocrx_word' id='word_1_626' title='bbox 341 5196 623 5255; x_wconf 89' lang='lat' dir='ltr'>hoecidua</span> <span class='ocrx_word' id='word_1_627' title='bbox 650 5215 791 5256; x_wconf 84' lang='lat' dir='ltr'>corr.</span> <span class='ocrx_word' id='word_1_628' title='bbox 825 5201 1069 5256; x_wconf 90' lang='lat' dir='ltr'>occidua</span> <span class='ocrx_word' id='word_1_629' title='bbox 1099 5202 1148 5255; x_wconf 92' lang='grc'><strong>1.</strong></span> <span class='ocrx_word' id='word_1_630' title='bbox 1225 5199 1292 5235; x_wconf 71' lang='grc'>³⁵⁸</span> <span class='ocrx_word' id='word_1_631' title='bbox 1325 5198 1754 5323; x_wconf 75' lang='lat' dir='ltr'>depopulantur</span> <span class='ocrx_word' id='word_1_632' title='bbox 1782 5216 1922 5255; x_wconf 75' lang='lat' dir='ltr'>corr.</span> <span class='ocrx_word' id='word_1_633' title='bbox 1957 5197 2344 5271; x_wconf 88' lang='lat' dir='ltr'>depopulatur</span> <span class='ocrx_word' id='word_1_634' title='bbox 2374 5197 2425 5252; x_wconf 90' lang='grc'>4.</span> <span class='ocrx_word' id='word_1_635' title='bbox 2457 5213 2562 5252; x_wconf 69' lang='lat' dir='ltr'>v0.1:</span> <span class='ocrx_word' id='word_1_636' title='bbox 2590 5213 2752 5252; x_wconf 75' lang='lat' dir='ltr'>sensu</span> <span class='ocrx_word' id='word_1_637' title='bbox 2771 5198 2987 5269; x_wconf 76' lang='lat' dir='ltr'>passivo</span> <span class='ocrx_word' id='word_1_638' title='bbox 3017 5203 3300 5267; x_wconf 78' lang='lat' dir='ltr'>usurpata.</span> 
     </span>
     <span class='ocr_line' id='line_1_106' title="bbox 169 5267 3296 5325; baseline -0.001 -1"><span class='ocrx_word' id='word_1_639' title='bbox 169 5275 446 5324; x_wconf 85' lang='lat' dir='ltr'>xenetum</span> <span class='ocrx_word' id='word_1_640' title='bbox 475 5285 617 5325; x_wconf 80' lang='lat' dir='ltr'>eorr.</span> <span class='ocrx_word' id='word_1_641' title='bbox 653 5272 1003 5325; x_wconf 85' lang='lat' dir='ltr'>fraxinetum</span> <span class='ocrx_word' id='word_1_642' title='bbox 1035 5273 1087 5325; x_wconf 91' lang='grc'>4.</span> <span class='ocrx_word' id='word_1_643' title='bbox 1164 5272 1230 5306; x_wconf 73' lang='grc'>³⁵⁸</span> <span class='ocrx_word' id='word_1_644' title='bbox 1259 5276 1442 5325; x_wconf 89' lang='lat' dir='ltr'>temre</span> <span class='ocrx_word' id='word_1_645' title='bbox 1513 5313 1523 5324; x_wconf 94' lang='lat'>.</span> <span class='ocrx_word' id='word_1_646' title='bbox 1601 5271 1669 5304; x_wconf 72' lang='lat'>35°</span> <span class='ocrx_word' id='word_1_647' title='bbox 1700 5272 1741 5325; x_wconf 74' lang='grc' dir='ltr'><strong>ἱ.</strong></span> <span class='ocrx_word' id='word_1_648' title='bbox 1768 5287 1815 5325; x_wconf 82' lang='lat' dir='ltr'>e.</span> <span class='ocrx_word' id='word_1_649' title='bbox 1853 5271 2124 5325; x_wconf 79' lang='lat' dir='ltr'>potuerit.</span> <span class='ocrx_word' id='word_1_650' title='bbox 2201 5270 2269 5304; x_wconf 79' lang='lat'>3°°</span> <span class='ocrx_word' id='word_1_651' title='bbox 2302 5269 2478 5324; x_wconf 70' lang='lat' dir='ltr'>Cod—ea:</span> <span class='ocrx_word' id='word_1_652' title='bbox 2507 5270 2540 5322; x_wconf 91' lang='lat'>3</span> <span class='ocrx_word' id='word_1_653' title='bbox 2570 5269 2687 5324; x_wconf 67' lang='lat' dir='ltr'>haec</span> <span class='ocrx_word' id='word_1_654' title='bbox 2719 5270 2779 5323; x_wconf 77' lang='lat' dir='ltr'>in</span> <span class='ocrx_word' id='word_1_655' title='bbox 2822 5270 3070 5325; x_wconf 81' lang='lat' dir='ltr'>maraz&#39;ne</span> <span class='ocrx_word' id='word_1_656' title='bbox 3102 5267 3296 5322; x_wconf 81' lang='lat' dir='ltr'>habet:</span> 
     </span>
    </p>
   </div>
   <div class='ocr_carea' id='block_1_106' title="bbox 1513 5287 2124 5342">
    <p class='ocr_par' dir='ltr' id='par_1_106' title="bbox 1513 5287 2124 5342">
     <span class='ocr_line' id='line_1_107' title="bbox 1513 5287 2124 5342; baseline -0.002 -17"><span class='ocrx_word' id='word_1_657' title='bbox 1513 5313 1523 5324; x_wconf 94' lang='lat'>.</span> <span class='ocrx_word' id='word_1_658' title='bbox 1601 5287 1669 5304; x_wconf 63' lang='grc' dir='ltr'>ουν</span> <span class='ocrx_word' id='word_1_659' title='bbox 1700 5288 1741 5336; x_wconf 84' lang='lat' dir='ltr'>z,</span> <span class='ocrx_word' id='word_1_660' title='bbox 1768 5287 1815 5325; x_wconf 78' lang='grc' dir='ltr'><strong>θ.</strong></span> <span class='ocrx_word' id='word_1_661' title='bbox 1853 5287 2124 5342; x_wconf 80' lang='lat' dir='ltr'>potuerit.</span> 
     </span>
    </p>
   </div>
   <div class='ocr_carea' id='block_1_107' title="bbox 169 5272 1442 5328">
    <p class='ocr_par' dir='ltr' id='par_1_107' title="bbox 169 5272 1442 5328">
     <span class='ocr_line' id='line_1_108' title="bbox 169 5272 1442 5328; baseline 0.001 -4"><span class='ocrx_word' id='word_1_662' title='bbox 169 5275 446 5324; x_wconf 84' lang='lat' dir='ltr'>xenetum</span> <span class='ocrx_word' id='word_1_663' title='bbox 475 5285 617 5326; x_wconf 77' lang='lat' dir='ltr'>eorr.</span> <span class='ocrx_word' id='word_1_664' title='bbox 653 5272 1003 5327; x_wconf 84' lang='lat' dir='ltr'>fraxinetum</span> <span class='ocrx_word' id='word_1_665' title='bbox 1035 5273 1087 5328; x_wconf 87' lang='grc'>4.</span> <span class='ocrx_word' id='word_1_666' title='bbox 1164 5272 1230 5306; x_wconf 74' lang='grc'>³⁵⁸</span> <span class='ocrx_word' id='word_1_667' title='bbox 1259 5276 1442 5326; x_wconf 89' lang='lat' dir='ltr'>temre</span> 
     </span>
    </p>
   </div>
   <div class='ocr_carea' id='block_1_108' title="bbox 3377 5189 3585 5235">
    <p class='ocr_par' dir='ltr' id='par_1_108' title="bbox 3377 5189 3585 5235">
     <span class='ocr_line' id='line_1_109' title="bbox 3377 5189 3585 5235; baseline 0 0"><span class='ocrx_word' id='word_1_668' title='bbox 3377 5189 3444 5226; x_wconf 68' lang='lat'>357</span> <span class='ocrx_word' id='word_1_669' title='bbox 3471 5191 3585 5235; x_wconf 60' lang='grc' dir='ltr'>ΓΝ)-</span> 
     </span>
    </p>
   </div>
   <div class='ocr_carea' id='block_1_109' title="bbox 2201 5191 3585 5340">
    <p class='ocr_par' dir='ltr' id='par_1_109' title="bbox 2201 5191 3585 5340">
     <span class='ocr_line' id='line_1_110' title="bbox 2201 5191 3585 5269; baseline -0.004 -18"><span class='ocrx_word' id='word_1_670' title='bbox 2201 5198 2344 5252; x_wconf 65' lang='lat' dir='ltr'>tatur</span> <span class='ocrx_word' id='word_1_671' title='bbox 2374 5197 2425 5252; x_wconf 91' lang='grc'>4.</span> <span class='ocrx_word' id='word_1_672' title='bbox 2457 5213 2562 5252; x_wconf 70' lang='lat' dir='ltr'>v0.1:</span> <span class='ocrx_word' id='word_1_673' title='bbox 2590 5213 2752 5252; x_wconf 73' lang='lat' dir='ltr'>sensu</span> <span class='ocrx_word' id='word_1_674' title='bbox 2771 5198 2987 5269; x_wconf 76' lang='lat' dir='ltr'>passivo</span> <span class='ocrx_word' id='word_1_675' title='bbox 3017 5203 3300 5267; x_wconf 75' lang='lat' dir='ltr'>usurpata.</span> <span class='ocrx_word' id='word_1_676' title='bbox 3377 5191 3444 5226; x_wconf 73' lang='grc'>³⁵⁷</span> <span class='ocrx_word' id='word_1_677' title='bbox 3470 5191 3585 5248; x_wconf 89' lang='lat' dir='ltr'>fra-</span> 
     </span>
     <span class='ocr_line' id='line_1_111' title="bbox 2201 5262 3585 5340; baseline -0.004 -15"><span class='ocrx_word' id='word_1_678' title='bbox 2201 5270 2269 5304; x_wconf 83' lang='grc'>³⁸⁰</span> <span class='ocrx_word' id='word_1_679' title='bbox 2302 5269 2478 5324; x_wconf 70' lang='lat' dir='ltr'>Cod—ea:</span> <span class='ocrx_word' id='word_1_680' title='bbox 2507 5270 2540 5322; x_wconf 91' lang='lat'>3</span> <span class='ocrx_word' id='word_1_681' title='bbox 2570 5269 2687 5324; x_wconf 67' lang='lat' dir='ltr'>haec</span> <span class='ocrx_word' id='word_1_682' title='bbox 2719 5270 2779 5323; x_wconf 77' lang='lat' dir='ltr'>in</span> <span class='ocrx_word' id='word_1_683' title='bbox 2822 5270 3070 5340; x_wconf 79' lang='lat' dir='ltr'>margine</span> <span class='ocrx_word' id='word_1_684' title='bbox 3102 5267 3296 5340; x_wconf 67' lang='lat' dir='ltr'>habet:</span> <span class='ocrx_word' id='word_1_685' title='bbox 3332 5262 3585 5340; x_wconf 80' lang='lat' dir='ltr'>Metrum</span> 
     </span>
    </p>
   </div>
   <div class='ocr_carea' id='block_1_110' title="bbox 173 5337 3584 5413">
    <p class='ocr_par' dir='ltr' id='par_1_110' title="bbox 173 5337 3584 5413">
     <span class='ocr_line' id='line_1_112' title="bbox 173 5337 3584 5413; baseline -0.001 -19"><span class='ocrx_word' id='word_1_686' title='bbox 173 5340 512 5413; x_wconf 82' lang='lat' dir='ltr'>dactilicum</span> <span class='ocrx_word' id='word_1_687' title='bbox 545 5341 943 5399; x_wconf 86' lang='lat' dir='ltr'>alemannium</span> <span class='ocrx_word' id='word_1_688' title='bbox 976 5347 1252 5399; x_wconf 89' lang='lat' dir='ltr'>constans</span> <span class='ocrx_word' id='word_1_689' title='bbox 1283 5343 1546 5397; x_wconf 88' lang='lat' dir='ltr'>trimetro</span> <span class='ocrx_word' id='word_1_690' title='bbox 1578 5337 1996 5413; x_wconf 74' lang='lat' dir='ltr'>ypercatalecto</span> <span class='ocrx_word' id='word_1_691' title='bbox 2028 5341 2139 5413; x_wconf 9' lang='lat' dir='ltr'>qui,</span> <span class='ocrx_word' id='word_1_692' title='bbox 2175 5342 2428 5413; x_wconf 88' lang='lat' dir='ltr'>spondeo</span> <span class='ocrx_word' id='word_1_693' title='bbox 2474 5345 2703 5395; x_wconf 90' lang='lat' dir='ltr'>constat</span> <span class='ocrx_word' id='word_1_694' title='bbox 2751 5343 2809 5395; x_wconf 92' lang='lat' dir='ltr'>et</span> <span class='ocrx_word' id='word_1_695' title='bbox 2859 5341 2928 5394; x_wconf 91' lang='lat' dir='ltr'>de</span> <span class='ocrx_word' id='word_1_696' title='bbox 2949 5337 3186 5413; x_wconf 52' lang='lat' dir='ltr'>&#39;daetilo</span> <span class='ocrx_word' id='word_1_697' title='bbox 3219 5341 3274 5393; x_wconf 92' lang='lat' dir='ltr'>et</span> <span class='ocrx_word' id='word_1_698' title='bbox 3305 5337 3584 5413; x_wconf 82' lang='lat' dir='ltr'>spondeo,</span> 
     </span>
    </p>
   </div>
   <div class='ocr_carea' id='block_1_111' title="bbox 175 5408 3584 5487">
    <p class='ocr_par' dir='ltr' id='par_1_111' title="bbox 175 5408 3584 5487">
     <span class='ocr_line' id='line_1_113' title="bbox 175 5408 3584 5487; baseline -0 -20"><span class='ocrx_word' id='word_1_699' title='bbox 175 5414 266 5467; x_wconf 84' lang='lat' dir='ltr'>set</span> <span class='ocrx_word' id='word_1_700' title='bbox 293 5411 354 5487; x_wconf 76' lang='lat' dir='ltr'>in</span> <span class='ocrx_word' id='word_1_701' title='bbox 378 5411 505 5487; x_wconf 79' lang='lat' dir='ltr'>loco</span> <span class='ocrx_word' id='word_1_702' title='bbox 534 5431 637 5486; x_wconf 89' lang='lat' dir='ltr'>pro</span> <span class='ocrx_word' id='word_1_703' title='bbox 669 5415 858 5486; x_wconf 90' lang='lat' dir='ltr'>primo</span> <span class='ocrx_word' id='word_1_704' title='bbox 891 5417 1145 5487; x_wconf 92' lang='lat' dir='ltr'>spondeo</span> <span class='ocrx_word' id='word_1_705' title='bbox 1173 5419 1262 5487; x_wconf 88' lang='lat' dir='ltr'>est</span> <span class='ocrx_word' id='word_1_706' title='bbox 1293 5414 1390 5468; x_wconf 93' lang='lat' dir='ltr'>ubi</span> <span class='ocrx_word' id='word_1_707' title='bbox 1422 5408 1765 5487; x_wconf 73' lang='lat' dir='ltr'>anapestum</span> <span class='ocrx_word' id='word_1_708' title='bbox 1797 5408 2106 5487; x_wconf 60' lang='lat' dir='ltr'>traditum</span> <span class='ocrx_word' id='word_1_709' title='bbox 2129 5408 2576 5487; x_wconf 51' lang='lat' dir='ltr'>invenimusmt</span> <span class='ocrx_word' id='word_1_710' title='bbox 2622 5416 2726 5487; x_wconf 60' lang='lat' dir='ltr'>est</span> <span class='ocrx_word' id='word_1_711' title='bbox 2769 5428 2942 5487; x_wconf 81' lang='lat' dir='ltr'>omne</span> <span class='ocrx_word' id='word_1_712' title='bbox 2971 5411 3494 5487; x_wconf 3' lang='lat' dir='ltr'>honiinumpgcnus</span> <span class='ocrx_word' id='word_1_713' title='bbox 3526 5408 3584 5463; x_wconf 86' lang='lat' dir='ltr'>in</span> 
     </span>
    </p>
   </div>
   <div class='ocr_carea' id='block_1_112' title="bbox 174 5483 1348 5541">
    <p class='ocr_par' dir='ltr' id='par_1_112' title="bbox 174 5483 1348 5541">
     <span class='ocr_line' id='line_1_114' title="bbox 174 5483 1348 5541; baseline 0.001 -3"><span class='ocrx_word' id='word_1_714' title='bbox 174 5483 367 5538; x_wconf 89' lang='lat' dir='ltr'>terris.</span> <span class='ocrx_word' id='word_1_715' title='bbox 445 5485 510 5518; x_wconf 73' lang='lat'>3&#39;&quot;</span> <span class='ocrx_word' id='word_1_716' title='bbox 535 5483 792 5541; x_wconf 72' lang='lat' dir='ltr'>renossit</span> <span class='ocrx_word' id='word_1_717' title='bbox 820 5487 872 5541; x_wconf 88' lang='lat' dir='ltr'>-l.</span> <span class='ocrx_word' id='word_1_718' title='bbox 922 5483 1016 5521; x_wconf 60' lang='grc'><strong>’³62</strong></span> <span class='ocrx_word' id='word_1_719' title='bbox 1047 5486 1269 5541; x_wconf 90' lang='lat' dir='ltr'>crancri</span> <span class='ocrx_word' id='word_1_720' title='bbox 1299 5487 1348 5539; x_wconf 90' lang='grc'><strong>1.</strong></span> 
     </span>
    </p>
   </div>
   <div class='ocr_carea' id='block_1_113' title="bbox 445 5485 872 5558">
    <p class='ocr_par' dir='ltr' id='par_1_113' title="bbox 445 5485 872 5558">
     <span class='ocr_line' id='line_1_115' title="bbox 445 5485 872 5558; baseline 0.007 -19"><span class='ocrx_word' id='word_1_721' title='bbox 445 5485 524 5558; x_wconf 12' lang='grc'>³⁸⁸7(</span> <span class='ocrx_word' id='word_1_722' title='bbox 540 5485 792 5558; x_wconf 28' lang='grc' dir='ltr'>Ῡθροίεεὶῐ</span> <span class='ocrx_word' id='word_1_723' title='bbox 820 5487 842 5542; x_wconf 49' lang='grc' dir='ltr'><strong>Ἰ</strong></span> <span class='ocrx_word' id='word_1_724' title='bbox 860 5531 872 5542; x_wconf 96' lang='grc'>.</span> 
     </span>
    </p>
   </div>
   <div class='ocr_carea' id='block_1_114' title="bbox 177 5556 381 5629">
    <p class='ocr_par' dir='ltr' id='par_1_114' title="bbox 177 5556 381 5629">
     <span class='ocr_line' id='line_1_116' title="bbox 177 5556 381 5629; baseline -0.015 -16"><span class='ocrx_word' id='word_1_725' title='bbox 177 5581 298 5629; x_wconf 85' lang='grc' dir='ltr'><strong>τρον</strong></span> <span class='ocrx_word' id='word_1_726' title='bbox 328 5556 381 5610; x_wconf 88' lang='grc'><strong>3.</strong></span> 
     </span>
    </p>
   </div>
   <div class='ocr_carea' id='block_1_115' title="bbox 460 5556 938 5629">
    <p class='ocr_par' dir='ltr' id='par_1_115' title="bbox 460 5556 938 5629">
     <span class='ocr_line' id='line_1_117' title="bbox 460 5556 938 5629; baseline 0 -16"><span class='ocrx_word' id='word_1_727' title='bbox 460 5556 525 5591; x_wconf 72' lang='grc'>³⁵⁷</span> <span class='ocrx_word' id='word_1_728' title='bbox 558 5556 856 5629; x_wconf 53' lang='grc' dir='ltr'>ἃίΡομανος</span> <span class='ocrx_word' id='word_1_729' title='bbox 887 5559 938 5613; x_wconf 84' lang='grc'><strong>3.</strong></span> 
     </span>
    </p>
   </div>
   <div class='ocr_carea' id='block_1_116' title="bbox 1915 5483 2584 5540">
    <p class='ocr_par' dir='ltr' id='par_1_116' title="bbox 1915 5483 2584 5540">
     <span class='ocr_line' id='line_1_118' title="bbox 1915 5483 2584 5540; baseline 0 -3"><span class='ocrx_word' id='word_1_730' title='bbox 1915 5485 1984 5518; x_wconf 73' lang='lat'>35&quot;</span> <span class='ocrx_word' id='word_1_731' title='bbox 2013 5484 2218 5540; x_wconf 84' lang='lat' dir='ltr'>vulsus</span> <span class='ocrx_word' id='word_1_732' title='bbox 2246 5486 2299 5538; x_wconf 85' lang='lat'>5.</span> <span class='ocrx_word' id='word_1_733' title='bbox 2333 5485 2423 5538; x_wconf 86' lang='lat' dir='ltr'>5a.</span> <span class='ocrx_word' id='word_1_734' title='bbox 2467 5483 2584 5537; x_wconf 66' lang='lat' dir='ltr'>5a&#39;.</span> 
     </span>
    </p>
   </div>
   <div class='ocr_carea' id='block_1_117' title="bbox 1427 5484 1838 5556">
    <p class='ocr_par' dir='ltr' id='par_1_117' title="bbox 1427 5484 1838 5556">
     <span class='ocr_line' id='line_1_119' title="bbox 1427 5484 1838 5556; baseline 0.002 -18"><span class='ocrx_word' id='word_1_735' title='bbox 1427 5486 1493 5519; x_wconf 73' lang='grc'>³6³</span> <span class='ocrx_word' id='word_1_736' title='bbox 1527 5484 1752 5556; x_wconf 68' lang='lat' dir='ltr'>ltegidae</span> <span class='ocrx_word' id='word_1_737' title='bbox 1786 5485 1808 5539; x_wconf 85' lang='lat' dir='ltr'>-l</span> <span class='ocrx_word' id='word_1_738' title='bbox 1826 5525 1838 5538; x_wconf 94' lang='lat'>.</span> 
     </span>
    </p>
   </div>
   <div class='ocr_carea' id='block_1_118' title="bbox 1014 5555 2558 5629">
    <p class='ocr_par' dir='ltr' id='par_1_118' title="bbox 1014 5555 2558 5629">
     <span class='ocr_line' id='line_1_120' title="bbox 1014 5555 2558 5629; baseline -0.003 -16"><span class='ocrx_word' id='word_1_739' title='bbox 1014 5560 1080 5594; x_wconf 68' lang='grc'>³6³</span> <span class='ocrx_word' id='word_1_740' title='bbox 1111 5559 1171 5613; x_wconf 94' lang='lat' dir='ltr'>L.</span> <span class='ocrx_word' id='word_1_741' title='bbox 1206 5558 1243 5611; x_wconf 91' lang='lat' dir='ltr'>i.</span> <span class='ocrx_word' id='word_1_742' title='bbox 1277 5580 1379 5613; x_wconf 83' lang='lat' dir='ltr'>ouw</span> <span class='ocrx_word' id='word_1_743' title='bbox 1407 5565 1552 5629; x_wconf 77' lang='grc' dir='ltr'>(ὑίον)</span> <span class='ocrx_word' id='word_1_744' title='bbox 1582 5555 1667 5612; x_wconf 73' lang='grc' dir='ltr'>τὸυ</span> <span class='ocrx_word' id='word_1_745' title='bbox 1699 5581 1848 5614; x_wconf 81' lang='grc' dir='ltr'>αυτου</span> <span class='ocrx_word' id='word_1_746' title='bbox 1878 5570 2098 5628; x_wconf 78' lang='grc' dir='ltr'>Ρομανου</span> <span class='ocrx_word' id='word_1_747' title='bbox 2130 5555 2316 5611; x_wconf 84' lang='lat' dir='ltr'>ﬁlium</span> <span class='ocrx_word' id='word_1_748' title='bbox 2350 5555 2476 5610; x_wconf 84' lang='lat' dir='ltr'>dico</span> <span class='ocrx_word' id='word_1_749' title='bbox 2507 5556 2558 5609; x_wconf 89' lang='lat'>3.</span> 
     </span>
    </p>
   </div>
   <div class='ocr_carea' id='block_1_119' title="bbox 2661 5483 3589 5551">
    <p class='ocr_par' dir='ltr' id='par_1_119' title="bbox 2661 5483 3589 5551">
     <span class='ocr_line' id='line_1_121' title="bbox 2661 5483 3589 5551; baseline 0.001 -13"><span class='ocrx_word' id='word_1_750' title='bbox 2661 5483 2728 5518; x_wconf 63' lang='lat'>3‘55</span> <span class='ocrx_word' id='word_1_751' title='bbox 2761 5483 3077 5539; x_wconf 86' lang='lat' dir='ltr'>scriberere</span> <span class='ocrx_word' id='word_1_752' title='bbox 3124 5483 3174 5539; x_wconf 83' lang='grc'>4.</span> <span class='ocrx_word' id='word_1_753' title='bbox 3251 5483 3318 5516; x_wconf 62' lang='grc'>³6⁵</span> <span class='ocrx_word' id='word_1_754' title='bbox 3349 5490 3589 5551; x_wconf 79' lang='grc' dir='ltr'>απολογε·</span> 
     </span>
    </p>
   </div>
   <div class='ocr_carea' id='block_1_120' title="bbox 253 5654 2909 5800">
    <p class='ocr_par' dir='ltr' id='par_1_120' title="bbox 253 5654 2909 5800">
     <span class='ocr_line' id='line_1_122' title="bbox 253 5654 2909 5800; baseline 0 -20"><span class='ocrx_word' id='word_1_755' title='bbox 253 5724 399 5797; x_wconf 90' lang='grc'>(131)</span> <span class='ocrx_word' id='word_1_756' title='bbox 429 5723 614 5783; x_wconf 91' lang='lat' dir='ltr'>Hodie</span> <span class='ocrx_word' id='word_1_757' title='bbox 650 5728 952 5800; x_wconf 75' lang='lat' dir='ltr'>Vogetberg,</span> <span class='ocrx_word' id='word_1_758' title='bbox 984 5728 1136 5785; x_wconf 89' lang='lat' dir='ltr'>ultra</span> <span class='ocrx_word' id='word_1_759' title='bbox 1168 5727 1340 5783; x_wconf 90' lang='grc'>10000</span> <span class='ocrx_word' id='word_1_760' title='bbox 1369 5727 1545 5798; x_wconf 90' lang='lat' dir='ltr'>pedes</span> <span class='ocrx_word' id='word_1_761' title='bbox 1577 5725 1751 5796; x_wconf 85' lang='lat' dir='ltr'>altus,</span> <span class='ocrx_word' id='word_1_762' title='bbox 1780 5654 2248 5800; x_wconf 48' lang='lat' dir='ltr'>grggeEAdulam</span> <span class='ocrx_word' id='word_1_763' title='bbox 2281 5729 2454 5797; x_wconf 90' lang='lat' dir='ltr'>atque</span> <span class='ocrx_word' id='word_1_764' title='bbox 2486 5725 2672 5782; x_wconf 86' lang='lat' dir='ltr'>fontes</span> <span class='ocrx_word' id='word_1_765' title='bbox 2703 5723 2909 5781; x_wconf 81' lang='lat' dir='ltr'>Rheni.</span> 
     </span>
    </p>
   </div>
  </div>
