  <div class='ocr_page' id='page_1' title='image "/cluster/home/n/w/nwhite01/storage/ocr_20150623/136/umn.31951002477429o/468.png"; bbox 0 0 4050 6420; ppageno 0'>
   <div class='ocr_carea' id='block_1_1' title="bbox 134 395 259 464">
    <p class='ocr_par' dir='ltr' id='par_1_1' title="bbox 134 395 259 464">
     <span class='ocr_line' id='line_1_1' title="bbox 134 395 259 464; baseline -0.016 0"><span class='ocrx_word' id='word_1_1' title='bbox 134 395 259 464; x_wconf 83' lang='grc'>889</span> 
     </span>
    </p>
   </div>
   <div class='ocr_carea' id='block_1_2' title="bbox 1103 388 2601 472">
    <p class='ocr_par' dir='ltr' id='par_1_2' title="bbox 1103 388 2601 472">
     <span class='ocr_line' id='line_1_2' title="bbox 1103 388 2601 472; baseline -0.003 -12"><span class='ocrx_word' id='word_1_2' title='bbox 1103 394 1720 460; x_wconf 87' lang='lat' dir='ltr'>ANTAPODOSEOS</span> <span class='ocrx_word' id='word_1_3' title='bbox 1763 388 1973 472; x_wconf 79' lang='lat' dir='ltr'>LIBRI</span> <span class='ocrx_word' id='word_1_4' title='bbox 2019 391 2194 456; x_wconf 88' lang='lat' dir='ltr'>SEX.</span> <span class='ocrx_word' id='word_1_5' title='bbox 2227 427 2305 438; x_wconf 95' lang='lat'><strong>—</strong></span> <span class='ocrx_word' id='word_1_6' title='bbox 2335 393 2483 456; x_wconf 88' lang='lat' dir='ltr'>LIB.</span> <span class='ocrx_word' id='word_1_7' title='bbox 2527 391 2601 456; x_wconf 85' lang='lat' dir='ltr'>V.</span> 
     </span>
    </p>
   </div>
   <div class='ocr_carea' id='block_1_3' title="bbox 3431 391 3552 464">
    <p class='ocr_par' dir='ltr' id='par_1_3' title="bbox 3431 391 3552 464">
     <span class='ocr_line' id='line_1_3' title="bbox 3431 391 3552 464; baseline -0.066 0"><span class='ocrx_word' id='word_1_8' title='bbox 3431 391 3552 464; x_wconf 74' lang='grc'>890</span> 
     </span>
    </p>
   </div>
   <div class='ocr_carea' id='block_1_4' title="bbox 135 528 3548 608">
    <p class='ocr_par' dir='ltr' id='par_1_4' title="bbox 135 528 3548 608">
     <span class='ocr_line' id='line_1_4' title="bbox 135 528 3548 608; baseline 0 -17"><span class='ocrx_word' id='word_1_9' title='bbox 135 537 268 591; x_wconf 88' lang='lat' dir='ltr'>erat</span> <span class='ocrx_word' id='word_1_10' title='bbox 328 531 536 608; x_wconf 61' lang='lat' dir='ltr'>vigilias</span> <span class='ocrx_word' id='word_1_11' title='bbox 597 531 1024 589; x_wconf 89' lang='lat' dir='ltr'>commendata.</span> <span class='ocrx_word' id='word_1_12' title='bbox 1089 531 1352 602; x_wconf 86' lang='lat' dir='ltr'>Cumque</span> <span class='ocrx_word' id='word_1_13' title='bbox 1408 528 1790 601; x_wconf 89' lang='lat' dir='ltr'>Berengarius</span> <span class='ocrx_word' id='word_1_14' title='bbox 1821 529 1876 596; x_wconf 80' lang='grc' dir='ltr'><strong>Α</strong></span> <span class='ocrx_word' id='word_1_15' title='bbox 1904 528 2019 584; x_wconf 85' lang='lat' dir='ltr'>huc</span> <span class='ocrx_word' id='word_1_16' title='bbox 2039 529 2108 563; x_wconf 82' lang='grc'>⁴⁰⁰</span> <span class='ocrx_word' id='word_1_17' title='bbox 2135 529 2406 585; x_wconf 88' lang='lat' dir='ltr'>inventus</span> <span class='ocrx_word' id='word_1_18' title='bbox 2437 532 2544 597; x_wconf 90' lang='lat' dir='ltr'>est,</span> <span class='ocrx_word' id='word_1_19' title='bbox 2578 529 2678 602; x_wconf 90' lang='lat' dir='ltr'>qui</span> <span class='ocrx_word' id='word_1_20' title='bbox 2709 531 2866 604; x_wconf 89' lang='lat' dir='ltr'>quod</span> <span class='ocrx_word' id='word_1_21' title='bbox 2897 529 3155 600; x_wconf 81' lang='lat' dir='ltr'>haberet,</span> <span class='ocrx_word' id='word_1_22' title='bbox 3194 535 3351 590; x_wconf 82' lang='lat' dir='ltr'>esset</span> <span class='ocrx_word' id='word_1_23' title='bbox 3378 534 3548 605; x_wconf 87' lang='lat' dir='ltr'>satis,</span> 
     </span>
    </p>
   </div>
   <div class='ocr_carea' id='block_1_5' title="bbox 135 616 3550 698">
    <p class='ocr_par' dir='ltr' id='par_1_5' title="bbox 135 616 3550 698">
     <span class='ocr_line' id='line_1_5' title="bbox 135 616 3550 698; baseline 0.001 -20"><span class='ocrx_word' id='word_1_24' title='bbox 135 622 368 679; x_wconf 87' lang='lat' dir='ltr'>nullius</span> <span class='ocrx_word' id='word_1_25' title='bbox 414 621 876 678; x_wconf 73' lang='lat' dir='ltr'>machinamenti</span> <span class='ocrx_word' id='word_1_26' title='bbox 926 623 1209 693; x_wconf 87' lang='lat' dir='ltr'>apparatu</span> <span class='ocrx_word' id='word_1_27' title='bbox 1262 616 1600 691; x_wconf 88' lang='lat' dir='ltr'>nulliusque</span> <span class='ocrx_word' id='word_1_28' title='bbox 1660 617 1797 674; x_wconf 89' lang='lat' dir='ltr'>belli</span> <span class='ocrx_word' id='word_1_29' title='bbox 1904 635 2019 684; x_wconf 82' lang='lat' dir='ltr'>non</span> <span class='ocrx_word' id='word_1_30' title='bbox 2054 619 2224 674; x_wconf 92' lang='lat' dir='ltr'>modo</span> <span class='ocrx_word' id='word_1_31' title='bbox 2258 635 2374 674; x_wconf 91' lang='lat' dir='ltr'>non</span> <span class='ocrx_word' id='word_1_32' title='bbox 2405 620 2624 691; x_wconf 90' lang='lat' dir='ltr'>copiosi</span> <span class='ocrx_word' id='word_1_33' title='bbox 2657 621 2886 690; x_wconf 87' lang='lat' dir='ltr'>divites,</span> <span class='ocrx_word' id='word_1_34' title='bbox 2913 623 3014 678; x_wconf 91' lang='lat' dir='ltr'>sed</span> <span class='ocrx_word' id='word_1_35' title='bbox 3045 623 3218 679; x_wconf 90' lang='lat' dir='ltr'>etiam</span> <span class='ocrx_word' id='word_1_36' title='bbox 3251 623 3456 698; x_wconf 86' lang='lat' dir='ltr'>inopes</span> <span class='ocrx_word' id='word_1_37' title='bbox 3483 643 3550 682; x_wconf 89' lang='lat' dir='ltr'>ac</span> 
     </span>
    </p>
   </div>
   <div class='ocr_carea' id='block_1_6' title="bbox 93 707 1795 785">
    <p class='ocr_par' dir='ltr' id='par_1_6' title="bbox 93 707 1795 785">
     <span class='ocr_line' id='line_1_6' title="bbox 93 707 1795 785; baseline -0.003 -17"><span class='ocrx_word' id='word_1_38' title='bbox 93 713 367 785; x_wconf 83' lang='lat' dir='ltr'>&#39;impetu</span> <span class='ocrx_word' id='word_1_39' title='bbox 426 712 579 767; x_wconf 91' lang='lat' dir='ltr'>hanc</span> <span class='ocrx_word' id='word_1_40' title='bbox 624 728 685 766; x_wconf 90' lang='lat' dir='ltr'>se</span> <span class='ocrx_word' id='word_1_41' title='bbox 736 726 939 781; x_wconf 80' lang='lat' dir='ltr'>capere</span> <span class='ocrx_word' id='word_1_42' title='bbox 984 725 1156 780; x_wconf 84' lang='lat' dir='ltr'>posse</span> <span class='ocrx_word' id='word_1_43' title='bbox 1206 707 1587 780; x_wconf 85' lang='lat' dir='ltr'>conspiceret,</span> <span class='ocrx_word' id='word_1_44' title='bbox 1635 709 1795 763; x_wconf 87' lang='lat' dir='ltr'>Man-</span> 
     </span>
    </p>
   </div>
   <div class='ocr_carea' id='block_1_7' title="bbox 137 796 1799 865">
    <p class='ocr_par' dir='ltr' id='par_1_7' title="bbox 137 796 1799 865">
     <span class='ocr_line' id='line_1_7' title="bbox 137 796 1799 865; baseline -0.005 -7"><span class='ocrx_word' id='word_1_45' title='bbox 137 818 323 858; x_wconf 89' lang='lat' dir='ltr'>nasse</span> <span class='ocrx_word' id='word_1_46' title='bbox 377 800 759 856; x_wconf 82' lang='lat' dir='ltr'>ambitionem</span> <span class='ocrx_word' id='word_1_47' title='bbox 809 804 866 854; x_wconf 90' lang='lat' dir='ltr'>et</span> <span class='ocrx_word' id='word_1_48' title='bbox 896 796 1303 865; x_wconf 86' lang='lat' dir='ltr'>kenodoxiam,</span> <span class='ocrx_word' id='word_1_49' title='bbox 1354 796 1414 850; x_wconf 88' lang='lat' dir='ltr'>id</span> <span class='ocrx_word' id='word_1_50' title='bbox 1444 800 1532 851; x_wconf 86' lang='lat' dir='ltr'>est</span> <span class='ocrx_word' id='word_1_51' title='bbox 1587 812 1799 850; x_wconf 84' lang='lat' dir='ltr'>vanam</span> 
     </span>
    </p>
   </div>
   <div class='ocr_carea' id='block_1_8' title="bbox 142 885 1801 964">
    <p class='ocr_par' dir='ltr' id='par_1_8' title="bbox 142 885 1801 964">
     <span class='ocr_line' id='line_1_8' title="bbox 142 885 1801 964; baseline -0.004 -19"><span class='ocrx_word' id='word_1_52' title='bbox 142 890 419 964; x_wconf 80' lang='lat' dir='ltr'>gloriam,</span> <span class='ocrx_word' id='word_1_53' title='bbox 481 905 862 961; x_wconf 87' lang='lat' dir='ltr'>cognoscens,</span> <span class='ocrx_word' id='word_1_54' title='bbox 929 886 1282 942; x_wconf 86' lang='lat' dir='ltr'>Adclardum</span> <span class='ocrx_word' id='word_1_55' title='bbox 1341 886 1413 940; x_wconf 94' lang='lat' dir='ltr'>ad</span> <span class='ocrx_word' id='word_1_56' title='bbox 1472 901 1534 940; x_wconf 89' lang='lat' dir='ltr'>se</span> <span class='ocrx_word' id='word_1_57' title='bbox 1604 885 1801 939; x_wconf 87' lang='lat' dir='ltr'>venire</span> 
     </span>
    </p>
   </div>
   <div class='ocr_carea' id='block_1_9' title="bbox 145 974 1799 1052">
    <p class='ocr_par' dir='ltr' id='par_1_9' title="bbox 145 974 1799 1052">
     <span class='ocr_line' id='line_1_9' title="bbox 145 974 1799 1052; baseline -0.004 -17"><span class='ocrx_word' id='word_1_58' title='bbox 145 979 410 1052; x_wconf 82' lang='lat' dir='ltr'>rogavit;</span> <span class='ocrx_word' id='word_1_59' title='bbox 472 978 567 1034; x_wconf 91' lang='lat' dir='ltr'>cui</span> <span class='ocrx_word' id='word_1_60' title='bbox 621 981 678 1034; x_wconf 90' lang='lat' dir='ltr'>et</span> <span class='ocrx_word' id='word_1_61' title='bbox 729 977 850 1032; x_wconf 87' lang='lat' dir='ltr'>ait:</span> <span class='ocrx_word' id='word_1_62' title='bbox 913 999 940 1027; x_wconf 88' lang='grc'>‹‹</span> <span class='ocrx_word' id='word_1_63' title='bbox 975 976 1035 1032; x_wconf 91' lang='lat' dir='ltr'>Si</span> <span class='ocrx_word' id='word_1_64' title='bbox 1077 975 1461 1030; x_wconf 75' lang='lat' dir='ltr'>munitionem</span> <span class='ocrx_word' id='word_1_65' title='bbox 1493 974 1642 1028; x_wconf 92' lang='lat' dir='ltr'>hanc</span> <span class='ocrx_word' id='word_1_66' title='bbox 1701 990 1799 1044; x_wconf 93' lang='lat' dir='ltr'>po-</span> 
     </span>
    </p>
   </div>
   <div class='ocr_carea' id='block_1_10' title="bbox 148 1064 1803 1136">
    <p class='ocr_par' dir='ltr' id='par_1_10' title="bbox 148 1064 1803 1136">
     <span class='ocr_line' id='line_1_10' title="bbox 148 1064 1803 1136; baseline -0.004 -12"><span class='ocrx_word' id='word_1_67' title='bbox 148 1068 356 1124; x_wconf 77' lang='lat' dir='ltr'>testati</span> <span class='ocrx_word' id='word_1_68' title='bbox 378 1084 518 1123; x_wconf 74' lang='lat' dir='ltr'>meze</span> <span class='ocrx_word' id='word_1_69' title='bbox 539 1066 870 1134; x_wconf 85' lang='lat' dir='ltr'>tradideris,</span> <span class='ocrx_word' id='word_1_70' title='bbox 896 1064 1318 1136; x_wconf 80' lang='lat' dir='ltr'>dominumque</span> <span class='ocrx_word' id='word_1_71' title='bbox 1345 1068 1510 1118; x_wconf 88' lang='lat' dir='ltr'>tuum</span> <span class='ocrx_word' id='word_1_72' title='bbox 1536 1064 1803 1120; x_wconf 84' lang='lat' dir='ltr'>Mannas-</span> 
     </span>
    </p>
   </div>
   <div class='ocr_carea' id='block_1_11' title="bbox 152 1151 1807 1228">
    <p class='ocr_par' dir='ltr' id='par_1_11' title="bbox 152 1151 1807 1228">
     <span class='ocr_line' id='line_1_11' title="bbox 152 1151 1807 1228; baseline -0.005 -14"><span class='ocrx_word' id='word_1_73' title='bbox 152 1175 262 1214; x_wconf 90' lang='lat' dir='ltr'>sen</span> <span class='ocrx_word' id='word_1_74' title='bbox 294 1159 367 1212; x_wconf 88' lang='lat' dir='ltr'>ad</span> <span class='ocrx_word' id='word_1_75' title='bbox 397 1157 756 1228; x_wconf 88' lang='lat' dir='ltr'>adjutorium</span> <span class='ocrx_word' id='word_1_76' title='bbox 791 1172 987 1210; x_wconf 91' lang='lat' dir='ltr'>meum</span> <span class='ocrx_word' id='word_1_77' title='bbox 1020 1153 1372 1226; x_wconf 89' lang='lat' dir='ltr'>protraxeris</span> <span class='ocrx_word' id='word_1_78' title='bbox 1401 1153 1490 1219; x_wconf 64' lang='lat'>39‘,</span> <span class='ocrx_word' id='word_1_79' title='bbox 1517 1169 1578 1207; x_wconf 91' lang='lat' dir='ltr'>se</span> <span class='ocrx_word' id='word_1_80' title='bbox 1596 1151 1807 1206; x_wconf 90' lang='lat' dir='ltr'>Medio-</span> 
     </span>
    </p>
   </div>
   <div class='ocr_carea' id='block_1_12' title="bbox 153 1241 1806 1317">
    <p class='ocr_par' dir='ltr' id='par_1_12' title="bbox 153 1241 1806 1317">
     <span class='ocr_line' id='line_1_12' title="bbox 153 1241 1806 1317; baseline -0.005 -15"><span class='ocrx_word' id='word_1_81' title='bbox 153 1246 303 1302; x_wconf 89' lang='lat' dir='ltr'>lanii</span> <span class='ocrx_word' id='word_1_82' title='bbox 335 1245 889 1317; x_wconf 79' lang='lat' dir='ltr'>archiepiscopatus,</span> <span class='ocrx_word' id='word_1_83' title='bbox 913 1248 969 1298; x_wconf 88' lang='lat' dir='ltr'>te</span> <span class='ocrx_word' id='word_1_84' title='bbox 1006 1259 1132 1298; x_wconf 88' lang='lat' dir='ltr'>vero</span> <span class='ocrx_word' id='word_1_85' title='bbox 1163 1241 1407 1297; x_wconf 90' lang='lat' dir='ltr'>Cumani</span> <span class='ocrx_word' id='word_1_86' title='bbox 1439 1241 1806 1312; x_wconf 80' lang='lat' dir='ltr'>episcopatus</span> 
     </span>
    </p>
   </div>
   <div class='ocr_carea' id='block_1_13' title="bbox 154 1330 1809 1408">
    <p class='ocr_par' dir='ltr' id='par_1_13' title="bbox 154 1330 1809 1408">
     <span class='ocr_line' id='line_1_13' title="bbox 154 1330 1809 1408; baseline -0.004 -18"><span class='ocrx_word' id='word_1_87' title='bbox 154 1335 444 1408; x_wconf 85' lang='lat' dir='ltr'>dignitate</span> <span class='ocrx_word' id='word_1_88' title='bbox 466 1338 600 1406; x_wconf 90' lang='lat' dir='ltr'>post</span> <span class='ocrx_word' id='word_1_89' title='bbox 620 1337 918 1406; x_wconf 88' lang='lat' dir='ltr'>acceptam</span> <span class='ocrx_word' id='word_1_90' title='bbox 941 1332 1104 1404; x_wconf 80' lang='lat' dir='ltr'>regni</span> <span class='ocrx_word' id='word_1_91' title='bbox 1127 1335 1471 1403; x_wconf 90' lang='lat' dir='ltr'>potestatem</span> <span class='ocrx_word' id='word_1_92' title='bbox 1487 1331 1596 1386; x_wconf 89' lang='lat' dir='ltr'>don</span> <span class='ocrx_word' id='word_1_93' title='bbox 1606 1330 1809 1385; x_wconf 89' lang='lat' dir='ltr'>abo.Et</span> 
     </span>
    </p>
   </div>
   <div class='ocr_carea' id='block_1_14' title="bbox 153 1418 1810 1496">
    <p class='ocr_par' dir='ltr' id='par_1_14' title="bbox 153 1418 1810 1496">
     <span class='ocr_line' id='line_1_14' title="bbox 153 1418 1810 1496; baseline -0.004 -16"><span class='ocrx_word' id='word_1_94' title='bbox 153 1429 223 1479; x_wconf 91' lang='lat' dir='ltr'>ut</span> <span class='ocrx_word' id='word_1_95' title='bbox 253 1423 619 1496; x_wconf 84' lang='lat' dir='ltr'>promittenti</span> <span class='ocrx_word' id='word_1_96' title='bbox 653 1421 796 1477; x_wconf 90' lang='lat' dir='ltr'>mihi</span> <span class='ocrx_word' id='word_1_97' title='bbox 843 1421 1019 1476; x_wconf 86' lang='lat' dir='ltr'>ﬁdem</span> <span class='ocrx_word' id='word_1_98' title='bbox 1059 1420 1356 1486; x_wconf 88' lang='lat' dir='ltr'>admittas,</span> <span class='ocrx_word' id='word_1_99' title='bbox 1411 1419 1564 1491; x_wconf 92' lang='lat' dir='ltr'>quod</span> <span class='ocrx_word' id='word_1_100' title='bbox 1616 1418 1810 1474; x_wconf 85' lang='lat' dir='ltr'>verbis</span> 
     </span>
    </p>
   </div>
   <div class='ocr_carea' id='block_1_15' title="bbox 155 1509 1809 1585">
    <p class='ocr_par' dir='ltr' id='par_1_15' title="bbox 155 1509 1809 1585">
     <span class='ocr_line' id='line_1_15' title="bbox 155 1509 1809 1585; baseline -0.005 -15"><span class='ocrx_word' id='word_1_101' title='bbox 155 1511 813 1585; x_wconf 89' lang='lat' dir='ltr'>spondeo,juramentis</span> <span class='ocrx_word' id='word_1_102' title='bbox 839 1511 1105 1566; x_wconf 82' lang='lat' dir='ltr'>adﬁrmo.</span> <span class='ocrx_word' id='word_1_103' title='bbox 1142 1531 1169 1558; x_wconf 89' lang='lat'>»</span> <span class='ocrx_word' id='word_1_104' title='bbox 1205 1510 1333 1564; x_wconf 68' lang='lat' dir='ltr'>Haec</span> <span class='ocrx_word' id='word_1_105' title='bbox 1363 1509 1502 1563; x_wconf 92' lang='lat' dir='ltr'>dum</span> <span class='ocrx_word' id='word_1_106' title='bbox 1536 1509 1809 1563; x_wconf 88' lang='lat' dir='ltr'>Mannas-</span> 
     </span>
    </p>
   </div>
   <div class='ocr_carea' id='block_1_16' title="bbox 158 1595 1811 1665">
    <p class='ocr_par' dir='ltr' id='par_1_16' title="bbox 158 1595 1811 1665">
     <span class='ocr_line' id='line_1_16' title="bbox 158 1595 1811 1665; baseline -0.004 -6"><span class='ocrx_word' id='word_1_107' title='bbox 158 1619 224 1660; x_wconf 89' lang='lat' dir='ltr'>se</span> <span class='ocrx_word' id='word_1_108' title='bbox 253 1604 324 1638; x_wconf 70' lang='grc'>³9⁸</span> <span class='ocrx_word' id='word_1_109' title='bbox 355 1602 426 1658; x_wconf 86' lang='lat' dir='ltr'>ab</span> <span class='ocrx_word' id='word_1_110' title='bbox 473 1600 764 1656; x_wconf 88' lang='lat' dir='ltr'>Adalardo</span> <span class='ocrx_word' id='word_1_111' title='bbox 812 1604 1146 1665; x_wconf 86' lang='lat' dir='ltr'>narrantur,</span> <span class='ocrx_word' id='word_1_112' title='bbox 1198 1597 1586 1653; x_wconf 88' lang='lat' dir='ltr'>munitionem</span> <span class='ocrx_word' id='word_1_113' title='bbox 1617 1595 1811 1652; x_wconf 91' lang='lat' dir='ltr'>solum</span> 
     </span>
    </p>
   </div>
   <div class='ocr_carea' id='block_1_17' title="bbox 159 1685 1814 1765">
    <p class='ocr_par' dir='ltr' id='par_1_17' title="bbox 159 1685 1814 1765">
     <span class='ocr_line' id='line_1_17' title="bbox 159 1685 1814 1765; baseline -0.005 -16"><span class='ocrx_word' id='word_1_114' title='bbox 159 1691 507 1765; x_wconf 84' lang='lat' dir='ltr'>Berengario</span> <span class='ocrx_word' id='word_1_115' title='bbox 539 1691 675 1746; x_wconf 88' lang='lat' dir='ltr'>dare</span> <span class='ocrx_word' id='word_1_116' title='bbox 705 1707 818 1745; x_wconf 84' lang='lat' dir='ltr'>non</span> <span class='ocrx_word' id='word_1_117' title='bbox 844 1689 1046 1760; x_wconf 86' lang='lat' dir='ltr'>jussit,</span> <span class='ocrx_word' id='word_1_118' title='bbox 1072 1704 1273 1743; x_wconf 89' lang='lat' dir='ltr'>verum</span> <span class='ocrx_word' id='word_1_119' title='bbox 1297 1687 1471 1742; x_wconf 87' lang='lat' dir='ltr'>etiam</span> <span class='ocrx_word' id='word_1_120' title='bbox 1495 1685 1670 1742; x_wconf 86' lang='lat' dir='ltr'>Italos</span> <span class='ocrx_word' id='word_1_121' title='bbox 1693 1703 1814 1742; x_wconf 92' lang='lat' dir='ltr'>om-</span> 
     </span>
    </p>
   </div>
   <div class='ocr_carea' id='block_1_18' title="bbox 161 1777 1132 1853">
    <p class='ocr_par' dir='ltr' id='par_1_18' title="bbox 161 1777 1132 1853">
     <span class='ocr_line' id='line_1_18' title="bbox 161 1777 1132 1853; baseline -0.007 -15"><span class='ocrx_word' id='word_1_122' title='bbox 161 1798 270 1838; x_wconf 88' lang='lat' dir='ltr'>nes</span> <span class='ocrx_word' id='word_1_123' title='bbox 291 1783 420 1853; x_wconf 86' lang='lat' dir='ltr'>ejus</span> <span class='ocrx_word' id='word_1_124' title='bbox 449 1780 509 1836; x_wconf 91' lang='lat' dir='ltr'>in</span> <span class='ocrx_word' id='word_1_125' title='bbox 537 1778 819 1834; x_wconf 84' lang='lat' dir='ltr'>auxilium</span> <span class='ocrx_word' id='word_1_126' title='bbox 849 1777 1132 1832; x_wconf 88' lang='lat' dir='ltr'>invitavit.</span> 
     </span>
    </p>
   </div>
   <div class='ocr_carea' id='block_1_19' title="bbox 1908 708 3548 784">
    <p class='ocr_par' dir='ltr' id='par_1_19' title="bbox 1908 708 3548 784">
     <span class='ocr_line' id='line_1_19' title="bbox 1908 708 3548 784; baseline 0.005 -23"><span class='ocrx_word' id='word_1_127' title='bbox 1908 723 2191 779; x_wconf 89' lang='lat' dir='ltr'>pauperes</span> <span class='ocrx_word' id='word_1_128' title='bbox 2223 708 2596 765; x_wconf 78' lang='lat' dir='ltr'>existimandi</span> <span class='ocrx_word' id='word_1_129' title='bbox 2628 715 2787 766; x_wconf 90' lang='lat' dir='ltr'>sunt.</span> <span class='ocrx_word' id='word_1_130' title='bbox 2823 711 2939 767; x_wconf 89' lang='lat' dir='ltr'>Soli</span> <span class='ocrx_word' id='word_1_131' title='bbox 2963 712 3118 767; x_wconf 90' lang='lat' dir='ltr'>enim</span> <span class='ocrx_word' id='word_1_132' title='bbox 3147 716 3287 768; x_wconf 91' lang='lat' dir='ltr'>sunt</span> <span class='ocrx_word' id='word_1_133' title='bbox 3317 713 3548 784; x_wconf 87' lang='lat' dir='ltr'>divites,</span> 
     </span>
    </p>
   </div>
   <div class='ocr_carea' id='block_1_20' title="bbox 1908 796 3552 875">
    <p class='ocr_par' dir='ltr' id='par_1_20' title="bbox 1908 796 3552 875">
     <span class='ocr_line' id='line_1_20' title="bbox 1908 796 3552 875; baseline 0.005 -23"><span class='ocrx_word' id='word_1_134' title='bbox 1908 800 1964 852; x_wconf 89' lang='lat' dir='ltr'>et</span> <span class='ocrx_word' id='word_1_135' title='bbox 1996 796 2323 852; x_wconf 88' lang='lat' dir='ltr'>fructuosas</span> <span class='ocrx_word' id='word_1_136' title='bbox 2345 814 2410 852; x_wconf 88' lang='lat' dir='ltr'>ac</span> <span class='ocrx_word' id='word_1_137' title='bbox 2433 800 2819 871; x_wconf 76' lang='lat' dir='ltr'>sempiternas</span> <span class='ocrx_word' id='word_1_138' title='bbox 2843 802 3146 873; x_wconf 89' lang='lat' dir='ltr'>possident</span> <span class='ocrx_word' id='word_1_139' title='bbox 3165 819 3277 870; x_wconf 90' lang='lat' dir='ltr'>res,</span> <span class='ocrx_word' id='word_1_140' title='bbox 3303 804 3402 875; x_wconf 91' lang='lat' dir='ltr'>qui</span> <span class='ocrx_word' id='word_1_141' title='bbox 3427 803 3552 860; x_wconf 91' lang='lat' dir='ltr'>suis</span> 
     </span>
    </p>
   </div>
   <div class='ocr_carea' id='block_1_21' title="bbox 1911 885 3552 962">
    <p class='ocr_par' dir='ltr' id='par_1_21' title="bbox 1911 885 3552 962">
     <span class='ocr_line' id='line_1_21' title="bbox 1911 885 3552 962; baseline 0.005 -22"><span class='ocrx_word' id='word_1_142' title='bbox 1911 885 2085 941; x_wconf 90' lang='lat' dir='ltr'>rebus</span> <span class='ocrx_word' id='word_1_143' title='bbox 2103 887 2379 954; x_wconf 90' lang='lat' dir='ltr'>contenti,</span> <span class='ocrx_word' id='word_1_144' title='bbox 2405 888 2548 943; x_wconf 88' lang='lat' dir='ltr'>satis</span> <span class='ocrx_word' id='word_1_145' title='bbox 2571 905 2697 945; x_wconf 89' lang='lat' dir='ltr'>esse</span> <span class='ocrx_word' id='word_1_146' title='bbox 2720 893 2948 962; x_wconf 90' lang='lat' dir='ltr'>putant,</span> <span class='ocrx_word' id='word_1_147' title='bbox 2970 892 3124 962; x_wconf 91' lang='lat' dir='ltr'>quod</span> <span class='ocrx_word' id='word_1_148' title='bbox 3147 896 3254 948; x_wconf 90' lang='lat' dir='ltr'>est.</span> <span class='ocrx_word' id='word_1_149' title='bbox 3275 893 3400 947; x_wconf 90' lang='lat' dir='ltr'>Non</span> <span class='ocrx_word' id='word_1_150' title='bbox 3424 909 3552 949; x_wconf 89' lang='lat' dir='ltr'>esse</span> 
     </span>
    </p>
   </div>
   <div class='ocr_carea' id='block_1_22' title="bbox 1911 975 3554 1051">
    <p class='ocr_par' dir='ltr' id='par_1_22' title="bbox 1911 975 3554 1051">
     <span class='ocr_line' id='line_1_22' title="bbox 1911 975 3554 1051; baseline 0.005 -23"><span class='ocrx_word' id='word_1_151' title='bbox 1911 975 2354 1046; x_wconf 88' lang='lat' dir='ltr'>cupidum,vera</span> <span class='ocrx_word' id='word_1_152' title='bbox 2377 977 2624 1048; x_wconf 89' lang='lat' dir='ltr'>pecunia</span> <span class='ocrx_word' id='word_1_153' title='bbox 2646 982 2764 1045; x_wconf 88' lang='lat' dir='ltr'>est;</span> <span class='ocrx_word' id='word_1_154' title='bbox 2788 996 2903 1035; x_wconf 88' lang='lat' dir='ltr'>non</span> <span class='ocrx_word' id='word_1_155' title='bbox 2926 997 3054 1036; x_wconf 88' lang='lat' dir='ltr'>esse</span> <span class='ocrx_word' id='word_1_156' title='bbox 3078 997 3358 1051; x_wconf 88' lang='lat' dir='ltr'>emacem,</span> <span class='ocrx_word' id='word_1_157' title='bbox 3384 982 3554 1038; x_wconf 83' lang='lat' dir='ltr'>vecti-</span> 
     </span>
    </p>
   </div>
   <div class='ocr_carea' id='block_1_23' title="bbox 1909 1062 3550 1141">
    <p class='ocr_par' dir='ltr' id='par_1_23' title="bbox 1909 1062 3550 1141">
     <span class='ocr_line' id='line_1_23' title="bbox 1909 1062 3550 1141; baseline 0.005 -22"><span class='ocrx_word' id='word_1_158' title='bbox 1909 1062 2006 1141; x_wconf 88' lang='lat' dir='ltr'>gal</span> <span class='ocrx_word' id='word_1_159' title='bbox 2038 1069 2143 1119; x_wconf 88' lang='lat' dir='ltr'>est.</span> <span class='ocrx_word' id='word_1_160' title='bbox 2180 1065 2487 1120; x_wconf 88' lang='lat' dir='ltr'>Fateamur</span> <span class='ocrx_word' id='word_1_161' title='bbox 2515 1066 2730 1138; x_wconf 86' lang='lat' dir='ltr'>itaque,</span> <span class='ocrx_word' id='word_1_162' title='bbox 2757 1072 2886 1124; x_wconf 89' lang='lat' dir='ltr'>uter</span> <span class='ocrx_word' id='word_1_163' title='bbox 2913 1073 3003 1125; x_wconf 90' lang='lat' dir='ltr'>est</span> <span class='ocrx_word' id='word_1_164' title='bbox 3027 1069 3220 1136; x_wconf 86' lang='lat' dir='ltr'>ditior,</span> <span class='ocrx_word' id='word_1_165' title='bbox 3254 1071 3348 1126; x_wconf 92' lang='lat' dir='ltr'>cui</span> <span class='ocrx_word' id='word_1_166' title='bbox 3369 1071 3550 1138; x_wconf 85' lang='lat' dir='ltr'>deest,</span> 
     </span>
    </p>
   </div>
   <div class='ocr_carea' id='block_1_24' title="bbox 1914 1152 3552 1230">
    <p class='ocr_par' dir='ltr' id='par_1_24' title="bbox 1914 1152 3552 1230">
     <span class='ocr_line' id='line_1_24' title="bbox 1914 1152 3552 1230; baseline 0.005 -23"><span class='ocrx_word' id='word_1_167' title='bbox 1914 1170 1987 1208; x_wconf 91' lang='lat' dir='ltr'>an</span> <span class='ocrx_word' id='word_1_168' title='bbox 2019 1152 2110 1207; x_wconf 92' lang='lat' dir='ltr'>cui</span> <span class='ocrx_word' id='word_1_169' title='bbox 2135 1154 2412 1224; x_wconf 86' lang='lat' dir='ltr'>superat?</span> <span class='ocrx_word' id='word_1_170' title='bbox 2433 1153 2534 1226; x_wconf 90' lang='lat' dir='ltr'>qui</span> <span class='ocrx_word' id='word_1_171' title='bbox 2557 1161 2705 1228; x_wconf 91' lang='lat' dir='ltr'>eget,</span> <span class='ocrx_word' id='word_1_172' title='bbox 2731 1173 2804 1212; x_wconf 89' lang='lat' dir='ltr'>an</span> <span class='ocrx_word' id='word_1_173' title='bbox 2826 1157 2926 1228; x_wconf 93' lang='lat' dir='ltr'>qui</span> <span class='ocrx_word' id='word_1_174' title='bbox 2952 1156 3290 1214; x_wconf 87' lang='lat' dir='ltr'>habundat?</span> <span class='ocrx_word' id='word_1_175' title='bbox 3310 1159 3403 1214; x_wconf 93' lang='lat' dir='ltr'>cui</span> <span class='ocrx_word' id='word_1_176' title='bbox 3425 1175 3552 1230; x_wconf 85' lang='lat' dir='ltr'>pos-</span> 
     </span>
    </p>
   </div>
   <div class='ocr_carea' id='block_1_25' title="bbox 1917 1241 3556 1318">
    <p class='ocr_par' dir='ltr' id='par_1_25' title="bbox 1917 1241 3556 1318">
     <span class='ocr_line' id='line_1_25' title="bbox 1917 1241 3556 1318; baseline 0.005 -22"><span class='ocrx_word' id='word_1_177' title='bbox 1917 1241 2097 1297; x_wconf 89' lang='lat' dir='ltr'>sessio</span> <span class='ocrx_word' id='word_1_178' title='bbox 2126 1259 2240 1314; x_wconf 92' lang='lat' dir='ltr'>quo</span> <span class='ocrx_word' id='word_1_179' title='bbox 2271 1247 2360 1298; x_wconf 89' lang='lat' dir='ltr'>est</span> <span class='ocrx_word' id='word_1_180' title='bbox 2389 1246 2594 1314; x_wconf 85' lang='lat' dir='ltr'>major,</span> <span class='ocrx_word' id='word_1_181' title='bbox 2630 1261 2695 1299; x_wconf 91' lang='lat' dir='ltr'>eo</span> <span class='ocrx_word' id='word_1_182' title='bbox 2729 1245 2860 1318; x_wconf 92' lang='lat' dir='ltr'>plus</span> <span class='ocrx_word' id='word_1_183' title='bbox 2893 1247 3140 1318; x_wconf 88' lang='lat' dir='ltr'>requirit</span> <span class='ocrx_word' id='word_1_184' title='bbox 3186 1249 3257 1303; x_wconf 90' lang='lat' dir='ltr'>ad</span> <span class='ocrx_word' id='word_1_185' title='bbox 3292 1265 3354 1304; x_wconf 91' lang='lat' dir='ltr'>se</span> <span class='ocrx_word' id='word_1_186' title='bbox 3383 1253 3556 1304; x_wconf 88' lang='lat' dir='ltr'>tuen-</span> 
     </span>
    </p>
   </div>
   <div class='ocr_carea' id='block_1_26' title="bbox 1917 1331 3557 1403">
    <p class='ocr_par' dir='ltr' id='par_1_26' title="bbox 1917 1331 3557 1403">
     <span class='ocr_line' id='line_1_26' title="bbox 1917 1331 3557 1403; baseline 0.004 -17"><span class='ocrx_word' id='word_1_187' title='bbox 1917 1331 2074 1398; x_wconf 90' lang='lat' dir='ltr'>dam,</span> <span class='ocrx_word' id='word_1_188' title='bbox 2108 1348 2179 1385; x_wconf 90' lang='lat' dir='ltr'>an</span> <span class='ocrx_word' id='word_1_189' title='bbox 2207 1331 2305 1403; x_wconf 93' lang='lat' dir='ltr'>qui</span> <span class='ocrx_word' id='word_1_190' title='bbox 2337 1348 2398 1387; x_wconf 91' lang='lat' dir='ltr'>se</span> <span class='ocrx_word' id='word_1_191' title='bbox 2428 1332 2553 1388; x_wconf 90' lang='lat' dir='ltr'>suis</span> <span class='ocrx_word' id='word_1_192' title='bbox 2599 1333 2822 1390; x_wconf 90' lang='lat' dir='ltr'>viribus</span> <span class='ocrx_word' id='word_1_193' title='bbox 2871 1335 3167 1391; x_wconf 82' lang='lat' dir='ltr'>sustinet?</span> <span class='ocrx_word' id='word_1_194' title='bbox 3210 1340 3557 1394; x_wconf 89' lang='lat' dir='ltr'>Contentum</span> 
     </span>
    </p>
   </div>
   <div class='ocr_carea' id='block_1_27' title="bbox 1918 1420 3559 1499">
    <p class='ocr_par' dir='ltr' id='par_1_27' title="bbox 1918 1420 3559 1499">
     <span class='ocr_line' id='line_1_27' title="bbox 1918 1420 3559 1499; baseline 0.005 -25"><span class='ocrx_word' id='word_1_195' title='bbox 1918 1420 2133 1474; x_wconf 89' lang='lat' dir='ltr'>etenim</span> <span class='ocrx_word' id='word_1_196' title='bbox 2165 1420 2288 1476; x_wconf 90' lang='lat' dir='ltr'>suis</span> <span class='ocrx_word' id='word_1_197' title='bbox 2317 1421 2513 1489; x_wconf 88' lang='lat' dir='ltr'>rebus,</span> <span class='ocrx_word' id='word_1_198' title='bbox 2543 1423 2794 1479; x_wconf 87' lang='lat' dir='ltr'>maxime</span> <span class='ocrx_word' id='word_1_199' title='bbox 2821 1429 2962 1479; x_wconf 90' lang='lat' dir='ltr'>sunt</span> <span class='ocrx_word' id='word_1_200' title='bbox 2984 1425 3442 1499; x_wconf 66' lang='lat' dir='ltr'>certissimeque</span> <span class='ocrx_word' id='word_1_201' title='bbox 3472 1429 3559 1483; x_wconf 85' lang='lat' dir='ltr'>di-</span> 
     </span>
    </p>
   </div>
   <div class='ocr_carea' id='block_1_28' title="bbox 1917 1508 3558 1574">
    <p class='ocr_par' dir='ltr' id='par_1_28' title="bbox 1917 1508 3558 1574">
     <span class='ocr_line' id='line_1_28' title="bbox 1917 1508 3558 1574; baseline 0.006 -10"><span class='ocrx_word' id='word_1_202' title='bbox 1917 1508 2088 1564; x_wconf 67' lang='lat' dir='ltr'>viiiaa.</span> <span class='ocrx_word' id='word_1_203' title='bbox 2110 1513 2326 1564; x_wconf 84' lang='lat' dir='ltr'>Verum</span> <span class='ocrx_word' id='word_1_204' title='bbox 2350 1509 2419 1565; x_wconf 92' lang='lat' dir='ltr'>de</span> <span class='ocrx_word' id='word_1_205' title='bbox 2439 1510 2548 1565; x_wconf 91' lang='lat' dir='ltr'>hoc</span> <span class='ocrx_word' id='word_1_206' title='bbox 2561 1511 2703 1566; x_wconf 90' lang='lat' dir='ltr'>satis</span> <span class='ocrx_word' id='word_1_207' title='bbox 2720 1529 2875 1568; x_wconf 90' lang='lat' dir='ltr'>nunc</span> <span class='ocrx_word' id='word_1_208' title='bbox 2897 1512 3118 1570; x_wconf 90' lang='lat' dir='ltr'>dictum</span> <span class='ocrx_word' id='word_1_209' title='bbox 3139 1531 3267 1571; x_wconf 90' lang='lat' dir='ltr'>esse</span> <span class='ocrx_word' id='word_1_210' title='bbox 3283 1517 3558 1574; x_wconf 85' lang='lat' dir='ltr'>sufﬁciat.</span> 
     </span>
    </p>
   </div>
   <div class='ocr_carea' id='block_1_29' title="bbox 1918 1598 3562 1675">
    <p class='ocr_par' dir='ltr' id='par_1_29' title="bbox 1918 1598 3562 1675">
     <span class='ocr_line' id='line_1_29' title="bbox 1918 1598 3562 1675; baseline 0.004 -21"><span class='ocrx_word' id='word_1_211' title='bbox 1918 1599 2003 1654; x_wconf 86' lang='lat' dir='ltr'>Ad</span> <span class='ocrx_word' id='word_1_212' title='bbox 2035 1598 2446 1670; x_wconf 80' lang='lat' dir='ltr'>Berengarium</span> <span class='ocrx_word' id='word_1_213' title='bbox 2495 1599 2614 1655; x_wconf 91' lang='lat' dir='ltr'>stili</span> <span class='ocrx_word' id='word_1_214' title='bbox 2645 1599 2892 1656; x_wconf 88' lang='lat' dir='ltr'>intentio</span> <span class='ocrx_word' id='word_1_215' title='bbox 2918 1603 3132 1671; x_wconf 89' lang='lat' dir='ltr'>redeat,</span> <span class='ocrx_word' id='word_1_216' title='bbox 3167 1605 3336 1675; x_wconf 87' lang='lat' dir='ltr'>cujus</span> <span class='ocrx_word' id='word_1_217' title='bbox 3368 1605 3427 1660; x_wconf 92' lang='lat' dir='ltr'>in</span> <span class='ocrx_word' id='word_1_218' title='bbox 3459 1607 3562 1661; x_wconf 81' lang='lat' dir='ltr'>ad-</span> 
     </span>
    </p>
   </div>
   <div class='ocr_carea' id='block_1_30' title="bbox 1919 1689 3564 1764">
    <p class='ocr_par' dir='ltr' id='par_1_30' title="bbox 1919 1689 3564 1764">
     <span class='ocr_line' id='line_1_30' title="bbox 1919 1689 3564 1764; baseline 0.005 -22"><span class='ocrx_word' id='word_1_219' title='bbox 1919 1691 2157 1744; x_wconf 89' lang='lat' dir='ltr'>ventum</span> <span class='ocrx_word' id='word_1_220' title='bbox 2216 1704 2459 1743; x_wconf 90' lang='lat' dir='ltr'>aureum</span> <span class='ocrx_word' id='word_1_221' title='bbox 2519 1705 2723 1745; x_wconf 90' lang='lat' dir='ltr'>omnes</span> <span class='ocrx_word' id='word_1_222' title='bbox 2772 1689 3049 1746; x_wconf 68' lang='lat' dir='ltr'>saeculum</span> <span class='ocrx_word' id='word_1_223' title='bbox 3120 1693 3564 1764; x_wconf 75' lang='lat' dir='ltr'>promittebant,</span> 
     </span>
    </p>
   </div>
   <div class='ocr_carea' id='block_1_31' title="bbox 1922 1775 3567 1853">
    <p class='ocr_par' dir='ltr' id='par_1_31' title="bbox 1922 1775 3567 1853">
     <span class='ocr_line' id='line_1_31' title="bbox 1922 1775 3567 1853; baseline 0.004 -20"><span class='ocrx_word' id='word_1_224' title='bbox 1922 1780 1979 1833; x_wconf 89' lang='lat' dir='ltr'>et</span> <span class='ocrx_word' id='word_1_225' title='bbox 2010 1776 2220 1847; x_wconf 86' lang='lat' dir='ltr'>felicia,</span> <span class='ocrx_word' id='word_1_226' title='bbox 2253 1793 2382 1848; x_wconf 65' lang='lat' dir='ltr'>quis</span> <span class='ocrx_word' id='word_1_227' title='bbox 2425 1775 2604 1834; x_wconf 89' lang='lat' dir='ltr'>talem</span> <span class='ocrx_word' id='word_1_228' title='bbox 2635 1777 2981 1847; x_wconf 85' lang='lat' dir='ltr'>extulerant,</span> <span class='ocrx_word' id='word_1_229' title='bbox 3012 1783 3277 1853; x_wconf 87' lang='lat' dir='ltr'>tempora</span> <span class='ocrx_word' id='word_1_230' title='bbox 3305 1782 3567 1840; x_wconf 86' lang='lat' dir='ltr'>clamita-</span> 
     </span>
    </p>
   </div>
   <div class='ocr_carea' id='block_1_32' title="bbox 235 1836 2082 1966">
    <p class='ocr_par' dir='ltr' id='par_1_32' title="bbox 235 1836 2082 1966">
     <span class='ocr_line' id='line_1_32' title="bbox 235 1836 2082 1966; baseline -0.003 -40"><span class='ocrx_word' id='word_1_231' title='bbox 235 1836 340 1927; x_wconf 84' lang='lat'><strong>27</strong></span> <span class='ocrx_word' id='word_1_232' title='bbox 364 1871 543 1926; x_wconf 87' lang='lat' dir='ltr'>Fama</span> <span class='ocrx_word' id='word_1_233' title='bbox 572 1868 768 1942; x_wconf 87' lang='lat' dir='ltr'>igitur,</span> <span class='ocrx_word' id='word_1_234' title='bbox 799 1869 1011 1923; x_wconf 84' lang='lat' dir='ltr'>malum</span> <span class='ocrx_word' id='word_1_235' title='bbox 1039 1881 1142 1938; x_wconf 81' lang='lat' dir='ltr'>quo</span> <span class='ocrx_word' id='word_1_236' title='bbox 1196 1881 1308 1921; x_wconf 78' lang='lat' dir='ltr'>non</span> <span class='ocrx_word' id='word_1_237' title='bbox 1361 1867 1586 1920; x_wconf 74' lang='lat' dir='ltr'>velutius</span> <span class='ocrx_word' id='word_1_238' title='bbox 1638 1866 1815 1920; x_wconf 83' lang='lat' dir='ltr'>ullum</span> <span class='ocrx_word' id='word_1_239' title='bbox 1846 1901 1894 1966; x_wconf 77' lang='grc' dir='ltr'><strong>Β</strong></span> <span class='ocrx_word' id='word_1_240' title='bbox 1924 1867 2082 1921; x_wconf 89' lang='lat' dir='ltr'>bant.</span> 
     </span>
    </p>
   </div>
   <div class='ocr_carea' id='block_1_33' title="bbox 164 1954 1817 2029">
    <p class='ocr_par' dir='ltr' id='par_1_33' title="bbox 164 1954 1817 2029">
     <span class='ocr_line' id='line_1_33' title="bbox 164 1954 1817 2029; baseline -0.005 -13"><span class='ocrx_word' id='word_1_241' title='bbox 164 1961 480 2016; x_wconf 81' lang='lat' dir='ltr'>mobilitate</span> <span class='ocrx_word' id='word_1_242' title='bbox 502 1960 646 2028; x_wconf 78' lang='lat' dir='ltr'>viget</span> <span class='ocrx_word' id='word_1_243' title='bbox 695 1957 863 2029; x_wconf 72' lang='lat'>(136),</span> <span class='ocrx_word' id='word_1_244' title='bbox 921 1954 1253 2027; x_wconf 89' lang='lat' dir='ltr'>Berengarii</span> <span class='ocrx_word' id='word_1_245' title='bbox 1293 1955 1604 2010; x_wconf 88' lang='lat' dir='ltr'>adventum</span> <span class='ocrx_word' id='word_1_246' title='bbox 1640 1970 1817 2025; x_wconf 90' lang='lat' dir='ltr'>quam</span> 
     </span>
    </p>
   </div>
   <div class='ocr_carea' id='block_1_34' title="bbox 169 2043 1816 2116">
    <p class='ocr_par' dir='ltr' id='par_1_34' title="bbox 169 2043 1816 2116">
     <span class='ocr_line' id='line_1_34' title="bbox 169 2043 1816 2116; baseline -0.005 -10"><span class='ocrx_word' id='word_1_247' title='bbox 169 2047 594 2106; x_wconf 82' lang='lat' dir='ltr'>moxomnibus</span> <span class='ocrx_word' id='word_1_248' title='bbox 611 2045 918 2101; x_wconf 88' lang='lat' dir='ltr'>nuntiavit.</span> <span class='ocrx_word' id='word_1_249' title='bbox 935 2045 1360 2116; x_wconf 84' lang='lat' dir='ltr'>Coeperuntque</span> <span class='ocrx_word' id='word_1_250' title='bbox 1381 2060 1514 2099; x_wconf 87' lang='lat' dir='ltr'>mox</span> <span class='ocrx_word' id='word_1_251' title='bbox 1529 2043 1816 2109; x_wconf 91' lang='lat' dir='ltr'>nonnulli,</span> 
     </span>
    </p>
   </div>
   <div class='ocr_carea' id='block_1_35' title="bbox 172 2132 1816 2211">
    <p class='ocr_par' dir='ltr' id='par_1_35' title="bbox 172 2132 1816 2211">
     <span class='ocr_line' id='line_1_35' title="bbox 172 2132 1816 2211; baseline -0.004 -16"><span class='ocrx_word' id='word_1_252' title='bbox 172 2140 418 2211; x_wconf 87' lang='lat' dir='ltr'>Hugone</span> <span class='ocrx_word' id='word_1_253' title='bbox 445 2138 696 2201; x_wconf 88' lang='lat' dir='ltr'>deserto,</span> <span class='ocrx_word' id='word_1_254' title='bbox 720 2134 1066 2206; x_wconf 87' lang='lat' dir='ltr'>Berengario</span> <span class='ocrx_word' id='word_1_255' title='bbox 1098 2132 1394 2189; x_wconf 89' lang='lat' dir='ltr'>adberere.</span> <span class='ocrx_word' id='word_1_256' title='bbox 1419 2133 1638 2189; x_wconf 90' lang='lat' dir='ltr'>Horum</span> <span class='ocrx_word' id='word_1_257' title='bbox 1660 2132 1816 2200; x_wconf 90' lang='lat' dir='ltr'>Milo,</span> 
     </span>
    </p>
   </div>
   <div class='ocr_carea' id='block_1_36' title="bbox 171 2222 1822 2302">
    <p class='ocr_par' dir='ltr' id='par_1_36' title="bbox 171 2222 1822 2302">
     <span class='ocr_line' id='line_1_36' title="bbox 171 2222 1822 2302; baseline -0.004 -19"><span class='ocrx_word' id='word_1_258' title='bbox 171 2230 502 2302; x_wconf 64' lang='lat' dir='ltr'>praepotens</span> <span class='ocrx_word' id='word_1_259' title='bbox 531 2223 954 2280; x_wconf 83' lang='lat' dir='ltr'>Veronensium</span> <span class='ocrx_word' id='word_1_260' title='bbox 979 2239 1193 2290; x_wconf 90' lang='lat' dir='ltr'>comes,</span> <span class='ocrx_word' id='word_1_261' title='bbox 1228 2222 1416 2277; x_wconf 86' lang='lat' dir='ltr'>extitit</span> <span class='ocrx_word' id='word_1_262' title='bbox 1441 2222 1688 2294; x_wconf 89' lang='lat' dir='ltr'>primus,</span> <span class='ocrx_word' id='word_1_263' title='bbox 1719 2222 1822 2293; x_wconf 91' lang='lat' dir='ltr'>qui</span> 
     </span>
    </p>
   </div>
   <div class='ocr_carea' id='block_1_37' title="bbox 177 2310 1822 2388">
    <p class='ocr_par' dir='ltr' id='par_1_37' title="bbox 177 2310 1822 2388">
     <span class='ocr_line' id='line_1_37' title="bbox 177 2310 1822 2388; baseline -0.004 -15"><span class='ocrx_word' id='word_1_264' title='bbox 177 2319 323 2373; x_wconf 90' lang='lat' dir='ltr'>dum</span> <span class='ocrx_word' id='word_1_265' title='bbox 357 2315 585 2388; x_wconf 89' lang='lat' dir='ltr'>Hugoni</span> <span class='ocrx_word' id='word_1_266' title='bbox 618 2317 947 2385; x_wconf 90' lang='lat' dir='ltr'>suspectus,</span> <span class='ocrx_word' id='word_1_267' title='bbox 981 2310 1264 2384; x_wconf 88' lang='lat' dir='ltr'>appositis</span> <span class='ocrx_word' id='word_1_268' title='bbox 1295 2310 1445 2367; x_wconf 89' lang='lat' dir='ltr'>clam</span> <span class='ocrx_word' id='word_1_269' title='bbox 1479 2312 1822 2367; x_wconf 89' lang='lat' dir='ltr'>custodibus</span> 
     </span>
    </p>
   </div>
   <div class='ocr_carea' id='block_1_38' title="bbox 179 2401 1822 2474">
    <p class='ocr_par' dir='ltr' id='par_1_38' title="bbox 179 2401 1822 2474">
     <span class='ocr_line' id='line_1_38' title="bbox 179 2401 1822 2474; baseline -0.005 -10"><span class='ocrx_word' id='word_1_270' title='bbox 179 2409 530 2474; x_wconf 79' lang='lat' dir='ltr'>servaretur,</span> <span class='ocrx_word' id='word_1_271' title='bbox 561 2402 871 2460; x_wconf 89' lang='lat' dir='ltr'>simulatus</span> <span class='ocrx_word' id='word_1_272' title='bbox 896 2419 958 2457; x_wconf 93' lang='lat' dir='ltr'>se</span> <span class='ocrx_word' id='word_1_273' title='bbox 989 2419 1107 2456; x_wconf 92' lang='lat' dir='ltr'>non</span> <span class='ocrx_word' id='word_1_274' title='bbox 1147 2401 1482 2474; x_wconf 85' lang='lat' dir='ltr'>intellegere</span> <span class='ocrx_word' id='word_1_275' title='bbox 1521 2401 1822 2470; x_wconf 89' lang='lat' dir='ltr'>custodiri,</span> 
     </span>
    </p>
   </div>
   <div class='ocr_carea' id='block_1_39' title="bbox 182 2490 1824 2564">
    <p class='ocr_par' dir='ltr' id='par_1_39' title="bbox 182 2490 1824 2564">
     <span class='ocr_line' id='line_1_39' title="bbox 182 2490 1824 2564; baseline -0.004 -12"><span class='ocrx_word' id='word_1_276' title='bbox 182 2497 364 2552; x_wconf 84' lang='lat' dir='ltr'>ferme</span> <span class='ocrx_word' id='word_1_277' title='bbox 394 2510 597 2550; x_wconf 91' lang='lat' dir='ltr'>cenam</span> <span class='ocrx_word' id='word_1_278' title='bbox 655 2509 842 2564; x_wconf 91' lang='lat' dir='ltr'>usque</span> <span class='ocrx_word' id='word_1_279' title='bbox 890 2492 962 2546; x_wconf 92' lang='lat' dir='ltr'>ad</span> <span class='ocrx_word' id='word_1_280' title='bbox 995 2491 1182 2546; x_wconf 92' lang='lat' dir='ltr'>noctis</span> <span class='ocrx_word' id='word_1_281' title='bbox 1218 2490 1496 2560; x_wconf 79' lang='lat' dir='ltr'>pertraxit</span> <span class='ocrx_word' id='word_1_282' title='bbox 1526 2491 1783 2547; x_wconf 91' lang='lat' dir='ltr'>medium</span> <span class='ocrx_word' id='word_1_283' title='bbox 1811 2509 1824 2560; x_wconf 91' lang='lat'><strong>;</strong></span> 
     </span>
    </p>
   </div>
   <div class='ocr_carea' id='block_1_40' title="bbox 181 2579 1828 2657">
    <p class='ocr_par' dir='ltr' id='par_1_40' title="bbox 181 2579 1828 2657">
     <span class='ocr_line' id='line_1_40' title="bbox 181 2579 1828 2657; baseline -0.003 -16"><span class='ocrx_word' id='word_1_284' title='bbox 181 2601 436 2657; x_wconf 90' lang='lat' dir='ltr'>cumque</span> <span class='ocrx_word' id='word_1_285' title='bbox 466 2599 671 2640; x_wconf 89' lang='lat' dir='ltr'>omnes</span> <span class='ocrx_word' id='word_1_286' title='bbox 701 2587 820 2637; x_wconf 92' lang='lat' dir='ltr'>tam</span> <span class='ocrx_word' id='word_1_287' title='bbox 853 2597 1057 2636; x_wconf 90' lang='lat' dir='ltr'>somno</span> <span class='ocrx_word' id='word_1_288' title='bbox 1089 2596 1266 2651; x_wconf 89' lang='lat' dir='ltr'>quam</span> <span class='ocrx_word' id='word_1_289' title='bbox 1300 2579 1409 2635; x_wconf 91' lang='lat' dir='ltr'>lieo</span> <span class='ocrx_word' id='word_1_290' title='bbox 1441 2581 1588 2652; x_wconf 87' lang='lat' dir='ltr'>(I37)</span> <span class='ocrx_word' id='word_1_291' title='bbox 1621 2581 1828 2653; x_wconf 86' lang='lat' dir='ltr'>adgra-</span> 
     </span>
    </p>
   </div>
   <div class='ocr_carea' id='block_1_41' title="bbox 183 2670 1830 2744">
    <p class='ocr_par' dir='ltr' id='par_1_41' title="bbox 183 2670 1830 2744">
     <span class='ocr_line' id='line_1_41' title="bbox 183 2670 1830 2744; baseline -0.002 -15"><span class='ocrx_word' id='word_1_292' title='bbox 183 2674 320 2731; x_wconf 89' lang='lat' dir='ltr'>valii</span> <span class='ocrx_word' id='word_1_293' title='bbox 347 2689 589 2744; x_wconf 88' lang='lat' dir='ltr'>corpora</span> <span class='ocrx_word' id='word_1_294' title='bbox 636 2671 814 2744; x_wconf 87' lang='lat' dir='ltr'>quieti</span> <span class='ocrx_word' id='word_1_295' title='bbox 868 2670 1165 2725; x_wconf 87' lang='lat' dir='ltr'>traderent</span> <span class='ocrx_word' id='word_1_296' title='bbox 1185 2670 1272 2738; x_wconf 72' lang='grc'>³9⁵,</span> <span class='ocrx_word' id='word_1_297' title='bbox 1326 2670 1447 2724; x_wconf 91' lang='lat' dir='ltr'>solo</span> <span class='ocrx_word' id='word_1_298' title='bbox 1479 2686 1538 2725; x_wconf 92' lang='lat' dir='ltr'>se</span> <span class='ocrx_word' id='word_1_299' title='bbox 1569 2670 1666 2741; x_wconf 90' lang='lat' dir='ltr'>qui</span> <span class='ocrx_word' id='word_1_300' title='bbox 1701 2671 1830 2741; x_wconf 88' lang='lat' dir='ltr'>ejus</span> 
     </span>
    </p>
   </div>
   <div class='ocr_carea' id='block_1_42' title="bbox 187 2758 1832 2836">
    <p class='ocr_par' dir='ltr' id='par_1_42' title="bbox 187 2758 1832 2836">
     <span class='ocr_line' id='line_1_42' title="bbox 187 2758 1832 2836; baseline -0.004 -16"><span class='ocrx_word' id='word_1_301' title='bbox 187 2766 518 2836; x_wconf 87' lang='lat' dir='ltr'>portaverat</span> <span class='ocrx_word' id='word_1_302' title='bbox 545 2760 838 2833; x_wconf 90' lang='lat' dir='ltr'>clippeum</span> <span class='ocrx_word' id='word_1_303' title='bbox 887 2759 1220 2823; x_wconf 89' lang='lat' dir='ltr'>comitante,</span> <span class='ocrx_word' id='word_1_304' title='bbox 1251 2758 1543 2814; x_wconf 86' lang='lat' dir='ltr'>Veronam</span> <span class='ocrx_word' id='word_1_305' title='bbox 1574 2759 1832 2830; x_wconf 86' lang='lat' dir='ltr'>percitus</span> 
     </span>
    </p>
   </div>
   <div class='ocr_carea' id='block_1_43' title="bbox 183 2848 1829 2921">
    <p class='ocr_par' dir='ltr' id='par_1_43' title="bbox 183 2848 1829 2921">
     <span class='ocr_line' id='line_1_43' title="bbox 183 2848 1829 2921; baseline -0.005 -10"><span class='ocrx_word' id='word_1_306' title='bbox 183 2852 366 2918; x_wconf 81' lang='lat' dir='ltr'>venit,</span> <span class='ocrx_word' id='word_1_307' title='bbox 425 2850 774 2921; x_wconf 88' lang='lat' dir='ltr'>directisque</span> <span class='ocrx_word' id='word_1_308' title='bbox 833 2848 1056 2903; x_wconf 89' lang='lat' dir='ltr'>nuntiis</span> <span class='ocrx_word' id='word_1_309' title='bbox 1125 2848 1536 2920; x_wconf 85' lang='lat' dir='ltr'>Berengarium</span> <span class='ocrx_word' id='word_1_310' title='bbox 1587 2848 1829 2916; x_wconf 89' lang='lat' dir='ltr'>excivit;</span> 
     </span>
    </p>
   </div>
   <div class='ocr_carea' id='block_1_44' title="bbox 191 2935 1832 3014">
    <p class='ocr_par' dir='ltr' id='par_1_44' title="bbox 191 2935 1832 3014">
     <span class='ocr_line' id='line_1_44' title="bbox 191 2935 1832 3014; baseline -0.002 -18"><span class='ocrx_word' id='word_1_311' title='bbox 191 2957 367 3014; x_wconf 88' lang='lat' dir='ltr'>quem</span> <span class='ocrx_word' id='word_1_312' title='bbox 401 2944 458 2996; x_wconf 91' lang='lat' dir='ltr'>et</span> <span class='ocrx_word' id='word_1_313' title='bbox 486 2939 548 2994; x_wconf 92' lang='lat' dir='ltr'>in</span> <span class='ocrx_word' id='word_1_314' title='bbox 577 2940 823 3006; x_wconf 90' lang='lat' dir='ltr'>Verona,</span> <span class='ocrx_word' id='word_1_315' title='bbox 856 2955 970 3010; x_wconf 92' lang='lat' dir='ltr'>quo</span> <span class='ocrx_word' id='word_1_316' title='bbox 1000 2937 1227 3009; x_wconf 88' lang='lat' dir='ltr'>Hugoni</span> <span class='ocrx_word' id='word_1_317' title='bbox 1260 2936 1488 2993; x_wconf 85' lang='lat' dir='ltr'>ﬁrmius</span> <span class='ocrx_word' id='word_1_318' title='bbox 1518 2935 1832 3008; x_wconf 89' lang='lat' dir='ltr'>resisteret,</span> 
     </span>
    </p>
   </div>
   <div class='ocr_carea' id='block_1_45' title="bbox 191 3025 1835 3102">
    <p class='ocr_par' dir='ltr' id='par_1_45' title="bbox 191 3025 1835 3102">
     <span class='ocr_line' id='line_1_45' title="bbox 191 3025 1835 3102; baseline -0.004 -15"><span class='ocrx_word' id='word_1_319' title='bbox 191 3029 469 3102; x_wconf 89' lang='lat' dir='ltr'>suscepit.</span> <span class='ocrx_word' id='word_1_320' title='bbox 503 3029 654 3084; x_wconf 90' lang='lat' dir='ltr'>Sane</span> <span class='ocrx_word' id='word_1_321' title='bbox 711 3026 871 3082; x_wconf 89' lang='lat' dir='ltr'>nulla</span> <span class='ocrx_word' id='word_1_322' title='bbox 913 3027 1068 3082; x_wconf 90' lang='lat' dir='ltr'>hunc</span> <span class='ocrx_word' id='word_1_323' title='bbox 1100 3025 1412 3082; x_wconf 81' lang='lat' dir='ltr'>inﬁdelitas</span> <span class='ocrx_word' id='word_1_324' title='bbox 1470 3027 1541 3081; x_wconf 87' lang='lat' dir='ltr'>ab</span> <span class='ocrx_word' id='word_1_325' title='bbox 1593 3026 1835 3099; x_wconf 88' lang='lat' dir='ltr'>Hugone</span> 
     </span>
    </p>
   </div>
   <div class='ocr_carea' id='block_1_46' title="bbox 189 3114 1837 3188">
    <p class='ocr_par' dir='ltr' id='par_1_46' title="bbox 189 3114 1837 3188">
     <span class='ocr_line' id='line_1_46' title="bbox 189 3114 1837 3188; baseline -0.004 -12"><span class='ocrx_word' id='word_1_326' title='bbox 189 3119 408 3188; x_wconf 85' lang='lat' dir='ltr'>divisit,</span> <span class='ocrx_word' id='word_1_327' title='bbox 439 3115 819 3174; x_wconf 88' lang='lat' dir='ltr'>verumillata</span> <span class='ocrx_word' id='word_1_328' title='bbox 850 3115 961 3172; x_wconf 89' lang='lat' dir='ltr'>sibi</span> <span class='ocrx_word' id='word_1_329' title='bbox 985 3115 1056 3170; x_wconf 90' lang='lat' dir='ltr'>ab</span> <span class='ocrx_word' id='word_1_330' title='bbox 1075 3116 1277 3170; x_wconf 89' lang='lat' dir='ltr'>eodem</span> <span class='ocrx_word' id='word_1_331' title='bbox 1304 3114 1587 3171; x_wconf 90' lang='lat' dir='ltr'>nonnulla</span> <span class='ocrx_word' id='word_1_332' title='bbox 1620 3115 1837 3170; x_wconf 88' lang='lat' dir='ltr'>incom-</span> 
     </span>
    </p>
   </div>
   <div class='ocr_carea' id='block_1_47' title="bbox 192 3203 1832 3279">
    <p class='ocr_par' dir='ltr' id='par_1_47' title="bbox 192 3203 1832 3279">
     <span class='ocr_line' id='line_1_47' title="bbox 192 3203 1832 3279; baseline -0.003 -15"><span class='ocrx_word' id='word_1_333' title='bbox 192 3208 388 3276; x_wconf 89' lang='lat' dir='ltr'>moda,</span> <span class='ocrx_word' id='word_1_334' title='bbox 413 3224 539 3279; x_wconf 78' lang='lat' dir='ltr'>quae</span> <span class='ocrx_word' id='word_1_335' title='bbox 562 3207 688 3277; x_wconf 89' lang='lat' dir='ltr'>jam</span> <span class='ocrx_word' id='word_1_336' title='bbox 719 3204 819 3259; x_wconf 91' lang='lat' dir='ltr'>diu</span> <span class='ocrx_word' id='word_1_337' title='bbox 841 3203 1130 3259; x_wconf 89' lang='lat' dir='ltr'>sustinere</span> <span class='ocrx_word' id='word_1_338' title='bbox 1153 3220 1267 3258; x_wconf 91' lang='lat' dir='ltr'>non</span> <span class='ocrx_word' id='word_1_339' title='bbox 1291 3205 1499 3275; x_wconf 88' lang='lat' dir='ltr'>potuit.</span> <span class='ocrx_word' id='word_1_340' title='bbox 1525 3205 1832 3276; x_wconf 83' lang='lat' dir='ltr'>Prosequi—</span> 
     </span>
    </p>
   </div>
   <div class='ocr_carea' id='block_1_48' title="bbox 193 3269 1910 3366">
    <p class='ocr_par' dir='ltr' id='par_1_48' title="bbox 193 3269 1910 3366">
     <span class='ocr_line' id='line_1_48' title="bbox 193 3269 1910 3366; baseline -0.002 -14"><span class='ocrx_word' id='word_1_341' title='bbox 193 3303 291 3353; x_wconf 88' lang='lat' dir='ltr'>tur</span> <span class='ocrx_word' id='word_1_342' title='bbox 321 3297 479 3351; x_wconf 89' lang='lat' dir='ltr'>hunc</span> <span class='ocrx_word' id='word_1_343' title='bbox 497 3294 691 3360; x_wconf 88' lang='lat' dir='ltr'>Wido,</span> <span class='ocrx_word' id='word_1_344' title='bbox 717 3292 1063 3348; x_wconf 88' lang='lat' dir='ltr'>Mutinensis</span> <span class='ocrx_word' id='word_1_345' title='bbox 1094 3294 1160 3327; x_wconf 77' lang='lat'>39&quot;</span> <span class='ocrx_word' id='word_1_346' title='bbox 1191 3292 1426 3349; x_wconf 67' lang='lat' dir='ltr'>ecclesiae</span> <span class='ocrx_word' id='word_1_347' title='bbox 1456 3294 1689 3366; x_wconf 64' lang='lat' dir='ltr'>praesul,</span> <span class='ocrx_word' id='word_1_348' title='bbox 1720 3311 1834 3349; x_wconf 92' lang='lat' dir='ltr'>non</span> <span class='ocrx_word' id='word_1_349' title='bbox 1868 3269 1910 3335; x_wconf 61' lang='grc' dir='ltr'>(ἶ</span> 
     </span>
    </p>
   </div>
   <div class='ocr_carea' id='block_1_49' title="bbox 193 3381 1840 3457">
    <p class='ocr_par' dir='ltr' id='par_1_49' title="bbox 193 3381 1840 3457">
     <span class='ocr_line' id='line_1_49' title="bbox 193 3381 1840 3457; baseline -0.002 -17"><span class='ocrx_word' id='word_1_350' title='bbox 193 3385 415 3457; x_wconf 88' lang='lat' dir='ltr'>injuria</span> <span class='ocrx_word' id='word_1_351' title='bbox 443 3384 772 3450; x_wconf 88' lang='lat' dir='ltr'>lacessitus,</span> <span class='ocrx_word' id='word_1_352' title='bbox 805 3384 903 3438; x_wconf 86' lang='lat' dir='ltr'>sed</span> <span class='ocrx_word' id='word_1_353' title='bbox 939 3381 1194 3438; x_wconf 89' lang='lat' dir='ltr'>maxima</span> <span class='ocrx_word' id='word_1_354' title='bbox 1214 3381 1315 3437; x_wconf 88' lang='lat' dir='ltr'>illa</span> <span class='ocrx_word' id='word_1_355' title='bbox 1338 3383 1574 3438; x_wconf 90' lang='lat' dir='ltr'>abbatia</span> <span class='ocrx_word' id='word_1_356' title='bbox 1601 3383 1840 3439; x_wconf 89' lang='lat' dir='ltr'>Nonan—</span> 
     </span>
    </p>
   </div>
   <div class='ocr_carea' id='block_1_50' title="bbox 197 3470 1844 3546">
    <p class='ocr_par' dir='ltr' id='par_1_50' title="bbox 197 3470 1844 3546">
     <span class='ocr_line' id='line_1_50' title="bbox 197 3470 1844 3546; baseline -0.002 -15"><span class='ocrx_word' id='word_1_357' title='bbox 197 3474 342 3542; x_wconf 90' lang='lat' dir='ltr'>tula,</span> <span class='ocrx_word' id='word_1_358' title='bbox 374 3490 552 3546; x_wconf 90' lang='lat' dir='ltr'>quam</span> <span class='ocrx_word' id='word_1_359' title='bbox 584 3476 641 3528; x_wconf 89' lang='lat' dir='ltr'>et</span> <span class='ocrx_word' id='word_1_360' title='bbox 670 3476 808 3528; x_wconf 90' lang='lat' dir='ltr'>tunc</span> <span class='ocrx_word' id='word_1_361' title='bbox 828 3470 1162 3543; x_wconf 87' lang='lat' dir='ltr'>adquisivit,</span> <span class='ocrx_word' id='word_1_362' title='bbox 1190 3472 1506 3527; x_wconf 86' lang='lat' dir='ltr'>animatus.</span> <span class='ocrx_word' id='word_1_363' title='bbox 1529 3472 1633 3538; x_wconf 90' lang='lat' dir='ltr'>Qui</span> <span class='ocrx_word' id='word_1_364' title='bbox 1656 3474 1844 3546; x_wconf 90' lang='lat' dir='ltr'>Hugo-</span> 
     </span>
    </p>
   </div>
   <div class='ocr_carea' id='block_1_51' title="bbox 197 3559 1842 3628">
    <p class='ocr_par' dir='ltr' id='par_1_51' title="bbox 197 3559 1842 3628">
     <span class='ocr_line' id='line_1_51' title="bbox 197 3559 1842 3628; baseline -0.001 -10"><span class='ocrx_word' id='word_1_365' title='bbox 197 3579 334 3618; x_wconf 91' lang='lat' dir='ltr'>nem</span> <span class='ocrx_word' id='word_1_366' title='bbox 366 3561 558 3617; x_wconf 91' lang='lat' dir='ltr'>solum</span> <span class='ocrx_word' id='word_1_367' title='bbox 589 3578 704 3617; x_wconf 92' lang='lat' dir='ltr'>non</span> <span class='ocrx_word' id='word_1_368' title='bbox 744 3559 1018 3628; x_wconf 86' lang='lat' dir='ltr'>deseruit,</span> <span class='ocrx_word' id='word_1_369' title='bbox 1051 3576 1252 3615; x_wconf 92' lang='lat' dir='ltr'>verum</span> <span class='ocrx_word' id='word_1_370' title='bbox 1307 3561 1482 3615; x_wconf 90' lang='lat' dir='ltr'>etiam</span> <span class='ocrx_word' id='word_1_371' title='bbox 1523 3561 1842 3617; x_wconf 92' lang='lat' dir='ltr'>multorum</span> 
     </span>
    </p>
   </div>
   <div class='ocr_carea' id='block_1_52' title="bbox 189 3649 1844 3722">
    <p class='ocr_par' dir='ltr' id='par_1_52' title="bbox 189 3649 1844 3722">
     <span class='ocr_line' id='line_1_52' title="bbox 189 3649 1844 3722; baseline -0.001 -15"><span class='ocrx_word' id='word_1_372' title='bbox 189 3651 642 3707; x_wconf 87' lang='lat' dir='ltr'>multitudinem</span> <span class='ocrx_word' id='word_1_373' title='bbox 667 3649 822 3704; x_wconf 90' lang='lat' dir='ltr'>tulit.</span> <span class='ocrx_word' id='word_1_374' title='bbox 849 3649 1009 3712; x_wconf 90' lang='lat' dir='ltr'>Quod</span> <span class='ocrx_word' id='word_1_375' title='bbox 1040 3649 1205 3721; x_wconf 88' lang='lat' dir='ltr'>Hugo</span> <span class='ocrx_word' id='word_1_376' title='bbox 1237 3652 1302 3704; x_wconf 93' lang='lat' dir='ltr'>ut</span> <span class='ocrx_word' id='word_1_377' title='bbox 1332 3649 1568 3717; x_wconf 87' lang='lat' dir='ltr'>audivit,</span> <span class='ocrx_word' id='word_1_378' title='bbox 1603 3667 1844 3722; x_wconf 88' lang='lat' dir='ltr'>congre-</span> 
     </span>
    </p>
   </div>
   <div class='ocr_carea' id='block_1_53' title="bbox 196 3737 1843 3814">
    <p class='ocr_par' dir='ltr' id='par_1_53' title="bbox 196 3737 1843 3814">
     <span class='ocr_line' id='line_1_53' title="bbox 196 3737 1843 3814; baseline -0.002 -17"><span class='ocrx_word' id='word_1_379' title='bbox 196 3740 351 3814; x_wconf 89' lang='lat' dir='ltr'>gatis</span> <span class='ocrx_word' id='word_1_380' title='bbox 372 3739 554 3812; x_wconf 90' lang='lat' dir='ltr'>copiis</span> <span class='ocrx_word' id='word_1_381' title='bbox 571 3739 642 3795; x_wconf 88' lang='lat' dir='ltr'>ad</span> <span class='ocrx_word' id='word_1_382' title='bbox 661 3739 788 3810; x_wconf 90' lang='lat' dir='ltr'>ejus</span> <span class='ocrx_word' id='word_1_383' title='bbox 810 3741 1070 3793; x_wconf 89' lang='lat' dir='ltr'>castrum</span> <span class='ocrx_word' id='word_1_384' title='bbox 1091 3737 1391 3793; x_wconf 90' lang='lat' dir='ltr'>Vinoleam</span> <span class='ocrx_word' id='word_1_385' title='bbox 1411 3739 1478 3774; x_wconf 72' lang='grc'>³9⁸</span> <span class='ocrx_word' id='word_1_386' title='bbox 1502 3739 1545 3811; x_wconf 82' lang='lat' dir='ltr'>(l</span> <span class='ocrx_word' id='word_1_387' title='bbox 1557 3739 1644 3802; x_wconf 90' lang='lat'>38)</span> <span class='ocrx_word' id='word_1_388' title='bbox 1667 3739 1843 3807; x_wconf 88' lang='lat' dir='ltr'>venit,</span> 
     </span>
    </p>
   </div>
   <div class='ocr_carea' id='block_1_54' title="bbox 197 3826 1844 3902">
    <p class='ocr_par' dir='ltr' id='par_1_54' title="bbox 197 3826 1844 3902">
     <span class='ocr_line' id='line_1_54' title="bbox 197 3826 1844 3902; baseline -0.001 -16"><span class='ocrx_word' id='word_1_389' title='bbox 197 3832 375 3902; x_wconf 92' lang='lat' dir='ltr'>idque</span> <span class='ocrx_word' id='word_1_390' title='bbox 394 3828 637 3884; x_wconf 90' lang='lat' dir='ltr'>viriliter</span> <span class='ocrx_word' id='word_1_391' title='bbox 659 3827 758 3883; x_wconf 91' lang='lat' dir='ltr'>sed</span> <span class='ocrx_word' id='word_1_392' title='bbox 783 3826 1070 3882; x_wconf 88' lang='lat' dir='ltr'>inutiliter</span> <span class='ocrx_word' id='word_1_393' title='bbox 1091 3827 1471 3900; x_wconf 87' lang='lat' dir='ltr'>oppugnavit;</span> <span class='ocrx_word' id='word_1_394' title='bbox 1489 3829 1640 3900; x_wconf 91' lang='lat' dir='ltr'>quod</span> <span class='ocrx_word' id='word_1_395' title='bbox 1667 3846 1844 3900; x_wconf 90' lang='lat' dir='ltr'>quam</span> 
     </span>
    </p>
   </div>
   <div class='ocr_carea' id='block_1_55' title="bbox 198 3915 1845 3988">
    <p class='ocr_par' dir='ltr' id='par_1_55' title="bbox 198 3915 1845 3988">
     <span class='ocr_line' id='line_1_55' title="bbox 198 3915 1845 3988; baseline -0.001 -13"><span class='ocrx_word' id='word_1_396' title='bbox 198 3917 480 3975; x_wconf 58' lang='lat' dir='ltr'>menda‘tii</span> <span class='ocrx_word' id='word_1_397' title='bbox 508 3917 764 3972; x_wconf 90' lang='lat' dir='ltr'>alienum</span> <span class='ocrx_word' id='word_1_398' title='bbox 785 3915 1180 3984; x_wconf 88' lang='lat' dir='ltr'>sit,sententia</span> <span class='ocrx_word' id='word_1_399' title='bbox 1197 3916 1566 3988; x_wconf 88' lang='lat' dir='ltr'>subsequens</span> <span class='ocrx_word' id='word_1_400' title='bbox 1587 3917 1845 3973; x_wconf 88' lang='lat' dir='ltr'>declara-</span> 
     </span>
    </p>
   </div>
   <div class='ocr_carea' id='block_1_56' title="bbox 195 4006 1846 4079">
    <p class='ocr_par' dir='ltr' id='par_1_56' title="bbox 195 4006 1846 4079">
     <span class='ocr_line' id='line_1_56' title="bbox 195 4006 1846 4079; baseline -0.002 -14"><span class='ocrx_word' id='word_1_401' title='bbox 195 4009 302 4065; x_wconf 92' lang='lat' dir='ltr'>bit.</span> <span class='ocrx_word' id='word_1_402' title='bbox 335 4008 481 4063; x_wconf 91' lang='lat' dir='ltr'>Nam</span> <span class='ocrx_word' id='word_1_403' title='bbox 514 4007 655 4062; x_wconf 91' lang='lat' dir='ltr'>dum</span> <span class='ocrx_word' id='word_1_404' title='bbox 687 4007 891 4060; x_wconf 91' lang='lat' dir='ltr'>eodem</span> <span class='ocrx_word' id='word_1_405' title='bbox 931 4007 1186 4077; x_wconf 88' lang='lat' dir='ltr'>degeret,</span> <span class='ocrx_word' id='word_1_406' title='bbox 1219 4006 1605 4079; x_wconf 90' lang='lat' dir='ltr'>Berengarius</span> <span class='ocrx_word' id='word_1_407' title='bbox 1638 4007 1710 4062; x_wconf 90' lang='lat' dir='ltr'>ab</span> <span class='ocrx_word' id='word_1_408' title='bbox 1741 4009 1846 4062; x_wconf 88' lang='lat' dir='ltr'>Ar-</span> 
     </span>
    </p>
   </div>
   <div class='ocr_carea' id='block_1_57' title="bbox 194 4094 1846 4167">
    <p class='ocr_par' dir='ltr' id='par_1_57' title="bbox 194 4094 1846 4167">
     <span class='ocr_line' id='line_1_57' title="bbox 194 4094 1846 4167; baseline -0.001 -15"><span class='ocrx_word' id='word_1_409' title='bbox 194 4097 390 4153; x_wconf 89' lang='lat' dir='ltr'>derico</span> <span class='ocrx_word' id='word_1_410' title='bbox 421 4094 859 4167; x_wconf 89' lang='lat' dir='ltr'>archiepiscopo</span> <span class='ocrx_word' id='word_1_411' title='bbox 892 4094 1134 4162; x_wconf 90' lang='lat' dir='ltr'>accitus,</span> <span class='ocrx_word' id='word_1_412' title='bbox 1166 4094 1457 4150; x_wconf 88' lang='lat' dir='ltr'>Veronam</span> <span class='ocrx_word' id='word_1_413' title='bbox 1481 4096 1756 4163; x_wconf 88' lang='lat' dir='ltr'>deseruit,</span> <span class='ocrx_word' id='word_1_414' title='bbox 1781 4113 1846 4151; x_wconf 91' lang='lat' dir='ltr'>ac</span> 
     </span>
    </p>
   </div>
   <div class='ocr_carea' id='block_1_58' title="bbox 195 4182 1845 4254">
    <p class='ocr_par' dir='ltr' id='par_1_58' title="bbox 195 4182 1845 4254">
     <span class='ocr_line' id='line_1_58' title="bbox 195 4182 1845 4254; baseline -0.002 -11"><span class='ocrx_word' id='word_1_415' title='bbox 195 4183 618 4243; x_wconf 88' lang='lat' dir='ltr'>Mediolanium</span> <span class='ocrx_word' id='word_1_416' title='bbox 647 4183 911 4239; x_wconf 92' lang='lat' dir='ltr'>concitus</span> <span class='ocrx_word' id='word_1_417' title='bbox 941 4182 1116 4238; x_wconf 91' lang='lat' dir='ltr'>venit.</span> <span class='ocrx_word' id='word_1_418' title='bbox 1154 4183 1276 4246; x_wconf 90' lang='lat' dir='ltr'>Quo</span> <span class='ocrx_word' id='word_1_419' title='bbox 1309 4183 1528 4251; x_wconf 89' lang='lat' dir='ltr'>audito,</span> <span class='ocrx_word' id='word_1_420' title='bbox 1553 4201 1653 4239; x_wconf 90' lang='lat' dir='ltr'>rex</span> <span class='ocrx_word' id='word_1_421' title='bbox 1681 4185 1845 4254; x_wconf 82' lang='lat' dir='ltr'>Hugo</span> 
     </span>
    </p>
   </div>
   <div class='ocr_carea' id='block_1_59' title="bbox 198 4272 1845 4348">
    <p class='ocr_par' dir='ltr' id='par_1_59' title="bbox 198 4272 1845 4348">
     <span class='ocr_line' id='line_1_59' title="bbox 198 4272 1845 4348; baseline -0.001 -17"><span class='ocrx_word' id='word_1_422' title='bbox 198 4275 439 4348; x_wconf 87' lang='lat' dir='ltr'>Papiam</span> <span class='ocrx_word' id='word_1_423' title='bbox 468 4273 656 4329; x_wconf 86' lang='lat' dir='ltr'>tristis</span> <span class='ocrx_word' id='word_1_424' title='bbox 699 4273 948 4328; x_wconf 87' lang='lat' dir='ltr'>advenit.</span> <span class='ocrx_word' id='word_1_425' title='bbox 1010 4275 1317 4344; x_wconf 79' lang='lat' dir='ltr'>Cmperunt</span> <span class='ocrx_word' id='word_1_426' title='bbox 1372 4272 1594 4328; x_wconf 87' lang='lat' dir='ltr'>interea</span> <span class='ocrx_word' id='word_1_427' title='bbox 1641 4289 1845 4329; x_wconf 89' lang='lat' dir='ltr'>omnes</span> 
     </span>
    </p>
   </div>
   <div class='ocr_carea' id='block_1_60' title="bbox 199 4361 1845 4436">
    <p class='ocr_par' dir='ltr' id='par_1_60' title="bbox 199 4361 1845 4436">
     <span class='ocr_line' id='line_1_60' title="bbox 199 4361 1845 4436; baseline -0.002 -16"><span class='ocrx_word' id='word_1_428' title='bbox 199 4363 376 4420; x_wconf 69' lang='lat' dir='ltr'>Italiae</span> <span class='ocrx_word' id='word_1_429' title='bbox 408 4363 693 4436; x_wconf 85' lang='lat' dir='ltr'>primates</span> <span class='ocrx_word' id='word_1_430' title='bbox 709 4362 904 4417; x_wconf 88' lang='lat' dir='ltr'>omine</span> <span class='ocrx_word' id='word_1_431' title='bbox 935 4377 1050 4416; x_wconf 91' lang='lat' dir='ltr'>non</span> <span class='ocrx_word' id='word_1_432' title='bbox 1075 4361 1226 4416; x_wconf 92' lang='lat' dir='ltr'>bono</span> <span class='ocrx_word' id='word_1_433' title='bbox 1249 4361 1554 4432; x_wconf 89' lang='lat' dir='ltr'>Hugonem</span> <span class='ocrx_word' id='word_1_434' title='bbox 1579 4362 1845 4417; x_wconf 90' lang='lat' dir='ltr'>deserere</span> 
     </span>
    </p>
   </div>
   <div class='ocr_carea' id='block_1_61' title="bbox 196 4449 1846 4525">
    <p class='ocr_par' dir='ltr' id='par_1_61' title="bbox 196 4449 1846 4525">
     <span class='ocr_line' id='line_1_61' title="bbox 196 4449 1846 4525; baseline -0.004 -15"><span class='ocrx_word' id='word_1_435' title='bbox 196 4458 255 4510; x_wconf 88' lang='lat' dir='ltr'>et</span> <span class='ocrx_word' id='word_1_436' title='bbox 282 4451 475 4525; x_wconf 87' lang='lat' dir='ltr'>egenti</span> <span class='ocrx_word' id='word_1_437' title='bbox 505 4449 850 4523; x_wconf 88' lang='lat' dir='ltr'>Berengario</span> <span class='ocrx_word' id='word_1_438' title='bbox 876 4449 1171 4505; x_wconf 85' lang='lat' dir='ltr'>adberere.</span> <span class='ocrx_word' id='word_1_439' title='bbox 1195 4450 1472 4522; x_wconf 86' lang='lat' dir='ltr'>Egentem</span> <span class='ocrx_word' id='word_1_440' title='bbox 1497 4453 1715 4516; x_wconf 87' lang='lat' dir='ltr'>autem,</span> <span class='ocrx_word' id='word_1_441' title='bbox 1731 4467 1846 4505; x_wconf 91' lang='lat' dir='ltr'>non</span> 
     </span>
    </p>
   </div>
   <div class='ocr_carea' id='block_1_62' title="bbox 195 4538 1845 4613">
    <p class='ocr_par' dir='ltr' id='par_1_62' title="bbox 195 4538 1845 4613">
     <span class='ocr_line' id='line_1_62' title="bbox 195 4538 1845 4613; baseline -0.002 -15"><span class='ocrx_word' id='word_1_442' title='bbox 195 4541 374 4598; x_wconf 88' lang='lat' dir='ltr'>nichil</span> <span class='ocrx_word' id='word_1_443' title='bbox 388 4539 832 4613; x_wconf 62' lang='lat' dir='ltr'>possidentem“</span> <span class='ocrx_word' id='word_1_444' title='bbox 845 4539 1063 4610; x_wconf 89' lang='lat' dir='ltr'>39),sed</span> <span class='ocrx_word' id='word_1_445' title='bbox 1085 4538 1172 4594; x_wconf 91' lang='lat' dir='ltr'>cui</span> <span class='ocrx_word' id='word_1_446' title='bbox 1191 4554 1513 4610; x_wconf 90' lang='lat' dir='ltr'>numquam</span> <span class='ocrx_word' id='word_1_447' title='bbox 1530 4538 1845 4610; x_wconf 90' lang='lat' dir='ltr'>quicquam</span> 
     </span>
    </p>
   </div>
   <div class='ocr_carea' id='block_1_63' title="bbox 1995 1955 3573 2037">
    <p class='ocr_par' dir='ltr' id='par_1_63' title="bbox 1995 1955 3573 2037">
     <span class='ocr_line' id='line_1_63' title="bbox 1995 1955 3573 2037; baseline 0.006 -28"><span class='ocrx_word' id='word_1_448' title='bbox 1995 1957 2085 2010; x_wconf 86' lang='lat'>28.</span> <span class='ocrx_word' id='word_1_449' title='bbox 2105 1955 2184 2009; x_wconf 90' lang='lat' dir='ltr'>Eo</span> <span class='ocrx_word' id='word_1_450' title='bbox 2202 1955 2397 2027; x_wconf 89' lang='lat' dir='ltr'>itaque</span> <span class='ocrx_word' id='word_1_451' title='bbox 2422 1956 2756 2013; x_wconf 90' lang='lat' dir='ltr'>Mediolanii</span> <span class='ocrx_word' id='word_1_452' title='bbox 2779 1959 3022 2031; x_wconf 87' lang='lat' dir='ltr'>degente</span> <span class='ocrx_word' id='word_1_453' title='bbox 3043 1977 3111 2016; x_wconf 90' lang='lat' dir='ltr'>ac</span> <span class='ocrx_word' id='word_1_454' title='bbox 3132 1960 3364 2018; x_wconf 86' lang='lat' dir='ltr'>Italicas</span> <span class='ocrx_word' id='word_1_455' title='bbox 3387 1962 3573 2037; x_wconf 87' lang='lat' dir='ltr'>digni-</span> 
     </span>
    </p>
   </div>
   <div class='ocr_carea' id='block_1_64' title="bbox 1925 2043 3575 2123">
    <p class='ocr_par' dir='ltr' id='par_1_64' title="bbox 1925 2043 3575 2123">
     <span class='ocr_line' id='line_1_64' title="bbox 1925 2043 3575 2123; baseline 0.005 -23"><span class='ocrx_word' id='word_1_456' title='bbox 1925 2047 2075 2100; x_wconf 87' lang='lat' dir='ltr'>tates</span> <span class='ocrx_word' id='word_1_457' title='bbox 2097 2043 2208 2100; x_wconf 89' lang='lat' dir='ltr'>sibi</span> <span class='ocrx_word' id='word_1_458' title='bbox 2223 2045 2640 2101; x_wconf 88' lang='lat' dir='ltr'>adherentibus</span> <span class='ocrx_word' id='word_1_459' title='bbox 2662 2047 3061 2118; x_wconf 89' lang='lat' dir='ltr'>dispensante,</span> <span class='ocrx_word' id='word_1_460' title='bbox 3083 2067 3181 2105; x_wconf 86' lang='lat' dir='ltr'>rex</span> <span class='ocrx_word' id='word_1_461' title='bbox 3192 2051 3357 2123; x_wconf 89' lang='lat' dir='ltr'>Hugo</span> <span class='ocrx_word' id='word_1_462' title='bbox 3369 2052 3575 2108; x_wconf 82' lang='lat' dir='ltr'>Lotha-</span> 
     </span>
    </p>
   </div>
   <div class='ocr_carea' id='block_1_65' title="bbox 1929 2133 3571 2209">
    <p class='ocr_par' dir='ltr' id='par_1_65' title="bbox 1929 2133 3571 2209">
     <span class='ocr_line' id='line_1_65' title="bbox 1929 2133 3571 2209; baseline 0.005 -21"><span class='ocrx_word' id='word_1_463' title='bbox 1929 2134 2105 2200; x_wconf 92' lang='lat' dir='ltr'>rium,</span> <span class='ocrx_word' id='word_1_464' title='bbox 2135 2133 2321 2189; x_wconf 85' lang='lat' dir='ltr'>ﬁlium</span> <span class='ocrx_word' id='word_1_465' title='bbox 2341 2150 2538 2201; x_wconf 89' lang='lat' dir='ltr'>suum,</span> <span class='ocrx_word' id='word_1_466' title='bbox 2567 2152 2680 2190; x_wconf 93' lang='lat' dir='ltr'>non</span> <span class='ocrx_word' id='word_1_467' title='bbox 2703 2136 2776 2190; x_wconf 92' lang='lat' dir='ltr'>ad</span> <span class='ocrx_word' id='word_1_468' title='bbox 2807 2138 3139 2209; x_wconf 87' lang='lat' dir='ltr'>Berengarii</span> <span class='ocrx_word' id='word_1_469' title='bbox 3161 2139 3353 2196; x_wconf 88' lang='lat' dir='ltr'>solum</span> <span class='ocrx_word' id='word_1_470' title='bbox 3370 2156 3571 2196; x_wconf 87' lang='lat' dir='ltr'>verum</span> 
     </span>
    </p>
   </div>
   <div class='ocr_carea' id='block_1_66' title="bbox 1931 2222 3574 2300">
    <p class='ocr_par' dir='ltr' id='par_1_66' title="bbox 1931 2222 3574 2300">
     <span class='ocr_line' id='line_1_66' title="bbox 1931 2222 3574 2300; baseline 0.005 -23"><span class='ocrx_word' id='word_1_471' title='bbox 1931 2223 2002 2277; x_wconf 91' lang='lat' dir='ltr'>ad</span> <span class='ocrx_word' id='word_1_472' title='bbox 2027 2223 2204 2278; x_wconf 89' lang='lat' dir='ltr'>totius</span> <span class='ocrx_word' id='word_1_473' title='bbox 2228 2222 2422 2294; x_wconf 89' lang='lat' dir='ltr'>populi</span> <span class='ocrx_word' id='word_1_474' title='bbox 2447 2224 2818 2296; x_wconf 68' lang='lat' dir='ltr'>praesentiam</span> <span class='ocrx_word' id='word_1_475' title='bbox 2845 2225 3063 2298; x_wconf 90' lang='lat' dir='ltr'>dirigit,</span> <span class='ocrx_word' id='word_1_476' title='bbox 3094 2231 3316 2298; x_wconf 89' lang='lat' dir='ltr'>petens,</span> <span class='ocrx_word' id='word_1_477' title='bbox 3351 2229 3492 2300; x_wconf 87' lang='lat' dir='ltr'>quia</span> <span class='ocrx_word' id='word_1_478' title='bbox 3511 2245 3574 2286; x_wconf 86' lang='lat' dir='ltr'>se</span> 
     </span>
    </p>
   </div>
   <div class='ocr_carea' id='block_1_67' title="bbox 1932 2311 3573 2390">
    <p class='ocr_par' dir='ltr' id='par_1_67' title="bbox 1932 2311 3573 2390">
     <span class='ocr_line' id='line_1_67' title="bbox 1932 2311 3573 2390; baseline 0.005 -24"><span class='ocrx_word' id='word_1_479' title='bbox 1932 2311 2018 2367; x_wconf 89' lang='lat' dir='ltr'>eis</span> <span class='ocrx_word' id='word_1_480' title='bbox 2048 2329 2164 2367; x_wconf 91' lang='lat' dir='ltr'>non</span> <span class='ocrx_word' id='word_1_481' title='bbox 2197 2312 2552 2384; x_wconf 85' lang='lat' dir='ltr'>morigerum</span> <span class='ocrx_word' id='word_1_482' title='bbox 2584 2314 2877 2382; x_wconf 88' lang='lat' dir='ltr'>abdicant,</span> <span class='ocrx_word' id='word_1_483' title='bbox 2910 2315 3096 2371; x_wconf 86' lang='lat' dir='ltr'>ﬁlium</span> <span class='ocrx_word' id='word_1_484' title='bbox 3119 2316 3326 2372; x_wconf 88' lang='lat' dir='ltr'>saltem</span> <span class='ocrx_word' id='word_1_485' title='bbox 3350 2318 3448 2373; x_wconf 91' lang='lat' dir='ltr'>Dei</span> <span class='ocrx_word' id='word_1_486' title='bbox 3471 2335 3573 2390; x_wconf 91' lang='lat' dir='ltr'>pro</span> 
     </span>
    </p>
   </div>
   <div class='ocr_carea' id='block_1_68' title="bbox 1935 2401 3575 2479">
    <p class='ocr_par' dir='ltr' id='par_1_68' title="bbox 1935 2401 3575 2479">
     <span class='ocr_line' id='line_1_68' title="bbox 1935 2401 3575 2479; baseline 0.004 -23"><span class='ocrx_word' id='word_1_487' title='bbox 1935 2417 2152 2466; x_wconf 86' lang='lat' dir='ltr'>amore,</span> <span class='ocrx_word' id='word_1_488' title='bbox 2187 2401 2285 2472; x_wconf 94' lang='lat' dir='ltr'>qui</span> <span class='ocrx_word' id='word_1_489' title='bbox 2319 2401 2400 2456; x_wconf 90' lang='lat' dir='ltr'>nil</span> <span class='ocrx_word' id='word_1_490' title='bbox 2429 2401 2488 2456; x_wconf 93' lang='lat' dir='ltr'>in</span> <span class='ocrx_word' id='word_1_491' title='bbox 2521 2419 2619 2458; x_wconf 90' lang='lat' dir='ltr'>eos</span> <span class='ocrx_word' id='word_1_492' title='bbox 2651 2403 2976 2475; x_wconf 88' lang='lat' dir='ltr'>deliquerat</span> <span class='ocrx_word' id='word_1_493' title='bbox 3002 2405 3090 2473; x_wconf 69' lang='lat'>‘0‘,</span> <span class='ocrx_word' id='word_1_494' title='bbox 3125 2405 3471 2479; x_wconf 89' lang='lat' dir='ltr'>suscipiant,</span> <span class='ocrx_word' id='word_1_495' title='bbox 3507 2423 3575 2462; x_wconf 89' lang='lat' dir='ltr'>ac</span> 
     </span>
    </p>
   </div>
   <div class='ocr_carea' id='block_1_69' title="bbox 1935 2488 3577 2565">
    <p class='ocr_par' dir='ltr' id='par_1_69' title="bbox 1935 2488 3577 2565">
     <span class='ocr_line' id='line_1_69' title="bbox 1935 2488 3577 2565; baseline 0.005 -22"><span class='ocrx_word' id='word_1_496' title='bbox 1935 2488 2332 2546; x_wconf 90' lang='lat' dir='ltr'>voluntatibus</span> <span class='ocrx_word' id='word_1_497' title='bbox 2362 2507 2563 2546; x_wconf 90' lang='lat' dir='ltr'>eorum</span> <span class='ocrx_word' id='word_1_498' title='bbox 2593 2491 2950 2565; x_wconf 89' lang='lat' dir='ltr'>morigerum</span> <span class='ocrx_word' id='word_1_499' title='bbox 2991 2494 3253 2550; x_wconf 90' lang='lat' dir='ltr'>reddant.</span> <span class='ocrx_word' id='word_1_500' title='bbox 3306 2494 3577 2551; x_wconf 89' lang='lat' dir='ltr'>Lothario</span> 
     </span>
    </p>
   </div>
   <div class='ocr_carea' id='block_1_70' title="bbox 1938 2577 3578 2656">
    <p class='ocr_par' dir='ltr' id='par_1_70' title="bbox 1938 2577 3578 2656">
     <span class='ocr_line' id='line_1_70' title="bbox 1938 2577 3578 2656; baseline 0.005 -24"><span class='ocrx_word' id='word_1_501' title='bbox 1938 2577 2188 2650; x_wconf 89' lang='lat' dir='ltr'>denique</span> <span class='ocrx_word' id='word_1_502' title='bbox 2216 2578 2632 2634; x_wconf 86' lang='lat' dir='ltr'>Mediolanium</span> <span class='ocrx_word' id='word_1_503' title='bbox 2654 2585 2902 2652; x_wconf 89' lang='lat' dir='ltr'>petente,</span> <span class='ocrx_word' id='word_1_504' title='bbox 2927 2599 3024 2638; x_wconf 86' lang='lat' dir='ltr'>rex</span> <span class='ocrx_word' id='word_1_505' title='bbox 3037 2583 3200 2656; x_wconf 92' lang='lat' dir='ltr'>Hugo</span> <span class='ocrx_word' id='word_1_506' title='bbox 3218 2583 3396 2656; x_wconf 89' lang='lat' dir='ltr'>Papia</span> <span class='ocrx_word' id='word_1_507' title='bbox 3419 2583 3578 2640; x_wconf 90' lang='lat' dir='ltr'>omni</span> 
     </span>
    </p>
   </div>
   <div class='ocr_carea' id='block_1_71' title="bbox 1940 2667 3579 2745">
    <p class='ocr_par' dir='ltr' id='par_1_71' title="bbox 1940 2667 3579 2745">
     <span class='ocr_line' id='line_1_71' title="bbox 1940 2667 3579 2745; baseline 0.004 -23"><span class='ocrx_word' id='word_1_508' title='bbox 1940 2683 2074 2722; x_wconf 91' lang='lat' dir='ltr'>cum</span> <span class='ocrx_word' id='word_1_509' title='bbox 2106 2667 2352 2738; x_wconf 89' lang='lat' dir='ltr'>pecunia</span> <span class='ocrx_word' id='word_1_510' title='bbox 2381 2684 2673 2740; x_wconf 87' lang='lat' dir='ltr'>egressus,</span> <span class='ocrx_word' id='word_1_511' title='bbox 2726 2669 2948 2726; x_wconf 89' lang='lat' dir='ltr'>Italiam</span> <span class='ocrx_word' id='word_1_512' title='bbox 2998 2671 3262 2728; x_wconf 91' lang='lat' dir='ltr'>deserere</span> <span class='ocrx_word' id='word_1_513' title='bbox 3309 2677 3484 2745; x_wconf 87' lang='lat' dir='ltr'>atque</span> <span class='ocrx_word' id='word_1_514' title='bbox 3517 2673 3579 2728; x_wconf 92' lang='lat' dir='ltr'>in</span> 
     </span>
    </p>
   </div>
   <div class='ocr_carea' id='block_1_72' title="bbox 1941 2757 3584 2831">
    <p class='ocr_par' dir='ltr' id='par_1_72' title="bbox 1941 2757 3584 2831">
     <span class='ocr_line' id='line_1_72' title="bbox 1941 2757 3584 2831; baseline 0.005 -22"><span class='ocrx_word' id='word_1_515' title='bbox 1941 2757 2343 2827; x_wconf 85' lang='lat' dir='ltr'>Burgundiam</span> <span class='ocrx_word' id='word_1_516' title='bbox 2373 2759 2440 2792; x_wconf 75' lang='grc'>⁴⁰²</span> <span class='ocrx_word' id='word_1_517' title='bbox 2472 2757 2553 2813; x_wconf 93' lang='lat' dir='ltr'>ire</span> <span class='ocrx_word' id='word_1_518' title='bbox 2586 2758 2994 2831; x_wconf 87' lang='lat' dir='ltr'>cogitavit.Sed</span> <span class='ocrx_word' id='word_1_519' title='bbox 3026 2777 3152 2816; x_wconf 86' lang='lat' dir='ltr'>eres</span> <span class='ocrx_word' id='word_1_520' title='bbox 3181 2777 3315 2817; x_wconf 90' lang='lat' dir='ltr'>eum</span> <span class='ocrx_word' id='word_1_521' title='bbox 3346 2762 3462 2818; x_wconf 89' lang='lat' dir='ltr'>ista</span> <span class='ocrx_word' id='word_1_522' title='bbox 3491 2779 3584 2818; x_wconf 85' lang='lat' dir='ltr'>re-</span> 
     </span>
    </p>
   </div>
   <div class='ocr_carea' id='block_1_73' title="bbox 1941 2843 3588 2918">
    <p class='ocr_par' dir='ltr' id='par_1_73' title="bbox 1941 2843 3588 2918">
     <span class='ocr_line' id='line_1_73' title="bbox 1941 2843 3588 2918; baseline 0.004 -18"><span class='ocrx_word' id='word_1_523' title='bbox 1941 2843 2135 2913; x_wconf 88' lang='lat' dir='ltr'>tinuit,</span> <span class='ocrx_word' id='word_1_524' title='bbox 2162 2845 2442 2917; x_wconf 87' lang='lat' dir='ltr'>quoniam</span> <span class='ocrx_word' id='word_1_525' title='bbox 2474 2848 2616 2902; x_wconf 92' lang='lat' dir='ltr'>dum</span> <span class='ocrx_word' id='word_1_526' title='bbox 2640 2849 3042 2905; x_wconf 87' lang='lat' dir='ltr'>misericordia</span> <span class='ocrx_word' id='word_1_527' title='bbox 3071 2849 3360 2918; x_wconf 90' lang='lat' dir='ltr'>inclinati,</span> <span class='ocrx_word' id='word_1_528' title='bbox 3384 2850 3588 2907; x_wconf 77' lang='lat' dir='ltr'>Lotha~</span> 
     </span>
    </p>
   </div>
   <div class='ocr_carea' id='block_1_74' title="bbox 1943 2933 3588 2995">
    <p class='ocr_par' dir='ltr' id='par_1_74' title="bbox 1943 2933 3588 2995">
     <span class='ocr_line' id='line_1_74' title="bbox 1943 2933 3588 2995; baseline 0.005 -8"><span class='ocrx_word' id='word_1_529' title='bbox 1943 2933 2092 2988; x_wconf 89' lang='lat' dir='ltr'>rium</span> <span class='ocrx_word' id='word_1_530' title='bbox 2115 2933 2174 2988; x_wconf 93' lang='lat' dir='ltr'>in</span> <span class='ocrx_word' id='word_1_531' title='bbox 2197 2934 2439 2990; x_wconf 88' lang='lat' dir='ltr'>ecclesia</span> <span class='ocrx_word' id='word_1_532' title='bbox 2452 2936 2753 2991; x_wconf 90' lang='lat' dir='ltr'>beatorum</span> <span class='ocrx_word' id='word_1_533' title='bbox 2775 2937 3126 2993; x_wconf 84' lang='lat' dir='ltr'>confessoris</span> <span class='ocrx_word' id='word_1_534' title='bbox 3142 2939 3588 2995; x_wconf 67' lang='lat' dir='ltr'>etmartirum‘03</span> 
     </span>
    </p>
   </div>
   <div class='ocr_carea' id='block_1_75' title="bbox 1942 3021 3588 3100">
    <p class='ocr_par' dir='ltr' id='par_1_75' title="bbox 1942 3021 3588 3100">
     <span class='ocr_line' id='line_1_75' title="bbox 1942 3021 3588 3100; baseline 0.005 -24"><span class='ocrx_word' id='word_1_535' title='bbox 1942 3021 2525 3093; x_wconf 85' lang='lat' dir='ltr'>Ambrosii,Gervasii</span> <span class='ocrx_word' id='word_1_536' title='bbox 2548 3028 2602 3079; x_wconf 90' lang='lat' dir='ltr'>et</span> <span class='ocrx_word' id='word_1_537' title='bbox 2625 3024 2888 3092; x_wconf 83' lang='lat' dir='ltr'>Protasii,</span> <span class='ocrx_word' id='word_1_538' title='bbox 2912 3030 3043 3081; x_wconf 90' lang='lat' dir='ltr'>ante</span> <span class='ocrx_word' id='word_1_539' title='bbox 3068 3042 3300 3082; x_wconf 91' lang='lat' dir='ltr'>crucem</span> <span class='ocrx_word' id='word_1_540' title='bbox 3333 3032 3588 3100; x_wconf 90' lang='lat' dir='ltr'>prostra-</span> 
     </span>
    </p>
   </div>
   <div class='ocr_carea' id='block_1_76' title="bbox 1944 3111 3587 3188">
    <p class='ocr_par' dir='ltr' id='par_1_76' title="bbox 1944 3111 3587 3188">
     <span class='ocr_line' id='line_1_76' title="bbox 1944 3111 3587 3188; baseline 0.004 -23"><span class='ocrx_word' id='word_1_541' title='bbox 1944 3113 2070 3165; x_wconf 91' lang='lat' dir='ltr'>tum</span> <span class='ocrx_word' id='word_1_542' title='bbox 2103 3111 2408 3182; x_wconf 86' lang='lat' dir='ltr'>erigerent,</span> <span class='ocrx_word' id='word_1_543' title='bbox 2443 3128 2755 3184; x_wconf 87' lang='lat' dir='ltr'>regemque</span> <span class='ocrx_word' id='word_1_544' title='bbox 2793 3113 2905 3168; x_wconf 91' lang='lat' dir='ltr'>sibi</span> <span class='ocrx_word' id='word_1_545' title='bbox 2935 3115 3375 3183; x_wconf 87' lang='lat' dir='ltr'>constituerent,</span> <span class='ocrx_word' id='word_1_546' title='bbox 3409 3133 3587 3188; x_wconf 88' lang='lat' dir='ltr'>quam</span> 
     </span>
    </p>
   </div>
   <div class='ocr_carea' id='block_1_77' title="bbox 1946 3200 3592 3276">
    <p class='ocr_par' dir='ltr' id='par_1_77' title="bbox 1946 3200 3592 3276">
     <span class='ocr_line' id='line_1_77' title="bbox 1946 3200 3592 3276; baseline 0.004 -22"><span class='ocrx_word' id='word_1_547' title='bbox 1946 3215 2082 3254; x_wconf 89' lang='lat' dir='ltr'>mox</span> <span class='ocrx_word' id='word_1_548' title='bbox 2113 3203 2244 3270; x_wconf 88' lang='lat' dir='ltr'>post</span> <span class='ocrx_word' id='word_1_549' title='bbox 2270 3200 2574 3272; x_wconf 88' lang='lat' dir='ltr'>Hugonem</span> <span class='ocrx_word' id='word_1_550' title='bbox 2597 3201 2859 3273; x_wconf 87' lang='lat' dir='ltr'>dirigunt</span> <span class='ocrx_word' id='word_1_551' title='bbox 2888 3203 3184 3274; x_wconf 89' lang='lat' dir='ltr'>nuntium,</span> <span class='ocrx_word' id='word_1_552' title='bbox 3213 3221 3388 3276; x_wconf 87' lang='lat' dir='ltr'>quem</span> <span class='ocrx_word' id='word_1_553' title='bbox 3412 3222 3474 3261; x_wconf 90' lang='lat' dir='ltr'>se</span> <span class='ocrx_word' id='word_1_554' title='bbox 3491 3204 3592 3260; x_wconf 80' lang='lat' dir='ltr'>ite-</span> 
     </span>
    </p>
   </div>
   <div class='ocr_carea' id='block_1_78' title="bbox 1949 3291 3591 3366">
    <p class='ocr_par' dir='ltr' id='par_1_78' title="bbox 1949 3291 3591 3366">
     <span class='ocr_line' id='line_1_78' title="bbox 1949 3291 3591 3366; baseline 0.004 -24"><span class='ocrx_word' id='word_1_555' title='bbox 1949 3305 2080 3343; x_wconf 93' lang='lat' dir='ltr'>rum</span> <span class='ocrx_word' id='word_1_556' title='bbox 2113 3305 2288 3360; x_wconf 90' lang='lat' dir='ltr'>super</span> <span class='ocrx_word' id='word_1_557' title='bbox 2317 3306 2414 3346; x_wconf 91' lang='lat' dir='ltr'>eos</span> <span class='ocrx_word' id='word_1_558' title='bbox 2448 3294 2827 3362; x_wconf 89' lang='lat' dir='ltr'>regnaturum</span> <span class='ocrx_word' id='word_1_559' title='bbox 2868 3291 3234 3363; x_wconf 88' lang='lat' dir='ltr'>promittunt.</span> <span class='ocrx_word' id='word_1_560' title='bbox 3271 3293 3388 3349; x_wconf 88' lang='lat' dir='ltr'>Hoc</span> <span class='ocrx_word' id='word_1_561' title='bbox 3418 3292 3591 3366; x_wconf 90' lang='lat' dir='ltr'>plane</span> 
     </span>
    </p>
   </div>
   <div class='ocr_carea' id='block_1_79' title="bbox 1950 3376 3591 3452">
    <p class='ocr_par' dir='ltr' id='par_1_79' title="bbox 1950 3376 3591 3452">
     <span class='ocr_line' id='line_1_79' title="bbox 1950 3376 3591 3452; baseline 0.004 -20"><span class='ocrx_word' id='word_1_562' title='bbox 1950 3376 2280 3447; x_wconf 90' lang='lat' dir='ltr'>consilium,</span> <span class='ocrx_word' id='word_1_563' title='bbox 2331 3377 2447 3435; x_wconf 90' lang='lat' dir='ltr'>imo</span> <span class='ocrx_word' id='word_1_564' title='bbox 2497 3379 2917 3452; x_wconf 90' lang='lat' dir='ltr'>deceptionem,</span> <span class='ocrx_word' id='word_1_565' title='bbox 2949 3398 3064 3436; x_wconf 91' lang='lat' dir='ltr'>non</span> <span class='ocrx_word' id='word_1_566' title='bbox 3097 3398 3322 3452; x_wconf 89' lang='lat' dir='ltr'>omnes,</span> <span class='ocrx_word' id='word_1_567' title='bbox 3357 3383 3459 3439; x_wconf 88' lang='lat' dir='ltr'>sed</span> <span class='ocrx_word' id='word_1_568' title='bbox 3485 3382 3591 3438; x_wconf 85' lang='lat' dir='ltr'>Be-</span> 
     </span>
    </p>
   </div>
   <div class='ocr_carea' id='block_1_80' title="bbox 1951 3467 3592 3543">
    <p class='ocr_par' dir='ltr' id='par_1_80' title="bbox 1951 3467 3592 3543">
     <span class='ocr_line' id='line_1_80' title="bbox 1951 3467 3592 3543; baseline 0.002 -21"><span class='ocrx_word' id='word_1_569' title='bbox 1951 3467 2348 3539; x_wconf 89' lang='lat' dir='ltr'>rcngarius,ut</span> <span class='ocrx_word' id='word_1_570' title='bbox 2369 3472 2491 3524; x_wconf 89' lang='lat' dir='ltr'>erat</span> <span class='ocrx_word' id='word_1_571' title='bbox 2506 3467 2821 3525; x_wconf 88' lang='lat' dir='ltr'>calliditate</span> <span class='ocrx_word' id='word_1_572' title='bbox 2837 3470 3592 3543; x_wconf 81' lang='lat' dir='ltr'>sutl&#39;arcinatus,adinvenit,</span> 
     </span>
    </p>
   </div>
   <div class='ocr_carea' id='block_1_81' title="bbox 1953 3556 3592 3633">
    <p class='ocr_par' dir='ltr' id='par_1_81' title="bbox 1953 3556 3592 3633">
     <span class='ocr_line' id='line_1_81' title="bbox 1953 3556 3592 3633; baseline 0.004 -23"><span class='ocrx_word' id='word_1_573' title='bbox 1953 3573 2068 3611; x_wconf 90' lang='lat' dir='ltr'>non</span> <span class='ocrx_word' id='word_1_574' title='bbox 2091 3573 2205 3628; x_wconf 89' lang='lat' dir='ltr'>quo</span> <span class='ocrx_word' id='word_1_575' title='bbox 2227 3556 2334 3612; x_wconf 90' lang='lat' dir='ltr'>hos</span> <span class='ocrx_word' id='word_1_576' title='bbox 2350 3573 2594 3629; x_wconf 88' lang='lat' dir='ltr'>regnare</span> <span class='ocrx_word' id='word_1_577' title='bbox 2610 3558 2962 3630; x_wconf 86' lang='lat' dir='ltr'>disponeret,</span> <span class='ocrx_word' id='word_1_578' title='bbox 2984 3560 3110 3627; x_wconf 87' lang='lat' dir='ltr'>sed,</span> <span class='ocrx_word' id='word_1_579' title='bbox 3130 3564 3195 3616; x_wconf 89' lang='lat' dir='ltr'>ut</span> <span class='ocrx_word' id='word_1_580' title='bbox 3209 3564 3342 3633; x_wconf 91' lang='lat' dir='ltr'>post</span> <span class='ocrx_word' id='word_1_581' title='bbox 3360 3559 3592 3628; x_wconf 89' lang='lat' dir='ltr'>claruit,</span> 
     </span>
    </p>
   </div>
   <div class='ocr_carea' id='block_1_82' title="bbox 1953 3645 3599 3721">
    <p class='ocr_par' dir='ltr' id='par_1_82' title="bbox 1953 3645 3599 3721">
     <span class='ocr_line' id='line_1_82' title="bbox 1953 3645 3599 3721; baseline 0.003 -21"><span class='ocrx_word' id='word_1_582' title='bbox 1953 3661 2025 3700; x_wconf 90' lang='lat' dir='ltr'>ne</span> <span class='ocrx_word' id='word_1_583' title='bbox 2052 3645 2214 3717; x_wconf 88' lang='lat' dir='ltr'>Hugo</span> <span class='ocrx_word' id='word_1_584' title='bbox 2244 3645 2586 3715; x_wconf 90' lang='lat' dir='ltr'>discederet,</span> <span class='ocrx_word' id='word_1_585' title='bbox 2620 3650 2794 3720; x_wconf 91' lang='lat' dir='ltr'>atque</span> <span class='ocrx_word' id='word_1_586' title='bbox 2825 3649 3114 3705; x_wconf 84' lang='lat' dir='ltr'>immensa</span> <span class='ocrx_word' id='word_1_587' title='bbox 3141 3666 3320 3721; x_wconf 87' lang='lat' dir='ltr'>quam</span> <span class='ocrx_word' id='word_1_588' title='bbox 3345 3649 3599 3706; x_wconf 86' lang='lat' dir='ltr'>habebat</span> 
     </span>
    </p>
   </div>
   <div class='ocr_carea' id='block_1_83' title="bbox 1953 3735 3601 3812">
    <p class='ocr_par' dir='ltr' id='par_1_83' title="bbox 1953 3735 3601 3812">
     <span class='ocr_line' id='line_1_83' title="bbox 1953 3735 3601 3812; baseline 0.002 -22"><span class='ocrx_word' id='word_1_589' title='bbox 1953 3735 2202 3806; x_wconf 89' lang='lat' dir='ltr'>pecunia</span> <span class='ocrx_word' id='word_1_590' title='bbox 2231 3735 2715 3808; x_wconf 87' lang='lat' dir='ltr'>Burgundionum</span> <span class='ocrx_word' id='word_1_591' title='bbox 2738 3742 2840 3792; x_wconf 89' lang='lat' dir='ltr'>aut</span> <span class='ocrx_word' id='word_1_592' title='bbox 2865 3735 3112 3794; x_wconf 90' lang='lat' dir='ltr'>aliarum</span> <span class='ocrx_word' id='word_1_593' title='bbox 3137 3739 3402 3811; x_wconf 90' lang='lat' dir='ltr'>gentium</span> <span class='ocrx_word' id='word_1_594' title='bbox 3423 3754 3601 3812; x_wconf 87' lang='lat' dir='ltr'>super</span> 
     </span>
    </p>
   </div>
   <div class='ocr_carea' id='block_1_84' title="bbox 1955 3824 2610 3896">
    <p class='ocr_par' dir='ltr' id='par_1_84' title="bbox 1955 3824 2610 3896">
     <span class='ocr_line' id='line_1_84' title="bbox 1955 3824 2610 3896; baseline 0.003 -17"><span class='ocrx_word' id='word_1_595' title='bbox 1955 3841 2018 3879; x_wconf 87' lang='lat' dir='ltr'>se</span> <span class='ocrx_word' id='word_1_596' title='bbox 2043 3824 2289 3896; x_wconf 93' lang='lat' dir='ltr'>populos</span> <span class='ocrx_word' id='word_1_597' title='bbox 2320 3824 2610 3881; x_wconf 86' lang='lat' dir='ltr'>invitaret.</span> 
     </span>
    </p>
   </div>
   <div class='ocr_carea' id='block_1_85' title="bbox 2023 3914 3598 3989">
    <p class='ocr_par' dir='ltr' id='par_1_85' title="bbox 2023 3914 3598 3989">
     <span class='ocr_line' id='line_1_85' title="bbox 2023 3914 3598 3989; baseline 0.004 -20"><span class='ocrx_word' id='word_1_598' title='bbox 2023 3914 2114 3970; x_wconf 86' lang='lat'>29.</span> <span class='ocrx_word' id='word_1_599' title='bbox 2161 3915 2279 3970; x_wconf 89' lang='lat' dir='ltr'>Hoc</span> <span class='ocrx_word' id='word_1_600' title='bbox 2328 3914 2388 3969; x_wconf 92' lang='lat' dir='ltr'>in</span> <span class='ocrx_word' id='word_1_601' title='bbox 2435 3918 2696 3986; x_wconf 90' lang='lat' dir='ltr'>tempore</span> <span class='ocrx_word' id='word_1_602' title='bbox 2742 3916 2958 3989; x_wconf 89' lang='lat' dir='ltr'>Joseph</span> <span class='ocrx_word' id='word_1_603' title='bbox 3009 3917 3271 3989; x_wconf 86' lang='lat' dir='ltr'>quidam,</span> <span class='ocrx_word' id='word_1_604' title='bbox 3333 3917 3598 3975; x_wconf 89' lang='lat' dir='ltr'>moribus</span> 
     </span>
    </p>
   </div>
   <div class='ocr_carea' id='block_1_86' title="bbox 1956 4002 3600 4073">
    <p class='ocr_par' dir='ltr' id='par_1_86' title="bbox 1956 4002 3600 4073">
     <span class='ocr_line' id='line_1_86' title="bbox 1956 4002 3600 4073; baseline 0.002 -15"><span class='ocrx_word' id='word_1_605' title='bbox 1956 4019 2150 4071; x_wconf 88' lang='lat' dir='ltr'>senex,</span> <span class='ocrx_word' id='word_1_606' title='bbox 2184 4002 2389 4059; x_wconf 91' lang='lat' dir='ltr'>diebus</span> <span class='ocrx_word' id='word_1_607' title='bbox 2434 4004 2684 4073; x_wconf 90' lang='lat' dir='ltr'>juvenis,</span> <span class='ocrx_word' id='word_1_608' title='bbox 2734 4005 3018 4062; x_wconf 64' lang='lat' dir='ltr'>Brixianae</span> <span class='ocrx_word' id='word_1_609' title='bbox 3049 4005 3300 4062; x_wconf 89' lang='lat' dir='ltr'>civitatis</span> <span class='ocrx_word' id='word_1_610' title='bbox 3345 4005 3600 4062; x_wconf 79' lang='lat' dir='ltr'>clarabat</span> 
     </span>
    </p>
   </div>
   <div class='ocr_carea' id='block_1_87' title="bbox 1955 4092 3600 4165">
    <p class='ocr_par' dir='ltr' id='par_1_87' title="bbox 1955 4092 3600 4165">
     <span class='ocr_line' id='line_1_87' title="bbox 1955 4092 3600 4165; baseline 0.001 -18"><span class='ocrx_word' id='word_1_611' title='bbox 1955 4092 2286 4163; x_wconf 78' lang='lat' dir='ltr'>epiSCOpus.</span> <span class='ocrx_word' id='word_1_612' title='bbox 2311 4095 2492 4158; x_wconf 88' lang='lat' dir='ltr'>Quem</span> <span class='ocrx_word' id='word_1_613' title='bbox 2513 4093 2915 4165; x_wconf 88' lang='lat' dir='ltr'>Berengarius,</span> <span class='ocrx_word' id='word_1_614' title='bbox 2939 4098 3006 4148; x_wconf 91' lang='lat' dir='ltr'>ut</span> <span class='ocrx_word' id='word_1_615' title='bbox 3034 4097 3155 4149; x_wconf 89' lang='lat' dir='ltr'>erat</span> <span class='ocrx_word' id='word_1_616' title='bbox 3181 4094 3276 4149; x_wconf 92' lang='lat' dir='ltr'>Dei</span> <span class='ocrx_word' id='word_1_617' title='bbox 3305 4094 3520 4150; x_wconf 90' lang='lat' dir='ltr'>timens</span> <span class='ocrx_word' id='word_1_618' title='bbox 3532 4095 3600 4130; x_wconf 70' lang='lat'><strong>‘0‘</strong></span> 
     </span>
    </p>
   </div>
   <div class='ocr_carea' id='block_1_88' title="bbox 1955 4181 3596 4255">
    <p class='ocr_par' dir='ltr' id='par_1_88' title="bbox 1955 4181 3596 4255">
     <span class='ocr_line' id='line_1_88' title="bbox 1955 4181 3596 4255; baseline 0.002 -20"><span class='ocrx_word' id='word_1_619' title='bbox 1955 4181 2116 4249; x_wconf 79' lang='lat' dir='ltr'>(cod.,</span> <span class='ocrx_word' id='word_1_620' title='bbox 2168 4181 2480 4252; x_wconf 76' lang='lat' dir='ltr'>yronicos),</span> <span class='ocrx_word' id='word_1_621' title='bbox 2535 4181 2608 4236; x_wconf 93' lang='lat' dir='ltr'>ob</span> <span class='ocrx_word' id='word_1_622' title='bbox 2640 4199 2872 4238; x_wconf 91' lang='lat' dir='ltr'>morum</span> <span class='ocrx_word' id='word_1_623' title='bbox 2922 4182 3272 4254; x_wconf 89' lang='lat' dir='ltr'>probitatem</span> <span class='ocrx_word' id='word_1_624' title='bbox 3303 4181 3596 4255; x_wconf 90' lang='lat' dir='ltr'>episcopio</span> 
     </span>
    </p>
   </div>
   <div class='ocr_carea' id='block_1_89' title="bbox 1955 4269 3596 4344">
    <p class='ocr_par' dir='ltr' id='par_1_89' title="bbox 1955 4269 3596 4344">
     <span class='ocr_line' id='line_1_89' title="bbox 1955 4269 3596 4344; baseline 0.002 -21"><span class='ocrx_word' id='word_1_625' title='bbox 1955 4269 2356 4341; x_wconf 86' lang='lat' dir='ltr'>privavit,ejus</span> <span class='ocrx_word' id='word_1_626' title='bbox 2378 4270 2502 4328; x_wconf 90' lang='lat' dir='ltr'>loco</span> <span class='ocrx_word' id='word_1_627' title='bbox 2535 4270 2874 4338; x_wconf 80' lang='lat' dir='ltr'>Antonium,</span> <span class='ocrx_word' id='word_1_628' title='bbox 2900 4271 2998 4342; x_wconf 92' lang='lat' dir='ltr'>qui</span> <span class='ocrx_word' id='word_1_629' title='bbox 3022 4288 3177 4326; x_wconf 91' lang='lat' dir='ltr'>nunc</span> <span class='ocrx_word' id='word_1_630' title='bbox 3211 4287 3398 4342; x_wconf 89' lang='lat' dir='ltr'>usque</span> <span class='ocrx_word' id='word_1_631' title='bbox 3423 4287 3596 4344; x_wconf 85' lang='lat' dir='ltr'>supe-</span> 
     </span>
    </p>
   </div>
   <div class='ocr_carea' id='block_1_90' title="bbox 1957 4356 3598 4431">
    <p class='ocr_par' dir='ltr' id='par_1_90' title="bbox 1957 4356 3598 4431">
     <span class='ocr_line' id='line_1_90' title="bbox 1957 4356 3598 4431; baseline 0.001 -19"><span class='ocrx_word' id='word_1_632' title='bbox 1957 4361 2092 4424; x_wconf 90' lang='lat' dir='ltr'>rest,</span> <span class='ocrx_word' id='word_1_633' title='bbox 2120 4356 2280 4413; x_wconf 92' lang='lat' dir='ltr'>nullo</span> <span class='ocrx_word' id='word_1_634' title='bbox 2311 4357 2556 4414; x_wconf 90' lang='lat' dir='ltr'>concilio</span> <span class='ocrx_word' id='word_1_635' title='bbox 2587 4358 2807 4426; x_wconf 90' lang='lat' dir='ltr'>habito,</span> <span class='ocrx_word' id='word_1_636' title='bbox 2843 4357 3007 4414; x_wconf 90' lang='lat' dir='ltr'>nulla</span> <span class='ocrx_word' id='word_1_637' title='bbox 3025 4359 3432 4431; x_wconf 87' lang='lat' dir='ltr'>episcoporum</span> <span class='ocrx_word' id='word_1_638' title='bbox 3454 4359 3598 4415; x_wconf 87' lang='lat' dir='ltr'>deli-</span> 
     </span>
    </p>
   </div>
   <div class='ocr_carea' id='block_1_91' title="bbox 1955 4447 3596 4515">
    <p class='ocr_par' dir='ltr' id='par_1_91' title="bbox 1955 4447 3596 4515">
     <span class='ocr_line' id='line_1_91' title="bbox 1955 4447 3596 4515; baseline 0.002 -13"><span class='ocrx_word' id='word_1_639' title='bbox 1955 4447 2272 4515; x_wconf 80' lang='lat' dir='ltr'>beratione,</span> <span class='ocrx_word' id='word_1_640' title='bbox 2293 4447 2612 4504; x_wconf 86' lang='lat' dir='ltr'>constituit.</span> <span class='ocrx_word' id='word_1_641' title='bbox 2630 4449 2742 4504; x_wconf 92' lang='lat' dir='ltr'>Sed</span> <span class='ocrx_word' id='word_1_642' title='bbox 2759 4452 2817 4506; x_wconf 90' lang='lat' dir='ltr'>et</span> <span class='ocrx_word' id='word_1_643' title='bbox 2842 4448 3040 4504; x_wconf 88' lang='lat' dir='ltr'>Cumis</span> <span class='ocrx_word' id='word_1_644' title='bbox 3062 4453 3203 4504; x_wconf 91' lang='lat' dir='ltr'>tunc</span> <span class='ocrx_word' id='word_1_645' title='bbox 3224 4466 3340 4504; x_wconf 90' lang='lat' dir='ltr'>non</span> <span class='ocrx_word' id='word_1_646' title='bbox 3359 4447 3596 4505; x_wconf 89' lang='lat' dir='ltr'>Adelar-</span> 
     </span>
    </p>
   </div>
   <div class='ocr_carea' id='block_1_92' title="bbox 1957 4536 3597 4608">
    <p class='ocr_par' dir='ltr' id='par_1_92' title="bbox 1957 4536 3597 4608">
     <span class='ocr_line' id='line_1_92' title="bbox 1957 4536 3597 4608; baseline 0.001 -16"><span class='ocrx_word' id='word_1_647' title='bbox 1957 4538 2119 4604; x_wconf 92' lang='lat' dir='ltr'>dum,</span> <span class='ocrx_word' id='word_1_648' title='bbox 2153 4540 2218 4592; x_wconf 91' lang='lat' dir='ltr'>ut</span> <span class='ocrx_word' id='word_1_649' title='bbox 2239 4537 2558 4608; x_wconf 88' lang='lat' dir='ltr'>juraverat,</span> <span class='ocrx_word' id='word_1_650' title='bbox 2591 4553 2792 4594; x_wconf 88' lang='lat' dir='ltr'>verum</span> <span class='ocrx_word' id='word_1_651' title='bbox 2825 4539 2896 4593; x_wconf 93' lang='lat' dir='ltr'>ob</span> <span class='ocrx_word' id='word_1_652' title='bbox 2929 4536 3380 4595; x_wconf 88' lang='lat' dir='ltr'>Mediolanensis</span> <span class='ocrx_word' id='word_1_653' title='bbox 3409 4538 3597 4595; x_wconf 62' lang='lat' dir='ltr'>archio</span> 
     </span>
    </p>
   </div>
   <div class='ocr_carea' id='block_1_93' title="bbox 195 4625 3599 4707">
    <p class='ocr_par' dir='ltr' id='par_1_93' title="bbox 195 4625 3599 4707">
     <span class='ocr_line' id='line_1_93' title="bbox 195 4625 3599 4707; baseline -0.001 -19"><span class='ocrx_word' id='word_1_654' title='bbox 195 4631 344 4688; x_wconf 89' lang='lat' dir='ltr'>satis</span> <span class='ocrx_word' id='word_1_655' title='bbox 365 4634 476 4698; x_wconf 89' lang='lat' dir='ltr'>est,</span> <span class='ocrx_word' id='word_1_656' title='bbox 510 4629 622 4685; x_wconf 92' lang='lat' dir='ltr'>aio.</span> <span class='ocrx_word' id='word_1_657' title='bbox 648 4628 934 4694; x_wconf 88' lang='lat' dir='ltr'>Quoniam</span> <span class='ocrx_word' id='word_1_658' title='bbox 960 4627 1211 4700; x_wconf 91' lang='lat' dir='ltr'>improbi</span> <span class='ocrx_word' id='word_1_659' title='bbox 1239 4631 1296 4683; x_wconf 93' lang='lat' dir='ltr'>et</span> <span class='ocrx_word' id='word_1_660' title='bbox 1318 4627 1494 4697; x_wconf 87' lang='lat' dir='ltr'>avari,</span> <span class='ocrx_word' id='word_1_661' title='bbox 1529 4627 1628 4699; x_wconf 90' lang='lat' dir='ltr'>qui</span> <span class='ocrx_word' id='word_1_662' title='bbox 1659 4627 1842 4684; x_wconf 90' lang='lat' dir='ltr'>incer-</span> <span class='ocrx_word' id='word_1_663' title='bbox 1869 4640 1919 4707; x_wconf 85' lang='lat' dir='ltr'><strong>D</strong></span> <span class='ocrx_word' id='word_1_664' title='bbox 1956 4625 2213 4699; x_wconf 89' lang='lat' dir='ltr'>episcopi</span> <span class='ocrx_word' id='word_1_665' title='bbox 2246 4642 2504 4682; x_wconf 89' lang='lat' dir='ltr'>amorem</span> <span class='ocrx_word' id='word_1_666' title='bbox 2553 4625 2899 4684; x_wconf 88' lang='lat' dir='ltr'>Waldonem</span> <span class='ocrx_word' id='word_1_667' title='bbox 2927 4627 3220 4699; x_wconf 87' lang='lat' dir='ltr'>quendam</span> <span class='ocrx_word' id='word_1_668' title='bbox 3257 4626 3599 4701; x_wconf 88' lang='lat' dir='ltr'>episcopum</span> 
     </span>
    </p>
   </div>
   <div class='ocr_carea' id='block_1_94' title="bbox 191 4715 3604 4792">
    <p class='ocr_par' dir='ltr' id='par_1_94' title="bbox 191 4715 3604 4792">
     <span class='ocr_line' id='line_1_94' title="bbox 191 4715 3604 4792; baseline -0.001 -15"><span class='ocrx_word' id='word_1_669' title='bbox 191 4725 282 4777; x_wconf 90' lang='lat' dir='ltr'>tas</span> <span class='ocrx_word' id='word_1_670' title='bbox 310 4724 486 4792; x_wconf 90' lang='lat' dir='ltr'>atque</span> <span class='ocrx_word' id='word_1_671' title='bbox 516 4718 577 4774; x_wconf 92' lang='lat' dir='ltr'>in</span> <span class='ocrx_word' id='word_1_672' title='bbox 609 4735 748 4774; x_wconf 89' lang='lat' dir='ltr'>casu</span> <span class='ocrx_word' id='word_1_673' title='bbox 798 4716 1020 4790; x_wconf 90' lang='lat' dir='ltr'>positas</span> <span class='ocrx_word' id='word_1_674' title='bbox 1067 4716 1469 4789; x_wconf 88' lang='lat' dir='ltr'>possessiones</span> <span class='ocrx_word' id='word_1_675' title='bbox 1499 4716 1736 4785; x_wconf 88' lang='lat' dir='ltr'>habent,</span> <span class='ocrx_word' id='word_1_676' title='bbox 1786 4721 1842 4773; x_wconf 91' lang='lat' dir='ltr'>et</span> <span class='ocrx_word' id='word_1_677' title='bbox 1951 4715 3604 4791; x_wconf 85' lang='lat' dir='ltr'>ordinavit.Quodquambeuefecerit,subditorumdepo-</span> 
     </span>
    </p>
   </div>
   <div class='ocr_carea' id='block_1_95' title="bbox 191 4805 1844 4884">
    <p class='ocr_par' dir='ltr' id='par_1_95' title="bbox 191 4805 1844 4884">
     <span class='ocr_line' id='line_1_95' title="bbox 191 4805 1844 4884; baseline -0.002 -19"><span class='ocrx_word' id='word_1_678' title='bbox 191 4810 328 4884; x_wconf 91' lang='lat' dir='ltr'>plus</span> <span class='ocrx_word' id='word_1_679' title='bbox 356 4823 588 4882; x_wconf 89' lang='lat' dir='ltr'>semper</span> <span class='ocrx_word' id='word_1_680' title='bbox 616 4808 920 4880; x_wconf 88' lang='lat' dir='ltr'>appetunt,</span> <span class='ocrx_word' id='word_1_681' title='bbox 955 4822 1059 4862; x_wconf 90' lang='lat' dir='ltr'>nec</span> <span class='ocrx_word' id='word_1_682' title='bbox 1087 4821 1289 4862; x_wconf 91' lang='lat' dir='ltr'>eorum</span> <span class='ocrx_word' id='word_1_683' title='bbox 1320 4805 1636 4878; x_wconf 89' lang='lat' dir='ltr'>quisquam</span> <span class='ocrx_word' id='word_1_684' title='bbox 1658 4806 1726 4841; x_wconf 72' lang='lat'>399</span> <span class='ocrx_word' id='word_1_685' title='bbox 1749 4807 1844 4862; x_wconf 88' lang='lat' dir='ltr'>ad-</span> 
     </span>
    </p>
   </div>
   <div class='ocr_carea' id='block_1_96' title="bbox 1948 4804 3598 4879">
    <p class='ocr_par' dir='ltr' id='par_1_96' title="bbox 1948 4804 3598 4879">
     <span class='ocr_line' id='line_1_96' title="bbox 1948 4804 3598 4879; baseline 0.002 -18"><span class='ocrx_word' id='word_1_686' title='bbox 1948 4804 2195 4879; x_wconf 30' lang='lat' dir='ltr'>.pulatio,</span> <span class='ocrx_word' id='word_1_687' title='bbox 2255 4805 2464 4860; x_wconf 91' lang='lat' dir='ltr'>vitium</span> <span class='ocrx_word' id='word_1_688' title='bbox 2538 4805 2767 4874; x_wconf 90' lang='lat' dir='ltr'>incisio,</span> <span class='ocrx_word' id='word_1_689' title='bbox 2843 4806 3119 4862; x_wconf 87' lang='lat' dir='ltr'>arborum</span> <span class='ocrx_word' id='word_1_690' title='bbox 3198 4806 3598 4877; x_wconf 86' lang='lat' dir='ltr'>decorticacio,</span> 
     </span>
    </p>
   </div>
   <div class='ocr_carea' id='block_1_97' title="bbox 1552 4964 2239 5023">
    <p class='ocr_par' dir='ltr' id='par_1_97' title="bbox 1552 4964 2239 5023">
     <span class='ocr_line' id='line_1_97' title="bbox 1552 4964 2239 5023; baseline 0 -3"><span class='ocrx_word' id='word_1_691' title='bbox 1552 4965 1795 5022; x_wconf 80' lang='lat' dir='ltr'>VARle</span> <span class='ocrx_word' id='word_1_692' title='bbox 1851 4964 2239 5023; x_wconf 87' lang='lat' dir='ltr'>LECTIONES</span> 
     </span>
    </p>
   </div>
   <div class='ocr_carea' id='block_1_98' title="bbox 259 5073 3596 5155">
    <p class='ocr_par' dir='ltr' id='par_1_98' title="bbox 259 5073 3596 5155">
     <span class='ocr_line' id='line_1_98' title="bbox 259 5073 3596 5155; baseline -0.001 -14"><span class='ocrx_word' id='word_1_693' title='bbox 259 5088 328 5124; x_wconf 64' lang='lat'>39‘</span> <span class='ocrx_word' id='word_1_694' title='bbox 357 5103 438 5154; x_wconf 90' lang='lat' dir='ltr'>m,</span> <span class='ocrx_word' id='word_1_695' title='bbox 472 5073 766 5155; x_wconf 84' lang='lat' dir='ltr'>inﬂectere</span> <span class='ocrx_word' id='word_1_696' title='bbox 795 5081 1056 5155; x_wconf 86' lang='lat' dir='ltr'>potueris</span> <span class='ocrx_word' id='word_1_697' title='bbox 1078 5080 1246 5155; x_wconf 86' lang='lat' dir='ltr'>illum</span> <span class='ocrx_word' id='word_1_698' title='bbox 1270 5080 1329 5155; x_wconf 90' lang='lat' dir='ltr'>i_n</span> <span class='ocrx_word' id='word_1_699' title='bbox 1355 5080 1694 5155; x_wconf 82' lang='lat' dir='ltr'>cathedram</span> <span class='ocrx_word' id='word_1_700' title='bbox 1724 5098 2034 5155; x_wconf 88' lang='lat' dir='ltr'>promoveo</span> <span class='ocrx_word' id='word_1_701' title='bbox 2057 5080 2386 5155; x_wconf 82' lang='lat' dir='ltr'>Mediolanii</span> <span class='ocrx_word' id='word_1_702' title='bbox 2405 5080 2945 5155; x_wconf 80' lang='lat' dir='ltr'>archiepiscopatus</span> <span class='ocrx_word' id='word_1_703' title='bbox 2963 5083 3000 5155; x_wconf 72' lang='grc'><strong>5</strong></span> <span class='ocrx_word' id='word_1_704' title='bbox 3020 5099 3073 5136; x_wconf 88' lang='lat' dir='ltr'>a.</span> <span class='ocrx_word' id='word_1_705' title='bbox 3151 5082 3522 5155; x_wconf 68' lang='lat' dir='ltr'>3_°_‘_mann_-ase</span> <span class='ocrx_word' id='word_1_706' title='bbox 3544 5081 3596 5137; x_wconf 75' lang='grc' dir='ltr'>Ι.</span> 
     </span>
    </p>
   </div>
   <div class='ocr_carea' id='block_1_99' title="bbox 189 5154 726 5215">
    <p class='ocr_par' dir='ltr' id='par_1_99' title="bbox 189 5154 726 5215">
     <span class='ocr_line' id='line_1_99' title="bbox 189 5154 726 5215; baseline -0.009 0"><span class='ocrx_word' id='word_1_707' title='bbox 189 5161 258 5196; x_wconf 67' lang='grc'>³9⁸</span> <span class='ocrx_word' id='word_1_708' title='bbox 285 5159 648 5215; x_wconf 89' lang='lat' dir='ltr'>tradererent</span> <span class='ocrx_word' id='word_1_709' title='bbox 675 5154 726 5210; x_wconf 81' lang='lat' dir='ltr'>l.</span> 
     </span>
    </p>
   </div>
   <div class='ocr_carea' id='block_1_100' title="bbox 829 5152 3600 5224">
    <p class='ocr_par' dir='ltr' id='par_1_100' title="bbox 829 5152 3600 5224">
     <span class='ocr_line' id='line_1_100' title="bbox 829 5152 3600 5224; baseline 0 -17"><span class='ocrx_word' id='word_1_710' title='bbox 829 5154 870 5188; x_wconf 74' lang='lat'>97</span> <span class='ocrx_word' id='word_1_711' title='bbox 903 5152 1319 5208; x_wconf 76' lang='lat' dir='ltr'>mutiniensil.</span> <span class='ocrx_word' id='word_1_712' title='bbox 1390 5153 1463 5224; x_wconf 10' lang='lat'>7393</span> <span class='ocrx_word' id='word_1_713' title='bbox 1495 5152 1744 5221; x_wconf 64' lang='lat' dir='ltr'>neolam,</span> <span class='ocrx_word' id='word_1_714' title='bbox 1796 5171 1967 5210; x_wconf 80' lang='lat' dir='ltr'>manu</span> <span class='ocrx_word' id='word_1_715' title='bbox 2009 5158 2044 5209; x_wconf 88' lang='lat'>2</span> <span class='ocrx_word' id='word_1_716' title='bbox 2092 5152 2379 5209; x_wconf 89' lang='lat' dir='ltr'>vineolam</span> <span class='ocrx_word' id='word_1_717' title='bbox 2411 5153 2464 5208; x_wconf 78' lang='lat' dir='ltr'>l.</span> <span class='ocrx_word' id='word_1_718' title='bbox 2541 5153 2609 5187; x_wconf 80' lang='grc'>³⁹⁹</span> <span class='ocrx_word' id='word_1_719' title='bbox 2639 5152 2858 5224; x_wconf 62' lang='lat' dir='ltr'>qsqjl.</span> <span class='ocrx_word' id='word_1_720' title='bbox 2933 5154 3000 5188; x_wconf 78' lang='grc'>⁴⁰⁰</span> <span class='ocrx_word' id='word_1_721' title='bbox 3031 5170 3081 5207; x_wconf 91' lang='lat' dir='ltr'>a.</span> <span class='ocrx_word' id='word_1_722' title='bbox 3134 5152 3246 5207; x_wconf 88' lang='lat' dir='ltr'>sibi</span> <span class='ocrx_word' id='word_1_723' title='bbox 3296 5153 3600 5209; x_wconf 73' lang='lat' dir='ltr'>sufficiens</span> 
     </span>
    </p>
   </div>
   <div class='ocr_carea' id='block_1_101' title="bbox 188 5223 3600 5350">
    <p class='ocr_par' dir='ltr' id='par_1_101' title="bbox 188 5223 3600 5350">
     <span class='ocr_line' id='line_1_101' title="bbox 188 5223 3600 5350; baseline -0.001 -63"><span class='ocrx_word' id='word_1_724' title='bbox 188 5233 231 5287; x_wconf 93' lang='lat' dir='ltr'>i.</span> <span class='ocrx_word' id='word_1_725' title='bbox 257 5233 348 5287; x_wconf 86' lang='lat' dir='ltr'>5a.</span> <span class='ocrx_word' id='word_1_726' title='bbox 423 5230 490 5264; x_wconf 76' lang='grc' dir='ltr'>¹ο⁰¹</span> <span class='ocrx_word' id='word_1_727' title='bbox 521 5227 849 5298; x_wconf 89' lang='lat' dir='ltr'>deliquerat</span> <span class='ocrx_word' id='word_1_728' title='bbox 877 5224 930 5280; x_wconf 76' lang='lat' dir='ltr'>l.</span> <span class='ocrx_word' id='word_1_729' title='bbox 1005 5225 1074 5259; x_wconf 62' lang='grc'>⁸0³</span> <span class='ocrx_word' id='word_1_730' title='bbox 1116 5223 1522 5297; x_wconf 88' lang='lat' dir='ltr'>bregundiam.</span> <span class='ocrx_word' id='word_1_731' title='bbox 1558 5227 1607 5280; x_wconf 91' lang='grc'>1.</span> <span class='ocrx_word' id='word_1_732' title='bbox 1685 5227 1754 5260; x_wconf 68' lang='lat'>‘03</span> <span class='ocrx_word' id='word_1_733' title='bbox 1783 5243 1932 5281; x_wconf 88' lang='lat' dir='ltr'>mar.</span> <span class='ocrx_word' id='word_1_734' title='bbox 2008 5227 2076 5260; x_wconf 66' lang='lat'><strong>‘0‘</strong></span> <span class='ocrx_word' id='word_1_735' title='bbox 2105 5224 2416 5280; x_wconf 88' lang='lat' dir='ltr'>deitimens</span> <span class='ocrx_word' id='word_1_736' title='bbox 2472 5228 2523 5279; x_wconf 83' lang='lat' dir='ltr'>et</span> <span class='ocrx_word' id='word_1_737' title='bbox 2582 5223 2673 5279; x_wconf 39' lang='lat' dir='ltr'>in’</span> <span class='ocrx_word' id='word_1_738' title='bbox 2701 5223 2952 5292; x_wconf 64' lang='lat' dir='ltr'>Margine</span> <span class='ocrx_word' id='word_1_739' title='bbox 3070 5224 3342 5350; x_wconf 57' lang='lat' dir='ltr'>gronicos</span> <span class='ocrx_word' id='word_1_740' title='bbox 3372 5224 3423 5281; x_wconf 79' lang='lat' dir='ltr'>l.</span> <span class='ocrx_word' id='word_1_741' title='bbox 3457 5225 3600 5298; x_wconf 84' lang='lat' dir='ltr'>quod</span> 
     </span>
     <span class='ocr_line' id='line_1_102' title="bbox 195 5295 3207 5350; baseline 0 0"><span class='ocrx_word' id='word_1_742' title='bbox 195 5305 230 5350; x_wconf 79' lang='lat'>2</span> <span class='ocrx_word' id='word_1_743' title='bbox 257 5305 336 5350; x_wconf 74' lang='lat' dir='ltr'>ita.</span> <span class='ocrx_word' id='word_1_744' title='bbox 365 5302 528 5350; x_wconf 77' lang='lat' dir='ltr'>lenit:</span> <span class='ocrx_word' id='word_1_745' title='bbox 560 5299 653 5350; x_wconf 87' lang='lat' dir='ltr'>dei</span> <span class='ocrx_word' id='word_1_746' title='bbox 684 5296 999 5350; x_wconf 87' lang='lat' dir='ltr'>tivronicos</span> <span class='ocrx_word' id='word_1_747' title='bbox 1031 5311 1217 5350; x_wconf 89' lang='lat' dir='ltr'>mens.</span> <span class='ocrx_word' id='word_1_748' title='bbox 1249 5298 1284 5350; x_wconf 87' lang='grc'><strong>5</strong></span> <span class='ocrx_word' id='word_1_749' title='bbox 1305 5314 1356 5350; x_wconf 92' lang='lat' dir='ltr'>a.</span> <span class='ocrx_word' id='word_1_750' title='bbox 1388 5300 1574 5350; x_wconf 82' lang='lat' dir='ltr'>autem</span> <span class='ocrx_word' id='word_1_751' title='bbox 1604 5297 1694 5350; x_wconf 91' lang='lat' dir='ltr'>dei</span> <span class='ocrx_word' id='word_1_752' title='bbox 1718 5298 2070 5350; x_wconf 90' lang='lat' dir='ltr'>tironicosus</span> <span class='ocrx_word' id='word_1_753' title='bbox 2102 5313 2288 5350; x_wconf 86' lang='lat' dir='ltr'>mens.</span> <span class='ocrx_word' id='word_1_754' title='bbox 2323 5326 2392 5338; x_wconf 84' lang='lat'>——</span> <span class='ocrx_word' id='word_1_755' title='bbox 2421 5299 2704 5350; x_wconf 89' lang='lat' dir='ltr'>tvrannus</span> <span class='ocrx_word' id='word_1_756' title='bbox 2732 5295 3044 5350; x_wconf 90' lang='lat' dir='ltr'>vehemens</span> <span class='ocrx_word' id='word_1_757' title='bbox 3126 5296 3207 5350; x_wconf 70' lang='lat' dir='ltr'>a&#39;-</span> 
     </span>
    </p>
   </div>
   <div class='ocr_carea' id='block_1_102' title="bbox 194 5295 3210 5373">
    <p class='ocr_par' dir='ltr' id='par_1_102' title="bbox 194 5295 3210 5373">
     <span class='ocr_line' id='line_1_103' title="bbox 194 5295 3210 5373; baseline -0.003 -13"><span class='ocrx_word' id='word_1_758' title='bbox 194 5305 230 5361; x_wconf 88' lang='lat'><strong>2</strong></span> <span class='ocrx_word' id='word_1_759' title='bbox 257 5305 336 5359; x_wconf 82' lang='lat' dir='ltr'>ita</span> <span class='ocrx_word' id='word_1_760' title='bbox 365 5302 528 5373; x_wconf 78' lang='lat' dir='ltr'>tegit:</span> <span class='ocrx_word' id='word_1_761' title='bbox 560 5295 999 5370; x_wconf 52' lang='lat' dir='ltr'>dei—tiyronicos</span> <span class='ocrx_word' id='word_1_762' title='bbox 1031 5295 1284 5364; x_wconf 56' lang='lat' dir='ltr'>mens,&#39;5</span> <span class='ocrx_word' id='word_1_763' title='bbox 1305 5314 1356 5351; x_wconf 92' lang='lat' dir='ltr'>a.</span> <span class='ocrx_word' id='word_1_764' title='bbox 1388 5300 1574 5352; x_wconf 84' lang='lat' dir='ltr'>autem</span> <span class='ocrx_word' id='word_1_765' title='bbox 1604 5297 1694 5352; x_wconf 91' lang='lat' dir='ltr'>dei</span> <span class='ocrx_word' id='word_1_766' title='bbox 1718 5298 2070 5354; x_wconf 90' lang='lat' dir='ltr'>tironicosus</span> <span class='ocrx_word' id='word_1_767' title='bbox 2102 5313 2288 5352; x_wconf 89' lang='lat' dir='ltr'>mens.</span> <span class='ocrx_word' id='word_1_768' title='bbox 2323 5326 2392 5338; x_wconf 86' lang='lat'>——</span> <span class='ocrx_word' id='word_1_769' title='bbox 2421 5299 2704 5369; x_wconf 86' lang='lat' dir='ltr'>tyrannus</span> <span class='ocrx_word' id='word_1_770' title='bbox 2732 5295 3044 5351; x_wconf 90' lang='lat' dir='ltr'>vehemens</span> <span class='ocrx_word' id='word_1_771' title='bbox 3070 5295 3106 5350; x_wconf 91' lang='lat'>5</span> <span class='ocrx_word' id='word_1_772' title='bbox 3126 5296 3210 5368; x_wconf 62' lang='grc' dir='ltr'>α’,</span> 
     </span>
    </p>
   </div>
   <div class='ocr_carea' id='block_1_103' title="bbox 185 5507 1189 5624">
    <p class='ocr_par' dir='ltr' id='par_1_103' title="bbox 185 5507 1189 5624">
     <span class='ocr_line' id='line_1_104' title="bbox 185 5507 1189 5624; baseline -0.015 -12"><span class='ocrx_word' id='word_1_773' title='bbox 185 5507 196 5534; x_wconf 46' lang='grc'>²</span> <span class='ocrx_word' id='word_1_774' title='bbox 267 5552 416 5624; x_wconf 75' lang='grc'>(136)</span> <span class='ocrx_word' id='word_1_775' title='bbox 440 5549 599 5624; x_wconf 80' lang='lat' dir='ltr'>Virg.</span> <span class='ocrx_word' id='word_1_776' title='bbox 632 5549 760 5624; x_wconf 60' lang='lat' dir='ltr'>1am.</span> <span class='ocrx_word' id='word_1_777' title='bbox 795 5563 873 5624; x_wconf 67' lang='grc' dir='ltr'>ιγ,</span> <span class='ocrx_word' id='word_1_778' title='bbox 905 5545 1030 5616; x_wconf 71' lang='lat' dir='ltr'>47a,</span> <span class='ocrx_word' id='word_1_779' title='bbox 1064 5543 1189 5600; x_wconf 71' lang='lat'>475.</span> 
     </span>
    </p>
   </div>
   <div class='ocr_carea' id='block_1_104' title="bbox 293 5619 916 5694">
    <p class='ocr_par' dir='ltr' id='par_1_104' title="bbox 293 5619 916 5694">
     <span class='ocr_line' id='line_1_105' title="bbox 293 5619 916 5694; baseline -0.01 -15"><span class='ocrx_word' id='word_1_780' title='bbox 293 5619 418 5692; x_wconf 81' lang='lat' dir='ltr'>l37)</span> <span class='ocrx_word' id='word_1_781' title='bbox 451 5619 641 5694; x_wconf 68' lang='lat' dir='ltr'>Lyaeo,</span> <span class='ocrx_word' id='word_1_782' title='bbox 671 5619 916 5676; x_wconf 90' lang='lat' dir='ltr'>Baccho.</span> 
     </span>
    </p>
   </div>
   <div class='ocr_carea' id='block_1_105' title="bbox 271 5688 1844 5767">
    <p class='ocr_par' dir='ltr' id='par_1_105' title="bbox 271 5688 1844 5767">
     <span class='ocr_line' id='line_1_106' title="bbox 271 5688 1844 5767; baseline -0.003 -16"><span class='ocrx_word' id='word_1_783' title='bbox 271 5688 418 5767; x_wconf 66' lang='lat'>(438)</span> <span class='ocrx_word' id='word_1_784' title='bbox 439 5688 705 5766; x_wconf 52' lang='lat' dir='ltr'>Vi&#39;gno&#39;la.</span> <span class='ocrx_word' id='word_1_785' title='bbox 742 5707 919 5764; x_wconf 89' lang='lat' dir='ltr'>prope</span> <span class='ocrx_word' id='word_1_786' title='bbox 951 5689 1265 5754; x_wconf 88' lang='lat' dir='ltr'>Panarum,</span> <span class='ocrx_word' id='word_1_787' title='bbox 1303 5688 1844 5765; x_wconf 60' lang='lat' dir='ltr'>Muratoriizpatria.</span> 
     </span>
    </p>
   </div>
   <div class='ocr_carea' id='block_1_106' title="bbox 1737 5448 2010 5522">
    <p class='ocr_par' dir='ltr' id='par_1_106' title="bbox 1737 5448 2010 5522">
     <span class='ocr_line' id='line_1_107' title="bbox 1737 5448 2010 5522; baseline 0.004 -18"><span class='ocrx_word' id='word_1_788' title='bbox 1737 5520 1740 5522; x_wconf 10' lang='grc' dir='ltr'>γ</span> <span class='ocrx_word' id='word_1_789' title='bbox 1778 5448 2010 5520; x_wconf 66' lang='lat' dir='ltr'>NOTAE.</span> 
     </span>
    </p>
   </div>
   <div class='ocr_carea' id='block_1_107' title="bbox 2027 5510 3605 5622">
    <p class='ocr_par' dir='ltr' id='par_1_107' title="bbox 2027 5510 3605 5622">
     <span class='ocr_line' id='line_1_108' title="bbox 2027 5510 3605 5622; baseline 0.001 -19"><span class='ocrx_word' id='word_1_790' title='bbox 2027 5547 2174 5622; x_wconf 80' lang='grc'>(139)</span> <span class='ocrx_word' id='word_1_791' title='bbox 2206 5510 2339 5622; x_wconf 61' lang='lat' dir='ltr'>Qua</span> <span class='ocrx_word' id='word_1_792' title='bbox 2371 5549 2700 5622; x_wconf 78' lang='lat' dir='ltr'>sequuntur</span> <span class='ocrx_word' id='word_1_793' title='bbox 2723 5563 2912 5622; x_wconf 84' lang='lat' dir='ltr'>usque</span> <span class='ocrx_word' id='word_1_794' title='bbox 2931 5551 3059 5604; x_wconf 77' lang='lat' dir='ltr'>sunt</span> <span class='ocrx_word' id='word_1_795' title='bbox 3081 5548 3504 5622; x_wconf 68' lang='lat' dir='ltr'>certissimque</span> <span class='ocrx_word' id='word_1_796' title='bbox 3524 5547 3605 5604; x_wconf 85' lang='lat' dir='ltr'>di-</span> 
     </span>
    </p>
   </div>
   <div class='ocr_carea' id='block_1_108' title="bbox 1955 5619 3604 5691">
    <p class='ocr_par' dir='ltr' id='par_1_108' title="bbox 1955 5619 3604 5691">
     <span class='ocr_line' id='line_1_109' title="bbox 1955 5619 3604 5691; baseline 0.001 -16"><span class='ocrx_word' id='word_1_797' title='bbox 1955 5621 2132 5686; x_wconf 50' lang='lat' dir='ltr'>vitia,</span> <span class='ocrx_word' id='word_1_798' title='bbox 2165 5619 2237 5674; x_wconf 88' lang='lat' dir='ltr'>ad</span> <span class='ocrx_word' id='word_1_799' title='bbox 2293 5619 2533 5675; x_wconf 89' lang='lat' dir='ltr'>verbum</span> <span class='ocrx_word' id='word_1_800' title='bbox 2591 5620 2708 5677; x_wconf 86' lang='lat' dir='ltr'>fere</span> <span class='ocrx_word' id='word_1_801' title='bbox 2739 5619 2832 5677; x_wconf 52' lang='lat' dir='ltr'>ex&#39;</span> <span class='ocrx_word' id='word_1_802' title='bbox 2854 5620 3127 5678; x_wconf 90' lang='lat' dir='ltr'>Cicerone</span> <span class='ocrx_word' id='word_1_803' title='bbox 3164 5622 3290 5679; x_wconf 88' lang='lat' dir='ltr'>Par.</span> <span class='ocrx_word' id='word_1_804' title='bbox 3321 5619 3484 5691; x_wconf 62' lang='lat' dir='ltr'>v1,&#39;3,</span> <span class='ocrx_word' id='word_1_805' title='bbox 3511 5637 3604 5684; x_wconf 80' lang='lat' dir='ltr'>ex-</span> 
     </span>
    </p>
   </div>
   <div class='ocr_carea' id='block_1_109' title="bbox 1960 5692 2367 5763">
    <p class='ocr_par' dir='ltr' id='par_1_109' title="bbox 1960 5692 2367 5763">
     <span class='ocr_line' id='line_1_110' title="bbox 1960 5692 2367 5763; baseline -0.007 -14"><span class='ocrx_word' id='word_1_806' title='bbox 1960 5692 2180 5763; x_wconf 90' lang='lat' dir='ltr'>scripta</span> <span class='ocrx_word' id='word_1_807' title='bbox 2210 5695 2367 5746; x_wconf 91' lang='lat' dir='ltr'>sunt.</span> 
     </span>
    </p>
   </div>
  </div>
