4050 6388
490 361 624 439 891

1446 371 1929 438 LIUTPRANDI
1973 360 2526 443 CREMGNENSIS
2571 372 2952 446 EPISCOPI.

3788 380 3927 450 892

504 508 827 567 multorum
856 504 1159 565 oculorum
1185 507 1468 565 excussio.
1495 505 1812 566 simultatis
1829 507 2143 582 sepissime
2170 516 2223 585 Α
2256 516 2463 586 gantes
2494 514 2814 574 formarum
2871 517 3229 593 inspectores
3269 517 3445 578 etiam
3495 523 3677 596 atque
3729 522 3920 581 etiam

503 598 791 672 repetitio,
823 613 958 654 cum
983 597 1190 671 signis,
1223 602 1346 654 tum
1379 598 1695 671 gemitibus
1725 602 1940 655 narrat.
1971 599 2151 656 Hade-
2259 603 2626 662 confirmant.
3426 600 3431 607 ’

502 687 733 745 lardum
761 690 954 743 autem
985 687 1233 759 Regensi
1262 687 1519 759 praefecit
1550 687 1804 742 molesiae.

569 778 659 833 30.
691 780 976 832 Bosonem
1007 792 1161 843 vero,
1193 775 1455 848 Hugonis
1503 777 1656 848 regis
1693 774 1983 848 spurium,
2018 776 2144 833 Pla-

500 865 741 922 centinae
790 864 971 932 sedis,
1003 868 1060 919 et
1106 864 1504 920 Liutefredum
1554 864 1857 937 Papiensis
1907 863 2144 921 melesize

498 953 803 1027 episcopos
849 951 1131 1024 expellere
1177 953 1488 1026 cogitavit;
1519 970 1720 1008 verum
1752 953 2145 1010 intercedente

496 1043 719 1115 pretio,
749 1042 822 1097 ob
852 1041 952 1096 Dei
983 1057 1044 1097 se
1075 1057 1333 1097 amorem
1367 1058 1464 1097 eos
1490 1041 1786 1097 dimisisse
1818 1041 2142 1101 simulavit.

496 1134 681 1198 Quam
693 1130 1048 1186 immensum
1061 1133 1202 1185 tunc
1215 1129 1375 1185 Italis
1387 1129 2140 1202 gaudiumlAlterumDavid

495 1221 727 1277 venisse
757 1219 1067 1275 latrabant.
1101 1219 1209 1274 Sed
1241 1223 1299 1274 et
1329 1236 1540 1291 magno
1585 1219 1790 1275 Karolo
1820 1236 1953 1275 ceca
1984 1219 2141 1275 hunc

496 1313 689 1365 mente
716 1307 1117 1380 praeferebant.
1146 1309 1513 1380 Quamquam
1535 1308 1691 1363 enim
1716 1308 1922 1364 iterato
1953 1309 2140 1381 Hugo-

496 1415 630 1454 nem
662 1401 837 1469 atque
866 1395 1204 1457 Lotharium
1239 1397 1306 1431 ⁴⁰⁵
1339 1413 1503 1469 reges
1534 1396 1719 1452 Italici
1752 1396 2135 1468 susciperent,

493 1484 907 1558 Berengarium
943 1487 1141 1540 tamen
1191 1485 1426 1540 nomine
1474 1485 1666 1540 solum
1716 1485 2134 1556 marchionem,

492 1578 777 1647 potestate
806 1590 940 1628 vero
962 1589 1180 1645 regem,
1209 1572 1340 1629 illos
1369 1573 1650 1629 vocabulo
1680 1591 1866 1647 reges,
1891 1578 2019 1629 actu
2040 1593 2138 1630 au-

490 1667 612 1718 tem
644 1679 831 1734 neque
862 1680 965 1734 pro
997 1661 1308 1717 comitibus
1352 1662 1666 1719 habebant.
1724 1662 1871 1728 Quid
1920 1663 2136 1735 plura?

493 1753 684 1808 Tanta
702 1750 812 1806 hac
829 1750 1157 1822 Berengarii
1170 1750 1345 1819 fama,
1365 1750 1748 1819 humanitate,
1770 1751 2132 1821 liberalitate,

492 1844 765 1913 parentes
794 1839 909 1894 mei
942 1838 1132 1907 acciti,
1166 1838 1217 1894 ei
1249 1855 1342 1896 me
1365 1841 1433 1895 ad
1476 1841 1846 1897 serviendum
1868 1842 2126 1897 tradunt.

491 1929 595 1986 Cui
625 1933 683 1985 et
711 1927 1018 1985 immensis
1047 1927 1256 1984 oblatis
1280 1928 1347 1964 ⁴⁰⁶
1377 1929 1740 1998 muneribus,
1775 1934 2133 1986 secretorum

486 2019 539 2090 ej
549 2036 618 2074 us
628 2017 926 2074 conscium
942 2033 1008 2072 ac
1020 2016 1397 2088 epistolarum
1411 2019 2132 2091 constituuntsignatorem

487 2106 597 2162 Cui
625 2123 759 2163 cum
791 2105 1040 2161 fideliter
1091 2104 1264 2179 longo
1304 2109 1565 2179 tempore
1595 2107 1965 2172 deservirem,
2000 2106 2129 2174 hac,

485 2212 665 2268 quam
696 2199 1114 2268 prosecuturus
1133 2196 1199 2231 ⁴⁰⁷
1230 2212 1362 2251 sum
1385 2195 1509 2252 suis
1541 2197 1600 2252 in
1632 2195 1794 2264 locis,
1819 2213 1921 2268 pro
1944 2196 2125 2252 dolori

484 2284 748 2340 mercede
798 2283 1053 2339 donavit.
1094 2286 1302 2339 Verum
1334 2285 1457 2340 hmo
1487 2285 1789 2341 retributio
1839 2301 2006 2358 poene
2036 2302 2129 2341 me

482 2373 554 2428 ad
585 2372 1051 2445 desperationem
1077 2390 1263 2446 usque
1284 2374 1669 2447 pertraheret,
1693 2374 1741 2430 si
1774 2374 1834 2429 in
1861 2390 1921 2430 re
1944 2374 2128 2429 consi-

484 2460 607 2517 mili
638 2461 929 2518 consotios
946 2460 1230 2533 plurimos
1248 2480 1363 2518 non
1388 2463 1712 2518 excuderet.
1737 2466 1812 2518 De
1832 2463 1945 2518 isto
1970 2461 2126 2519 enim

482 2549 725 2623 pulchre
741 2550 963 2606 dictum
984 2550 1335 2622 accipimus:
1359 2553 1898 2609 Pennwslructionis
1917 2552 2126 2607 similes

479 2643 612 2695 sunt
635 2641 833 2710 pennis
863 2640 1143 2709 accipitris
1172 2645 1226 2694 ct
1254 2640 1485 2696 herodii.
1512 2640 1645 2695 Cum
1665 2649 1872 2712 tempus
1894 2641 2121 2697 aduene-

483 2728 575 2795 rit,
604 2730 664 2783 in
692 2728 867 2782 altum
894 2728 1015 2782 alas
1053 2729 1236 2796 erigit,
1269 2728 1475 2784 deridet
1512 2732 1769 2800 acquitem
1800 2734 1849 2785 et
1874 2746 2123 2786 ascenso-

480 2832 597 2872 rem
634 2816 750 2888 ejus
781 2816 914 2887 (Job.
974 2832 1162 2886 xxmx,
1207 2818 1315 2889 13).
1350 2817 1452 2873 Hic
1477 2818 1655 2887 enim,
1708 2819 2122 2891 superstitibus

480 2903 724 2977 Hugone
752 2908 809 2960 et
835 2903 1130 2976 Lothario,
1164 2921 1414 2979 magnus
1435 2923 1724 2979 voraxque
1745 2908 1974 2975 strutio,
2005 2924 2120 2964 non

479 2993 670 3050 bonus
692 2993 794 3049 sed
816 2993 967 3049 bono
987 2992 1200 3049 similis
1218 2988 1305 3050 est
1320 2995 1499 3051 visus.
1516 2997 1612 3052 Eis
1628 3001 1823 3053 autem
1845 2998 2122 3053 deceden-

476 3082 655 3151 tibus,
686 3085 742 3139 et
774 3083 845 3139 ad
869 3083 1032 3156 regni
1063 3083 1294 3157 fastigio
1317 3085 1593 3142 omnibus
1615 3086 2116 3159 promoventibus,

475 3176 763 3246 quantum
786 3171 907 3229 alas
929 3173 1195 3243 erexerit,
1217 3178 1623 3248 quantumque
1644 3192 1749 3232 nos
1773 3192 1977 3231 omnes
1996 3174 2119 3230 irri-

2327 738 2414 792 32.
2448 738 2635 808 Hujus
2665 740 2773 797 hoc
2803 742 2862 798 in
2895 748 3156 817 tempore
3187 763 3370 814 soror,
3405 747 3744 821 Berengarii
3792 749 3917 805 sci-

2256 822 2390 880 licet
2421 843 2565 881 uxor
2592 828 2790 897 Willa,
2820 849 2994 902 passa
3013 838 3103 889 est
3131 834 3351 891 crimen
3381 835 3608 892 incesti.
3630 838 3795 903 Quod
3828 838 3915 893 ita

2254 913 2556 985 accidisse,
2601 933 2716 972 non
2748 918 2939 974 solum
2978 921 3152 978 aulici
3181 923 3268 979 vel
3300 924 3668 994 cubicularii,
3700 942 3909 982 verum

2254 1017 2510 1074 aucupes
2536 1010 2593 1059 et
2621 1008 2994 1078 cupedenarii
3027 1010 3302 1067 clamant.
3336 1013 3552 1070 Habuit
3582 1031 3652 1070 ea
3675 1016 3910 1087 presbi-

2253 1090 2509 1147 terulum
2556 1095 2943 1166 capellanum,
2978 1101 3214 1156 nomine
3244 1101 3637 1170 Dominicum,
3675 1108 3910 1160 statura

2251 1181 2506 1248 brevem,
2539 1183 2728 1241 colore
2776 1187 3143 1261 fuligineum,
3195 1192 3505 1261 rusticum,
3552 1193 3904 1265 setigerum,

2248 1267 2580 1340 indocilem,
2616 1278 2925 1346 agrestem,
2954 1278 3290 1348 barbarum,
3323 1281 3558 1347 durum,
3593 1281 3902 1349 villosum,

2249 1359 2570 1428 cauditum,
2600 1362 2919 1433 petulcum,
2941 1365 3237 1435 insanum,
3274 1369 3572 1440 rebellem,
3597 1370 3903 1443 iniquum;

2247 1447 2417 1517 cujus
2439 1448 2773 1520 magisterio
2797 1453 2943 1508 duas
2966 1455 3139 1511 Willa
3167 1459 3680 1515 commendaverat
3701 1463 3901 1527 natas,

2248 1534 2467 1590 Gislam
2501 1537 2720 1594 scilicet
2750 1546 2924 1612 atque
2953 1543 3287 1617 Gibergam,
3316 1550 3379 1601 ut
3424 1564 3522 1603 eas
3565 1547 3904 1605 litterarum

2245 1624 2491 1681 scicntia
2519 1631 2795 1698 epotaret.
2816 1629 3131 1688 Occasione
3152 1633 3348 1706 itaque
3371 1634 3725 1707 puellarum,
3748 1655 3902 1710 quas

2246 1712 2546 1785 presbyter
2575 1715 2934 1787 Dominicus,
2955 1719 3240 1790 hirsutus,
3266 1723 3705 1796 inlotus,facere
3726 1727 3903 1783 doce-

2245 1801 2366 1869 bat,
2410 1807 2596 1860 mater
2621 1805 2674 1860 ei
2718 1807 3133 1879 propitiaverat
3160 1812 3246 1880 “3,
3280 1813 3545 1870 tribuens
3575 1814 3904 1875 delicatum

2163 1893 2211 1958 Β
2242 1887 2438 1945 cibum
2468 1897 2775 1966 vestesque
2796 1896 3125 1968 praciosas.
3150 1899 3347 1956 Mirari
3370 1918 3599 1970 omnes,
3621 1920 3729 1959 cur
3757 1921 3904 1960 cun-

2241 1986 2348 2042 ctis
2380 1989 2584 2056 invisa,
2643 1991 2891 2064 ingrata,
2949 1999 3142 2063 tenax,
3192 1997 3328 2054 huic
3384 2000 3656 2057 existeret
3704 2001 3900 2075 larga.

2238 2073 2532 2131 Sententia
2563 2081 2756 2135 tamen
2780 2079 3075 2150 Veritatis,
3110 2101 3238 2157 quae
3262 2086 3382 2142 ait:
3414 2087 3599 2144 Niehil
3646 2073 3903 2162 opertum

2236 2165 2377 2236 quod
2406 2182 2517 2220 non
2546 2169 2832 2235 reveletur,
2864 2178 2914 2226 et
2943 2173 3184 2230 ccultum
3213 2176 3355 2246 quod
3382 2192 3494 2233 non
3515 2179 3577 2233 in
3602 2179 3900 2250 publicum

2235 2256 2421 2309 veniat
2449 2255 2658 2325 (Matth.
2693 2274 2746 2326 x,
2778 2260 2892 2329 26),
2930 2260 3029 2316 diu
3053 2262 3254 2320 mirari
3285 2265 3556 2323 homines
3575 2284 3754 2341 passa
3773 2286 3897 2327 non

2235 2346 2325 2398 est
2377 2343 2522 2399 Nam
2555 2361 2689 2401 cum
2722 2351 2890 2403 nocte
2925 2351 3203 2422 quadam,
3237 2353 3589 2428 Berengario
3620 2357 3896 2426 absente,

2235 2431 2309 2485 ad
2327 2431 2517 2488 cubile
2539 2433 2899 2492 dominicum
2920 2455 3080 2494 more
3098 2440 3266 2497 solito
3286 2441 3553 2502 hirsutus
3573 2445 3764 2502 isdem
3777 2448 3900 2504 vel-

2233 2519 2640 2590 letaccederet,
2662 2524 2823 2581 canis
2845 2525 3018 2583 isthic
3040 2528 3258 2599 aderat,
3274 2532 3374 2604 qui
3388 2531 3601 2589 latratu
3619 2534 3897 2592 horribili

2232 2607 2712 2681 circumjacentes
2741 2613 2973 2670 exitavit
3010 2617 3096 2685 “3,
3142 2617 3414 2692 huncque
3463 2639 3667 2679 morsu
3714 2625 3897 2681 vehe-

2232 2697 2415 2752 menti
2446 2697 2703 2755 laniavit.
2736 2704 3163 2776 Consurgentes
3194 2708 3447 2781 denique
3485 2711 3584 2783 qui
3616 2712 3678 2768 in
3710 2714 3895 2771 domo

2232 2791 2420 2854 erant,
2453 2804 2587 2843 cum
2610 2805 2747 2845 eum
2779 2794 3369 2865 comprehenderent,
3394 2802 3468 2865 et,
3493 2817 3608 2872 quo
3638 2801 3770 2870 iret,
3796 2802 3895 2859 in,-

2230 2880 2592 2949 terrogarent
2610 2878 3038 2953 apologeticum
3056 2883 3214 2940 istud
3246 2887 3621 2960 anticipando
3644 2891 3896 2948 domina

2230 2964 2426 3020 dedit:
2460 2964 2537 3020 Ad
2583 2968 2844 3024 mulieres
2892 2974 3110 3028 nostras
3156 2973 3271 3030 ibat
3302 2975 3596 3045 perditus!
3625 2980 3889 3052 Sperans

2228 3052 2426 3125 itaque
2456 3056 2881 3127 presbiterulus
2910 3059 3023 3117 sibi
3049 3059 3240 3119 lenius
3261 3064 3402 3134 fore,
3430 3065 3480 3121 si
3500 3069 3724 3124 teneret
3745 3086 3885 3126 sen-

2227 3142 2475 3199 tenciam
2508 3144 2789 3202 dominae:
2822 3150 2904 3203 Ita
2934 3154 3033 3218 est,
3067 3152 3315 3224 inquam.
3348 3153 3512 3227 Cepit
3539 3155 3741 3229 itaque
3773 3159 3888 3215 do-

476 3231 635 3328 serit,
670 3280 787 3318 non
818 3265 940 3318 tam
970 3262 1163 3319 verbis
1181 3231 1370 3336 quam
1401 3231 1672 3337 suspiriis
1703 3281 1770 3321 ac
1800 3264 2118 3339 gemitibus
2146 3260 2189 3329 C
2409 3232 2989 3339 Ῠίίξλθῗιίίῖῗίηδίάίῗνίν
3014 3241 3439 3339 Ψέξῖηξυωίῖυῗ
3463 3245 3890 3339 Ρνοωίῑΐξτϐνεί

474 3368 671 3407 narro.
705 3352 817 3409 Sed
847 3351 942 3408 his
968 3351 1224 3420 omissis,
1257 3353 1331 3408 ad
1362 3354 1637 3409 narrandi
1670 3355 1879 3411 seriem
1921 3355 2122 3410 redea-

478 3456 634 3496 mus.

549 3530 610 3586 3i
626 3570 640 3585 .
670 3529 789 3585 Rex
811 3531 972 3603 Hugo
998 3547 1132 3586 cum
1155 3530 1410 3588 divinam
1433 3532 1999 3590 animadversionem
2031 3534 2124 3589 de-

478 3617 698 3675 clinare
728 3634 795 3674 ac
824 3618 1171 3691 Berengario
1202 3637 1450 3692 praeesse
1490 3637 1606 3677 non
1655 3627 1870 3695 posset,
1924 3622 2123 3679 relicto

480 3706 751 3762 Lothario
782 3709 859 3775 et,
890 3706 1169 3763 simulata
1190 3725 1348 3780 pace,
1373 3711 1701 3783 Berengarii
1730 3711 1864 3767 ﬁdei
1888 3712 2119 3781 tradito,

479 3795 541 3850 in
573 3795 934 3851 Provinciam
966 3795 1123 3851 omni
1170 3812 1303 3851 cum
1332 3798 1579 3869 pecunia
1616 3800 1965 3871 properavit.
2001 3801 2124 3865 Quo

479 3883 1512 3956 auditoRaimundusAquetaniorum
1525 3888 1797 3961 princeps
1811 3906 1945 3945 eum
1959 3889 2123 3959 adiit,

478 3972 572 4029 cui
588 3973 654 4009 ⁴⁰⁸
674 3977 732 4031 et
758 3990 863 4046 pro
896 3974 1071 4030 minis
1094 3972 1251 4031 mille
1276 3991 1338 4032 se
1359 3975 1420 4031 in
1444 3976 1692 4034 militem
1723 3978 1900 4048 dedit,
1924 3979 2127 4036 ﬁdem-
2228 4002 2235 4003 ν

478 4079 592 4136 quo
620 4062 734 4119 sibi
763 4067 1133 4119 servaturum
1172 4064 1508 4135 juramento
1549 4067 1894 4124 adﬁrmavit.
1929 4069 2039 4125 Sed
2070 4073 2127 4125 et

477 4151 842 4225 congregatis
873 4150 1056 4224 copiis
1077 4151 1305 4209 Italiam
1324 4152 1731 4227 ingressurum
1754 4173 1820 4213 ac
1835 4157 2126 4231 Berengau

478 4241 633 4297 rium
664 4240 1092 4297 debellaturum
1117 4241 1186 4276 ⁴⁰⁰
1211 4259 1338 4299 esse
1359 4245 1629 4316 promisit
1657 4270 1671 4315 ;
1702 4249 1857 4319 quod
1907 4252 2124 4320 quanto

472 4346 584 4385 nos
606 4345 808 4385 omnes
829 4329 1128 4402 cachynno
1149 4331 1423 4400 ali‘ecerit,
1443 4334 1635 4405 gentis
1652 4335 1916 4407 ejusdem
1932 4337 2126 4395 vilitas

479 4417 675 4491 palam
705 4418 864 4488 facit,
889 4435 1016 4491 qua:
1041 4420 1150 4476 etsi
1178 4421 1450 4492 praesidio
1480 4439 1608 4479 esse
1638 4431 1856 4497 posset,
1883 4428 1955 4483 ad
1988 4430 2127 4484 elI'e-

480 4511 640 4561 ctum
654 4510 852 4563 tamen
866 4506 1326 4580 haudquaquam
1342 4510 1984 4585 perduceret,quoniam
2005 4516 2129 4588 qui-

2228 3321 2507 3393 esset,qui
2528 3321 2580 3378 ei
2602 3324 2780 3379 vitam
2805 3326 3078 3383 auferret.
3104 3329 3215 3385 Sed
3240 3347 3374 3387 cum
3396 3331 3677 3390 timerent
3697 3336 3891 3393 Deum

2230 3425 2455 3478 omnes,
2479 3415 2538 3466 et
2566 3428 2725 3469 mors
2754 3414 2882 3485 ejus
2899 3415 3250 3487 differretur,
3275 3421 3537 3491 pervenit
3565 3424 3639 3479 ad
3672 3424 3892 3482 Beren—

2230 3497 2458 3571 garium
2489 3516 2702 3557 sermo.
2724 3501 2907 3558 Willa
2924 3520 3057 3560 vero
3074 3506 3230 3578 cepit
3245 3509 3545 3581 aruspices
3565 3511 3895 3571 maleﬁcos-

2231 3603 2345 3659 que
2377 3587 2692 3661 inquirere,
2737 3606 2852 3663 quo
2898 3609 3103 3650 eorum
3159 3597 3521 3656 carminibus
3555 3601 3890 3671 juvaretur.

2231 3676 2439 3732 Utrum
2462 3682 2659 3734 autem
2687 3678 2899 3735 horum
2931 3682 3292 3740 carminibus
3322 3702 3399 3741 an
3422 3687 3762 3762 Berengarii
3811 3692 3894 3748 sit

2232 3765 2436 3837 adjuta
2465 3765 2738 3833 mollicie,
2771 3768 2913 3824 adeo
2963 3786 3130 3827 mens
3173 3773 3303 3844 ejus
3349 3778 3438 3832 est
3484 3775 3792 3849 inclinata,
3825 3784 3892 3835 ut

2388 3942 2591 4006 Sponte
2620 3946 2855 3997 maritali
2886 3949 3181 4014 porrigeret
3208 3966 3305 4003 ora
3332 3954 3561 4018 capistro
3586 3955 3744 4019 (140).

2232 4121 2660 4180 Presbiterulus
2680 4124 2896 4199 itaque,
2921 4129 3061 4200 quia
3082 4129 3331 4187 dominae
3355 4132 3653 4191 asseculas
3673 4136 3889 4193 adhin-

2235 4210 2395 4279 nivit,
2428 4211 2696 4269 virilibus
2728 4216 3048 4287 amputatis
3066 4217 3409 4289 dimittitur;
3438 4221 3679 4279 domina
3698 4241 3834 4282 vero
3856 4242 3891 4282 a

2235 4299 2582 4374 Berengario
2606 4304 2793 4375 magis
2816 4304 3729 4384 diligitur.Dixeruntautem,qui
3752 4330 3888 4370 eum

2235 4390 2953 4465 eunuchizaverunt,quod
2970 4394 3176 4451 merito
3199 4395 3368 4453 illum
3382 4398 3622 4456 domina
3637 4408 3887 4471 amaret,

2237 4494 2410 4550 quem
2444 4478 2707 4552 priapeia
2736 4485 2969 4553 portare
3000 4500 3166 4539 arma
3193 4489 3504 4542 constaret.

479 4594 633 4661 dem,
656 4600 899 4693 vocante
916 4596 1189 4694 pomino,
1212 4597 1368 4654 brevi
1392 4615 1491 4655 rex
1524 4600 1689 4673 Hugo
1709 4602 1863 4658 viam
1889 4608 1977 4660 est
1999 4622 2124 4661 car-
2156 4633 2203 4698 Β
2305 4612 2394 4667 33.
2418 4613 2526 4669 Per
2546 4613 2603 4669 id
2626 4618 2860 4688 tempus
2884 4617 3520 4692 Taxis,Hungariorum
3544 4637 3889 4697 rex,magno

479 4682 573 4738 nis
602 4681 885 4738 universas
913 4683 1217 4757 ingressus
1248 4688 1315 4722 ⁴¹⁰
1343 4689 1454 4756 (αη.
1498 4691 1622 4760 966,
1668 4692 1892 4764 April.),
1942 4699 2123 4752 Bertaa

478 4770 639 4844 nepti
665 4787 808 4837 suae,
826 4772 1071 4830 Bosonis
1093 4774 1451 4833 Arelatensis
1469 4780 1700 4837 comitis
1720 4781 1925 4852 viduae,
1952 4801 2125 4857 pecu-

478 4860 577 4918 nia
598 4858 895 4917 derelicta.
920 4861 1104 4926 Quam
1128 4864 1304 4921 etiam
1322 4865 1479 4922 brevi
1501 4868 1689 4941 spatio
1711 4870 2126 4943 intercedente,

477 4953 838 5008 memoratus
852 4949 1241 5022 Raimundus,
1260 4953 1674 5026 impurissimis
1687 4959 1750 4994 “1
1766 4962 1955 5033 gentis
1970 4963 2129 5035 prin-

476 5056 611 5112 ceps
640 5039 927 5113 inpurior,
980 5039 1093 5096 sibi
1131 5041 1406 5098 maritam
1437 5045 1744 5116 eli‘ecerat;
1794 5051 1964 5122 cujus
2010 5070 2125 5109 non

476 5128 667 5185 solum
692 5129 1007 5186 concubitu
1020 5146 1222 5186 verum
1241 5131 1417 5201 etiam
1435 5133 1635 5190 osculo
1656 5134 1989 5211 indignum,
2010 5142 2126 5200 ele-

2235 4716 2371 4757 cum
2394 4704 2647 4759 exercitu
2671 4704 2731 4759 in
2763 4705 2991 4762 Italiam
3016 4706 3193 4763 venit.
3228 4707 3332 4764 Cui
3352 4708 3740 4784 Berengarius
3771 4730 3891 4771 non

2235 4805 2303 4844 ex
2333 4791 2568 4863 propria
2588 4793 2855 4864 pecunia,
2881 4796 2981 4851 sed
3006 4811 3074 4850 ex
3096 4794 3444 4853 eclesiarum
3465 4815 3532 4856 ac
3561 4816 3891 4873 pauperum

2236 4878 2575 4937 collectione
2596 4881 2665 4937 lO
2678 4883 2903 4939 modios
2926 4900 3305 4942 nummorum
3318 4887 3500 4944 dedit.
3518 4888 3673 4945 Fecit
3691 4894 3893 4949 autem

2236 4968 2363 5037 hoc,
2400 4986 2514 5026 non
2548 4974 2612 5026 ut
2641 4972 2841 5044 populi
2874 4989 3077 5029 curam
3101 4974 3363 5042 haberet,
3378 4977 3480 5033 sed
3502 4980 3569 5034 ut
3597 4978 3709 5036 hac
3730 4995 3895 5038 occa-

2236 5056 2398 5114 sione
2415 5074 2690 5131 magnam
2717 5060 3026 5132 pecuniam
3050 5069 3447 5138 congregaret.
3470 5066 3630 5132 Quod
3652 5070 3710 5124 et
3731 5067 3891 5126 fecit.

2235 5145 2299 5202 In
2323 5147 2482 5202 omni
2502 5148 2661 5205 enim
2684 5150 2877 5207 utrius
2905 5167 3078 5209 sexus
3090 5151 3541 5229 homo,tamque
3563 5150 3894 5215 ablactatus

1826 5254 2065 5314 VARI/E
2125 5260 2538 5318 LECTIONES.

543 5340 612 5420 “3‘
650 5340 902 5421 lothariu
937 5343 961 5399 l
1044 5345 1112 5380 ‘0‘
1160 5344 1457 5421 oblati‘ls
1499 5348 1565 5383 ‘07
1593 5364 1942 5421 prosecurus

1995 5356 2048 5411 l.
2126 5359 2192 5393 ⁴⁰⁸
2241 5358 2385 5443 deest
2412 5361 2468 5426 5,
2524 5361 2560 5415 5
2611 5378 2664 5442 a.
2742 5363 2810 5443 “f9
2862 5363 3271 5443 debelaturum
3301 5366 3357 5443 _l._
3406 5366 3891 5443 r_‘{°ingresusl.

475 5409 540 5503 2”
572 5409 974 5503 inpuzdissimae
1002 5433 1143 5471 corr.
1178 5417 1572 5490 inpurissimae
1593 5409 1655 5477 Ἰ.
1732 5424 1800 5457 ⁴¹²
1828 5428 1869 5479 t.
1905 5426 1961 5479 d.
1992 5409 2046 5483 c.
2073 5446 2125 5485 v.
2157 5447 2214 5503 p.
2454 5409 2700 5489 vciin
2748 5409 3324 5494 deanvt"53"5'"ai.""315
3340 5409 3897 5501 isthic‘j

478 5479 670 5538 desunt
697 5484 753 5538 5.
781 5486 816 5539 5
846 5502 898 5541 a.

2074 5598 2289 5658 ΝΟΤιἘι

551 5650 596 5724 (l
611 5651 700 5724 40)
730 5650 995 5711 Juvenal.
1027 5660 1145 5715 Sat.
1175 5677 1255 5732 v1,
1287 5661 1375 5718 43.
