4050 6394
125 405 268 473 897

1139 407 1247 471 DE
1291 406 1545 474 REBUS
1592 410 1864 474 GESTIS
1910 404 2246 475 OTTONIS
2289 410 2374 474 Μ.
2420 408 2586 476 ΙΜΡ.

3447 400 3566 479 898

130 539 611 614 remansit,quia
639 540 721 596 ita
751 554 815 597 se
837 540 1137 613 aequaliter
1156 542 1517 613 ponderavit,
1542 546 1607 598 ut
1635 547 1693 599 et
1722 543 1810 598 lu-
1840 545 1895 611 Α
1921 544 2256 616 vigentibus
2285 548 2496 617 praeest
2515 544 2678 601 alter.
2694 544 2762 601 Hi
2784 545 2982 618 itaque
3005 544 3130 618 pari
3158 548 3570 620 numero,quia

134 628 304 687 serit
316 645 383 685 ac
401 645 584 686 sanus
599 628 1073 698 descenderit,ita
1088 645 1180 685 me
1202 633 1294 685 stu
1303 630 1504 702 pidum
1538 632 1808 698 reddidit,

134 722 215 773 ut.
282 718 483 791 ipsum
535 719 711 775 etiam
748 718 1161 792 imperatorem
1196 736 1326 775 mea
1354 720 1662 777 admiratio
1695 738 1811 777 non

131 806 385 863 lateret.
445 807 610 864 Unde
666 811 723 864 et
768 808 1047 864 accersito
1102 808 1437 881 interprete,
1478 809 1619 881 quid
1666 809 1813 864 mihi

138 894 495 953 mirabilius
522 896 841 965 videretur,
872 902 962 953 est
990 897 1324 954 sciscitatus
1360 915 1373 953 :
1408 914 1577 970 puer,
1609 898 1708 970 qui
1751 914 1813 955 se

139 984 307 1042 adeo
337 985 633 1041 moderate
664 989 904 1041 rexerat.
938 990 1005 1041 ut
1034 985 1334 1042 immobile
1363 986 1584 1059 lignum
1635 990 1809 1056 esset,

142 1090 229 1130 an
263 1074 340 1142 is,
376 1074 477 1147 qui
508 1075 565 1130 id
597 1074 658 1129 in
689 1074 875 1131 fronte
906 1079 1027 1130 tam
1067 1079 1479 1147 argumentosa
1522 1080 1810 1142 tenuerat,

144 1168 220 1219 ut
248 1179 570 1235 puerorum
602 1180 705 1219 nec
736 1165 967 1236 pondus
997 1180 1183 1235 neque
1204 1163 1381 1220 ludus
1402 1162 1491 1219 vel
1516 1165 1813 1221 modicum

144 1251 441 1308 ﬂecteret.
472 1253 735 1325 Cumque
772 1270 867 1309 me
914 1253 1202 1326 ignorare,
1254 1252 1394 1325 quid
1448 1252 1593 1309 mihi
1640 1254 1811 1310 thau-

148 1344 550 1407 mastoteron,
581 1340 641 1396 id
673 1344 761 1397 est
787 1340 1137 1411 mirabilius,
1166 1341 1481 1409 videretur,
1506 1342 1809 1411 edicerem,

147 1444 381 1502 magno
411 1428 652 1487 inﬂatus
682 1431 986 1500 cachinno,
1022 1447 1083 1487 se
1112 1429 1384 1487 similiter
1414 1447 1603 1503 neque
1642 1432 1810 1500 scire,

150 1519 488 1590 respondit.

232 1609 331 1669 10.
361 1608 474 1665 Sed
505 1625 695 1682 neque
733 1609 845 1665 hoc
894 1608 1126 1666 silentio
1174 1609 1640 1682 praetereundum
1688 1627 1817 1666 esse

155 1697 443 1766 arbitror,
475 1697 616 1770 quid
651 1698 781 1755 novi
815 1698 1067 1770 mirique
1092 1698 1251 1754 aliud
1282 1700 1483 1755 eodem
1517 1715 1818 1771 perspexe-

152 1786 300 1841 rim.
334 1785 399 1842 In
432 1801 499 1843 ea
529 1802 654 1859 quae
684 1790 818 1844 ante
846 1786 1226 1860 vaiophoron,
1259 1788 1414 1860 quod
1446 1804 1552 1842 nos
1596 1787 1816 1859 palma-

156 1892 299 1931 rum
318 1891 516 1932 ramos
536 1876 1285 1943 dicimus,ebdomada,tam
1308 1876 1598 1933 militibus
1618 1893 1819 1948 quam-

160 1981 283 2037 que
312 1968 370 2020 et
390 1964 450 2020 in
474 1964 722 2021 diversis
744 1964 1074 2021 constitutis
1092 1964 1300 2020 officiis
1323 1964 1815 2020 numismatorum

162 2070 482 2110 aureorum
526 2054 941 2127 erogationem,
999 2058 1171 2127 prout
1227 2054 1513 2125 cujusque
1565 2057 1822 2109 meretur

164 2143 457 2213 ofﬁcium,
489 2141 809 2215 imperator
838 2142 993 2199 facit.
1027 2142 1129 2198 Cui
1176 2141 1497 2214 erogationi
1548 2142 1687 2214 quia
1729 2158 1820 2197 me

166 2231 457 2288 interesse
482 2230 685 2298 voluit,
719 2232 915 2287 venire
947 2231 1236 2304 praecpit.
1289 2231 1421 2287 Fuit
1469 2235 1664 2286 autem
1711 2231 1819 2286 hu-

158 2321 451 2392 jusmodi.
484 2322 622 2377 Erat
651 2321 917 2394 apposita
954 2322 1016 2376 i0
1059 2320 1390 2376 cubitorum
1437 2319 1822 2393 longitudinis

168 2427 236 2466 ac
268 2413 547 2482 quattuor
572 2410 902 2467 latitudinis
931 2427 1155 2479 mensa,
1191 2427 1317 2482 quae
1350 2409 1712 2465 numismata
1739 2408 1821 2464 lo-

169 2498 324 2556 culis
354 2499 646 2572 colligata,
687 2503 862 2572 prout
910 2499 1121 2572 cuiquo
1173 2499 1513 2566 debebatur,
1561 2497 1823 2555 numeris

169 2588 533 2645 extrinsecus
558 2589 618 2644 in
650 2589 860 2645 locutis
891 2589 1146 2662 scriptis,
1181 2588 1484 2643 retinebat.
1538 2587 1827 2660 Ingredie-

174 2678 393 2733 bantur
421 2678 676 2750 denique
698 2683 828 2734 ante
852 2679 1283 2751 imperatorem,
1312 2695 1422 2733 non
1449 2678 1824 2744 confusc,sed

176 2767 516 2836 ordinatim,
550 2769 877 2824 secundum
906 2767 1169 2823 vocantis
1199 2783 1419 2835 vocem,
1454 2766 1553 2838 qui
1611 2766 1829 2837 scripta

176 2855 437 2912 virorum
460 2857 780 2914 secundum
805 2857 981 2913 officii
1000 2856 1346 2931 dignitatem
1368 2854 1607 2911 nomina
1630 2855 1832 2911 recita-

180 2946 299 3001 bat.
333 2948 592 3013 Quorum
625 2945 789 3019 prius
816 2951 1054 3001 vocatus
1093 2950 1181 3002 est
1230 2949 1417 3000 rector
1468 2945 1700 3011 domus,
1738 2943 1828 2999 cui

182 3052 301 3091 non
332 3036 391 3091 in
424 3035 722 3107 manibus,
755 3036 857 3092 sed
886 3035 944 3090 in
991 3035 1254 3091 humeris
1302 3033 1490 3106 posita
1540 3037 1679 3089 sunt
1723 3050 1830 3088 nu-

1917 632 2177 704 dignitas
2199 649 2305 705 par
2326 634 2835 699 erat,numismata
2859 638 2915 690 et
2940 651 3355 708 searamangas
3379 636 3565 692 susci-

1917 722 2164 793 pientes,
2186 739 2301 794 prae
2324 721 2698 779 multitudine
2727 739 2839 778 non
2863 722 2989 794 jam
3014 722 3070 778 in
3094 722 3356 779 humeris
3378 727 3569 798 porta-

1917 815 2145 878 verant,
2181 811 2281 866 sed
2313 812 2725 883 adjuvantibus
2750 810 2882 868 aliis
2912 815 3044 885 post
3083 829 3146 868 se
3192 828 3325 868 cum
3369 811 3567 869 labore

1918 902 2240 954 traxerunt.
2275 900 2413 955 Post
2473 900 2578 955 hos
2637 901 2880 956 admissi
2941 904 3080 956 sunt
3131 901 3397 974 magistri
3456 919 3567 959 nu-

1920 1004 2080 1044 mero
2109 989 2198 1053 2i,
2232 988 2447 1060 quibus
2479 994 2723 1061 erogata:
2755 993 2894 1045 sunt
2936 989 3431 1046 numismatorum
3462 1008 3566 1047 au-‘

1920 1093 2149 1132 reorum
2182 1076 2703 1150 librae,unicuique
2732 1078 3054 1133 secundum
3086 1078 3337 1135 eundem
3368 1096 3569 1136 numeé

1920 1183 2053 1221 rum
2102 1167 2170 1220 24
2230 1182 2365 1220 cum
2423 1166 2823 1239 scaramangis
2880 1168 3128 1223 duabus.
3187 1167 3566 1225 Patriciorum

1922 1254 2129 1310 deinde
2161 1255 2301 1311 ordo
2334 1255 2442 1311 hoc
2487 1272 2636 1328 pone
2685 1260 2774 1312 est
2829 1262 3086 1322 secutus,
3146 1261 3204 1313 et
3257 1258 3567 1314 duodecim

1926 1343 2739 1401 numismatorumlibriscum
2754 1345 3566 1418 scaramangiaunadonatus.

1925 1432 2033 1498 Qui
2063 1434 2213 1487 sicut
2244 1449 2347 1488 nec
2379 1432 2779 1504 patriciorum,
2817 1434 2901 1489 ita
2952 1451 3054 1489 nec
3101 1432 3407 1504 librarum,
3452 1435 3569 1491 nisi

1925 1521 2078 1592 quod
2112 1520 2430 1593 unicuique
2459 1522 3047 1589 dabatur,numerum
3070 1522 3418 1579 scio.Turba
3440 1528 3575 1596 post

1923 1610 2045 1665 hmc
2078 1609 2347 1665 inmensa
2376 1613 2634 1677 vocatur,
2664 1610 3308 1682 protospathariorium,
3342 1612 3573 1684 spatha-

1927 1698 2440 1755 rocandidatorum
2472 1701 2559 1768 ‘1‘,
2612 1699 3014 1766 kitonitarum,
3060 1698 3572 1773 manglavitarum,

1927 1792 2459 1859 protocaravorum,
2506 1806 2757 1861 quorum
2804 1787 2841 1845 7
2889 1788 3060 1859 alius,
3090 1790 3148 1860 6,
3177 1791 3231 1857 5,
3264 1789 3317 1857 4,
3348 1790 3401 1857 3,
3432 1791 3487 1858 2,
3523 1790 3573 1858 1,

1928 1878 2250 1933 secundum
2284 1876 2586 1949 dignitatis
2610 1878 2847 1933 modum
2873 1880 3176 1950 acceperat
3195 1877 3364 1934 alius.
3379 1879 3578 1950 Neque

1927 1966 2083 2022 enim
2114 1966 2224 2021 hoc
2256 1970 2313 2021 te
2341 1983 2459 2020 una
2480 1967 2849 2039 patratum‘”
2862 1983 2990 2023 esse
3009 1967 3104 2022 die
3129 1966 3463 2023 existimare
3483 1983 3576 2023 ve-

1928 2055 2052 2110 lim.
2087 2058 2326 2127 Ceptum
2359 2054 2575 2127 quippe
2608 2055 2812 2127 quinta
2842 2054 2984 2110 feria
3034 2056 3106 2110 ab
3164 2055 3309 2112 hora
3365 2056 3478 2112 diei
3512 2056 3580 2093 m

1929 2142 2118 2216 prima
2148 2159 2334 2214 usque
2366 2144 2422 2199 in
2454 2142 2658 2198 horam
2689 2147 2956 2215 quartam
2981 2143 3236 2204 "Ksexta
3255 2148 3312 2200 et
3331 2144 3579 2217 septima

1932 2232 2071 2287 feria
2103 2237 2193 2287 est
2224 2232 2295 2286 ab
2330 2231 2681 2303 imperatore
2720 2230 2971 2287 ﬁnitum.
3007 2230 3108 2288 His
3166 2248 3421 2305 namque
3477 2232 3578 2305 qui

1930 2321 2129 2376 minus
2144 2311 2319 2393 quam
2343 2319 2552 2377 libram
2583 2321 3017 2393 accipiunt,non
3031 2321 3576 2395 jamimperator‘”,

1932 2411 2032 2466 sed
2061 2410 2555 2482 parakinumenos
2578 2411 2638 2465 in
2669 2427 2738 2465 ea
2768 2427 2894 2483 qua?
2929 2416 3059 2467 ante
3089 2411 3308 2484 pascha
3337 2417 3427 2469 est
3456 2416 3581 2468 tota

1934 2500 2258 2555 ebdomada
2288 2498 2512 2555 tribuit.
2544 2499 2825 2555 Adstante
2858 2500 3052 2572 itaque
3084 2517 3198 2570 me,
3233 2504 3289 2557 et
3316 2517 3451 2557 cum
3485 2501 3581 2556 ad-

1937 2588 2244 2644 miratione
2272 2605 2393 2644 rem
2427 2589 2853 2654 considerante,
2888 2606 2989 2661 per
3030 2588 3408 2662 logothetam,
3441 2590 3583 2662 quid

1936 2695 2114 2749 super
2142 2678 2251 2733 hac
2283 2694 2343 2733 re
2377 2676 2519 2732 mihi
2551 2678 2820 2749 placeret,
2847 2678 3181 2733 sciscitatus
3203 2681 3270 2714 "9
3289 2683 3378 2735 est
3407 2681 3587 2752 impe-

1938 2771 2112 2822 rator.
2147 2766 2250 2822 Cui
2282 2766 2522 2839 inquam
2558 2784 2571 2822 :
2606 2789 2633 2817 «
2668 2766 2925 2823 Placcrct
2953 2765 3021 2802 ‘3"
3066 2783 3227 2837 sane,
3262 2768 3311 2825 si
3350 2768 3415 2803 ⁴³¹
3449 2752 3599 2841 pro?

1938 2856 2170 2923 desset;
2208 2854 2361 2911 sicut
2389 2859 2445 2910 et
2474 2854 2730 2911 estuanti
2762 2854 2923 2910 diviti
2955 2856 3153 2912 Lazari
3181 2857 3307 2913 visa
3356 2857 3589 2930 requies

1940 2944 2262 3016 prodesset,
2293 2943 2342 2999 si
2374 2944 2703 3015 proveniret
2725 2944 2829 3012 m;
2861 2944 2955 3000 cui
3002 2945 3141 3017 quia
3189 2963 3305 3002 non
3351 2944 3586 3019 accidit,

1942 3032 2044 3105 qui
2074 3049 2270 3104 quaeso
2301 3031 2528 3104 placere
2558 3032 2792 3104 potuit?
2822 3054 2850 3083 ››
2880 3033 3198 3091 Subridens
3236 3035 3432 3107 itaque
3479 3034 3589 3090 im-

184 3124 463 3183 mismata
518 3141 650 3181 cum
708 3124 1106 3198 scaramangis
1163 3125 1290 3198 (146
1345 3126 1639 3195 quattuor.
1701 3122 1837 3178 Post
1943 3124 2191 3194 perator,
2215 3119 2522 3192 paululum
2555 3121 2776 3192 pudore
2802 3123 3316 3190 commotus,utad
3337 3137 3400 3179 se
3420 3122 3588 3189 irem,

186 3232 362 3288 quem
395 3232 428 3272 o
458 3215 810 3273 domesticos
838 3214 916 3271 tis
948 3213 1272 3280 ascalonas,
1319 3217 1376 3268 et
1422 3230 1454 3268 ο
1502 3211 1835 3285 delongaris
1881 3284 1906 3288 Δ
1946 3210 2135 3283 capite
2161 3209 2372 3277 innuit,
2407 3207 2770 3281 palliumque
2801 3226 3081 3282 magnum
3112 3227 3248 3267 eum
3278 3226 3590 3268 aureorum

183 3284 262 3361 tis
291 3304 478 3377 ploos,
513 3310 651 3361 sunt
677 3304 861 3361 vocati
889 3322 903 3374 ;
938 3321 1185 3377 quorum
1216 3303 1363 3358 alter
1395 3284 1705 3368 militibus,
1738 3318 1836 3357 na-
1867 3284 1911 3352 C
1947 3298 2115 3368 libra,
2151 3314 2328 3370 quam
2355 3296 2604 3354 libenter
2633 3297 2813 3367 dedit,
2845 3297 3125 3356 libentius
3159 3298 3375 3373 accepi.

1542 3399 1785 3455 VARle
1822 3397 2130 3455 LECTION
2135 3397 2235 3451 ES.

257 3494 329 3529 ⁴²⁴
356 3492 798 3565 candidatorum
827 3492 1043 3565 reliqua
1073 3493 1277 3565 capitis
1297 3491 1492 3547 desunt
1519 3491 1572 3545 5.
1601 3490 1639 3565 3V
1665 3506 1696 3544 a
1725 3489 1970 3565 5*.“hipc
2008 3488 2207 3565 [alium
2254 3487 2508 3565 cercisuni
2562 3486 2623 3541 in
2676 3485 2855 3565 codice
2908 3487 2960 3565 5_
2999 3505 3051 3543 a.
3088 3488 3290 3565 ⁸Ειῑίεξο
3340 3490 3595 3565 princeps

185 3564 337 3622 addit
368 3583 387 3621 :
418 3569 478 3621 et
507 3564 565 3638 id
598 3581 782 3638 genus
809 3564 1137 3638 clientum.
1223 3564 1290 3597 ⁴²⁵
1321 3564 1672 3638 paratum__2.

184 3653 334 3693 voces
359 3635 687 3692 membra'na
714 3637 948 3692 abscissa
979 3635 1273 3691 exitiorum
1306 3637 1366 3690 in
1393 3638 1446 3688 2.

186 3709 466 3766 obscurior
496 3709 558 3763 in
584 3711 639 3763 2.

1786 3561 1853 3595 ηδ
1874 3560 1967 3615 die
2000 3560 2049 3613 1.
2083 3561 2135 3613 2.
2249 3558 2314 3591 m

1560 3633 1628 3667 "9
1657 3632 1979 3688 suscitatus
2007 3635 2059 3685 2.

2340 3561 2610 3628 quartam
2642 3561 2699 3613 et
2722 3562 2884 3613 sexta
2913 3561 2969 3614 et
2998 3576 3047 3615 s.
3081 3561 3120 3615 f.
3149 3561 3221 3617 ab
3247 3563 3299 3617 2.
3375 3561 3442 3597 "3
3471 3561 3600 3618 dua?

2174 3630 2240 3664 ⁵³⁰
2272 3629 2500 3684 Placere
2530 3632 2583 3683 2.
2695 3629 2759 3664 ⁴³¹
2790 3646 2896 3685 vox
2921 3631 3127 3688 excidit
3157 3635 3217 3689 in
3246 3632 3301 3690 2.
3397 3633 3466 3668 ‘3’
3493 3647 3599 3689 voa:

1777 3773 2009 3831 ΝΟΤιἘ.

260 3849 407 3914 (146)
436 3849 672 3923 penula,
705 3848 864 3923 pallii
893 3848 1168 3905 militaris
1201 3864 1406 3922 genus.

1363 4051 2437 4227 Llu'rrnANnI

1461 4292 1962 4352 CREMONENSIS
2002 4290 2317 4349 EPISCOPI

1727 4428 2050 4515 LIBER

193 4618 359 4743 DE
391 4614 827 4742 BEBUS
865 4610 1345 4739 GESTIS
1381 4606 1949 4735 OTTONIS
1985 4604 2443 4738 MAGNI
2481 4605 3409 4734 IMPERATORIS
3441 4607 3598 4683 “33)

264 4931 386 5005 (An.
417 4928 571 4998 960.)
601 4927 653 4983 1.
687 4924 1093 4999 Regnantibus
1121 4924 1209 4992 ‘3‘,
1269 4923 1386 4979 imo
1447 4922 1841 4992 saevientibus,
1875 4924 1917 4989 D
1948 4919 2277 4977 Johannem
2309 4917 2576 4975 videlicet
2606 4919 2963 4977 eardinalem
2995 4921 3318 4989 diaconem,
3350 4926 3408 4977 et
3454 4923 3597 4978 Azo-

199 5023 256 5079 in
284 5019 531 5088 Italia,et
550 5021 616 5073 ut
641 5016 836 5073 verius
869 5013 1157 5070 fateamur
1184 5011 1551 5084 tyrannidem
1576 5029 1841 5068 exercen-

196 5105 723 5181 tibus,Berengario
746 5108 919 5176 atque
932 5100 1241 5158 Adalberto
1252 5100 1548 5157 Johannes
1570 5117 1841 5157 summus

200 5199 454 5276 pontifex
482 5200 538 5253 et
565 5192 912 5251 universalis
950 5208 1120 5264 papa,
1173 5191 1342 5261 cujus
1393 5193 1533 5244 tunc
1587 5188 1844 5245 {ecclesia

203 5286 664 5363 supradictorum
687 5281 1021 5355 Berengarii
1051 5284 1226 5353 atque
1254 5277 1552 5335 Adalberti
1577 5278 1841 5335 sevitiam

203 5382 321 5439 erat
360 5380 615 5452 experta,
646 5373 885 5431 nuntios
916 5374 1128 5428 sanetae
1159 5370 1433 5427 Romana;
1464 5367 1733 5425 (ecclesiae
1754 5370 1840 5438 ‘35,

1949 5028 2081 5065 nem
2114 5006 2507 5074 scriniarium,
2539 5008 2911 5065 serenissimo
2942 5013 3116 5081 atque
3165 5009 3430 5082 piissimo
3458 5014 3600 5066 tunc

1950 5099 2091 5172 regi,
2126 5115 2280 5153 nunc
2312 5101 2559 5170 augusto
2590 5099 2796 5166 cesari,
2821 5097 3015 5153 Ottoni
3040 5097 3353 5154 destinavit
3374 5097 3599 5171 suppli-

1951 5189 2097 5244 citer
2125 5186 2337 5243 litteris
2362 5190 2418 5241 et
2446 5202 2640 5241 rerum
2673 5185 2857 5258 signis
2901 5203 3099 5255 orans,
3160 5185 3440 5258 quatinus
3496 5186 3599 5243 Dei

1951 5295 2056 5351 pro
2087 5293 2282 5333 amore
2327 5279 2779 5347 sanctorumque
2838 5274 3291 5349 aposlorumque
3345 5275 3497 5333 Petri
3545 5280 3604 5335 et

1952 5365 2295 5439 Pauli,quos
2317 5363 2661 5420 delictorum
2683 5380 2926 5421 suorum
2959 5364 3220 5439 cupierat
3239 5381 3369 5423 esse
3394 5364 3601 5423 remis-

269 5568 336 5605 ’⁸³³
362 5565 646 5638 inscriptio
676 5560 940 5638 llfiClPIT
957 5557 1210 5638 _LI_I§ER_
2520 5554 2748 5638 nonnisi
2772 5554 2915 5638 in‘5.
2945 5558 2998 5611 et
3023 5555 3119 5638 ‘59..
3151 5554 3484 5638 Dlvisioncm
3503 5571 3602 5638 fa-

199 5642 371 5775 Ξῗὲἔπ
397 5654 517 5768 qui:
530 5630 607 5693 'in
634 5634 907 5694 codicibus
931 5631 1304 5702 desidera/tur,
1332 5630 1570 5701 institui,

335 5728 447 5770 um.
522 5751 536 5769 .

335 5728 447 5770 um.
483 5728 536 5769 1.

1682 5628 1752 5667 ‘3‘
1770 5628 1936 5688 eodem
1963 5628 2017 5686 '2.
2052 5629 2115 5686 in
2142 5641 2265 5684 voce
2290 5623 2671 5701 Waldpertus
2698 5628 2911 5687 sanetae
2939 5625 3174 5686 orditur.
3272 5643 3326 5687 e.
3381 5628 3446 5687 in
3487 5627 3599 5708 ﬁne
