4050 6410
451 392 583 459 899.

1414 388 1891 454 LIUTPRANDI
1935 377 2482 449 CREMONENSIS
2526 382 2911 449 EPISCOPI.

3754 379 3912 443 960

453 544 639 600 seros,
671 542 735 585 se
765 525 994 600 sibique
1034 524 1412 584 commissam
1468 527 1728 580 sanetam
1780 522 2101 576 Romanam
2134 522 2187 586 Α
2218 519 2470 591 denique
2517 522 2740 591 justus,
2799 537 2903 576 cur
2956 518 3332 577 Adelbertum
3384 516 3640 575 Johanes
3686 533 3902 590 papa,

455 617 757 674 ecclesiam
787 633 857 672 ex
886 632 1090 672 eorum
1122 615 1390 672 faucibus
1418 613 1709 679 liberaret,
1742 627 1808 666 ac
1839 608 2013 665 saluti
2046 612 2104 663 et

452 706 707 762 libertati
739 705 999 777 pristinae
1053 704 1406 760 restitueret.
1468 703 1597 758 Hazc
1657 701 1797 756 dum
1856 697 2102 753 Romani

451 794 643 850 nuntii
674 797 1132 866 conquerantur‘
1167 793 1254 849 vir
1299 790 1647 848 venerabilis
1698 787 2099 860 Waldpertus,

451 886 663 938 sancta:
697 880 1149 938 Mediolanensis
1175 880 1395 937 eclesize
1422 876 2103 950 archiepiscopus,semi~

446 972 614 1027 vivus
645 988 715 1027 ex
743 971 1154 1043 praedictorum
1178 970 1337 1025 rabie
1358 965 1692 1039 Berengarii
1720 968 1897 1037 atque
1935 962 2101 1018 Adel-

447 1061 596 1116 berti
626 1060 931 1131 liberatus,
980 1058 1251 1132 superius
1300 1055 1606 1114 memorati
1659 1054 1908 1119 Ottonis,
1962 1057 2101 1108 tunc

448 1149 604 1222 regis
634 1166 788 1205 nunc
819 1147 1037 1219 Cesaris
1067 1146 1324 1219 augusti,
1357 1145 1677 1219 potentiam
1712 1142 1892 1207 addit,
1946 1141 2099 1197 indi-

447 1254 611 1305 cans,
647 1254 710 1293 se
740 1255 854 1293 non
890 1254 1061 1309 posse
1091 1237 1239 1292 ferre
1270 1240 1328 1291 et
1383 1234 1503 1307 pati
1535 1229 1867 1305 Bcrengarii
1924 1234 2099 1301 atque

441 1325 986 1392 Adelberti,necnon
1011 1323 1265 1379 etWillzn
1287 1321 1725 1392 saevitiam,quaa
1744 1318 2095 1375 Mannassen

441 1413 840 1470 Arelatensem
873 1413 1212 1484 episcopum
1235 1417 1438 1467 contra
1460 1410 1564 1481 jus
1595 1410 1798 1479 fasque
1826 1403 2097 1460 Mediola-

446 1504 610 1560 nensi
641 1502 765 1559 sedi
797 1502 1148 1574 praefecerat.
1180 1500 1386 1556 Aiebat
1445 1515 1605 1565 sane,
1666 1497 1817 1550 hanc
1876 1492 2095 1549 eclesias

445 1610 563 1648 suae
596 1608 725 1647 esse
755 1587 1488 1661 calamitatem,qua3,quod
1520 1603 1581 1641 se
1613 1600 1869 1656 suosque
1892 1598 2096 1654 capere

442 1684 752 1754 oporteret,
777 1679 1167 1751 interciperet.
1185 1677 1294 1733 Sed
1316 1675 1520 1732 Waldo
1550 1675 1849 1730 Cumanus
1872 1670 2093 1743 episco-

442 1788 551 1843 pus
582 1769 739 1825 hunc
771 1785 920 1839 pone
952 1772 1041 1823 est
1070 1772 1331 1831 secutus,
1365 1782 1479 1820 non
1512 1764 1805 1836 disparem
1829 1779 1863 1816 a
1890 1761 2097 1815 Beren-

441 1859 626 1933 gario,
655 1858 968 1954 Adalperto
1000 1861 1058 1912 et
1086 1855 1469 1927 Willa,quam
1490 1852 2096 1954 Waldpertusmontu:
2122 1889 2172 1954 B

442 1948 677 2005 meliam
705 1946 1016 2003 clamitans
1045 1962 1107 2000 se
1136 1961 1266 2000 esse
1316 1958 1681 2015 perpessum.
1714 1940 2006 1995 Venerunt
2035 1942 2093 1993 et

442 2035 709 2093 nonnulli
739 2035 980 2091 alterius
1019 2032 1240 2089 ordinis
1265 2049 1334 2088 ex
1360 2030 1524 2088 Italia
1567 2030 1695 2097 viri,
1747 2045 1895 2101 quos
1942 2027 2094 2082 inter

440 2125 690 2181 illustris
721 2123 982 2180 maschio
1013 2122 1288 2179 Otbertus
1322 2137 1455 2176 cum
1498 2117 1836 2192 apostolicis
1885 2133 2090 2172 cucur-

440 2220 595 2272 rerat
624 2213 868 2280 nuntiis,
902 2229 936 2268 a
964 2211 1337 2267 sanctissimo
1369 2209 1750 2275 Ottonc,tunc
1782 2222 1914 2278 rege
1937 2220 2092 2259 nunc

450 2307 701 2377 augusto
733 2318 964 2369 caesare,
999 2299 1330 2368 consilium,
1365 2297 1646 2353 auxilium
1681 2299 1974 2367 expetens.

514 2391 637 2464 (An.
665 2389 817 2462 961.)
848 2392 902 2443 2.
934 2389 1153 2445 Horum
1185 2387 1382 2459 itaque
1422 2403 1522 2441 rex
1567 2383 1874 2456 piissimus
1922 2381 2092 2437 lacri-

443 2480 627 2536 mosis
658 2478 979 2551 quzestibus
1011 2476 1345 2543 inclinatus,
1380 2491 1495 2529 non
1526 2490 1654 2545 quae
1686 2489 1795 2527 sua
1822 2471 1924 2526 sed
1966 2487 2092 2542 quae

440 2570 577 2625 Jesu
604 2567 818 2625 Christi
841 2570 982 2622 sunt
1002 2564 1481 2637 cogitansﬁlium
1506 2578 1681 2617 suum
1716 2559 1826 2615 sibi
1849 2558 2097 2630 azquivo-

444 2672 580 2711 cum
610 2660 813 2710 contra
835 2671 1057 2709 morem
1096 2652 1421 2724 puerilibus
1447 2650 1505 2704 in
1536 2648 1705 2705 annis
1733 2664 1925 2721 regem
1959 2664 2093 2702 con-

446 2744 716 2811 stituens,
750 2758 885 2797 eum
916 2741 976 2796 in
1021 2741 1270 2797 Saxonia
1300 2738 1646 2810 dereliquit;
1686 2738 1810 2810 ipse
1840 2735 2094 2792 collectis

446 2831 629 2904 copiis
651 2829 879 2885 Italiam
901 2829 1157 2902 percitus
1177 2827 1469 2894 venit.Qui
1494 2830 1660 2901 'tanto
1680 2826 2093 2898 Bercngarium

336 2950 343 2957 κ
402 2954 407 2957 ~
447 2925 622 2993 atque
648 2918 1029 2991 Adalpertum
1075 2917 1321 2974 celerius
1373 2933 1550 2989 regno
1600 2914 1841 2988 expulit,
1877 2918 2094 2987 quanto

446 3009 858 3081 constat,quod
884 3006 1315 3064 commilitones
1344 3006 1579 3061 Petrum
1605 3010 1661 3061 et
1692 3004 1934 3060 Paulum
1965 3022 2096 3060 san-

442 3098 741 3155 ctissimos
802 3095 1098 3169 apostolos
1153 3094 1378 3155 habuit.
1425 3094 1622 3150 Bonus
1652 3095 1848 3166 itaque
1879 3093 2093 3177 readi-

443 3204 647 3261 spersa
677 3202 1038 3259 congregans
1063 3189 1120 3240 et
1152 3185 1334 3240 fracta
1363 3183 1756 3252 consolidans,
1779 3183 1935 3255 quod
1967 3181 2095 3237 cui-

2213 625 2387 681 quem
2450 609 2613 681 prius
2668 610 2800 665 odio
2858 609 3188 666 vehementi
3232 609 3673 681 insequebatur,
3704 619 3905 661 nunc

2212 696 2497 769 diligeret,
2533 698 2676 753 satis
2707 698 2906 753 mirari
2938 715 3053 754 uon
3086 698 3296 771 potuit.
3328 696 3640 753 Accersitis
3684 710 3902 767 quam

2212 786 2284 841 ob
2313 803 2431 842 rem
2465 787 2820 858 quibusdam
2851 787 3245 843 familiaribus
3267 786 3498 859 (148),si
3528 785 3639 841 hoc
3658 799 3899 841 verum

2210 880 2382 942 esset,
2420 876 2663 931 Romam
2691 875 2891 949 dirigit
2919 880 3345 949 percontatum.
3363 877 3627 948 Cumque
3656 874 3895 931 eodem

2211 965 2401 1020 nuntii
2432 964 2847 1036 pervenissent,
2879 964 3219 1037 hujusmodi
3250 982 3365 1021 non
3399 982 3432 1020 a
3474 962 3891 1036 quibuslibet,

2209 1054 2310 1109 sed
2362 1053 2433 1107 ab
2482 1053 2778 1120 omnibus,
2812 1058 2913 1109 aut
2961 1054 3183 1126 paucis,
3220 1053 3498 1109 Romanis
3535 1053 3603 1088 ³³⁷
3633 1051 3894 1108 civibus

2208 1158 2488 1213 responsa
2516 1142 2892 1214 suscipiunt:
2928 1165 2955 1192 ‹‹
2989 1143 3114 1198 Non
3164 1143 3366 1214 dispar
3410 1142 3640 1197 videtur
3687 1140 3886 1207 ratio,

2207 1247 2311 1285 cur
2356 1230 2657 1287 Jobannes
2716 1248 2866 1303 papa
2919 1231 3363 1287 sanctissimum
3417 1231 3883 1303 imperatorem,

2207 1336 2382 1375 suum
2414 1319 2634 1375 scilicet
2677 1335 2745 1375 ex
2787 1320 3083 1376 Adalberti
3134 1320 3408 1376 manibus
3459 1318 3883 1383 liberatorem,

2206 1414 2262 1464 et
2292 1407 2562 1465 diabolus
2591 1408 2776 1464 oderit
2805 1413 3153 1465 Creatorem.
3184 1410 3525 1482 Imperator,
3565 1408 3885 1480 quemad-

2206 1498 2447 1553 modum
2480 1514 2538 1552 re
2562 1497 2693 1568 ipsa
2722 1499 2938 1569 experti
2972 1514 3280 1565 sumus,ea
3309 1516 3435 1570 qua:
3467 1497 3568 1553 Dei
3602 1500 3744 1553 sunt
3767 1513 3882 1552 sa-

2205 1587 2309 1659 pit,
2355 1592 2646 1658 operatur,
2706 1587 2932 1660 diligit;
2993 1587 3385 1643 ecclesiastica
3442 1592 3499 1643 et
3551 1585 3883 1642 saecularia

2205 1677 2437 1749 negotia
2455 1676 2634 1732 armis
2664 1680 2854 1732 tutatu
2866 1677 3179 1741 r,moribus
3201 1681 3390 1743 ornat,
3403 1675 3634 1749 legibus
3653 1692 3884 1731 emun-

2203 1766 2322 1831 dat,
2355 1764 2653 1820 Jobannes
2686 1782 2836 1838 papa
2864 1766 2957 1820 his
2986 1766 3261 1821 omnibus
3312 1767 3672 1821 adversatur.
3727 1763 3879 1820 Non

2207 1854 2354 1910 clam
2388 1852 2600 1925 populo
2630 1857 2735 1920 est,
2769 1854 2923 1926 quod
2956 1855 3224 1910 fatemur.
3253 1854 3442 1910 Testis
3475 1857 3565 1909 est
3595 1852 3875 1909 Rainerii

2204 1943 2295 1999 sui
2326 1942 2512 2015 ipsius
2545 1941 2749 1997 militis
2778 1943 2977 2011 vidua,
3010 1960 3185 2015 quam
3235 1960 3384 1999 caaco
3433 1947 3641 2015 captus
3698 1942 3888 2015 igne,-

2203 2030 2405 2087 multis
2435 2032 2734 2102 praefatam
2769 2032 3036 2102 urbibus,
3071 2032 3459 2087 sacrosanctis
3507 2031 3659 2086 beati
3700 2030 3874 2085 Petri

2203 2121 2438 2176 donavit
2468 2120 2661 2176 aureis
2692 2120 2964 2177 crucibus
2995 2125 3170 2193 atque
3204 2120 3504 2176 calicibus.
3539 2120 3736 2176 Testis
3767 2123 3876 2175 est

2203 2209 2518 2281 Stcphana,
2550 2209 2677 2281 ejus
2711 2210 2912 2277 amita,
2945 2226 3072 2282 quae
3104 2211 3163 2265 in
3195 2211 3477 2266 effusione
3497 2209 3651 2282 quod
3684 2226 3758 2265 ex
3790 2225 3868 2265 eo

2200 2302 2561 2370 conceperat,
2593 2314 2795 2354 recens
2829 2298 3126 2355 hominem
3155 2298 3348 2355 exivit.
3377 2299 3525 2364 Quid
3558 2298 3608 2355 si
3641 2302 3873 2355 cuncta

2202 2389 2453 2453 taceant,
2469 2386 2853 2443 Lateranense
2873 2384 3178 2459 palatium,
3198 2390 3536 2443 sanctorum
3553 2387 3885 2460 quondam-

2202 2475 2545 2549 hospitium,
2565 2491 2722 2531 nunc
2752 2473 3144 2547 prostibulum
3176 2475 3697 2543 meretricum,non
3724 2474 3875 2532 sile-

2203 2564 2549 2631 bit,amitam
2563 2564 3231 2638 conjugcm,Stephaniae
3249 2564 3490 2621 alterius
3511 2564 3867 2621 concubinas

2203 2670 2482 2719 sororem.
2516 2652 2706 2709 Testis
2737 2654 2999 2709 omnium
3033 2654 3299 2726 gentium
3330 2658 3537 2727 praeter
3567 2655 3871 2711 Romana-

2202 2760 2335 2798 rum
2365 2742 2628 2798 absentia
2661 2742 2994 2809 mulierum,
3028 2759 3155 2814 quae
3183 2747 3520 2799 sanctorum
3561 2742 3873 2815 apostolo-

2204 2849 2333 2886 rum
2365 2830 2571 2886 limina
2601 2831 2802 2887 orandi
2832 2831 3020 2903 gratia
3048 2831 3258 2886 timent
3294 2832 3501 2898 visere,
3535 2848 3671 2886 cum
3702 2848 3871 2887 non-

2206 2919 2397 2976 nullas
2428 2924 2561 2976 ante
2592 2920 2715 2976 dies
2746 2936 2963 2992 paucos
2984 2920 3141 2975 hunc
3167 2920 3460 2975 audierint
3484 2922 3872 2994 conjugatas,

2202 3009 2777 3081 viduas,virgines,vi
2810 3009 3193 3081 oppressisse.
3226 3010 3425 3065 Testes
3455 3014 3595 3065 sunt
3625 3012 3874 3066 sanctoé

2203 3115 2333 3155 rum
2363 3096 2761 3170 apostolorum
2793 3096 3070 3167 ecclesiae,
3105 3115 3232 3170 quae
3265 3115 3379 3154 non
3412 3097 3677 3154 stillatim
3726 3098 3874 3171 plu-

2203 3188 2379 3259 viam,
2413 3187 2513 3243 sed
2545 3191 2733 3243 totum
2788 3191 3007 3242 tectum
3065 3188 3439 3256 intrinsecus,
3495 3205 3679 3261 supra
3731 3188 3873 3261 ipsa

441 3252 554 3350 que
586 3252 1030 3351 proprium'fuit
1071 3272 1327 3330 restituit
1385 3272 1518 3327 dein
1571 3252 1817 3328 Romani
1875 3269 2095 3326 similia
2123 3252 2167 3321 (ἶ
2204 3252 2379 3333 etiam
2399 3280 2769 3332 sacrosancta
2785 3273 3253 3331 altariaimbrem
3272 3252 3612 3331 admittunt.
3629 3252 3870 3342 Quanto

440 3367 705 3423 facturus
736 3362 933 3419 adivit.

512 3455 638 3523 (An.
668 3452 821 3523 962.)
852 3452 906 3506 3.
940 3451 1049 3506 Ubi
1080 3450 1226 3506 miro
1257 3455 1465 3507 ornatu
1498 3467 1760 3523 novoque
1807 3452 2093 3521 apparatu

441 3546 776 3613 susceptus,
799 3540 869 3595 ab
902 3540 1106 3595 eodem
1138 3556 1371 3594 summo
1403 3539 1671 3611 pontiﬁce
1698 3542 1755 3594 et
1780 3536 2094 3594 universali

441 3647 596 3704 papa
623 3627 889 3684 Johanne
919 3626 1255 3682 unctionem
1298 3627 1558 3698 suscepit
1599 3625 1827 3699 imperii
1855 3644 1867 3695 ;
1903 3626 2093 3681 solum

442 3717 681 3792 propria
711 3733 826 3772 non
850 3714 1333 3782 restituit,verum
1364 3714 1539 3770 etiam
1571 3715 1908 3787 ingentibus
1932 3732 2093 3787 gom-

445 3822 699 3873 marum,
715 3805 840 3860 auri
864 3803 1205 3876 argentique
1228 3803 1570 3859 muneribus
1592 3803 1897 3859 honoravit
1919 3804 2091 3877 (Febr.

442 3896 518 3969 2).
552 3893 980 3967 Jusjurandum
1012 3908 1146 3947 vero
1173 3893 1243 3948 ab
1275 3892 1478 3948 eodem
1508 3909 1657 3964 papa
1685 3892 1951 3949 Johanne
1994 3910 2093 3949 su-

442 4002 550 4056 pra
580 3981 1078 4057 preciosissimum
1112 3997 1325 4053 corpus
1356 3980 1541 4037 sancti
1571 3981 1743 4049 Petri,
1770 3985 1942 4054 atque
1968 3999 2096 4037 om-

443 4072 618 4129 nibus
651 4070 901 4128 civitatis
932 4069 1290 4142 proceribus,
1312 4086 1374 4125 se
1400 4086 1726 4142 numquam
1748 4070 2093 4143 Berengario

442 4165 617 4234 atque
646 4158 955 4215 Adelberto
1005 4157 1445 4228 auxiliaturum,
1500 4158 1741 4231 accepit.
1795 4158 1930 4216 Post
1971 4159 2093 4216 haec

440 4251 682 4323 Papiam
712 4248 779 4283 ἀδδ
810 4246 958 4320 (147)
991 4246 1329 4321 quantotius
1355 4246 1671 4319 repedavit.

512 4339 637 4410 (An.
667 4338 820 4407 963.)
848 4338 899 4392 4.
952 4337 1179 4393 Interea
1233 4336 1510 4408 praefatus
1564 4353 1716 4408 papa
1769 4336 2090 4408 Jobannes,

433 4426 757 4501 juramenti
774 4429 831 4483 et
853 4424 1260 4498 promissionis
1282 4424 1498 4481 oblitus
1519 4442 1696 4497 quam
1716 4430 1915 4482 sancto
1945 4428 2092 4483 fece-

442 4520 531 4572 rat
558 4513 916 4588 imperatori,
950 4513 1022 4569 ob
1047 4512 1450 4585 Adelbertum,
1476 4517 1539 4569 ut
1568 4530 1630 4570 se
1662 4514 1852 4584 adeat,
1887 4516 2090 4583 mittit,

2202 3383 2308 3421 nos
2336 3370 2554 3420 terrore
2584 3365 2749 3437 tigna
2778 3364 3062 3435 afﬁciunt,
3112 3381 3245 3420 cum
3298 3365 3554 3421 divinam
3585 3365 3652 3400 ‘3‘
3684 3381 3867 3437 opem

2201 3454 2403 3510 eodem
2437 3452 2856 3526 deposcimus?
2881 3470 3041 3509 mors
3071 3452 3132 3508 in
3162 3454 3331 3509 tectis
3355 3456 3715 3526 regnat,qua3
3748 3470 3865 3509 nos

2203 3561 2365 3600 orare
2392 3542 2578 3598 multa
2597 3541 2854 3597 volentes
2876 3541 3140 3614 impedit,
3157 3546 3333 3614 atque
3353 3543 3597 3598 domum
3620 3542 3865 3599 Domini

2202 3649 2337 3688 mox
2366 3632 2633 3705 linquere
2660 3630 2831 3703 cogit.
2863 3632 3065 3687 Testes
3097 3637 3233 3687 sunt
3255 3648 3368 3687 non
3401 3631 3594 3687 solum
3617 3631 3871 3702 juncea-

2203 3740 2334 3777 rum
2380 3725 2674 3789 curatura,
2723 3720 2825 3776 sed
2857 3723 2914 3775 et
2942 3719 3368 3776 cotidianarum
3400 3718 3677 3775 mulieres
3710 3720 3868 3792 (149)

2203 3812 2545 3867 formarum.
2581 3809 2681 3865 Cui
2715 3810 2870 3866 idem
2903 3813 3010 3878 est,
3038 3831 3063 3858 ‹‹
3098 3810 3167 3864 Et
3197 3809 3418 3865 silicem
3448 3809 3698 3881 pedibus
3728 3824 3864 3881 quae

2203 3904 2508 3956 conterunt
2539 3903 2730 3954 atrum
2766 3898 2934 3970 (I50),
2966 3921 2992 3948 ››
3025 3902 3081 3954 et
3110 3915 3237 3970 quae
3269 3914 3617 3971 magnorum
3649 3898 3864 3953 subve-

2202 3989 2424 4045 huntur
2453 3987 3192 4059 adjutoriojumentorum.
3226 3990 3413 4059 Atque
3461 3987 3571 4043 hoc
3630 3987 3712 4043 rei
3771 3990 3875 4043 est

2202 4078 2356 4150 quod
2390 4081 2554 4132 tanta
2583 4077 2635 4132 ei
2666 4094 2799 4131 eum
2833 4076 3181 4149 imperatore
3205 4081 3406 4132 sancto
3432 4076 3726 4132 discordia
3744 4081 3858 4145 est,

2206 4188 2235 4218 ‹‹
2289 4166 2446 4238 lupis
2493 4170 2549 4221 et
2579 4165 2745 4238 agnis
2779 4171 2997 4237 quanta
3024 4165 3227 4221 sortito
3260 4165 3469 4239 optigit
3499 4164 3664 4236 (151).
3703 4187 3726 4218 ι
3764 4164 3859 4219 llli

2201 4255 2324 4312 haec
2355 4258 2421 4310 ut
2448 4253 2717 4327 inpunite
2746 4253 2939 4323 liceat,
2958 4253 3336 4326 Adalpertum
3358 4253 3469 4309 sibi
3497 4256 3748 4326 patrem,
3768 4257 3855 4309 tu-

2201 4348 2407 4410 torem,
2440 4343 2805 4399 defensorem
2838 4346 3023 4414 parat.
3056 4365 3085 4393 »

2271 4434 2324 4487 5.
2347 4432 2476 4487 Haec
2508 4432 2649 4487 dum
2676 4449 2709 4486 a
2739 4430 3120 4487 redeuntibus
3153 4432 3376 4487 nuntiis
3404 4432 3721 4504 imperator
3746 4448 3855 4487 au-

2202 4519 2353 4581 diret
2375 4519 2580 4576 :«Puer
2607 4519 2833 4590 inquid,
2869 4523 2980 4588 est,
3010 4520 3178 4576 facile
3207 4520 3491 4576 bonorum
3518 4518 3859 4574 immutabi-

433 4605 770 4676 juramento
801 4602 850 4659 ei
876 4602 1218 4669 adﬁrmans,
1240 4619 1302 4658 se
1326 4602 1491 4659 illum
1514 4607 1714 4659 contra
1734 4604 2091 4661 sanctissimi
2123 4623 2169 4689 D
2202 4614 2298 4665 tur
2340 4608 2603 4681 exemplo
2651 4608 2932 4664 virorum.
2980 4609 3234 4681 Sperabo
3286 4625 3420 4663 eum
3448 4608 3859 4680 objurgatione

402 4726 405 4727 ν
442 4691 812 4764 imperatoris
844 4690 1164 4762 potentiam
1192 4691 1557 4763 adjuturum.
1590 4692 1745 4747 Adeo
1776 4692 1932 4747 enim
1958 4711 2095 4749 cnn-

443 4783 576 4838 dem
607 4778 1006 4847 Adelbertum,
1025 4779 1364 4836 eclesiarum
1387 4780 1488 4836 Dei
1521 4780 1904 4852 ejusdemque
1933 4799 2094 4855 papaa

440 4869 728 4927 Johannis
740 4873 1192 4941 persecutorem,
1209 4870 1525 4941 imperator
1536 4874 1775 4925 sanctus
1788 4873 2093 4942 terruerat,

440 4965 507 5017 ut
536 4974 773 5017 omnem
813 4957 1041 5013 Italiam
1093 4958 1388 5026 deserens,
1451 4957 1827 5013 Fraxinetum
1888 4960 2093 5032 adiret,

439 5067 618 5124 seque
639 5050 1097 5107 Sarracenorum
1123 5047 1256 5104 ﬁdei
1287 5047 1741 5104 commendaret.
1777 5048 2097 5122 Imperator

2204 4697 2470 4763 honesta,
2503 4696 2776 4752 suasione
2807 4696 3053 4764 liberali,
3090 4696 3256 4753 facile
3278 4713 3346 4753 ex
3376 4694 3493 4752 illis
3524 4713 3651 4753 sese
3675 4712 3861 4753 emer-

2205 4803 2410 4841 surum
2444 4784 2654 4853 malis;
2688 4785 3068 4856 dicemusque
3094 4802 3229 4841 cum
3261 4786 3544 4859 propheta
3576 4802 3587 4840 :
3621 4787 3752 4843 Haec
3780 4794 3860 4842 est

2205 4876 2500 4930 inmutatio
2555 4875 2772 4931 dextrw
2829 4874 3047 4930 Excelsi
3102 4875 3272 4946 (Psal.
3332 4892 3513 4943 Lxxvi,
3579 4874 3689 4945 11).
3728 4896 3756 4924 »ι
3788 4876 3861 4930 Et

2205 4964 2418 5036 adjecit
2456 4980 2467 5019 :
2492 4985 2520 5014 ‹‹
2546 4964 2708 5027 Quod
2738 4962 2902 5034 prius
2930 4979 3126 5018 rerum
3154 4964 3294 5018 ordo
3329 4961 3606 5035 deposcit,
3644 4963 3856 5019 Beren-

2206 5054 2435 5127 garium
2467 5052 2526 5107 in
2558 5053 2848 5108 Feretrato
2879 5056 3078 5109 monte
3128 5052 3492 5109 resistentem
3541 5051 3858 5124 propulse-

1804 5156 2048 5213 VARIIE
2086 5160 2497 5219 LECTIONES.

509 5245 842 5321 “ipapiam
893 5244 983 5304 vel
1041 5244 1293 5318 patriam
1346 5247 1401 5301 2.
1465 5242 1717 5317 patriam
1752 5249 1780 5298 5
1813 5262 1864 5300 a.
1942 5246 2007 5281 ‘37
2038 5251 2077 5306 ί.
2110 5268 2158 5308 e.
2194 5266 2310 5308 non
2342 5265 2376 5305 a
2405 5246 2767 5319 quibuslibet
2792 5251 2895 5304 aut
2924 5247 3127 5321 paucis
3155 5250 3255 5307 sed
3289 5249 3360 5306 ab
3391 5247 3668 5307 omnibus
3698 5247 3767 5306 R.
3803 5264 3857 5306 c.

2031 5392 2264 5451 NOT/E.

442 5316 510 5353 ⁴³⁸
541 5316 737 5376 divina
763 5320 817 5373 2.

446 5455 660 5585 digii?)
689 5460 854 5517 Anno
876 5440 1002 5531 962»
1029 5460 1190 5534 April
1218 5463 1274 5529 2,
1305 5459 1361 5527 9,
1388 5460 1477 5530 20,
1504 5458 1825 5534 diplomata
1854 5460 1936 5516 ibi
1960 5440 2092 5520 con:

543 5602 567 5656 1

483 5533 642 5657 idii'»
694 5599 1064 5672 Liudprando
1086 5603 1114 5658 ?

515 5598 667 5751 i149)
691 5671 755 5732 Id
785 5675 895 5749 est,
926 5690 1043 5734 non
1067 5691 1114 5735 Bt

541 5670 665 5749 H9)
691 5671 755 5732 Id
785 5670 895 5749 est,
926 5690 1043 5734 non
1067 5674 1263 5737 solum
1293 5675 1516 5737 ancillae
1537 5676 1641 5737 sed
1669 5678 1729 5739 et
1759 5676 2094 5742 meretrices

2200 5462 2467 5540 ρυωέρεετ

2302 5536 2422 5603 150)
2452 5530 2720 5590 Juvenal.
2755 5532 2875 5590 Sat.
2906 5550 2982 5603 vn,
3016 5535 3141 5592 350.

2298 5601 2423 5672 151)
2454 5606 2651 5665 Horat.
2688 5604 2760 5663 55
2792 5601 2976 5682 Epod.
3002 5608 3056 5684 4,
3090 5608 3142 5670 1.
