4050 6392
481 420 605 486 903

1439 406 1914 474 LlUTPBANDI
1955 404 2505 473 CREMONENSIS
2548 404 2924 475 EPISCOPI.

3774 374 3919 468 eiei

484 549 869 615 Sabiniensis,
899 546 1199 605 Johannes
1229 544 1580 601 Callasensis
1602 542 1931 601 Falarensis
1954 540 2123 615 (156),
2156 540 2212 607 Α
2242 541 2589 600 Benedictus
2610 544 2925 600 cardinalis
2955 545 3239 601 diaconus
3269 559 3403 605 cum
3425 542 3632 600 ceteris
3654 541 3914 601 condia-

484 639 891 706 Alatrinensis,
923 638 1195 702 Ortanus,
1224 635 1525 691 Johannes
1557 631 1962 705 Anagniensis,
1996 632 2128 685 Tre-

487 731 704 797 bensis,
722 725 1076 787 Sabbatinus
1101 722 1560 789 Tarracinensis,
1589 720 1922 794 Stephanus
1944 719 2130 775 cardi-

486 819 640 877 nalis
670 813 1122 888 archipresbiter
1134 811 1284 868 tituli
1316 811 1594 880 Balbinze,
1614 809 1953 866 Dominicus
1974 807 2131 864 tituli

485 906 798 971 Anatasiee,
814 904 1020 960 Petrus
1051 900 1206 958 tituli
1228 899 1486 965 Damasi,
1510 898 1966 971 TheOphilactus
1979 896 2131 952 tituli

488 994 850 1067 Chrisogoni,
881 992 1180 1048 Johannes
1209 988 1362 1044 tituli
1393 988 1629 1060 Equitii,
1653 987 1948 1043 Johannes
1978 984 2133 1040 tituli

489 1086 793 1148 Susanna),
827 1082 1033 1153 Petrus
1054 1077 1209 1135 tituli
1257 1077 1576 1145 Pamachii,
1633 1074 1925 1131 Adrianus
1976 1073 2132 1129 tituli

486 1172 736 1237 Callixti,
769 1169 1068 1227 Johannes
1089 1165 1245 1222 tituli
1276 1164 1819 1234 Ceciliaa,Adrianus
1853 1163 2006 1219 tituli
2031 1164 2136 1218 Lu-

486 1262 649 1330 cinze,
682 1259 1027 1316 Benedictus
1049 1256 1212 1311 'tituli
1240 1255 1405 1320 Sixti,
1437 1253 1591 1309 tituli
1623 1258 1963 1308 sanctorum
1988 1269 2132 1324 qua-

486 1355 619 1409 tuor
647 1350 1088 1411 Coronatorum,
1119 1343 1452 1416 Stephanus
1482 1341 1639 1398 tituli
1670 1342 1920 1408 Sabinae,
1954 1341 2132 1395 Bene-

488 1440 676 1495 dictus
698 1431 1811 1504 cardinalis,archidiaconus,Johannes
1826 1429 2131 1496 diaconus,

487 1526 805 1584 Bonoﬁlius
837 1523 1118 1579 diaconus
1149 1518 1483 1583 cardinalis,
1518 1517 1907 1589 primicerius,
1952 1517 2132 1572 Geor-

488 1617 621 1691 gius
632 1608 1424 1681 secundicerius,Stephanus
1436 1606 1997 1672 aminiculator,And
2009 1621 2134 1660 reas

490 1703 770 1767 arcarius,
791 1699 1028 1771 Sergius
1050 1696 1418 1769 primicerius
1436 1694 1865 1759 defensorum,J
1875 1694 2134 1751 ohannes

490 1790 830 1848 sacellarius
846 1788 935 1855 ιη,
955 1785 1312 1857 Stephanus,
1329 1782 1804 1855 Theophilactus,
1819 1783 2128 1857 Adrianus,

489 1879 839 1953 Stephanus,
872 1875 1241 1939 Benedictus,
1286 1876 1420 1940 Azo,
1468 1872 1760 1928 Adrianus
1810 1873 2128 1940 Romanus,
2161 1908 2207 1973 Β

493 1971 626 2039 Leo,
657 1966 1027 2033 Benedictus,
1057 1964 1188 2031 Leo,
1222 1962 1359 2018 item
1410 1963 1541 2030 Leo,
1572 1965 1628 2015 et
1658 1962 1786 2028 Leo,
1839 1960 2126 2029 scrinarii,

492 2059 602 2115 Leo
633 2054 1001 2129 primicerius
1034 2050 1203 2108 scola;
1236 2053 1565 2117 cantorum,
1606 2050 1950 2105 Benedictus
1990 2050 2128 2105 sub-

489 2148 769 2203 diaconus
806 2147 864 2200 et
892 2138 1333 2206 oblationarius,
1362 2140 1496 2207 Azo,
1549 2139 1894 2195 Benedictus
1927 2144 2129 2193 Deme-

487 2236 659 2301 trius,
684 2228 1539 2301 Johannes,Amicus,Sergius,
1574 2227 1942 2293 Benedictus,
1963 2227 2127 2296 Urse,

487 2324 802 2392 Johannes,
835 2319 1180 2376 Benedictus
1225 2316 1645 2381 subdiaconus,
1687 2315 2129 2387 subpulmenta—

488 2406 1029 2483 rius,etStephanus
1042 2405 1450 2463 archiacolitus
1464 2422 1597 2460 cum
1616 2405 1890 2460 omnibus
1905 2404 2024 2460 acol
2036 2404 2130 2460 itis

488 2508 543 2558 et
559 2499 920 2574 regionariis;
944 2514 1013 2553 ex
1039 2494 1390 2569 primatibus
1415 2494 1688 2549 Romanae
1719 2492 1987 2560 civitatis,
2009 2498 2130 2548 Ste-

488 2590 720 2663 phanus
751 2587 907 2642 ﬁlius
923 2584 1209 2640 Johannis
1222 2601 1288 2638 su
1300 2582 1868 2654 perista,Demetrius
1886 2581 2128 2649 Meliosi,

489 2673 1077 2733 CrescentiusCaballi
1097 2670 1735 2737 marmorei,Johannes
1749 2675 2132 2739 cognomento

492 2766 721 2836 Mizina,
753 2762 1084 2834 Stephanus
1114 2761 1184 2815 de
1218 2760 1411 2827 lmiza,
1430 2759 1769 2815 Theodorus
1799 2759 1869 2814 de
1902 2760 2129 2826 Ruﬁna,

490 2856 790 2913 Johannes
819 2851 890 2907 de
904 2849 1376 2914 Primicerio,Leo
1397 2849 1466 2903 de
1477 2847 2131 2920 Cazunuli,Rihkardus,

494 2946 699 3002 Petrus
725 2941 795 2996 de
824 2937 1166 3011 Canaparia,
1210 2936 1560 2993 Benedictus
1600 2954 1733 2992 curn
1788 2932 2133 3010 Bulgamino

491 3034 613 3091 [ilio
644 3048 773 3101 suo;
806 3047 874 3087 ex
903 3028 1070 3102 plebe
1119 3027 1346 3097 Petrus,
1398 3028 1496 3099 qui
1531 3031 1588 3082 et
1615 3026 2004 3099 imperiola‘“
2047 3031 2136 3084 est

490 3125 708 3190 dictus,
739 3117 965 3177 adstitit
994 3134 1129 3173 cum
1161 3114 1320 3171 omni
1354 3115 1750 3171 Romanorum
1782 3114 2010 3172 militia.

562 3208 965 3281 10.Hisitaque
978 3205 1371 3263 residentibus
1392 3204 1805 3277 Silentiumque
1830 3222 2132 3261 summum

2241 631 2485 686 conibus
2514 636 2571 687 et
2584 632 3206 703 presbiterisdixerunt
3226 650 3287 689 se
3309 632 3455 687 scire
3480 631 3637 704 quod
3663 630 3925 705 ordina-_

2243 719 2432 775 tiones
2463 720 2868 793 episcoporum
2891 722 3407 794 prmciofaceret,et
3429 721 3585 793 quod
3605 735 3913 775 annorum

2242 807 2439 862 decem
2469 808 2807 880 episcopum
2840 809 2899 863 in
2930 810 3253 865 Tudertina
3293 809 3524 865 civitate
3573 808 3910 863 ordinaret.

2242 894 2322 951 De
2352 896 2655 967 sacrilegio
2686 897 2957 953 dixerunt
2987 915 3101 953 non
3135 913 3263 953 esse
3282 912 3516 953 necesse
3538 894 3913 969 percontari,

2243 985 2382 1056 quia
2413 984 2540 1055 plus
2553 984 2799 1040 videndo
2814 1002 2988 1058 quam
3004 987 3294 1041 audiendo
3308 986 3453 1041 seire
3467 985 3908 1058 potuissemus.

2242 1074 2323 1129 De
2355 1073 2640 1129 adulterio
2678 1074 2969 1141 dixerunt,
3024 1076 3180 1147 quod
3225 1074 3407 1130 oculis
3455 1091 3568 1129 non
3602 1074 3909 1137 viderent,

2243 1162 2343 1217 scd
2376 1162 3457 1219 certissimescirentviduamRaineriii
3473 1161 3908 1235 etStephanam

2243 1250 2427 1322 patris
2459 1251 2845 1306 concubinam
2877 1254 3171 1307 etAnnam
3192 1250 3426 1307 viduam
3440 1266 3574 1306 cum
3596 1255 3773 1323 nepte
3786 1267 3908 1306 sua

2242 1340 2493 1395 abusum
2525 1356 2673 1406 esse,
2705 1343 2761 1396 et
2792 1344 3061 1396 sanctum
3094 1339 3373 1413 palatium
3406 1340 3659 1414 lupanar
3686 1343 3743 1396 et
3762 1357 3905 1412 pro-

2243 1427 2529 1484 stibulum
2544 1429 3165 1484 fecissc.Vcnationem
3178 1431 3450 1486 dixerunt
3464 1429 3701 1501 publice
3727 1445 3902 1484 exer-

2242 1516 2455 1586 cuisse;
2490 1518 2865 1573 Benedictum
2890 1518 3211 1590 spiritalem
3227 1535 3399 1574 suum
3424 1516 3906 1591 patremlumine

2242 1605 2519 1678 privasse,
2553 1612 2611 1661 et
2641 1625 2773 1662 mox
2793 1612 3090 1663 mortuum
3111 1625 3258 1675 esse;
3277 1608 3605 1663 Johannem
3626 1606 3908 1662 cardina-

2243 1695 2356 1751 lem
2391 1696 2806 1752 subdiaconem
2838 1696 3107 1753 virilibus
3130 1698 3448 1770 amputatis
3473 1696 3781 1763 occidisse;
3813 1694 3909 1751 in-

2242 1784 2447 1840 cendia
2478 1784 2702 1850 fecisse,
2735 1802 2871 1840 ense
2891 1786 3235 1853 accinctum,
3256 1785 3422 1858 galea
3437 1791 3494 1841 et
3522 1784 3709 1863 lurica
3724 1785 3795 1818 ‘5’
3817 1784 3911 1839 in-

2242 1874 2448 1928 dutum
2480 1890 2607 1929 esse
2638 1873 2833 1929 testati
2866 1879 3023 1929 sunt.
3058 1873 3279 1930 Diaboli
3315 1875 3371 1930 in
3405 1891 3665 1931 amorem
3690 1873 3904 1929 vinum

2238 1962 2480 2029 bibisse,
2516 1978 2717 2018 omnes
2742 1966 2859 2017 tam
2892 1962 3082 2018 clerici
3117 1980 3294 2035 quam
3320 1962 3445 2019 laici
3464 1963 3900 2019 acclamarunt.

2241 2051 2303 2106 In
2319 2050 2453 2105 ludo
2469 2050 2625 2118 aleae,
2657 2051 2839 2119 Jovis,
2861 2051 3101 2107 Veneris
3116 2056 3556 2125 ceterarumque
3569 2053 3902 2108 demonum

2240 2139 2593 2211 adjutorium
2631 2140 2962 2213 poposcisse
2995 2141 3285 2195 dixerunt.
3311 2140 3629 2197 Matutinas
3650 2145 3708 2196 et
3725 2158 3909 2196 cano-

2240 2229 2401 2284 nicas
2430 2228 2605 2284 horas
2636 2246 2750 2284 non
2777 2228 2930 2284 cnim
2965 2229 3308 2298 celebrasse,
3358 2246 3463 2285 nec
3491 2229 3658 2303 signo
3699 2231 3904 2285 crucis

2240 2333 2301 2373 se
2332 2317 2587 2373 monisse
2618 2319 2683 2351 ²⁵³
2716 2318 2962 2389 professi
2998 2322 3156 2375 sunt.

2312 2407 2399 2461 41.
2429 2406 2531 2463 His
2561 2407 2779 2462 auditis
2816 2407 3152 2479 imperator,
3188 2409 3327 2479 quia
3359 2407 3604 2463 Romani
3634 2409 3765 2479 ejus
3806 2408 3901 2464 lo-

2241 2495 2472 2567 quelam
2506 2496 2822 2568 propriam,
2858 2497 2965 2551 hoc
3008 2501 3097 2552 est
3143 2496 3510 2565 Saxonieam,
3564 2495 3902 2570 intelligere

2240 2584 2584 2656 nequibant,
2605 2584 3360 2656 LiudprandoCremonensi
3392 2586 3662 2658 episcopo
3676 2601 3901 2657 praece-

2241 2673 2343 2744 pit,
2377 2676 2440 2728 ut
2472 2672 2673 2728 Latino
2706 2689 2972 2729 sermone
3003 2673 3123 2728 haec
3147 2673 3425 2730 Romanis
3456 2674 3736 2730 omnibus
3759 2690 3902 2746 quae

2241 2765 2520 2817 secuntur
2567 2761 2931 2833 exprimeret.
2992 2765 3245 2835 Surgens
3305 2762 3501 2834 itaque
3548 2761 3633 2818 sic
3692 2762 3899 2835 cepit:

2242 2874 2268 2901 ‹‹
2303 2851 2545 2922 Persepe
2574 2850 2835 2923 contigit,
2872 2854 2927 2905 et
2957 2851 3387 2923 nobiscxpertis
3406 2851 3724 2918 credimus,
3749 2852 3902 2907 utin

2241 2939 2626 3011 dignitalibus
2656 2939 2955 2994 constituti
2986 2939 3315 2995 invidorum
3331 2939 3572 2996 infamia
3589 2940 3902 2996 maculen-

2242 3033 2357 3096 tur;
2390 3026 2659 3100 displicet
2687 3028 2876 3083 bonus
2900 3028 3091 3097 malis,
3113 3028 3609 3100 quemadmodum
3627 3029 3904 3085 etmalus

2240 3117 2431 3172 bonis.
2466 3119 2651 3189 Atque
2682 3117 2789 3173 hoc
2813 3117 2892 3173 rei
2924 3118 3202 3189 est,quod
3224 3117 3375 3173 hanc
3399 3117 3456 3172 in
3490 3135 3702 3192 papam
3726 3135 3907 3174 accu.

2243 3206 2551 3273 sationem,
2587 3222 2764 3278 quam
2789 3206 2959 3261 modo
2982 3206 3326 3263 Benedictus
3346 3207 3661 3263 cardinalis
3692 3208 3901 3264 diaco-

487 3300 844 3369 tenentibus,
905 3298 989 3352 ita
1043 3298 1281 3352 sanctus
1337 3298 1426 3349 est
1476 3292 1794 3366 imperator
1862 3311 2131 3351 exorsus:
2165 3282 2211 3346 C
2252 3294 2533 3368 nuslegit
2558 3295 2923 3351 etvobiscum
2943 3294 3516 3368 fecit,amphibolam
3541 3297 3899 3367 retinemus,

491 3415 519 3444 ι(
553 3397 737 3459 Quam
751 3389 1026 3444 decorum
1051 3389 1204 3440 esset
1216 3388 1335 3438 tam
1350 3383 1504 3439 claro
1520 3386 1837 3455 sanctoque
1850 3385 2132 3439 domnum

490 3496 701 3553 papam
723 3477 1053 3533 Johannem
1071 3473 1350 3528 interesse
1366 3471 1632 3528 concilio.
1659 3471 1875 3528 Verum
1895 3489 1998 3527 cur
2010 3476 2135 3528 tan-

490 3574 619 3624 tum
648 3563 1023 3622 declinaverit
1052 3565 1286 3629 coetum,
1316 3578 1439 3628 vos,
1471 3578 1503 3616 o
1538 3560 1722 3616 sancti
1755 3565 1970 3633 patres,
1997 3578 2132 3617 con-

493 3656 767 3721 sulimus,
801 3652 1017 3725 quibus
1046 3649 1377 3705 communis
1408 3666 1542 3705 cum
1567 3666 1633 3705 eo
1662 3650 1783 3705 vita
1806 3651 1873 3686 “9
1894 3667 1959 3705 ac
1985 3667 2138 3706 com-

492 3754 672 3804 mune
700 3741 1001 3815 negotium
1028 3738 1234 3795 extitit.
1269 3739 1476 3794 »Tunc
1490 3738 1737 3794 Romani
1763 3738 2065 3811 pontiﬁces
2082 3744 2139 3794 et

492 3830 819 3891 eardinales
848 3828 1153 3904 presbiteri
1184 3844 1250 3884 ac
1272 3826 1520 3898 diaconi,
1536 3844 1669 3883 cum
1689 3827 1961 3883 universa
1971 3827 2138 3900 plebe

492 3923 782 3980 dixerunt:
816 3942 845 3971 «
879 3918 1167 3975 Miramur
1196 3915 1633 3973 sanctissimam
1658 3916 2027 3989 prudentiam
2049 3933 2139 3973 ve-

490 4016 674 4079 stram
705 4026 811 4066 nos
842 4007 952 4063 hoc
982 4004 1126 4063 velle
1143 4004 1491 4078 percontari,
1511 4005 1663 4078 quod
1686 4021 1799 4060 non
1817 4004 2135 4073 Hibericos,

488 4117 597 4159 nec
629 4097 1019 4167 Babilonicos,
1052 4111 1157 4151 nec
1190 4094 1420 4150 Indicos
1452 4092 1673 4150 incolas
1706 4092 1864 4150 latet.
1892 4095 2017 4150 Non
2043 4095 2139 4151 hic

482 4192 611 4263 jam
640 4189 730 4257 vel
755 4189 826 4245 de
843 4186 990 4261 ipsis
1008 4188 1098 4242 est
1110 4183 1533 4257 quiveniuntin
1545 4183 1908 4240 vestimentis
1921 4185 2137 4256 ovium,

490 4278 844 4335 intrinsecus
876 4279 1071 4332 autem
1106 4278 1247 4330 sunt
1276 4272 1397 4347 lupi
1432 4290 1692 4345 rapaces;
1713 4273 1795 4329 ita
1823 4278 2017 4346 aperte
2035 4292 2139 4331 sae-

490 4369 598 4439 vit,
627 4368 713 4433 ita
736 4366 929 4440 palam
962 4361 1251 4422 diabolica
1280 4366 1597 4435 pertractat
1629 4363 1878 4436 negotia,
1903 4368 1967 4419 ut
1996 4363 2141 4419 nihil

493 4457 855 4514 eircuitionis
877 4458 1098 4511 utatur.
1125 4452 1492 4525 »Imperator
1513 4452 1829 4524 respondit:
1854 4474 1882 4503 ‹‹
1900 4453 1930 4507 J
1938 4458 2140 4510 ustum

494 4546 663 4603 nobis
690 4545 939 4611 videtur,
955 4547 1022 4599 ut
1036 4541 1437 4599 accusationes
1459 4540 1807 4596 nominatim
1821 4541 2145 4613 expriman-

494 4635 692 4703 tur‘”;
725 4633 860 4690 dein
892 4632 1033 4705 quid
1060 4631 1352 4705 agendum
1374 4629 1545 4687 nobis
1568 4629 1664 4700 sit,
1695 4632 1994 4686 communi
2012 4648 2142 4688 con-

495 4723 627 4781 silio
657 4725 1060 4796 pertractetur,
1094 4742 1121 4770 »
1153 4721 1324 4775 Tunc
1341 4736 1520 4775 consu
1532 4735 1704 4792 rgens
1727 4719 1931 4775 Petrus
1957 4721 2145 4776 cardi-

496 4813 647 4871 nalis
675 4812 741 4846 ⁴⁵¹
774 4810 1079 4883 presbiter,
1131 4825 1193 4865 se
1221 4806 1438 4864 vidisse
1487 4807 1657 4863 illum
1708 4809 1950 4865 missam
1999 4810 2145 4867 cele-

494 4905 697 4962 brasse
722 4904 780 4958 et
808 4916 925 4957 non
955 4898 1421 4955 communicasse
1450 4900 1701 4954 testatus
1720 4902 1826 4953 est.
1849 4898 2146 4957 Johannes

454 5012 455 5015 η
494 4990 805 5065 episcopus
838 4985 1200 5053 Narniensis,
1222 4990 1281 5041 et
1301 4984 1601 5040 Johannes
1625 4985 1935 5041 cardinalis
1957 4987 2148 5045 diaco-

495 5098 629 5152 nus,
665 5097 729 5137 se
755 5076 974 5133 vidisse
1006 5073 1176 5131 illum
1210 5073 1515 5129 diaconem
1551 5073 1855 5130 ordinasse
1886 5074 1944 5130 in
1968 5078 2145 5149 equo-

496 5187 629 5228 rum
658 5165 911 5236 stabulo,
947 5182 1064 5221 non
1096 5162 1270 5220 certis
1301 5161 1685 5235 temporibus,
1706 5168 1847 5219 sunt
1876 5165 2142 5237 professi.

2243 3384 2469 3449 incerti,
2504 3389 2702 3439 utrum
2724 3384 2846 3440 zelo
2866 3384 3111 3457 justitize
3128 3401 3201 3439 an
3230 3384 3306 3439 im
3317 3384 3742 3457 pietatislivore
3764 3404 3900 3459 pro-

2244 3477 2560 3545 rumperet.
2592 3472 2755 3528 Unde
2785 3473 2929 3529 mihi
2961 3474 3202 3547 indigno
3232 3475 3558 3530 secundum
3595 3486 3895 3532 concessae

2244 3563 2547 3636 dignitatis
2580 3562 2983 3619 auctoritatem
3014 3580 3219 3620 omnes
3247 3563 3501 3620 obtestot
3531 3581 3634 3637 per
3677 3569 3892 3631 Deum,

2244 3669 2419 3725 quem
2450 3651 2666 3721 fallere,
2694 3652 2801 3708 etsi
2849 3651 2995 3719 vult,
3037 3669 3209 3707 nemo
3260 3656 3448 3724 potest
3498 3658 3893 3727 sanctamque

2245 3742 2372 3812 ejus
2393 3739 2734 3813 genitricem
2759 3740 3161 3796 intemeratum
3176 3740 3460 3814 virginem
3479 3741 3747 3812 Mariam,
3763 3760 3897 3816 per-

2248 3846 2361 3903 que
2394 3829 2913 3901 przeciosissimum
2936 3829 3332 3902 apostolorum
3352 3830 3633 3905 principis
3656 3849 3899 3906 corpus,

2246 3918 2307 3973 in
2333 3918 2501 3989 cujus
2532 3918 2653 3973 haec
2672 3917 3261 3987 recitanturecclesia,
3280 3918 3517 3975 utnulla
3536 3919 3597 3975 in
3610 3921 3899 3979 domnum

2248 4024 2459 4080 papam
2484 4007 2821 4079 jaculentur
2852 4008 3119 4074 convitia,
3169 4024 3299 4080 quae
3328 4025 3443 4064 non
3492 4009 3615 4065 sint
3639 4011 3713 4065 ab
3765 4012 3898 4084 ipso

2249 4099 2477 4169 patrata
2504 4100 2679 4167 atque
2704 4113 2739 4151 a
2759 4095 2902 4153 viris
2917 4096 3349 4168 probatissimis
3372 4097 3562 4153 visa.»
3586 4100 3751 4155 Tunc
3775 4101 3901 4173 epi-

2250 4185 2431 4258 scopi,
2463 4183 2792 4257 presbiteri,
2851 4185 3100 4253 diaconi,
3153 4185 3529 4259 reliquusque
3578 4187 3794 4256 clerus,
3843 4194 3903 4245 et

2251 4278 2499 4329 cunctus
2530 4273 2927 4329 Romanorum
2958 4273 3210 4346 populus
3241 4275 3411 4347 quasi
3436 4275 3524 4331 vir
3562 4293 3720 4334 unus
3736 4278 3897 4334 dixe-

2250 4364 2474 4420 runt:Si
2507 4381 2621 4420 non
2654 4368 2711 4419 et
2741 4381 2867 4437 quae
2900 4381 3000 4437 per
3022 4364 3396 4421 Benedictum
3422 4365 3725 4422 diaconem
3749 4366 3902 4424 lecta

2251 4458 2409 4521 sunt,
2429 4451 2654 4525 .hisque
2685 4453 2949 4526 turpiora
2977 4457 3034 4509 et
3063 4453 3349 4526 ampliora
3400 4454 3698 4512 Johannes
3746 4473 3902 4529 papa

2252 4541 2497 4615 indigna
2524 4542 2822 4597 commisit
2852 4541 3130 4609 facinora,
3174 4559 3291 4599 non
3333 4559 3439 4599 nos
3473 4559 3506 4597 a
3551 4542 3901 4602 delictorum

2253 4629 2502 4686 vinculis
2533 4630 3197 4704 absolvatapostolorum
3229 4630 3499 4703 princeps
3520 4632 3903 4690 beatissimus

2256 4720 2482 4787 Petrus,
2516 4720 2618 4792 qui
2647 4720 2821 4776 verbo
2872 4719 3078 4775 emtum
3134 4718 3393 4793 indignis
3440 4720 3680 4786 claudit,
3720 4723 3905 4793 justis

2256 4810 2461 4882 aperit;
2501 4810 2600 4866 sed
2652 4808 2839 4865 simus
2885 4808 3276 4865 anathematis
3322 4809 3555 4867 vinculo
3607 4811 3903 4882 innodati,

2257 4902 2432 4970 atque
2462 4897 2521 4952 in
2553 4898 2646 4953 die
2678 4896 2994 4979 novissima
3015 4895 3073 4950 in
3107 4896 3347 4951 sinistra
3362 4902 3524 4969 parte
3556 4898 3905 4970 positi,cum

2257 4987 2341 5044 eis
2375 4986 2476 5058 qui
2507 4986 2774 5041 dixerunt
2803 4985 3040 5040 domino
3073 4985 3215 5041 Deo:
3250 4986 3455 5043 Recede
3482 4987 3704 5055 anubis,
3728 4990 3908 5045 scien-

2257 5080 2392 5133 tiam
2411 5078 2629 5131 viarum
2658 5082 2878 5130 tuarum
2905 5075 3160 5130 nolumus
3190 5075 3330 5147 (Job.
3363 5093 3477 5146 XXI,
3515 5076 3620 5149 14).
3667 5078 3833 5143 Quod
3860 5079 3909 5136 si

2257 5168 2431 5222 ﬁdem
2465 5164 2633 5220 nobis
2665 5181 2779 5219 non
2797 5163 3126 5234 admittitis,
3144 5164 3420 5222 exercitui
3436 5166 3635 5223 domui
3652 5167 3907 5240 impera-

2021 5300 2262 5359 VARle
2319 5298 2730 5357 LECTIONES.

570 5422 1089 5502 ‘f"_secellarius_i.
1143 5418 1234 5502 _ff°
1283 5413 1589 5502 imperiola
1854 5434 1920 5473 eo
1956 5434 2107 5502 ξυνῇ.
2141 5419 2276 5502 io_i.
2321 5416 2445 5502 vita.
2488 5414 2635 5502 haud
2664 5415 3077 5502 totumifzgitus,
3110 5435 3146 5474 a
3185 5419 3310 5501 ,ςιςίο
3341 5421 3555 5476 tantum
3582 5417 3823 5481 indicato
3852 5418 3910 5481 at

501 5495 565 5555 in
588 5495 917 5567 2legitureo
944 5494 1065 5552 vita
1137 5493 1206 5529 “0
1236 5487 1583 5564 exprimitur
1616 5490 1666 5545 1.
1743 5489 1808 5524 ⁴⁵¹
1838 5489 2165 5549 cardinales
2197 5493 2249 5548 1.
2324 5490 2393 5525 ⁴⁶²
2422 5491 2463 5546 ί.
2497 5505 2544 5546 e.
2573 5487 2771 5545 lorica.
2848 5487 2984 5547 “371'.
3017 5506 3063 5549 ε.
3087 5490 3370 5574 munisse.

577 5704 729 5793 (156)
755 5705 1114 5785 Oppidorum
1142 5706 1215 5767 55
1243 5704 1471 5767 Gallese
1499 5706 1559 5767 et
1588 5702 1820 5765 Falerii.

2169 5615 2405 5679 ΝΟΤίΕ.
