4050 6458
107 457 225 518 905

1102 460 1203 520 DE
1248 460 1504 524 REBUS
1547 457 1817 521 GESTl-S
1861 456 2198 519 OTTONIS
2241 455 2321 518 M.
2357 457 2532 519 ‘IM‘P.

108 590 252 646 toris
285 588 492 645 saltem
525 589 749 646 debetis
779 591 1031 659 credere,
1056 593 1146 647 cui
1181 597 1314 647 ante
1345 594 1604 664 quinque
1628 592 1751 646 dies
1784 591 1834 658 Α
1868 589 1925 644 in
1958 589 2203 645 Domino
2226 589 2496 645 salutem.
2522 589 2799 644 Preterita
2833 587 3519 662 synodo,qniecelebraia

106 696 248 736 ense
279 672 596 746 accinctus,
629 678 832 750 clipeo,
863 679 1050 752 galea,
1083 687 1140 736 et
1167 681 1346 738 lorica
1388 681 1631 736 indutus
1661 697 1756 735 oc-

106 768 329 824 currit:
365 767 526 823 solus
557 767 912 840 Tiberis,qui
948 769 1374 835 interfluxit,ne
1405 771 1488 825 sic
1517 774 1758 824 ornatus

103 859 174 914 ab
205 857 466 912 exercitu
514 861 837 928 caperetur,
900 857 1284 930 impedivit.»
1341 860 1468 915 Mox
1519 862 1757 914 sanctus

101 947 422 1019 imperator
453 945 634 1001 dixit:
672 966 700 995 ‹‹
729 947 837 1002 Tot
867 952 1007 1003 sunt
1049 947 1228 1019 hujus
1269 948 1350 1004 rei
1381 951 1579 1015 testes,
1613 952 1758 1019 quot

104 1039 244 1092 sunt
271 1038 471 1090 nostro
500 1035 560 1089 in
583 1034 834 1090 exercitu
866 1034 1200 1113 bellatores.
1230 1059 1257 1087 ››
1278 1040 1488 1092 Sancta
1512 1037 1676 1092 sinod
1689 1054 1756 1092 us

105 1125 172 1159 ‘5‘
201 1123 389 1179 dixit:
425 1146 454 1173 «
482 1122 539 1178 Si
576 1121 764 1194 placet
791 1128 995 1178 sancto
1052 1123 1412 1196 imperatori,
1447 1125 1760 1180 mittantur

102 1214 307 1269 litterae
340 1213 555 1267 domno
586 1228 772 1284 papae,
805 1215 871 1268 ut
900 1212 1188 1280 adveniat,
1208 1229 1386 1284 seque
1417 1229 1486 1270 ex
1515 1213 1608 1268 his
1630 1229 1753 1267 om-

101 1303 280 1358 nibus
309 1304 538 1374 purget.
576 1321 604 1349 »
637 1301 800 1356 Tunc
834 1300 1025 1358 eidem
1055 1306 1196 1358 sunt
1231 1301 1572 1372 huiusmodi
1602 1301 1754 1358 litte-

103 1409 178 1447 rae
205 1390 548 1446 destinatae:

166 1481 258 1536 42.
301 1500 328 1532 ι
358 1479 603 1534 Summo
631 1477 891 1550 pontiﬁci
923 1481 981 1534 et
1012 1478 1322 1534 universali
1355 1495 1516 1551 papae
1539 1479 1754 1535 domno

97 1567 373 1634 Johanni,
407 1567 540 1622 Otto
570 1567 774 1622 divinae
799 1572 1063 1639 respectu
1096 1567 1414 1624 clementia:
1438 1568 1756 1640 imperator

100 1662 415 1732 angustus,
450 1673 586 1712 cum
635 1656 1108 1729 archiepiscopis,
1141 1656 1450 1729 episcopis,
1483 1655 1750 1728 Liguriae”,

99 1747 347 1812 Tuscia,
381 1741 665 1814 Saxonim,
699 1745 974 1813 Francia,
1011 1745 1070 1800 in
1104 1745 1369 1801 Domino.
1403 1747 1646 1801 Romam
1679 1746 1750 1801 ob

102 1836 405 1892 servitium
423 1835 520 1890 Dei
546 1835 1012 1901 venientes,dum
1037 1833 1189 1890 filios
1209 1835 1753 1902 vestros,Romanos

104 1924 328 1980 scilicet
338 1923 1000 1996 episcopos,cardinales
1013 1923 1366 1995 presbiteros
1387 1928 1442 1978 et
1456 1923 1749 1990 diacones,

104 2014 346 2086 insuper
364 2017 421 2068 et
433 2012 764 2069 universam
779 2012 1004 2084 plebem
1022 2014 1092 2068 de
1116 2013 1292 2068 vestri
1334 2012 1599 2069 absentia
1620 2028 1749 2084 per-
1781 2012 1801 2046 ⁸

103 2108 497 2171 contaremur,
533 2105 589 2158 et
619 2101 758 2173 quid
789 2117 978 2157 causae
1009 2105 1163 2157 esset
1191 2102 1346 2173 quod
1377 2118 1484 2158 nos
1513 2099 1751 2156 ecclesiae

101 2195 300 2248 vestrae
322 2191 617 2263 vestrique
641 2190 975 2246 defensores
995 2191 1188 2246 videre
1226 2190 1585 2256 noluissetis,
1611 2188 1754 2244 talia

103 2283 171 2336 de
196 2280 366 2336 vobis
395 2285 636 2352 tamque
665 2279 918 2336 obscena
960 2280 1347 2352 protulerunt,
1379 2284 1446 2335 ut
1474 2279 1524 2335 si
1554 2279 1626 2334 de
1657 2278 1753 2333 hi-

101 2369 421 2426 strionibus
435 2369 996 2440 dicerentur,verecu
1007 2370 1204 2424 adiam
1219 2369 1388 2425 nobis
1401 2368 1749 2441 ingererent.

103 2461 233 2526 Quae
261 2475 334 2515 ne
367 2458 835 2531 magnitudinem
856 2463 1110 2514 vestram
1133 2457 1331 2514 omnia
1353 2457 1754 2529 lateant,quae-

105 2549 236 2604 dam
268 2548 440 2604 nobis
471 2545 539 2582 “5
569 2547 680 2604 sub
709 2547 990 2603 brevitate
1021 2547 1448 2615 describimus;
1474 2546 1750 2618 quoniam

95 2641 161 2693 .et
190 2637 239 2693 si
273 2642 488 2692 cuncta
529 2635 880 2692 nominatim
940 2636 1263 2707 exprimere
1304 2635 1597 2707 cupimus,
1631 2634 1754 2690 dies

108 2726 272 2782 nobis
305 2743 425 2782 non
455 2725 673 2781 sufficit
700 2724 1170 2780 unus.Noveritis
1193 2726 1532 2797 itaque,non
1553 2741 1585 2780 a
1617 2740 1756 2796 pau-

109 2816 210 2882 cis,
244 2813 346 2870 sed
379 2815 452 2870 ab
484 2814 759 2870 omnibus
808 2818 928 2869 tam
962 2814 1147 2868 nostri
1197 2830 1374 2886 quam
1432 2819 1488 2869 et
1516 2812 1755 2868 alteﬁus

108 2904 459 2970 ordinis,vos
481 2901 1404 2974 homictdii,pcrjurii,sacrilegii,
1438 2907 1494 2957 et
1523 2918 1590 2956 ex
1623 2917 1751 2972 pro-

108 2993 229 3065 pria
259 2992 604 3066 cognatione
640 2996 810 3063 atqae
834 3008 902 3046 ex
927 2992 1158 3046 duabus
1216 2991 1516 3048 sororibus
1546 2991 1756 3046 incesti

105 3081 347 3136 crimine
380 3097 510 3136 esse
541 3080 1107 3150 accusatos.;Dicunt
1128 3085 1184 3135 et
1201 3081 1358 3136 aliud
1390 3081 1596 3136 auditu
1631 3080 1756 3152 ipso

105 3171 430 3237 horridum,
454 3167 672 3224 diaboli
703 3187 802 3224 vos
839 3169 895 3223 in
929 3186 1124 3224 amore
1153 3171 1353 3224 vinum
1405 3170 1661 3236 bibisse;
1697 3169 1754 3224 in

108 3259 242 3315 ludo
275 3259 413 3314 alea:
446 3258 628 3321 Jovis,
657 3258 922 3321 Veneris,
956 3263 1402 3330 ceterorumque
1434 3260 1756 3314 demonum

1869 682 1958 733 est
1981 680 2015 732 8
2047 678 2184 733 Idus
2224 678 2586 748 Novembris,
2614 677 2836 734 litteras
2877 677 3043 734 vobis
3086 676 3428 744 direxinnis,
3453 678 3516 734 in

1868 766 2087 838 quibus
2113 771 2520 823 accusatorum
2550 772 2878 824 vestrorum
2898 767 3076 824 verba
3096 771 3272 838 atque
3285 771 3518 826 adeusao

1869 855 2046 912 tionis
2077 871 2268 912 causa:
2288 855 3079 928 detinebanturﬂogaﬁmus
3091 855 3268 912 etiam
3291 854 3514 911 eisdem

1867 941 2079 999 litteris
2094 945 2558 1016 magnitudinem
2587 949 2862 1011 vestram,
2877 943 3512 1017 quemadmodu’mju‘so

1863 1034 1988 1086 tum
2003 1033 2365 1100 est,Romam
2377 1033 2442 1068 ⁴⁵⁸
2463 1033 2657 1090 venire
2697 1045 2876 1105 seque
2899 1049 2970 1089 ex
3010 1029 3516 1105 hisquaaobiciun-

1863 1123 1960 1174 tur
1972 1133 2241 1194 purgare.
2268 1122 2613 1195 Recepimus
2627 1127 2821 1179 autem
2857 1122 3086 1179 litteras
3116 1139 3151 1177 a
3175 1120 3364 1190 vobis,
3394 1133 3511 1193 non

1863 1209 2066 1280 quales
2083 1210 2364 1282 temporis
2387 1211 2660 1283 qualitas,
2689 1213 2789 1268 sed
2823 1210 3292 1281 inconsultorum
3320 1207 3512 1285 hamis

1864 1311 2007 1354 num
2038 1298 2265 1354 vanitas
2295 1301 2650 1373 expoposcit.
2674 1301 2800 1358 Non
2830 1299 3098 1357 veniendi
3122 1300 3194 1356 ad
3217 1299 3511 1369 ’synodum'

1862 1386 2234 1444 racion'abilis
2255 1405 2383 1445 esse
2399 1390 2692 1447 excusatio
2722 1390 2940 1447 debuit.
2964 1390 3075 1446 Sed
3109 1392 3168 1446 et
3195 1392 3510 1461 prasentes

1862 1477 2287 1548 magnitudinis
2301 1482 2507 1535 vestra:
2527 1481 2852 1536 debuerunt
2873 1479 3062 1535 nuntii
3100 1475 3512 1549 interesse,qui

1863 1571 1965 1620 aut
2001 1565 2349 1638 egritudinis
2377 1573 2476 1623 aut
2496 1573 2662 1624 certae
2689 1567 3050 1624 difﬁcultatis
3073 1571 3254 1624 caiisa
3282 1566 3514 1624 satisfa-

1861 1657 2062 1709 cerent
2091 1659 2362 1711 sanctam
2373 1673 2474 1712 vos
2491 1657 2778 1730 Synodum
2797 1655 3143 1713 declinasse.
3158 1656 3260 1711 Est
3279 1657 3338 1711 et
3350 1653 3510 1711 aliud

1859 1743 2071 1799 vestris
2104 1743 2162 1798 in
2195 1743 2406 1800 litteris
2419 1745 2726 1817 scriptum,
2742 1745 2898 1818 quod
2919 1762 3033 1801 non
3049 1743 3390 1817 episcopum
3407 1743 3510 1799 sed

1861 1831 2143 1902 puerilem
2167 1833 2447 1905 ineptiam
2469 1835 2724 1891 scribere
2757 1835 3003 1891 deceret.
3027 1831 3511 1890 Excommunica-

1861 1919 1968 1975 stis
2000 1920 2214 1977 etenim
2246 1939 2471 1992 omnes,
2496 1932 2560 1978 ut
2589 1923 2871 1980 haberent
2923 1922 3222 1979 licentiam
3263 1919 3510 1977 canendi

1861 2008 2094 2076 missas,
2134 2011 2444 2066 ordinandi
2492 2011 2918 2068 ecclesiasticas
2975 2009 3410 2084 dispositiones,
3455 2008 3507 2066 si

1859 2095 2040 2152 alium
2072 2098 2346 2155 Romanis
2378 2101 2500 2156 sedi
2525 2101 3024 2162 .constitneremus
3049 2099 3509 2172 episcopumdta

1859 2185 2014 2241 enim
2047 2189 2330 2260 scriptum
2360 2196 2518 2245 erat:
2550 2191 2664 2246 Non
2695 2190 2939 2245 habeatis
2969 2191 3251 2247 licentiam
3284 2188 3506 2244 nultum

1860 2274 2306 2334 ordinare.Nunc
2337 2295 2525 2350 usque
2554 2279 2911 2352 putavimus,
2945 2280 3126 2336 immo
3163 2294 3300 2335 vere
3318 2277 3506 2336 credi-

1860 2363 2078 2432 dimus,
2111 2367 2226 2422 duo
2255 2367 2524 2440 negativa
2551 2369 2619 2403 “9
2648 2385 2834 2424 unum
2866 2369 3054 2425 facere
3085 2357 3504 2435 dedicativu'in,‘

1861 2452 1974 2508 nisi
2004 2458 2195 2510 vestra
2224 2455 2538 2512 auctoritas
2557 2457 2885 2529 priscorum
2907 2457 3228 2515 sententias
3247 2455 3507 2513 inﬁrma-

1863 2547 1951 2597 ret
1981 2547 2308 2600 auctorum.
2332 2545 2449 2600 Nos
2478 2562 2610 2601 vero
2640 2545 2950 2603 intentioni
2977 2551 3202 2617 vestra,
3236 2561 3355 2603 non
3377 2556 3505 2603 ver-

1863 2630 2460 2704 bis,respondeamus.
2485 2635 2547 2690 Si
2577 2636 2649 2691 ad
2669 2637 2960 2709 synodum
2989 2636 3184 2693 venire
3207 2639 3266 2692 et
3281 2635 3510 2707 objecta

1863 2731 2112 2792 purgare
2144 2739 2258 2777 non
2291 2724 2553 2793 diﬂ'ertis,
2583 2725 2916 2783 auctoritati
2945 2727 3148 2781 Vestra;
3169 2723 3368 2797 procul
3399 2724 3507 2779 dua

1862 2807 1958 2863 bio
1992 2810 2318 2868 obedimus.
2337 2813 2448 2868 Sed
2479 2814 2549 2882 si,
2587 2816 2742 2886 quod
2773 2815 2948 2883 absit,
2979 2814 3175 2871 venire
3198 2817 3256 2870 et
3285 2813 3512 2884 objecta

1862 2899 2029 2953 vobis
2061 2900 2337 2972 capitalia
2366 2902 2613 2958 crimina
2644 2913 2896 2976 purgare
2942 2902 3350 2971 dissimulatis,
3374 2917 3510 2957 cum

1864 2989 2184 3058 praesertim
2218 3006 2318 3044 vos
2349 2991 2494 3045 nihil
2524 2993 2719 3047 venire
2745 2993 3169 3065 impediat,non
3201 2991 3381 3048 maris
3409 3007 3513 3046 ua-

1865 3075 2096 3146 vigatio,
2128 3094 2241 3133 non
2271 3080 2524 3151 corporis
2572 3081 2860 3153 egritudo,
2900 3079 3129 3138 itineris
3185 3079 3510 3153 longitudo,

1864 3168 2004 3219 tunc
2035 3167 2695 3224 excommunicationcm
2713 3174 2962 3225 vestram
2995 3167 3510 3241 parvipendemus,

1864 3267 2109 3325 eamque
2141 3255 2334 3327 potius
2369 3256 2426 3311 in
2458 3265 2559 3313 Vos
2592 3256 3369 3330 retorquebimus,quoniam
3387 3255 3513 3328 qui-

110 3347 390 3403 auxilium
422 3345 776 3420 poposcisse.
813 3346 1062 3401 Oramus
1111 3346 1307 3419 itaque
1348 3347 1753 3419 paternitatcm
1786 3337 1829 3403 G
1866 3342 1997 3396 dem
2023 3343 2184 3414 juste
2214 3345 2401 3400 facere
2433 3361 2771 3416 possumus.
2819 3345 3025 3414 Judas,
3057 3344 3289 3402 Domini
3321 3344 3508 3401 nostri

109 3442 362 3494 vestram
395 3435 624 3504 obnixe,
667 3452 739 3490 ne
779 3436 1024 3490 Romam
1077 3436 1275 3491 venire
1332 3439 1506 3508 atque
1562 3453 1632 3491 ex
1664 3435 1756 3491 his

113 3525 386 3582 omnibus
417 3542 521 3581 vos
549 3541 799 3598 purgare
830 3524 1237 3581 dissimuletis.
1271 3525 1330 3581 Si
1363 3526 1509 3582 forte
1537 3525 1654 3580 vim
1679 3529 1760 3580 te-

115 3615 373 3671 merariae
400 3613 800 3669 multitudinis
844 3614 1194 3680 formidatis,
1219 3615 1557 3686 juramento
1597 3614 1760 3670 vobis

116 3706 499 3769 adﬁrmamus
533 3704 620 3772 ‘56,
652 3702 798 3759 nihil
828 3703 952 3760 fieri
983 3708 1190 3776 praeter
1219 3709 1554 3760 sanctorum
1585 3717 1761 3760 cano-

118 3812 258 3850 num
289 3792 674 3852 sanctionem.
709 3793 854 3848 Data
881 3808 982 3848 vnn
1014 3793 1154 3848 Idus
1181 3793 1540 3848 Novembris.
1573 3814 1602 3844 »

189 3885 274 3939 13.
308 3883 469 3938 Hanc
499 3881 807 3954 epistolam
838 3898 974 3937 cum
999 3881 1607 3954 legisset,bujusmodi
1631 3899 1761 3954 apo-

118 3971 432 4047 logeticum
483 3970 756 4044 scripsit:
791 3994 818 4021 «
850 3970 1150 4026 Johannes
1197 3971 1528 4043 episcopus,
1560 3988 1764 4028 servus

118 4078 419 4119 servorum
452 4051 575 4128 Dei,
607 4060 883 4116 omnibus
927 4060 1239 4132 episcopis.
1270 4060 1387 4116 Nos
1433 4061 1766 4117 audivimus

118 4153 309 4208 dicere
341 4148 478 4223 quia
508 4166 608 4207 vos
639 4149 817 4205 vultis
850 4149 1033 4205 alium
1078 4164 1290 4221 papam
1324 4151 1544 4218 facere;
1581 4151 1628 4206 si
1657 4151 1764 4207 hoc

120 4239 334 4308 facitis,
365 4239 804 4294 excommunico
855 4255 955 4294 vos
995 4239 1070 4294 da
1100 4238 1252 4306 (157)
1281 4238 1465 4294 Deum
1499 4239 1764 4311 omnipo-

120 4332 363 4396 tentem,
392 4331 457 4404 _ut
489 4344 604 4382 non
644 4326 908 4382 habeatis
940 4325 1238 4382 licentiam
1272 4326 1502 4382 nullum
1533 4329 1598 4363 ‘57
1621 4328 1769 4384 ordi-

123 4434 284 4484 nare,
313 4419 370 4472 et
399 4415 644 4472 missam
675 4415 986 4472 celebrare.
1025 4439 1045 4465 ιο

197 4508 283 4563 14.
316 4509 458 4561 Cum
489 4504 608 4561 haec
632 4503 878 4578 epistola
896 4504 954 4559 in
986 4508 1189 4560 sancta
1209 4505 1427 4578 synodo
1460 4505 1770 4578 legeretur,

127 4598 504 4662 advenerunt,
540 4594 638 4666 qui
672 4593 836 4666 prius
863 4595 1172 4650 defuerant
1193 4594 1466 4667 religiosi,
1499 4609 1532 4650 a
1567 4595 1773 4651 Lotha-

127 4684 316 4757 ringia
372 4683 679 4738 Heinricus
739 4683 1110 4739 Treverensis
1168 4683 1661 4756 archiepiscopus,
1700 4685 1772 4740 ab
1805 4709 1851 4774 D

130 4773 338 4830 Emilia
367 4777 424 4828 et
453 4772 694 4846 Liguria
723 4772 896 4827 Wido
923 4773 1447 4839 Mutinensis,Gezo
1465 4774 1778 4830 Tertonen-

130 4864 233 4932 sis,
266 4861 528 4935 Sigull‘us
562 4861 935 4917 Placentinus
963 4887 976 4928 ;
1010 4879 1263 4932 quorum
1295 4861 1540 4918 consilio
1563 4863 1778 4919 domno

131 4969 292 5025 papa:
323 4951 406 5006 ita
435 4943 764 5008 rescribunt
811 4951 961 5022 (Nov.
991 4955 1112 5019 22):
1149 4974 1175 5001 «
1235 4951 1478 5006 Summo
1522 4952 1784 5023 pontiﬁci

135 5047 191 5096 et
222 5039 541 5096 universali
599 5057 761 5112 papae
820 5041 1036 5096 domno
1095 5039 1368 5096 Johanni.
1403 5040 1534 5096 Otto
1575 5041 1784 5099 divinat

135 5133 400 5202 respectu
452 5128 772 5185 clementiae
827 5128 1149 5200 imperator
1209 5133 1519 5202 angustus,
1571 5130 1672 5186 sed
1730 5135 1787 5187 et

136 5223 341 5276 sancta.
362 5219 620 5292 synodus
641 5217 836 5273 Romae
858 5217 960 5273 Dei
983 5217 1055 5273 ob
1079 5218 1381 5273 servitium
1413 5225 1782 5292 congregata,

1863 3430 2002 3486 Jesu
2035 3431 2248 3486 Christi
2277 3433 2556 3504 proditor,
2589 3434 2772 3491 immo
2801 3434 3086 3505 venditor,
3118 3447 3253 3491 cum
3303 3433 3511 3490 ceteris

1866 3519 2029 3591 prius
2057 3519 2278 3593 ligandi
2308 3528 2485 3594 atque
2511 3523 2770 3580 solvendi
2799 3527 3145 3597 potestatem
3166 3541 3202 3580 a
3227 3523 3511 3597 magistro

1868 3610 1928 3665 in
1961 3611 2080 3666 haec
2108 3612 2283 3668 verba
2311 3618 2645 3686 acceperat:
2682 3616 2854 3671 Anum
2880 3615 2999 3672 dico
3033 3615 3203 3684 vobis,
3236 3627 3513 3688 quaee-ama

1869 3717 1971 3772 que
2001 3701 2362 3770 alligaveritis
2400 3719 2564 3775 super
2593 3713 2815 3774 terram,
2862 3707 3037 3783 ligata
3065 3704 3134 3741 “0
3188 3713 3347 3762 erant
3375 3711 3428 3760 et
3453 3703 3518 3760 in

1868 3790 2020 3858 colis,
2050 3797 2102 3845 et
2145 3805 2501 3863 quaecumque
2551 3795 2823 3850 solverat:
2873 3808 3036 3868 super
3083 3799 3308 3864 terram,
3357 3793 3520 3852 erant

1869 3878 2045 3935 solutr
2073 3888 2124 3935 et
2153 3881 2214 3934 in
2242 3882 2391 3944 caelis
2420 3881 2631 3954 (Matth.
2682 3899 2843 3953 xvm,
2894 3887 3007 3954 t8).
3048 3885 3318 3950 Quandi'u
3361 3884 3518 3940 enim

1873 3968 2062 4023 bonus
2085 3968 2236 4025 inter
2260 3971 2696 4044 condiscipulos
2726 3971 2855 4040 fuit,
2888 3973 3071 4044 ligare
3091 3979 3270 4046 atque
3297 3967 3519 4028 solvere

1873 4057 2050 4112 valuit
2071 4076 2083 4124 ;
2106 4062 2418 4130 postquam
2435 4077 2567 4115 vero
2586 4061 2926 4133 cupiditatis
2947 4075 3125 4118 causa
3136 4059 3200 4097 ⁴⁶¹
3223 4059 3519 4118 homicida

1874 4147 2085 4216 factus,
2118 4147 2294 4202 vitam
2326 4149 2592 4205 omnium
2617 4149 2878 4207 occidere
2899 4150 3284 4223 voluit,quem
3314 4153 3519 4222 postea

1873 4235 2118 4307 ligatum
2143 4235 2366 4292 solvere
2397 4241 2498 4293 aut
2528 4237 2786 4294 solutum
2828 4237 3008 4313 ligare
3064 4234 3276 4312 potuit,
3308 4237 3422 4295 nisi
3454 4251 3518 4293 se

1876 4324 2092 4396 ipsum.
2125 4341 2302 4396 quem
2333 4325 2733 4384 infelicissimo
2754 4327 2962 4400 laqueo
2983 4327 3396 4402 strangulavit?
3415 4327 3522 4383 Da-

1877 4417 1936 4469 ta
1967 4415 2035 4469 10
2064 4413 2351 4470 Kalendas
2383 4416 2714 4472 Decembris
2745 4421 2802 4473 et
2839 4417 3025 4474 missa
3069 4433 3171 4490 per
3196 4416 3522 4474 Adrianum

1877 4501 2234 4558 cardinalem
2251 4504 2738 4578 presbyterum,et
2767 4505 3147 4563 Benedictum
3167 4505 3524 4564 cardinalem

1880 4591 2204 4648 diaconem.
2235 4614 2264 4642 ››

1956 4683 2043 4736 15.
2077 4681 2185 4747 Qui
2217 4698 2351 4738 cum
2383 4684 2640 4740 Tiberim
2672 4681 3091 4758 pervenissent,
3125 4701 3259 4743 eum
3288 4703 3408 4744 non
3440 4687 3529 4743 in-

1886 4775 2205 4835 venerunt;
2266 4772 2636 4843 pharetratus
2683 4774 2841 4831 enim
2891 4776 2950 4831 in
3005 4777 3358 4849 campestria
3404 4779 3532 4849 jam

1893 4860 2148 4927 abierat;
2185 4877 2289 4916 nec
2315 4862 2632 4934 quisquam
2664 4869 2790 4920 erat
2819 4864 2918 4938 qui
2949 4865 3044 4923 his
3079 4867 3179 4924 ubi
3227 4867 3353 4941 ipse
3381 4871 3538 4924 esset

1893 4950 2151 5005 indicare
2182 4951 2669 5024 posset.Cumque
2699 4969 2832 5009 eum
2861 4955 3247 5012 invenirenon
3274 4961 3536 5030 possent,

1894 5056 2027 5094 cum
2058 5039 2280 5096 eisdem
2311 5039 2521 5096 litteris
2551 5041 2624 5096 ad
2650 5049 2912 5100 sanctam
2937 5047 3382 5118 synodum,quie
3395 5050 3546 5103 tunc

1895 5130 2062 5184 tertio
2093 5133 2182 5186 est
2211 5129 2430 5197 habita,
2465 5136 2604 5186 sunt
2634 5132 2865 5188 reversi.
2899 5134 3029 5189 Mox
3070 5133 3388 5207 imperator
3417 5135 3498 5192 ait
3519 5152 3566 5191 τ’

1897 5243 1923 5270 ‹‹
1956 5218 2400 5291 Expectavimus
2423 5221 2736 5277 adventum
2748 5221 2798 5293 ej
2807 5227 2988 5291 us,ut,
2997 5227 3281 5296 praesente
3299 5224 3538 5299 eo,quid

1504 5343 1748 5399 νΑῐὶῐίΕ
1785 5345 2177 5402 LECTlONES

205 5440 280 5536 ιξξ
305 5436 550 5536 sidon‘u‘s
708 5436 776 5528 ⁸δέ
805 5442 887 5536 ita
919 5441 979 5536 1ὁ
1046 5435 1113 5476 ⁴⁵⁶
1131 5441 1427 5536 adfirmas
1552 5442 1652 5536 ἔως
1701 5442 1887 5536 ullum
2022 5443 2115 5536 sed
2144 5441 2374 5536 nullum
2423 5443 2710 5536 legendum
2750 5462 2868 5536 esse
2914 5463 2984 5505 ea:
3025 5441 3550 5536 sequentibm'pate;

137 5513 203 5549 “3
232 5511 299 5576 Β.
330 5529 386 5568 v.
419 5529 468 5572 s.
503 5526 552 5570 α.
571 5513 632 5569 11.
665 5529 701 5620 q

138 5584 331 5620 Ᾱρρηηι
354 5586 419 5620 Ro
477 5586 572 5620 Ro.
626 5585 670 5620 ιδ

137 5527 203 5549 ὀυ
232 5527 299 5576 ιι.
330 5529 386 5568 v.
419 5529 468 5572 s.
503 5527 632 5570 αλιι.
755 5529 808 5568 o.
843 5527 898 5585 p.
935 5527 1001 5568 ﬂ.
1026 5529 1080 5568 a.
1131 5527 1174 5569 1.
1227 5527 1412 5569 desum

137 5584 331 5643 desunt
352 5586 446 5642 5a.
475 5586 592 5641 5a'.
626 5585 670 5621 ιδ
723 5584 870 5640 deest
891 5586 927 5641 5
956 5602 1010 5642 a.
1042 5601 1264 5641 veneno
1294 5585 1412 5643 ὕει’.

179 5741 184 5744 ’
210 5729 368 5835 (157)
395 5741 716 5823 Italismus,
747 5753 872 5812 loco
903 5753 986 5813 de.

461 5880 730 5947 Panos.
771 5880 1101 5948 CXXXVI.

887 5513 1001 5593 ._R.
1026 5529 1080 5568 a.
1131 5517 1174 5569 Ι.
1227 5513 1420 5593 degunt
1451 5514 1523 5570 5a
1550 5514 1667 5571 ὅθ’.
1744 5514 1814 5551 ⁴⁶⁰
1843 5515 2041 5590 gatina
2071 5517 2124 5572 l.
2199 5517 2268 5552 ⁴⁶⁰
2296 5514 2336 5576 l.
2369 5533 2418 5574 e.
2448 5513 2566 5575 eti.
2619 5531 2668 5574 c.
2715 5522 2772 5576 et
2809 5535 2866 5593 q.
2918 5536 2967 5578 s.
3013 5538 3061 5578 s.
3087 5513 3136 5580 t.
3171 5517 3223 5582 e.
3257 5540 3304 5582 s.
3337 5513 3460 5585 ei'i.
3493 5513 3548 5587 ὁ.

1740 5683 1954 5747 ΝΟΤᾹΞ

3155 5893 3236 5958 29
