4050 6424
93 466 213 537 909

1552 472 1885 551 LEGATIO
1930 491 2047 552 ep.

3377 462 3517 561 ac
3583 509 3593 517 ~

92 610 595 695 quemadmodum
627 629 661 668 a
689 613 814 668 suis
835 615 1099 688 cognatis
1123 620 1180 671 et
1200 616 1611 688 familiaribus,
1638 620 1736 692 qui
1765 622 1820 689 Α
1848 621 2263 695 apostolicatus
2294 623 2529 682 culmen
2560 626 2828 700 elcgisti?
2848 627 3001 683 Num
3031 624 3279 683 inficiari
3307 630 3507 698 potes,

86 690 408 771 praesentes
437 690 624 770 erant,
655 718 897 776 persepe
936 704 1046 760 sub
1091 705 1464 763 attestatione
1509 690 1742 764 audivi-

87 787 305 845 vimus.

153 879 246 934 21.
271 879 394 943 Quo
419 882 672 949 mortuo,
703 881 950 937 Romani
980 899 1204 949 omnes,
1214 885 1240 957 j
1252 885 1544 941 uramenti
1582 886 1737 958 quod

84 972 289 1024 sancto
319 967 712 1041 promiserant
739 969 1075 1044 imperatori
1120 972 1515 1042 immemores,
1549 975 1737 1031 Bene-

83 1056 311 1113 dictum
342 1058 702 1115 cardinalem
736 1059 1039 1116 diaconem
1088 1078 1303 1134 papam
1347 1065 1735 1131 constituunt,

81 1145 328 1219 insuper
347 1150 406 1202 et
424 1147 783 1217 juramento,
799 1165 1104 1221 nunquam
1129 1165 1190 1205 se
1211 1166 1342 1205 eum
1360 1151 1732 1221 dimissuros,

81 1235 182 1291 sed
212 1240 422 1291 contra
450 1253 585 1292 eum
610 1236 981 1309 imperatoris
1007 1239 1334 1311 potentiam
1369 1240 1733 1311 defensuros,

78 1323 457 1396 promittunt.
491 1326 612 1390 Quo
645 1326 864 1394 audito,
889 1326 1209 1400 Imperator
1240 1328 1446 1385 urbem
1475 1329 1732 1396 vallavit,

80 1412 405 1481 neminem,
433 1413 536 1486 qui
553 1431 667 1469 non
711 1415 991 1471 membris
1029 1418 1417 1486 truncaretur,
1436 1417 1591 1474 exire
1612 1436 1737 1490 per-

78 1500 281 1571 misit;
315 1501 605 1557 machinis
632 1506 690 1559 et
714 1502 867 1559 fame
900 1520 1087 1576 usque
1124 1505 1267 1561 adeo
1301 1504 1525 1575 afflixit,
1549 1506 1732 1563 donec

78 1590 362 1646 Romanis
381 1589 714 1648 nolentibus
736 1591 942 1648 urbem
960 1593 1260 1666 reciperet,
1277 1594 1524 1650 Leonem
1540 1595 1730 1651 virum

74 1679 475 1736 venerabilem
533 1680 739 1736 debitas
801 1682 925 1737 sedi
976 1681 1307 1739 restitueret
1337 1683 1484 1756 (Jun.
1517 1684 1627 1756 23).
1662 1701 1729 1739 ac

77 1769 461 1825 Benedictum
473 1785 717 1826 summa:
747 1771 904 1826 sedis
922 1769 1249 1827 invasorem
1263 1772 1390 1843 ejus
1406 1772 1728 1844 praesentiae

74 1861 479 1929 praesentaret.

1851 713 2121 783 praesenti
2144 713 2358 769 domno
2391 714 2725 787 imperateri
2750 716 3092 788 juramento
3150 714 3496 788 promisisse

1850 817 2154 873 nunquam
2166 805 2224 857 te
2254 819 2388 858 cum
2411 804 2618 860 ceteris
2645 805 2927 862 Romanis
2938 821 3150 878 papam
3172 803 3497 862 electurum

1848 891 1951 943 aut
1971 890 2379 946 ordinaturum
2413 891 2811 965 absqueillius
2840 893 3062 966 ﬁliique
3076 893 3205 964 ejus
3219 891 3373 966 regis
3396 892 3497 948 Ot-

1845 977 2001 1033 tonis
2033 979 2354 1035 consensu!
2394 1003 2422 1030 »
2451 981 2798 1038 Benedictus
2828 982 3164 1055 respondit:
3199 1005 3229 1033 «
3260 981 3320 1037 Si
3350 980 3492 1054 quid

1845 1065 2096 1137 peccavi,
2130 1066 2490 1124 miseremini
2523 1066 2659 1126 mei.
2686 1092 2714 1121 ››
2737 1071 2901 1127 Tunc
2930 1070 3252 1144 imperator
3287 1069 3492 1127 effusis

1842 1151 2123 1221 lacrimis,
2151 1173 2329 1229 quam
2362 1156 2695 1214 misericors
2720 1163 2876 1216 esset
2901 1159 3234 1228 ostendens,
3268 1157 3494 1231 rogavit

1844 1243 2240 1316 synodum,ne
2275 1245 2552 1302 Benedito
2583 1247 2988 1320 praajudicium
3021 1248 3202 1303 fieret.
3229 1246 3290 1303 Si
3318 1245 3491 1304 vellet

1842 1336 1900 1386 et
1929 1337 2146 1403 posset,
2178 1333 2249 1389 ad
2281 1334 2638 1407 interrogata
2689 1335 3070 1407 responderet
3116 1350 3486 1407 causamque

1841 1437 2010 1475 suam
2043 1421 2406 1489 defenderet;
2432 1424 2587 1495 quod
2618 1425 2667 1479 si
2699 1441 2818 1479 non
2848 1427 3048 1496 posset
3063 1427 3164 1480 aut
3193 1422 3396 1493 nollet,
3416 1441 3483 1481 ac

1841 1526 1904 1564 se
1933 1509 2284 1582 culpabilem
2314 1512 2808 1580 roddcret,tamen
2830 1529 2932 1584 pro
2955 1513 3167 1569 timore
3180 1511 3277 1568 Dei
3300 1512 3482 1569 mise-

1838 1596 2153 1653 ricordiam
2171 1597 2428 1671 aliquam
2461 1599 2763 1656 inveniret.
2783 1602 2905 1666 Quo
2936 1600 3155 1672 audito,
3191 1601 3264 1658 ad
3281 1601 3482 1657 domni

1840 1686 2049 1742 Leonis
2079 1703 2239 1759 papze
2253 1688 2427 1760 pedes
2447 1688 2750 1761 ipsiusque
2776 1688 3150 1761 imperatoris
3172 1688 3361 1745 isdem
3376 1689 3481 1745 Be-

1837 1774 2108 1831 nedictus
2141 1777 2361 1831 concite
2382 1777 2708 1848 procidens,
2734 1794 2796 1833 se
2817 1794 3056 1851 pecasse
3076 1778 3164 1847 "0,
3188 1793 3251 1833 se
3272 1781 3482 1833 sanctas

1838 1863 2110 1917 Romana:
2134 1863 2289 1918 sedis
2310 1864 2637 1921 invasorem
2657 1883 2806 1935 esse,
2828 1864 3191 1923 acclamavit.
3208 1866 3347 1923 Post
3363 1865 3483 1922 haec

141 1949 234 2003 22.
258 1947 674 2050 Residentibus
711 1948 910 2049 itaque
941 1949 1156 2004 domno
1189 1949 1376 2004 Leone
1406 1966 1639 2005 summo
1669 1954 1727 2006 et
1756 1987 1804 2051 Β
1836 1950 2079 2023 pallium
2113 1952 2225 2007 sibi
2258 1953 2519 2021 abstulit,
2548 1956 2703 2026 quod
2753 1954 2930 2011 simul
2985 1971 3120 2011 cum
3160 1954 3484 2051 pontificali

78 2036 395 2093 universali
429 2054 580 2110 papa
608 2036 668 2092 in
699 2036 945 2093 ecclesia
982 2038 1376 2106 Lateranensi,
1412 2054 1636 2094 necnon
1667 2042 1725 2095 et
1756 2036 1803 2051 "
1834 2040 2038 2108 ferula,
2064 2058 2241 2112 quam
2291 2059 2470 2097 manu
2527 2043 2813 2116 gestabat,
2847 2044 3063 2099 domno
3101 2060 3265 2116 papaa
3307 2043 3483 2099 Leoni

74 2125 428 2198 imperatore
467 2125 841 2181 sanctissimo
874 2125 1103 2192 Ottone,
1136 2126 1427 2199 episcOpis
1481 2127 1723 2199 insuper

77 2215 380 2284 Romanis,
396 2202 1078 2289 Italicis,aLotharingia
1100 2220 1156 2270 et
1172 2215 1422 2271 Saxonia
1443 2216 1722 2288 archiepi-

74 2305 290 2378 scopis,
325 2303 637 2377 episcopis.
673 2304 1034 2377 presbiteris,
1062 2304 1427 2374 diaconibus,
1444 2304 1721 2378 omnique

76 2399 472 2451 Romanorum
505 2392 695 2466 plebe,
716 2409 966 2466 quorum
988 2393 1231 2450 nomina
1251 2395 1319 2430 ‘5'
1340 2394 1582 2450 inferius
1612 2395 1718 2450 ad-

76 2482 433 2551 scribentur,
475 2482 707 2538 advenit
752 2482 1119 2551 Benedictus,
1172 2482 1501 2554 apostolica
1562 2483 1720 2539 sedis

74 2572 543 2639 invasor,eorum
569 2571 668 2643 qui
694 2587 755 2626 se
775 2569 1069 2644 elegerant
1100 2571 1374 2626 manibus
1406 2571 1719 2640 adductus,

74 2659 509 2733 pontificalibus
536 2659 799 2715 vestibus
838 2659 1098 2715 indutus.
1133 2661 1315 2726 Quem
1375 2659 1720 2716 Benedictus

73 2749 390 2806 cardinalis
419 2747 866 2805 archidiaconus
894 2748 996 2803 tali
1028 2765 1299 2804 sermone
1359 2749 1676 2821 adgressus
1702 2766 1714 2804 :

72 2862 99 2890 (ι
136 2840 263 2904 Qua
308 2837 416 2893 tibi
461 2837 823 2906 auctoritate,
857 2853 1041 2909 quave
1072 2837 1216 2910 lege,
1250 2854 1282 2893 ο
1312 2837 1566 2907 invasor,
1597 2836 1720 2893 haec

70 2926 428 3001 pontiﬁcalia
476 2925 826 2981 indumenta
883 2926 1207 2998 usurpasti,
1241 2926 1555 2997 superstite
1610 2926 1720 2982 hoc

64 3016 334 3090 presenti
359 3016 574 3071 domno
592 3019 790 3070 nostro
801 3004 1115 3070 venerabili
1136 3031 1288 3087 papa
1310 3015 1521 3083 Leone,
1542 3031 1717 3087 quem

63 3112 125 3163 tu
176 3106 511 3173 nobiscum,
544 3107 814 3161 accusata
863 3108 919 3160 et
971 3104 1278 3176 reprobate
1327 3103 1612 3172 Johanne,
1646 3104 1718 3159 ad

1828 2128 2099 2185 reddidit.
2116 2130 2301 2193 Quam
2321 2129 2767 2186 ferulamisdem
2782 2147 2933 2204 papa
2954 2130 3144 2203 fregit,
3158 2135 3216 2187 et
3228 2132 3474 2188 fractam

1830 2217 2043 2290 populo
2074 2218 2348 2288 ostendit,
2378 2219 2590 2275 Deinde
2620 2218 2999 2275 Benedictum
3021 2219 3080 2274 in
3098 2222 3253 2275 terra
3268 2219 3473 2276 sedere

1829 2305 2118 2379 praecepit.
2139 2305 2243 2361 Cui
2269 2305 2553 2373 casulam,
2573 2323 2751 2379 quam
2774 2306 3067 2379 planetam
3090 2306 3315 2377 dicunt,
3340 2323 3476 2364 cum

1831 2393 1978 2451 stola
2005 2395 2225 2466 pariter
2246 2394 2511 2452 abstulit.
2529 2395 2665 2451 Post
2681 2399 2880 2452 autem
2900 2396 3175 2453 omnibus
3187 2396 3477 2470 episcopis

1831 2483 2013 2538 dixit:
2049 2506 2078 2533 ‹‹
2112 2484 2740 2552 Benedictum,sanctaa
2768 2484 3042 2540 Romanae
3062 2489 3119 2541 et
3139 2484 3472 2557 apostolicae

1831 2572 1987 2627 sedis
2016 2570 2369 2638 invasorem,
2390 2572 2550 2627 omni
2579 2573 2956 2644 pontiﬁcatus
2980 2577 3036 2630 et
3055 2572 3476 2646 prespiteratus

1829 2659 2046 2715 honore
2061 2660 2461 2732 privamus;ob
2478 2659 2856 2718 elemosinam
2873 2677 3006 2717 vero
3021 2661 3219 2718 domui
3232 2661 3478 2734 impera-

1829 2747 1973 2803 toris
2001 2747 2251 2816 Ottonis,
2277 2749 2448 2820 cujus
2471 2765 2681 2805 sumus
2707 2765 2885 2822 opera
2904 2748 2962 2804 in
2994 2750 3193 2806 sedem
3220 2749 3477 2806 debitam

1829 2836 2103 2906 restituti,
2124 2837 2471 2893 diaconatus
2496 2854 2629 2893 eum
2661 2839 2928 2894 ordinem
2948 2837 3164 2895 habere
3185 2838 3480 2912 permitti-

1829 2940 1982 2993 mus,
2015 2928 2074 2981 et
2103 2942 2217 2981 non
2240 2926 2369 2997 jam
2413 2927 2629 2995 Romae,
2659 2927 2761 2983 sed
2804 2926 2864 2983 in
2911 2926 3148 2984 exilium
3190 2928 3264 2985 ad
3321 2928 3478 3002 quod

1829 3014 2058 3070 destina
2088 3013 2176 3069 ‘7‘.

1422 3219 1660 3276 VARI/E
1699 3219 2108 3276 LECTIONES.
2143 3285 2149 3290 _

136 3325 207 3360 ιδο
272 3341 382 3380 nra
446 3324 527 3378 1..
572 3323 640 3359 ‘70
706 3324 748 3377 ἰ.
824 3338 873 3377 e.

952 3338 1227 3394 pec_:asse
1282 3322 1364 3394 βτί
1398 3322 1513 3394 pila
1575 3320 1859 3394 eodem].

1924 3320 2295 3392 ﬁmtﬂmedia
2352 3321 2413 3376 in
2473 3322 2643 3392 pagia
2706 3324 2759 3376 et
2821 3322 2985 3378 initio
3050 3321 3235 3392 linem.
3306 3321 3470 3381 Codd.

67 3401 121 3454 2.
151 3404 204 3453 et
228 3396 284 3452 4.
315 3394 500 3451 eodem
553 3393 733 3450 mudo.
766 3397 855 3449 set
879 3386 1209 3449 in'exilium
1263 3391 1627 3449 destinamus
1654 3393 1709 3447 5.
1743 3386 1842 3448 Set
1870 3386 1934 3445 in'
1961 3391 2133 3447 exilio
2189 3386 2619 3448 destinam'us's
2647 3408 2700 3446 a.
2735 3395 2825 3448 set
2878 3393 2940 3448 in
2994 3391 3231 3450 exilium
3290 3393 3474 3450 desti-

72 3484 283 3525 namus
314 3466 449 3523 edz'u
477 3469 531 3522 et
557 3466 857 3521 Albericus.
892 3464 1178 3520 Sententia
1188 3480 1404 3537 poscere
1431 3464 1649 3519 videtur
1675 3480 1696 3526 ,'
1728 3462 2056 3519 destinatus
2087 3466 2177 3519 est
2204 3463 2394 3519 abeat.

72 3605 1550 3641 ψ

1560 3605 3476 3638 m

1241 3748 2311 3850 LIUTPRANDI

1351 3944 1847 4003 CREMONENSIS
1885 3944 2202 4002 EPISCOPI

104 4030 689 4258 BELATIO
736 4130 904 4253 DE
953 4125 1722 4252 LEGATIONE
1768 4096 3427 4253 CONSTANTINOPOLITANA.

142 4434 385 4490 Ottones
398 4433 795 4489 Romanorum
813 4429 1728 4502 inviotissimosimperatoresau-
1756 4427 1799 4496 C
1836 4445 1942 4484 nec
1966 4427 2217 4484 calorem
2239 4427 2562 4501 repelleret,
2577 4428 2788 4486 inclusi
2801 4428 3254 4500 sumus;armati
3268 4428 3484 4487 milites

78 4528 303 4595 gustos,
323 4518 1284 4595 gloriosisimamqueAdelheidem
1298 4517 1727 4591 imperatricem

80 4616 412 4685 augustam,
430 4610 843 4683 Liudprandus
857 4610 927 4645 ⁴⁷²
952 4612 1165 4665 sanctae
1191 4605 1601 4664 Cremonensis
1630 4621 1728 4662 ec-

79 4700 264 4757 clesia:
285 4699 621 4773 episcopus,
649 4715 882 4772 semper
900 4697 1112 4768 valere,
1142 4694 1494 4770 prosperari,
1518 4695 1727 4751 trium-

80 4787 548 4862 pharc,anhelat,
571 4787 885 4855 desiderat,
915 4790 1097 4859 optat.

145 4879 198 4932 1.
231 4876 382 4941 Quid
415 4893 603 4933 causae
636 4875 834 4944 fuerit,
860 4876 1015 4948 quod
1049 4875 1213 4948 prius
1254 4874 1482 4931 litteras
1513 4875 1581 4910 "3
1610 4872 1730 4931 sive

80 4966 352 5022 nuntium
384 4982 583 5022 meum
614 4982 730 5021 non
761 4964 1159 5037 susceperitis,
1185 4963 1331 5020 ratio
1361 4964 1731 5035 subsequens

80 5054 618 5111 declarabit.Pridie
629 5054 824 5110 Nonas
836 5053 997 5109 Junii
1010 5051 1569 5125 ConstantinOpolim
1585 5052 1733 5108 veni-

81 5161 234 5210 mus,
266 5147 326 5201 et
355 5143 429 5200 ad
461 5142 878 5200 contumeliam
901 5147 1155 5199 vestram
1177 5141 1424 5214 turpiter
1449 5142 1726 5213 suscepti,

82 5231 335 5305 graviter
361 5231 698 5306 tupiterque
724 5248 935 5288 sumus
959 5230 1219 5301 tractati;
1246 5228 1461 5302 palatio
1492 5230 1729 5303 quidem

83 5320 224 5378 satis
246 5336 464 5395 magno
486 5324 543 5378 et
572 5325 794 5394 aperto,
811 5320 967 5394 quod
990 5336 1095 5377 nec
1114 5319 1299 5393 frigus
1321 5323 1560 5388 arceret,
1583 5318 1733 5375 sicut

1838 4516 2087 4590 appositi
2100 4521 2239 4573 sunt
2259 4517 2551 4587 custodes,
2567 4518 2669 4591 qui
2691 4519 2838 4577 meis
2856 4519 3132 4577 omnibus
3154 4518 3373 4575 exitum
3391 4519 3480 4591 ‘7‘,

1838 4605 2061 4662 cmteris
2082 4605 2458 4678 prohiberent
2473 4605 2825 4680 ingressum.
2845 4608 3065 4665 Domus
3082 4607 3212 4680 ipsa
3230 4606 3373 4664 solis
3386 4624 3485 4664 no-

1840 4696 1930 4751 bis
1951 4695 2196 4752 inclusis
2217 4695 2434 4768 pervia,
2459 4713 2492 4750 a
2509 4695 2724 4768 palatio
2755 4697 2898 4753 adeo
2916 4699 3300 4770 sequestrata,
3324 4700 3391 4752 ut
3413 4712 3482 4754 eo

1839 4785 2008 4840 nobis
2027 4801 2140 4840 non
2157 4784 2690 4857 equitantibus,sed
2710 4784 3170 4852 ambulantibus,
3186 4784 3484 4842 anhelitus

1839 4877 2228 4930 truncaretur.
2244 4873 2500 4930 Accessit
2514 4875 2587 4930 ad
2605 4874 2999 4932 calamitatem
3019 4878 3305 4943 nostram,
3327 4873 3483 4947 quod

1841 4965 2165 5019 Graecorum
2180 4963 2384 5019 vinum
2396 4963 2469 5019 ob
2484 4963 2999 5040 picis,tadae,gypsi
3011 4963 3484 5022 commixtionem

1840 5052 2009 5108 nobis
2026 5051 2364 5124 impotabile
2381 5052 2510 5106 fuit.
2530 5052 2892 5125 Domusipsa
2915 5057 3038 5108 erat
3053 5052 3360 5124 inaquosa,
3380 5064 3487 5104 nec

1841 5140 2000 5196 sitim
2023 5138 2228 5196 saltem
2257 5156 2410 5211 aqua
2422 5139 2789 5213 exstinguere
2805 5139 3126 5212 qulvimus,
3145 5155 3320 5211 quam
3350 5137 3491 5192 data

1841 5229 2088 5302 pecunia
2120 5245 2469 5285 emeremus.
2494 5228 2641 5284 Huic
2668 5244 2882 5301 magno
2913 5243 3014 5292 vae,
3047 5244 3126 5283 vae
3159 5224 3318 5281 aliud
3351 5240 3488 5296 apo-

1841 5317 2020 5374 situm
2038 5317 2327 5387 est,homo
2341 5316 2486 5374 scili.
2498 5359 2511 5372 .
2522 5360 2535 5374 .
2549 5334 2718 5373 orum
2731 5315 2797 5351 ⁸⁷⁵
2808 5318 3007 5372 custos
3018 5357 3032 5386 ,
3051 5313 3153 5387 qui
3165 5312 3490 5370 cotidianos

1432 5443 1674 5499 VARIIE
1714 5439 2125 5498 LECTIONES.

149 5544 219 5621 Ψ
272 5544 357 5599 ita
402 5543 603 5621 tabique
655 5544 872 5621 correxi
912 5561 924 5613 ;
982 5541 1379 5621 lu_itipr_andus
1439 5541 1696 5621 ᾂρῃίείιιδ
1745 5539 1932 5621 edidit.
2009 5540 2077 5575 ‘73
2133 5538 2333 5621 literas
2391 5539 2470 5605 C;
2499 5541 2600 5596 καί
2654 5539 2822 5621 etiam
2875 5536 3082 5609 millia,
3138 5536 3326 5621 littus,
3385 5552 3496 5621 op-

122 5618 392 5683 ortunus,
442 5611 593 5681 imo,
652 5611 918 5683 tentare,
970 5611 1267 5679 solennis,
1328 5612 1743 5686 quotidianus,
1790 5616 2082 5686 quatenus
2107 5611 2590 5686 ,__eleernosyn_a,
2630 5611 2943 5686 goannes,
2996 5611 3497 5686 nuncius__contra

122 5631 392 5683 οηιιηιιε,
442 5631 593 5681 uno,
652 5631 908 5683 tentare,
970 5631 1231 5671 8018111118
1251 5657 1267 5679 ,
1328 5631 1708 5686 quoumanus
1729 5652 1743 5679 ,
1790 5631 2082 5684 quatenus
2107 5653 2122 5680 ,
2178 5631 2549 5684 eleemosyna
2575 5652 2590 5679 ,
2649 5631 2903 5668 Joannes
2928 5650 2943 5677 ,
2996 5631 3250 5666 nuncius
3307 5631 3493 5665 contra

82 5631 729 5769 iiufiprandipscribqndi
758 5686 1036 5769 rqtimmn
1069 5685 1313 5769 ρειγνζωί
1338 5687 1488 5769 fecit,
1521 5684 2047 5769 ᾳτιοᾴὀοννθωῡηίέξ.
2123 5682 2192 5769 "f
2216 5680 2456 5740 exitium
2490 5680 2547 5742 Ο.
2621 5684 2689 5721 ⁴⁷⁶
2721 5682 3032 5744 Sciliorum
3060 5682 3138 5741 al.
3163 5678 3493 5761 Siciliorum

87 5757 140 5821 0.
161 5754 403 5838 fo'rtaue
432 5757 728 5833 legendum
760 5775 775 5816 :
810 5757 999 5819 homo.
1016 5754 1243 5825 scilicet
1264 5754 1599 5829 nostrorum
1631 5754 2030 5837 (domorum?)
2060 5759 2276 5817 custos.
