4050 6394
545 426 660 502 ³14

1500 421 1976 486 LlUTPRANDI
2021 421 2574 487 GREMONENSIS
2619 424 2995 488 EPISCOPI.

3839 415 3970 481 912

485 556 490 560 ’
549 561 820 632 sumptus
840 557 1138 630 praeberet,
1155 557 1514 615 cuisimilem
1529 558 1579 613 si
1596 557 1880 630 requiras,
1898 574 2012 613 non
2040 562 2194 614 terra
2218 559 2276 628 Α
2307 559 2419 614 duo
2438 559 2660 631 parvuli
2679 557 3242 631 imperatores(159),
3267 557 3396 628 ejus
3409 554 3969 628 quendamdomini

548 649 649 704 sed
671 647 936 703 infernus
960 641 1157 703 forsan
1181 646 1375 716 dabit;
1405 647 1456 703 is
1477 647 1634 703 enim
1654 646 1934 719 quicquid
1956 646 2190 702 calami-

545 735 1001 809 tatis,quicquid
1037 735 1274 809 rapinzr,
1299 736 1538 808 quicqid
1567 736 1880 808 dispendii,
1913 736 2190 808 quicquid

544 823 764 894 luctus,
793 824 1079 898 quidquid
1113 825 1362 881 miseriae
1393 824 1720 897 excogitare
1769 825 1981 897 potuit,
2025 823 2196 897 quasi

542 916 772 971 torrens
800 913 1097 970 inundans
1127 913 1186 969 in
1219 931 1326 969 nos
1356 913 1580 970 effudit.
1611 914 1727 968 Nec
1753 913 1810 968 in
1844 917 2080 969 centum
2115 913 2195 966 vi-

545 999 696 1075 ginti
724 1001 933 1059 diebus
954 1019 1072 1058 una
1101 1001 1306 1059 saltem
1333 1001 1632 1074 praeteriit,
1651 1019 1779 1074 quae
1807 1019 1922 1058 non
1943 1002 2199 1075 gemitus

548 1089 722 1147 nobis
752 1091 1034 1169 praberet
1064 1095 1120 1148 et
1150 1090 1365 1146 luctus.

619 1183 674 1235 2.
690 1174 880 1235 Pridie
891 1179 1085 1236 Nonas
1096 1179 1278 1248 Junii,
1296 1185 1361 1235 ut
1376 1180 1648 1252 superius
1666 1180 2033 1252 scripsimus,
2059 1179 2200 1233 Con-

555 1267 998 1342 stantinopolim
1031 1273 1167 1325 ante
1188 1272 1415 1342 portam
1449 1270 1689 1325 Caream
1727 1269 1796 1303 “5
1825 1269 2114 1333 venimus,
2146 1270 2205 1321 et

557 1375 745 1430 usque
767 1358 838 1414 ad
863 1357 1236 1415 undecimam
1255 1357 1459 1414 horam
1484 1375 1616 1412 cum
1633 1358 1822 1430 equis,
1838 1374 1952 1412 non
1976 1355 2206 1411 modica

558 1447 775 1520 pluvia,
789 1447 1242 1520 expectavimus.
1261 1446 1581 1502 Uudecima
1592 1463 1726 1501 vero
1743 1446 1888 1500 hora
1908 1462 2022 1500 non
2044 1448 2206 1499 ratus

559 1536 920 1608 Nicephorus
951 1553 1059 1591 nos
1089 1535 1299 1608 dignos
1329 1551 1457 1590 esse
1477 1539 1595 1589 tam
1627 1540 1862 1589 ornatos
1892 1538 2084 1588 vestra
2104 1532 2207 1587 mi-

563 1625 878 1682 sericordia
907 1625 1192 1696 equitare,
1212 1623 1409 1678 venire
1432 1623 1634 1693 jussit,
1659 1628 1717 1679 et
1739 1639 1923 1694 usque
1939 1622 1995 1676 in
2011 1621 2210 1694 praefa-

561 1718 685 1770 tam
715 1714 955 1769 domum
985 1711 1684 1781 marmoream,invisam,
1715 1712 2081 1783 inaquosam,
2107 1727 2206 1783 pa-

561 1801 771 1868 tulam,
803 1818 1011 1880 sumus
1041 1800 1311 1869 deducti;
1343 1805 1539 1856 octavo
1571 1805 1768 1856 autem
1801 1799 1938 1855 ldus
1977 1801 2042 1832 “7
2074 1799 2206 1854 sab—

563 1890 741 1947 batho
769 1891 957 1967 primo
986 1890 1212 1946 dierum
1245 1894 1628 1961 pentecostes,
1663 1894 1795 1945 ante
1839 1888 2036 1944 fratris
2079 1888 2206 1958 ejus

566 1980 777 2036 Leonis
807 1978 1120 2054 coropalati
1142 1979 1208 2012 ⁴²⁸
1241 1983 1298 2034 et
1327 1978 1631 2051 logothetze
1672 1977 2040 2050 praesentiam
2073 1993 2207 2032 sum

564 2069 868 2136 deductus,
905 2067 1004 2124 ubi
1037 2069 1106 2123 de
1137 2067 1434 2140 imperiali
1471 2073 1662 2124 vestro
1703 2066 1940 2124 nomine
1997 2081 2214 2138 magna

563 2175 772 2215 sumus
796 2157 1162 2212 contentione
1184 2157 1431 2229 fatigati.
1447 2158 1576 2228 Ipse
1595 2157 1751 2212 enim
1776 2173 1877 2212 vos
1901 2172 2016 2210 non
2033 2153 2214 2226 impe-

563 2253 837 2304 ratorem.
872 2245 928 2300 id
962 2252 1050 2302 est
1078 2254 1299 2319 βασιλέα,
1335 2263 1442 2301 sua
1474 2247 1694 2318 lingua,
1719 2247 1820 2301 sed
1847 2246 1919 2300 ob
1953 2243 2214 2315 indigna-

563 2337 784 2393 tionem
817 2345 967 2408 ῥῆγα,
1001 2336 1058 2390 id
1090 2340 1179 2391 est
1210 2350 1426 2407 regem,
1453 2341 1653 2390 nostra
1680 2335 1938 2390 vocabat.
1959 2331 2058 2388 Cui
2079 2347 2212 2386 cum

567 2425 1001 2497 dicerem,quod
1014 2421 2043 2497 signiﬁcareturidemesse,quamvis
2057 2421 2212 2492 quod

565 2515 860 2588 significat
879 2513 1198 2579 diversum,
1221 2529 1336 2582 me,
1365 2512 1465 2581 ait,
1496 2529 1612 2566 non
1647 2513 1807 2583 pacis
1839 2511 1938 2566 sed
1983 2514 2214 2565 conten-

567 2604 746 2660 tionis
767 2619 949 2659 causa
966 2601 1194 2657 venisse
1222 2619 1236 2669 ;
1261 2601 1460 2672 sicque
1489 2601 1676 2656 iratus
1707 2602 2212 2671 surgens,vestras

567 2690 811 2760 litteras,
843 2707 974 2745 vere
1005 2689 1340 2761 indignans,
1375 2706 1489 2744 non
1522 2704 1622 2760 per
1653 2705 1714 2743 se
1754 2687 1852 2743 sed
1886 2703 1988 2758 per
2032 2685 2208 2740 inter-

568 2783 788 2852 pretem
820 2777 1097 2848 suscepit,
1129 2777 1303 2832 homo
1333 2777 1457 2849 ipse
1479 2778 1550 2831 ad
1583 2793 1893 2849 personam
1921 2774 2063 2832 satis
2077 2792 2210 2847 pro-

567 2884 758 2937 cerus,
784 2867 930 2924 falso
954 2865 1218 2932 humilis,
1242 2865 1335 2921 cui
1365 2865 1416 2922 si
1443 2867 1671 2922 inuisus
1694 2865 1868 2922 homo
1887 2863 2078 2932 fuerit,
2094 2881 2221 2918 ma--

565 2973 708 3014 nnm
739 2957 788 3028 ej
799 2973 867 3012 us
898 2955 1233 3028 perforabit.

631 3049 684 3102 3.
715 3045 974 3119 Septimo
1015 3048 1210 3100 autem
1246 3044 1382 3100 ldus
1404 3045 1471 3079 ὀη
1510 3043 1656 3117 (Jun.
1679 3046 1755 3112 7),
1789 3043 1917 3116 ipso
1941 3041 2208 3098 videlicet

561 3139 763 3192 sancto
777 3133 870 3191 die
893 3137 1278 3206 pentecostes,
1295 3133 1352 3188 in
1376 3135 1570 3200 domo,
1591 3150 1718 3204 quae
1733 3133 1946 3188 dicitur
1960 3141 2203 3204 Στεφάνα,

563 3226 619 3280 id
651 3229 740 3281 est
769 3221 1099 3294 Coronaria,
1134 3227 1266 3278 ante
1296 3221 1688 3295 Nicephorum
1722 3239 1855 3278 sum
1895 3223 2202 3277 deductus.

2300 665 2457 703 nunc
2487 648 2755 721 subjecti,
2780 650 2952 720 cujus
2983 646 3338 704 narrationis
3365 646 3605 708 initium
3637 644 3753 700 hoc
3802 643 3917 699 fuit
3953 659 3968 698 :

2374 783 2425 836 4.
2461 805 2488 832 ‹‹
2523 782 2943 849 Debueramus,
2977 781 3158 837 immo
3189 779 3583 844 volueramus,
3610 783 3670 834 te
3702 778 3970 851 benigne

2305 871 2727 943 magniﬁceque
2749 871 3044 944 suscipere
3065 889 3078 939 ;
3100 870 3201 926 sed
3215 869 3436 925 domini
3450 869 3534 923 tui
3551 867 3836 941 impietas
3850 882 3973 923 non

2308 960 2613 1032 permittit,
2649 961 2748 1032 qui
2782 965 2902 1016 tam
2937 959 3176 1014 inimica
3208 957 3506 1014 invasione
3557 957 3814 1013 Romam
3858 955 3975 1013 sibi

2308 1047 2641 1119 vindicavit,
2661 1047 3008 1121 Berengario
3033 1046 3184 1110 (l60)
3205 1052 3262 1103 et
3293 1045 3602 1102 Adelberto
3633 1049 3849 1102 contra
3870 1047 3975 1117 jus

2311 1137 2516 1208 fasque
2528 1138 2704 1192 vitam
2721 1137 2980 1206 abstulit,
2997 1137 3395 1193 Romanorum
3419 1135 3563 1191 alios
3579 1133 3805 1208 gladio,
3823 1133 3976 1190 alios

2313 1226 2955 1298 suspendiointeremit,
2971 1224 3156 1281 oculis
3169 1223 3314 1280 alios
3335 1223 3597 1296 privavit,
3614 1222 3794 1278 exilio
3826 1222 3976 1278 alios

2314 1314 2588 1388 relegavit
2615 1315 2782 1387 (161),
2812 1319 2868 1370 et
2897 1313 3126 1387 imperii
3187 1312 3375 1368 nostri
3422 1313 3668 1384 insuper
3700 1312 3978 1368 civitates

2315 1403 2628 1459 homicidio
2661 1407 2761 1459 aut
2779 1403 3044 1459 incendio
3066 1403 3174 1459 sibi
3200 1394 3450 1458 subdere
3466 1402 3526 1436 ⁸⁸³
3543 1400 3861 1474 temptavit
3884 1419 3895 1466 ;
3921 1406 3984 1456 et

2316 1493 2454 1564 quia
2470 1493 2708 1548 affectus
2719 1495 2847 1564 ejus
2863 1509 3072 1565 pravus
3093 1493 3361 1548 effectum
3379 1490 3593 1546 habere
3616 1507 3734 1545 non
3755 1490 3978 1562 potuit,

2317 1599 2473 1637 nunc
2505 1586 2560 1637 te
2591 1582 2824 1638 malitia:
2856 1581 3034 1653 hujus
3056 1585 3455 1655 suggestorem
3481 1585 3658 1652 atquc
3683 1579 3980 1652 impulso—

2318 1687 2463 1738 rem,
2498 1670 2775 1726 simulata
2811 1685 2971 1742 pace,
3005 1670 3174 1742 quasi
3193 1678 3409 1728 ἄσκοπον
3431 1667 3518 1739 ‘3’,
3553 1669 3611 1724 id
3653 1672 3744 1724 est
3777 1668 3981 1742 explo-

2319 1763 2592 1827 ratorem,
2627 1761 2697 1814 ad
2729 1776 2836 1814 nos
2867 1759 3096 1814 direxit.
3133 1782 3162 1810 »

2388 1895 2442 1948 5.
2462 1894 2564 1949 Cui
2584 1894 2811 1963 inquam
2830 1910 2956 1961 ego:
2975 1916 3000 1943 ‹‹
3027 1894 3351 1950 Romanam
3375 1893 3663 1949 civitatem
3693 1892 3982 1948 dominus

2324 1999 2491 2038 meus
2522 2000 2636 2037 non
2665 1982 2719 2036 vi
2750 1987 2851 2038 aut
2889 1982 3188 2055 tyrannice
3244 1981 3478 2048 invasit,
3513 1982 3615 2038 sed
3647 1996 3684 2037 a
3713 1981 3983 2053 tyranni,

2323 2071 2505 2127 immo
2535 2075 2916 2143 tyrannorum
2935 2072 3081 2143 jugo
3103 2070 3391 2127 liberavit.
3416 2071 3617 2126 Nonne
3647 2069 3984 2127 effeminati

2325 2161 2783 2216 dominabantur
2801 2158 2974 2230 ejus?
3003 2164 3058 2214 et
3089 2161 3242 2230 quod
3273 2158 3509 2232 gravius
3557 2159 3678 2214 sive
3710 2158 3984 2230 turpius,

2325 2265 2514 2304 nonne
2539 2248 2912 2304 meretrices?
2935 2247 3286 2312 Dormiebat,
3307 2252 3370 2303 ut
3397 2252 3534 2318 puto
3559 2252 3700 2303 tunc
3713 2251 3986 2320 potestas

2322 2343 2446 2406 tua,
2461 2338 2642 2392 immo
2657 2339 3028 2392 decessorum
3049 2341 3305 2404 tuorum,
3325 2337 3424 2408 qui
3445 2337 3681 2392 nomine
3695 2336 3849 2407 solo,
3864 2352 3984 2392 non

2324 2431 2515 2482 autem
2551 2443 2610 2482 re
2640 2427 2789 2498 ipsa,
2822 2425 3203 2497 imperatores
3235 2425 3631 2481 Romanorum
3660 2429 3983 2481 vocantur.

2321 2516 2379 2570 Si
2412 2520 2696 2588 potentes,
2730 2515 2777 2570 si
2811 2516 3192 2587 imperatores
3223 2514 3622 2570 Romanorum
3643 2519 3842 2582 erant,
3879 2531 3987 2570 cur

2324 2605 2566 2660 Romam
2599 2605 2657 2660 in
2691 2604 3060 2660 meretricum
3092 2607 3375 2676 potestate
3425 2603 3743 2660 sinebant?
3770 2604 3985 2659 Nonne

2321 2694 2828 2749 sanctissimorum
2860 2709 3145 2764 paparum
3177 2691 3273 2747 alii
3297 2697 3435 2747 sunt
3454 2691 3841 2764 relegati,alii
3872 2710 3907 2748 a
3930 2697 3986 2748 te

2320 2783 2516 2850 atlicti,
2535 2788 2601 2838 ut
2619 2798 2805 2854 neque
2827 2782 3152 2837 cotidianos
3167 2787 3438 2852 sumptus
3458 2797 3563 2837 nec
3583 2780 3981 2838 elemosinam

2317 2870 2530 2927 habere
2560 2870 2840 2943 quirent?
2867 2870 3068 2926 Nonne
3119 2867 3464 2926 Adelbertus
3508 2870 3980 2927 contumeliosas

2315 2959 2538 3016 litteras
2573 2961 2834 3016 Romano
2865 2963 2923 3015 et
2950 2958 3350 3027 Constantino,
3385 2959 3798 3017 decessoribns
3832 2961 3977 3026 tuis,

2314 3049 2766 3121 imperatoribus
2783 3049 2946 3104 misit
2959 3049 2985 3104 ?
2996 3048 3198 3104 Nonne
3211 3047 3721 3104 sanctissimorum
3736 3054 3979 3121 aposto-

2316 3137 2507 3194 lorum
2541 3138 2817 3194 ecclesias
2849 3136 3069 3208 rapinis
3130 3136 3481 3208 expoliavit?
3512 3136 3654 3202 Quis
3680 3153 3751 3192 ex
3801 3137 3976 3193 vobis

2318 3226 2912 3306 imp_eratoribus,zelo
2927 3225 3026 3282 Dei
3041 3227 3398 3294 duetus,tam
3412 3225 3721 3298 indignum
3739 3226 3977 3281 facinus

563 3313 863 3370 hominem
878 3311 1021 3368 satis
1034 3316 1495 3379 monstruosum,
1513 3327 1862 3384 pygmaeum,
1879 3311 2066 3383 capite
2081 3309 2206 3383 pin-
2236 3297 2280 3364 C
2318 3297 2613 3373 vindicare
2635 3321 2693 3371 et
2718 3320 2984 3372 sanctam
3008 3314 3314 3371 ecclesiam
3336 3315 3396 3370 in
3419 3297 3638 3372 statum
3663 3315 3976 3388 proprium

568 3399 768 3474 guem,
799 3405 975 3472 atque
1005 3401 1304 3456 oculorum
1338 3401 1623 3472 parvitate
1673 3400 1984 3472 talpinum,
2032 3400 2214 3456 barba

572 3495 756 3558 curta,
793 3490 930 3556 lata,
963 3490 1156 3560 spissa
1197 3494 1255 3544 et
1303 3489 1598 3545 semicana
1642 3490 1946 3558 l‘cndatum,
1995 3489 2213 3545 cervice

574 3576 802 3650 digitali
828 3581 1148 3648 turpatum.
1165 3576 1491 3649 prolixitate
1512 3583 1569 3632 et
1599 3578 1888 3633 densitate
1909 3593 2211 3633 comarum

2322 3405 2636 3461 reformare
2679 3404 2946 3460 curavit?
2978 3402 3323 3477 Neglexistis
3380 3420 3504 3474 vos,
3534 3421 3652 3459 non
3706 3402 3977 3477 neglexit

2322 3494 2596 3550 dominus
2616 3511 2803 3560 meus,
2827 3493 2978 3565 quia
2993 3493 3211 3548 ﬁnibus
3233 3496 3397 3548 terrm
3429 3508 3679 3565 surgens
3691 3491 3977 3548 Romam-

2323 3600 2435 3655 que
2454 3583 2711 3648 veniens,
2737 3582 2948 3654 impios
2972 3580 3294 3648 abstulit,et
3315 3584 3650 3636 sanctorum
3673 3581 3977 3653 apostolo-

576 3665 719 3723 satis
739 3666 993 3738 hyopum
1016 3664 1282 3737 [hirtum]
1317 3666 1486 3735 (158),
1521 3665 1710 3722 colore
1739 3667 2083 3739 zEtbiopem,
2120 3667 2214 3724 cui
2323 3689 2453 3728 rum
2474 3671 2706 3728 vicariis
2733 3674 3074 3742 potestatem
3098 3674 3154 3726 et
3171 3669 3449 3726 honorem
3479 3686 3713 3726 omnem
3737 3675 3977 3727 contra-

571 3770 677 3828 per
705 3754 958 3810 mediam
991 3754 1141 3810 nolis
1170 3770 1469 3810 occurrere
1509 3759 1758 3824 noctem,
1788 3760 1987 3811 ventre
2016 3760 2212 3812 exten-
2322 3760 2487 3815 didit.
2514 3760 2895 3816 Postmodum
2935 3775 3068 3814 vero
3125 3758 3496 3830 insurgentes
3543 3762 3749 3814 contra
3794 3776 3861 3815 se
3919 3763 3976 3815 et

572 3861 728 3912 sum,
759 3843 993 3899 natibus
1047 3842 1290 3913 siccum,
1332 3844 1565 3899 coxisad
1626 3860 1962 3900 mensuram
2020 3844 2209 3916 ipsam
2319 3849 2600 3904 domnum
2631 3849 2696 3883 ⁴⁸⁸
2727 3847 3131 3920 apostolicum,
3165 3848 3334 3919 quasi
3357 3847 3750 3919 jurisjurandi
3783 3847 3969 3904 viola-

575 3934 806 3991 brevem
866 3931 1298 4006 longissimum,
1332 3932 1602 3988 cruribus
1632 3950 1897 4006 parvum,
1925 3934 2212 3991 calcaneis
2318 3937 3232 4009 tores,sacrilegos,dominorum
3247 3953 3488 3992 suorum
3503 3936 3968 4008 apostolicorum

563 4023 927 4097 pedibusque
958 4021 1777 4096 mqualem,villino[byssino]
1800 4024 1900 4080 sed
1926 4023 2102 4080 nimis
2121 4040 2209 4080 ve-
2315 4031 2584 4094 tortores,
2619 4030 2900 4098 raptores,
2918 4027 3241 4082 secundum
3273 4026 3505 4082 decreta
3535 4026 3965 4098 imperatorum

559 4118 793 4170 ternoso
822 4111 911 4168 vel
941 4110 1326 4168 diuturnitate
1349 4112 1475 4184 ipso
1496 4111 1690 4167 foetido
1715 4117 1772 4168 et
1792 4111 2008 4184 pallido
2029 4129 2204 4170 orna-
2313 4116 2731 4182 Romanorum,
2762 4113 3868 4186 Justiniani,Valentiniani,Theodosii
3909 4119 3966 4171 et

558 4203 754 4260 me‘nto
785 4201 1078 4271 indutum;
1104 4201 1371 4258 Sicioniis
1411 4201 1821 4258 calceamentis
1859 4201 2201 4271 calceatum,
2313 4211 2673 4272 caeterorurn,
2717 4204 2940 4271 cecidit,
2968 4203 3283 4276 jugulavit,
3317 4203 3650 4275 suspendit,
3674 4205 3732 4260 et
3788 4204 3962 4260 exilio

556 4292 759 4366 lingua
774 4307 1098 4365 procacem,
1116 4291 1349 4363 ingenio
1368 4290 1660 4363 [ingeniis]
1678 4290 2202 4363 vulpem,perjurio
2314 4293 2623 4366 relegavit;
2651 4309 2778 4364 qum
2803 4293 2851 4348 si
2879 4309 2994 4348 non
3021 4292 3506 4364 faceret,impius,
3527 4292 3809 4363 injustas,
3830 4310 3955 4348 cru-

557 4399 660 4438 seu
691 4381 994 4438 mendacio
1024 4379 1285 4453 Ulyxem.
1318 4380 1558 4452 Semper
1613 4379 1781 4448 mihi,
1815 4380 2036 4436 domini
2087 4380 2200 4436 mei
2309 4382 2478 4448 delis,
2510 4387 2794 4454 tyrannus
2822 4385 2996 4437 esset.
3030 4380 3228 4437 Palam
3260 4384 3369 4449 est,
3395 4381 3550 4453 quod
3571 4381 3958 4454 Berengarius

557 4471 936 4543 imperatores
959 4470 1026 4505 ⁴⁸⁰
1045 4468 1814 4542 augusti,formosi,quanto
1831 4469 1967 4525 hinc
1993 4471 2200 4526 formo-
2309 4477 2369 4527 at
2388 4471 2732 4527 Adelbertus
2760 4471 2850 4526 sui
2884 4470 3100 4526 milites
3131 4469 3340 4537 effecti,
3377 4481 3621 4542 regnum
3683 4469 3954 4526 Italicum

559 4560 741 4615 siores
769 4559 877 4614 visi
903 4557 1343 4630 estis?Semper
1367 4559 1576 4625 ornati,
1611 4562 1828 4630 quanto
1859 4558 1996 4614 hinc
2027 4577 2198 4614 orna-
2309 4565 2535 4632 sceptro
2587 4576 2762 4615 aureo
2799 4576 2869 4614 ex
2898 4559 3026 4629 ejus
3057 4574 3237 4614 manu
3286 4563 3667 4630 susceperant
3698 4560 3870 4630 (I62),
3903 4563 3958 4614 et

556 4646 773 4703 tiores?
789 4647 1030 4718 Semper
1061 4651 1347 4718 potentes,
1381 4653 1600 4718 quanto
1634 4647 1770 4702 hinc
1795 4648 2147 4720 potentiores
2171 4648 2198 4704 ?
2226 4664 2273 4730 Ι)
2308 4649 2690 4722 prazsentibus
2707 4648 3038 4714 servistuis,
3060 4646 3160 4719 qui
3178 4663 3334 4703 nunc
3350 4663 3539 4718 usque
3560 4653 3883 4718 supersunt
3903 4652 3958 4703 et

553 4737 792 4806 Semper
812 4734 1003 4803 mites,
1025 4738 1239 4806 quanto
1262 4734 1396 4790 hinc
1419 4736 1720 4792 mitiores?
1738 4740 1977 4809 Semper
2013 4738 2194 4794 virtu-
2305 4737 2414 4795 hac
2443 4739 2498 4793 in
2535 4738 2762 4794 civitate
2792 4738 3031 4810 degunt,
3048 4736 3436 4808 jurejurando
3467 4736 3642 4791 ﬁdem
3675 4737 3956 4807 promise-

550 4823 711 4880 tibus
752 4821 928 4894 pleni,
963 4827 1178 4893 quanto
1241 4824 1376 4879 hinc
1423 4823 1712 4896 pleniores
1735 4824 1762 4877 ?
1785 4825 2074 4882 Sedebant
2122 4828 2192 4882 ad
2305 4833 2462 4884 runt.
2492 4828 2559 4883 Et
2579 4827 2738 4899 quia,
2763 4830 3114 4899 suggerente
3140 4825 3394 4891 diabolo,
3416 4825 3571 4881 hand
3598 4825 3821 4897 perﬁde
3836 4826 3952 4881 vio-

546 4913 874 4980 sinistram,
907 4927 1024 4967 non
1056 4911 1114 4966 in
1148 4913 1350 4969 eadem
1381 4912 1556 4981 linea,
1592 4913 1691 4968 sed
1726 4912 1897 4987 longe
1921 4916 2195 4973 deorsnm
2305 4917 2691 4987 larunt,juste
2719 4914 2872 4983 illos,
2892 4915 3061 4988 quasi
3086 4915 3408 4972 desertores
3431 4914 3661 4986 sibique
3681 4914 3950 4983 rebelles,

1905 5055 2076 5113 VARI
2081 5059 2145 5113 1E
2186 5060 2592 5116 LECTIONES.

610 5181 679 5218 ‘75
705 5183 834 5264 fort.
867 5182 1119 5264 lauream
1153 5182 1209 5264 C:
1288 5180 1356 5216 ‘77
1385 5180 1443 5234 id
1476 5183 1572 5235 est
1601 5179 1659 5234 C.
1697 5252 1706 5262 .
1737 5180 1802 5272 ξτθ
1835 5182 2111 5264 coroplati
2135 5187 2444 5311 Οδθτηιρεν.
2477 5216 2547 5266 -ῖ
2579 5183 2928 5267 ϐανοραὶαξα.
2961 5184 3182 5290 Βονέἶφρ.
3209 5184 3305 5239 lib.
3337 5187 3391 5237 2.
3423 5184 3599 5254 factu:
3631 5197 3768 5237 mox
3814 5199 3950 5239 cura

613 5252 732 5308 latz.
765 5254 830 5309 Et
855 5254 955 5310 ιιι).
986 5251 1039 5308 4.
1079 5254 1350 5308 Vocztatus
1369 5267 1502 5306 cura
1531 5250 1918 5311 patatzbams.
1995 5255 2061 5288 ‘79
2093 5256 2148 5310 1d
2181 5259 2271 5311 est
2346 5297 2359 5310 .
2436 5257 2503 5291 ‘30
2533 5261 2902 5311 imperatoris
2925 5255 2982 5310 C.
3108 5258 3124 5291 ι
3156 5255 3481 5311 subducere
3510 5254 3772 5310 Bnowsa
3803 5256 3944 5311 Ann.

534 5250 732 5330 palati.
765 5254 955 5330 Et_lz:b.
986 5251 1039 5308 4.
1079 5254 1502 5330 Vooz'tatusngura
1521 5250 1706 5330 palati
1723 5253 1918 5307 CANIS.
1940 5250 2148 5330 ξιτεδ-16
2175 5259 2271 5330 est
2436 5250 2902 5330 “imperatoris
2925 5255 2982 5310 C.
3059 5250 3138 5291 ’θεῖ
3156 5250 3481 5312 subducere
3510 5254 3772 5310 Bnowsa
3803 5256 3944 5324 Ann,

545 5321 693 5378 Trev.
726 5324 930 5395 p.471,
961 5339 1032 5379 ex
1050 5324 1248 5380 codice.
1325 5321 1394 5357 ⁴³²
1422 5325 1550 5393 fort.
1584 5330 1896 5379 κατάσκοπον
1929 5323 1984 5378 C.
2062 5327 2128 5361 ‘83
2157 5326 2462 5384 dominum
2496 5326 2555 5382 C.

2107 5469 2339 5527 NOTAE.

588 5529 764 5698 :(158;
789 5557 1038 5642 Suis.(6¢)
1069 5564 1276 5626 faciem
1299 5564 1410 5647 (ὅψ)
1440 5562 1862 5647 praeferentem.
2133 5636 2143 5647 .
2361 5568 2512 5639 (160)
2543 5565 2702 5622 Obiit
2730 5583 2884 5623 anno
2914 5566 3040 5622 966.
3548 5529 3553 5532 ἤ

588 5626 738 5698 ,(159
773 5627 1024 5692 Basilius
1040 5637 1098 5693 et
1112 5639 1528 5696 Constantinus
1542 5635 1786 5695 Romani
1811 5641 2181 5698 imperatoris
2359 5639 2514 5698 (161)
2539 5640 2706 5694 Anno
2732 5639 2837 5696 967
2869 5639 3131 5696 ineunte.
3165 5638 3396 5698 Contin.
3429 5636 3567 5698 Regi

606 5626 1098 5716 £15g)§asiliuset
1112 5626 1528 5696 Constantinus
1542 5635 1786 5695 Romani
1811 5636 2181 5714 imperatoris
2359 5626 2514 5716 (161)
2539 5640 2706 5716 Anno
2732 5639 2837 5716 9§7
2869 5639 3131 5716 ineunte.
3165 5638 3396 5699 Contin.
3429 5636 3633 5716 Regia.

606 5639 1024 5708 gowbasilius
1040 5639 1098 5693 et
1112 5639 1528 5696 Constantinus
1542 5639 1786 5695 Romani
1811 5639 2181 5714 imperatoris
2387 5639 2514 5706 161)
2539 5640 2706 5694 Anno
2732 5639 2837 5696 967
2869 5639 3131 5696 ineunte.

536 5693 663 5761 ﬁlu.
696 5696 834 5762 ΩΑΝ.
2359 5639 2512 5794 (162)
2534 5710 2699 5772 Anno
2727 5711 2835 5774 952
2861 5712 3160 5792 Augustae.
