4050 6420
117 439 239 505 917

1589 440 1926 507 LEGATIO
1971 441 2085 505 GP.

3422 425 3542 490 918

119 590 314 633 mante
343 570 617 644 ecclesiae,
641 576 708 631 ut
726 576 850 633 erat
877 571 1294 648 kosmocrator,
1320 572 1507 634 multa
1536 574 1778 634 donaria
1806 575 1864 646 Α
1889 575 2018 646 tim,
2048 575 2210 634 nefas
2253 573 2642 644 decernimus,
2677 571 3032 646 judicamus.
3058 570 3128 627 Et
3174 565 3454 642 quoniam
3483 570 3541 623 te

119 665 392 734 contulit,
416 683 530 722 non
570 665 631 721 in
663 665 826 722 Italia
853 665 1065 735 solum,
1099 667 1199 722 sed
1230 666 1289 722 in
1321 667 1596 724 omnibus
1628 683 1774 740 pene

118 754 588 811 occidentalibus
609 755 824 827 regnis,
849 771 1073 810 necnon
1096 756 1168 812 de
1201 756 1580 812 orientalibus
1603 761 1776 829 atque

117 843 485 911 meridianis,
504 843 722 899 Graecia
741 843 982 912 scilicet,
1002 843 1220 910 Judzea,
1247 845 1499 915 Perside,
1519 846 1777 916 Mesopo-

115 933 325 1000 tamia,
360 932 695 1004 Babylonia,
731 932 1000 1004 lEgypto,
1025 931 1221 1005 Libya,
1247 938 1311 988 ut
1340 933 1528 1006 ipsius
1557 938 1775 990 testan-

113 1026 217 1076 tur
247 1021 572 1093 privilegia,
602 1038 727 1093 quae
758 1037 934 1092 penes
975 1038 1082 1077 nos
1128 1027 1284 1077 sunt.
1316 1026 1463 1078 Sane
1495 1023 1774 1094 quiequid

114 1111 177 1166 in
213 1110 404 1176 Italia,
445 1111 546 1166 sed
586 1115 644 1166 et
662 1111 730 1145 ‘9‘
760 1109 821 1164 in
867 1111 1132 1178 Saxonia,
1177 1111 1457 1183 Bagoaria
1476 1113 1562 1179 ‘97,
1589 1110 1774 1166 omni-

113 1199 231 1255 bus
266 1199 487 1255 domini
529 1198 644 1254 mei
691 1199 888 1271 regnis
919 1203 1026 1266 est,
1051 1201 1206 1270 quod
1258 1201 1330 1254 ad
1379 1200 1775 1272 apostolorum

111 1289 426 1345 beatorum
467 1287 773 1344 ecclesiam
814 1287 1070 1360 respicit,
1096 1290 1606 1345 sanctissimorum
1639 1306 1774 1360 apo-

113 1377 407 1434 stolorum
455 1376 668 1432 vicario
726 1376 991 1433 contulit.
1016 1379 1087 1432 Et
1142 1378 1191 1433 si
1249 1382 1355 1443 est,
1381 1384 1446 1433 ut
1500 1379 1775 1434 dominus

112 1483 286 1522 meus
317 1483 387 1522 ex
416 1465 511 1520 his
554 1466 830 1521 omnibus
881 1464 1166 1533 civitates,
1189 1466 1378 1531 villas,
1404 1466 1622 1522 milites
1675 1473 1776 1521 aut

111 1554 403 1610 familiam
425 1554 704 1621 obtineat,
726 1555 907 1610 Deum
933 1555 1286 1627 negavi.Cur
1305 1555 1623 1627 imperator
1640 1571 1772 1611 vero

113 1661 231 1700 non
264 1643 470 1700 itidem
520 1643 678 1712 facit,
705 1646 770 1697 ut
824 1659 1068 1715 ea,quae
1123 1643 1248 1700 suis
1309 1645 1531 1710 insunt,
1555 1644 1770 1716 regnis,

113 1732 516 1806 apostolorum
549 1731 802 1788 ecclesiae
835 1732 1063 1799 reddat,
1091 1736 1147 1786 et
1177 1749 1278 1805 per
1308 1732 1568 1788 laborem
1600 1737 1773 1805 atque

111 1820 580 1877 muniﬁcentiam
614 1819 838 1875 domini
867 1820 978 1876 mei
1015 1820 1192 1876 ditem
1225 1826 1283 1876 et
1312 1821 1578 1890 liberam,
1608 1821 1774 1876 ditio-

110 1927 238 1966 rem
269 1911 398 1982 ipse
427 1926 496 1965 ac
524 1907 853 1965 liberiorem
886 1909 1135 1964 reddat?
1163 1931 1191 1959 »

179 2001 272 2054 18.
297 2021 327 2049 «
359 1997 468 2053 Sed
499 1996 629 2062 hoc,
651 1996 734 2053 ait
764 1996 1014 2054 Basilius
1045 1997 1542 2069 parakinumenos
1565 1999 1650 2066 ωδ,
1681 1999 1763 2053 fa-

109 2087 244 2148 ciet.
263 2104 397 2142 cum
421 2086 494 2141 ad
517 2090 724 2141 nutum
747 2103 922 2141 suum
945 2086 1128 2142 Roma
1151 2091 1207 2142 et
1228 2088 1490 2142 Romana
1509 2087 1765 2143 Ecclesia

106 2175 532 2234 ordinabitur.»
558 2176 707 2230 Tum
733 2190 783 2228 :«
806 2175 1011 2243 Homo,
1039 2175 1304 2247 inquam,
1335 2176 1596 2248 quidam,
1621 2176 1765 2231 mule

109 2270 229 2322 tam
263 2266 339 2321 ab
368 2264 481 2320 alio
515 2280 721 2336 passus
765 2263 1066 2335 injuriam,
1098 2263 1191 2320 his
1241 2266 1420 2320 Deum
1451 2282 1764 2338 aggressus

109 2359 198 2411 est
224 2354 458 2410 verbis:
491 2355 739 2419 Domine,
772 2353 995 2409 vindica
1041 2371 1126 2410 me
1153 2354 1219 2409 de
1250 2355 1560 2410 adversario
1604 2361 1763 2411 meo!

107 2443 211 2500 Cui
265 2442 586 2499 Dominus:
621 2443 862 2510 Faciam,
893 2441 1106 2515 inquit,
1137 2446 1198 2498 in
1236 2443 1325 2498 die
1370 2461 1493 2498 cum
1539 2444 1763 2499 reddam

108 2531 412 2602 unicuique
438 2529 738 2586 secundum
759 2545 918 2602 opera
939 2536 1081 2586 sua!
1109 2534 1183 2587 At
1210 2531 1305 2587 ille
1330 2549 1341 2586 :
1373 2533 1548 2601 Quam
1579 2533 1762 2588 tarde!

109 2619 240 2675 inﬁt
261 2623 271 2676 !

175 2710 264 2764 19.
299 2709 466 2764 Tunc
497 2723 700 2764 omnes
748 2711 955 2780 praeter
1002 2709 1238 2766 fratrem
1287 2710 1568 2766 cachinno
1601 2727 1758 2766 com-

103 2797 268 2864 moti,
293 2797 779 2869 disceptationem
802 2797 1174 2866 dimiserunt,
1197 2815 1406 2870 meque
1427 2799 1486 2854 in
1507 2799 1756 2854 invisam

102 2887 348 2943 domum
399 2886 597 2942 reduci
648 2891 1065 2958 praeceperunt,
1098 2903 1429 2960 magnaque
1477 2887 1757 2944 custodiri

103 2975 335 3032 cautela
364 2990 554 3046 usque
584 2975 642 3029 in
670 2981 1010 3031 sanctorum
1039 2976 1436 3048 apostolorum
1469 2976 1756 3049 religiosis

102 3063 333 3121 cunctis
379 3062 664 3119 celebrem
713 3063 888 3119 diem.
922 3067 1047 3130 Qua
1088 3065 1418 3121 celebritate
1467 3083 1561 3122 me
1612 3066 1755 3121 satis

102 3157 410 3227 aegrotum,
434 3169 658 3208 necnon
684 3157 741 3208 et
763 3153 1143 3225 Bulgarorum
1173 3154 1536 3227 nuntios,q’ui
1569 3155 1756 3228 pridie

100 3247 402 3309 venerant,
417 3242 488 3297 ad
514 3247 746 3297 sanctos
768 3242 1062 3314 apostolos
1092 3242 1204 3298 sibi
1227 3243 1458 3301 obviare
1485 3246 1754 3317 praecepit

1888 666 1947 722 id
1977 666 2215 740 indigne
2246 666 2396 722 ferre
2424 665 2853 737 cognoscimus,
2890 680 3005 717 non
3036 666 3091 716 te
3127 677 3300 725 nunc,
3333 663 3398 713 ut
3428 676 3534 729 pu-

1883 759 1993 825 tas,
2019 757 2090 810 ad
2124 755 2447 828 hospitium
2481 755 2665 810 redire
2695 753 2968 815 sinimus,
2994 751 3094 806 sed
3127 750 3182 804 in
3215 747 3531 804 diversorio

1886 845 2140 916 quodam
2191 862 2324 900 cum
2383 843 2753 916 imperatoris
2811 840 2990 897 servis
3047 840 3242 894 cibum
3300 841 3535 910 gustare

1886 933 2317 1006 compellimus.
2342 956 2368 982 »

1953 1025 2044 1078 20.
2071 1023 2293 1089 Quibus
2319 1023 2389 1078 ob
2422 1020 2938 1093 incomparabilem
2960 1017 3152 1074 cordis
3171 1016 3427 1072 dolorem
3451 1013 3533 1069 nil

1884 1113 2178 1184 respondi,
2202 1114 2300 1168 sed
2326 1129 2452 1184 quae
2478 1113 2780 1182 jusserant
2801 1109 2933 1177 feci;
2963 1107 3271 1180 indignum
3295 1104 3533 1175 ‘99judi-

1883 1217 2022 1256 cans
2043 1218 2332 1267 mensam,
2351 1218 2466 1274 qua
2487 1218 2602 1256 non
2626 1200 2753 1255 dico
2776 1198 2942 1266 mihi,
2961 1198 3018 1251 id
3042 1201 3128 1251 est
3155 1193 3529 1266 Liudprando

1882 1289 2281 1361 episcopo,sed
2301 1290 2684 1362 Bulgarorum
2703 1287 2946 1343 nuntius
2966 1291 3156 1341 vestro
3176 1281 3532 1356 prmponitur

1884 1377 2108 1433 nuntio.
2138 1380 2248 1433 Sed
2279 1378 2481 1434 lenivit
2518 1378 2776 1433 dolorem
2817 1391 3010 1431 meum
3043 1373 3361 1445 imperator
3389 1387 3530 1426 san-

1883 1469 2012 1520 ctus
2049 1483 2288 1522 munere
2310 1483 2542 1538 magno,
2568 1467 2805 1521 mittens
2837 1463 2980 1518 mihi
3007 1481 3074 1519 ex
3096 1459 3529 1530 delicatissimis

1881 1553 2027 1610 cibis
2059 1555 2181 1610 suis
2215 1555 2446 1611 haedum
2472 1555 2770 1626 pinguem,
2794 1569 2861 1608 ex
2883 1569 2996 1624 quo
3026 1552 3148 1622 ipse
3175 1551 3525 1616 comederat,

1880 1641 2036 1711 allio,
2062 1660 2218 1716 cepe,
2244 1644 2433 1716 porris
2463 1642 2619 1698 laute
2650 1641 3111 1706 suil‘arcinatum,
3141 1655 3278 1710 garo
3312 1638 3530 1693 delibu-

1880 1736 2028 1799 tum,
2055 1749 2229 1805 quem
2259 1737 2460 1789 vestrre
2491 1737 2629 1786 tunc
2653 1747 2866 1785 mensae
2889 1729 3080 1785 inesse
3111 1729 3405 1800 optavi,ut
3427 1727 3527 1800 qui

1878 1821 2117 1878 delicias
2145 1822 2328 1877 sancti
2350 1821 2718 1894 imperatoris
2741 1821 2963 1876 faustas
2985 1835 3112 1874 esse
3133 1835 3247 1873 non
3271 1818 3525 1884 creditis,

1880 1909 2087 1966 saltem
2119 1911 2212 1968 his
2241 1910 2561 1983 perspectis
2593 1908 2922 1966 crederetis.
3092 1958 3100 1965 ,Α

1943 2000 2034 2054 21.
2059 1999 2397 2055 Transactis
2420 2014 2554 2071 ergo
2582 2002 2709 2053 octo
2739 1999 2966 2065 diebus,
2983 2014 3116 2053 cum
3140 1997 3372 2069 Bulgari
3396 1999 3523 2069 jam

1874 2089 2164 2156 abessent,
2187 2093 2400 2162 putans
2432 2104 2524 2143 me
2557 2104 2820 2144 mensam
2849 2085 3222 2158 magniﬁcare
3243 2103 3433 2154 suam,
3461 2087 3518 2141 in

1873 2178 2075 2233 eodem
2106 2178 2228 2233 loco
2261 2195 2352 2233 me
2382 2179 2524 2232 satis
2555 2179 2834 2249 aegrotum
2859 2192 3058 2231 secum
3093 2174 3393 2230 convivare
3424 2191 3517 2230 co-

1873 2267 2008 2338 egit.
2044 2266 2243 2322 Adfuit
2277 2285 2410 2322 cum
2464 2265 2733 2338 pluribus
2770 2265 3058 2336 episcopis
3096 2267 3152 2319 et
3188 2263 3519 2336 patriarcha

1872 2355 2263 2427 (169),quibus
2281 2355 2684 2428 praesentibus,
2701 2355 2896 2427 plures
2918 2353 3060 2409 mihi
3081 2354 3430 2425 quaestiones
3448 2353 3518 2408 de

1873 2443 2180 2516 scripturis
2202 2445 2383 2500 sacris
2408 2444 2732 2516 proposuit,
2749 2459 2896 2515 quas
2919 2459 3048 2497 cum
3074 2438 3290 2512 spiritu
3314 2445 3515 2497 sancto

1871 2533 2108 2588 al'flante
2159 2533 2452 2607 eleganter
2483 2533 2742 2604 exposui,
2766 2531 3081 2586 novissime
3114 2534 3327 2599 autem,
3353 2535 3418 2585 ut
3445 2531 3515 2585 de

1869 2621 2033 2677 vobis
2063 2622 2268 2678 ludum
2299 2623 2558 2689 haberet,
2580 2639 2728 2692 quas
2759 2621 3009 2693 synodos
3040 2620 3392 2676 haberemus
3422 2637 3517 2675 ro-

1867 2710 2046 2782 gavit.
2070 2711 2172 2766 Cui
2217 2728 2350 2766 cum
2380 2710 2680 2778 Nicenam,
2709 2709 3262 2775 Chalcedonensem,
3285 2708 3518 2780 Ephesi-

1868 2815 2024 2868 nam,
2070 2800 2514 2866 Antiochenam,
2551 2798 3093 2870 Carthaginensem,
3127 2800 3512 2869 Ancyranam,

1864 2888 2565 2960 Constantinopolitanam
2599 2889 2882 2944 edicerem
2919 2907 2967 2943 :«
2997 2887 3107 2942 Ha!
3143 2886 3243 2942 ha!
3276 2887 3374 2942 hel
3409 2886 3510 2954 ait,

1865 2977 2204 3033 Saxonicam
2254 2979 2440 3033 dicere
2489 2996 2550 3033 es
2601 2977 2835 3044 oblitus,
2861 2993 3036 3049 quam
3087 2977 3134 3032 si
3183 2993 3354 3048 rogas
3405 2993 3510 3031 cur

1863 3067 2047 3122 nostri
2085 3068 2310 3123 codices
2342 3085 2456 3123 non
2505 3068 2741 3129 habent,
2769 3068 2972 3122 rudem
3002 3084 3149 3136 esse,
3185 3074 3240 3122 et
3286 3070 3358 3124 ad
3404 3087 3511 3126 nos

1864 3157 2112 3211 necdum
2143 3157 2337 3212 venire
2370 3174 2558 3228 posse,
2593 3158 2936 3228 respondeo.
2963 3179 2989 3205 ››

1935 3248 2023 3300 22.
2047 3246 2148 3302 Cui
2183 3247 2424 3318 inquam
2451 3264 2496 3301 τα
2527 3247 2589 3301 In
2613 3263 2726 3318 quo
2752 3247 3015 3301 membro
3040 3251 3241 3318 regnat
3271 3247 3516 3303 infirmi-

104 3333 252 3404 (Jun.
280 3330 397 3403 29).
423 3329 683 3401 Cumque
715 3335 846 3402 post
896 3330 1218 3386 naeniarum
1266 3333 1669 3404 garrulitatem
1703 3338 1760 3389 et
1789 3320 1831 3387 C
1869 3339 1980 3401 tas,
2006 3334 2148 3390 illud
2173 3341 2260 3391 est
2287 3334 2540 3390 cauterio
2565 3336 2946 3390 exurendum.
2975 3337 3229 3392 [hereses
3250 3353 3452 3392 omnes
3484 3355 3517 3392 a

105 3422 428 3478 missarum
441 3419 890 3476 celebrationem
909 3421 979 3476 ad
998 3436 1264 3476 mensam
1281 3422 1684 3493 invitaremur,
1699 3424 1757 3478 in

105 3509 360 3568 citeriori
413 3526 628 3564 mensae
659 3510 943 3583 margine,
966 3526 1093 3582 quae
1124 3516 1247 3564 erat
1286 3511 1410 3567 sine
1455 3511 1761 3567 latitudine

105 3597 693 3672 longa,Bulgarorum
713 3598 1305 3670 nuntium,Ungarico
1323 3616 1482 3656 more
1499 3604 1595 3655 ton
1605 3618 1757 3667 sum,

107 3704 263 3744 aenea
284 3692 490 3744 catena
509 3687 859 3755 cinctum,et
883 3691 948 3742 ut
974 3703 1139 3743 mens
1172 3688 1315 3742 mihi
1352 3689 1632 3764 suggerit,
1665 3707 1760 3745 ca-

105 3777 547 3843 techumenum,
585 3776 729 3832 mihi
779 3777 1092 3849 praeponit;
1146 3777 1217 3832 ad
1264 3783 1517 3833 vestram
1568 3779 1757 3851 plane,

107 3866 330 3923 domini
355 3865 470 3922 mei
493 3866 750 3938 augusti,
770 3865 1208 3922 contumeliam.
1233 3871 1291 3920 ln
1318 3868 1480 3923 vobis
1503 3874 1759 3924 contem-

106 3956 335 4027 ptus,in
355 3954 524 4010 vobis
545 3959 800 4027 spretus,
825 3955 884 4008 in
905 3954 1068 4011 vobis
1101 3955 1382 4026 abjeetus.
1400 3957 1510 4012 Sed
1543 3958 1761 4029 gratias

107 4060 212 4117 ago
243 4044 486 4099 domino
515 4044 546 4100 J
554 4060 657 4100 esu
681 4043 936 4113 Christo,
959 4043 1054 4099 cui
1080 4060 1183 4099 vos
1215 4045 1442 4101 servitis
1463 4047 1621 4102 omni
1647 4047 1761 4119 spi-

107 4133 220 4189 ritu
249 4136 466 4201 vestro,
493 4133 648 4204 quod
678 4132 915 4189 habitus
954 4149 1086 4188 sum
1135 4149 1240 4204 pro
1289 4135 1525 4190 nomine
1571 4140 1760 4191 vestro

109 4222 324 4296 dignus
347 4221 733 4277 contumelias
756 4221 1150 4294 pati.Verum,
1167 4223 1391 4278 domini
1411 4224 1546 4290 mei,
1568 4242 1759 4280 meam

109 4328 226 4367 non
255 4311 636 4367 considerans
658 4311 758 4366 sed
780 4315 1032 4367 vestram
1059 4311 1360 4382 injuriam,
1386 4328 1649 4368 mensam
1682 4330 1764 4368 rc-

108 4400 274 4473 liqui.
301 4399 567 4471 Cumque
596 4400 914 4473 indignans
944 4400 1102 4455 abire
1131 4399 1363 4466 vellem,
1388 4402 1500 4457 Leo
1530 4419 1764 4475 coropa-

110 4488 277 4560 lates,
298 4488 668 4561 imperatoris
699 4489 896 4555 frater,
914 4492 972 4544 et
1001 4493 1166 4561 proto
1187 4506 1220 4544 a
1242 4489 1481 4545 secretis
1503 4491 1760 4564 Simeon,

112 4594 262 4652 pone
289 4593 382 4633 me
421 4581 768 4650 sequuntur,
791 4578 911 4633 haec
950 4577 1230 4634 latrantes
1257 4595 1306 4632 :«
1330 4577 1473 4633 Cum
1507 4579 1763 4636 Christo-

1867 3424 2030 3479 vobis
2061 3428 2431 3494 emanarunt,
2451 3440 2626 3496 penes
2656 3441 2759 3502 vos
2792 3424 3131 3497 viguerunt;
3169 3443 3203 3481 a
3232 3426 3427 3495 nobis,
3459 3426 3515 3481 id

1870 3517 1959 3568 est
1989 3512 2466 3582 occidentalibus,
2493 3513 2588 3568 hic
2620 3517 2759 3568 sunt
2799 3514 3103 3585 jugulatze,
3133 3514 3225 3570 hic
3262 3521 3399 3571 sunt
3431 3533 3521 3572 oc-

1870 3601 2022 3657 cisae.
2052 3602 2375 3657 Romanam
2410 3602 2527 3657 sive
2576 3602 2921 3674 Papiensem
2967 3605 3278 3676 synodum,
3312 3622 3520 3678 quam-

1870 3708 2046 3762 quam
2067 3695 2263 3747 essent
2280 3691 2550 3762 szepe,his
2569 3709 2682 3746 non
2701 3695 3521 3751 connumeramusltomamis

1871 3781 2026 3835 enim
2049 3781 2315 3848 clericus,
2341 3781 2713 3852 postmodum
2738 3781 3084 3838 universalis
3115 3801 3286 3855 papa,
3312 3785 3523 3857 Grego-

1870 3870 2014 3935 rius,
2034 3871 2133 3941 qui
2160 3887 2193 3925 a
2213 3869 2378 3924 vobis
2401 3869 2729 3941 appellatus
2751 3875 2838 3925 est
2855 3869 3152 3943 Dialogus,
3174 3872 3518 3944 Eutychium

1869 3958 2578 4030 Constantinopolitanum
2624 3959 3014 4029 patriarcham
3063 3959 3395 4014 hazreticum
3446 3964 3518 4015 ab

1869 4047 2158 4118 ejusmodi
2191 4047 2396 4102 haeresi
2427 4046 2708 4101 liberavit.
2742 4047 2946 4102 Aiebat
2983 4047 3137 4102 idem
3177 4047 3516 4119 Eutychius,

1871 4153 1976 4191 nec
2007 4136 2198 4211 solum
2221 4136 2430 4204 aiebat,
2450 4136 2550 4190 sed
2573 4136 2749 4190 etiam
2777 4136 3038 4200 docebat,
3054 4135 3364 4202 clamabat,
3383 4136 3522 4191 scri-

1872 4225 2138 4297 ptitabat,
2169 4242 2274 4278 nos
2305 4225 2360 4278 in
2397 4225 2819 4279 resurrectione
2844 4241 2957 4278 non
2984 4241 3200 4290 veram,
3225 4241 3400 4295 quam
3424 4225 3519 4280 hic

1871 4314 2179 4380 habemus,
2201 4314 2299 4368 sed
2330 4313 2697 4369 fantasticam
2723 4314 3020 4385 quandam
3043 4330 3274 4369 carnem
3294 4330 3521 4369 assum-

1872 4408 2104 4476 pturos;
2136 4403 2304 4474 cujus
2331 4401 2545 4456 erroris
2571 4401 2718 4456 liber
2739 4419 2772 4457 a
2794 4402 3066 4474 Gregorio
3089 4402 3404 4458 orthodoxe
3435 4405 3524 4457 est

1873 4493 2236 4548 combustus.
2261 4492 2371 4547 Sed
2404 4491 2655 4546 Evodius
2697 4491 2998 4562 Papiensis
3036 4491 3366 4564 episcopus,
3391 4507 3521 4563 pro-

1871 4585 2000 4653 pter
2030 4580 2202 4635 aliam
2227 4581 2521 4652 quandam
2546 4581 2813 4634 haeresim
2846 4580 2978 4648 huc,
3002 4579 3060 4634 id
3094 4584 3180 4637 est
3201 4580 3527 4636 Constanti-

113 4667 280 4740 phori
301 4665 485 4722 filiam
510 4666 1131 4756 Petrus,Bulgarorum
1156 4653 1431 4732 va‘sileus,
1455 4670 1764 4741 conjugem
1794 4691 1842 4756 D
1874 4669 2153 4741 nopolim,
2178 4687 2211 4724 a
2241 4670 2502 4724 Romano
2542 4673 2630 4723 est
2671 4668 3006 4740 patriarcha
3036 4669 3311 4738 directus,
3347 4687 3524 4742 quam

113 4757 367 4824 duceret,
383 4755 730 4828 symphona,
749 4755 808 4811 id
830 4760 921 4812 est
941 4755 1324 4812 consonantia
1345 4757 1580 4828 scripta,
1597 4759 1763 4830 jura-

114 4849 310 4902 mento
341 4845 573 4900 firmata
601 4849 760 4913 sunt,
788 4849 851 4900 ut
878 4844 1144 4900 omnium
1166 4844 1429 4918 gentium
1460 4847 1760 4919 apostolis,

114 4932 171 4989 id
204 4936 294 4989 est
322 4932 566 5001 nuntiis,
591 4949 768 5005 penes
790 4951 895 4989 nos
926 4933 1311 5006 Bulgarorum
1345 4935 1591 5006 apostoli
1623 4954 1764 5009 prae-

117 5024 429 5096 ponantur,
461 5021 836 5090 honorantur,
879 5023 1217 5095 diligantur.
1243 5024 1628 5096 Bulgarorum
1670 5026 1766 5081 ille

121 5109 441 5184 apostolus,
457 5127 842 5182 quamquam,
857 5114 923 5167 ut
942 5111 1087 5166 dicis
1109 5116 1166 5166 et
1184 5129 1383 5168 verum
1407 5117 1513 5182 est,
1539 5118 1765 5183 tonsus,

121 5200 340 5272 illotus,
367 5203 424 5255 et
453 5204 656 5256 catena
675 5216 834 5258 aenea
864 5199 1091 5257 cinctus
1132 5202 1228 5270 sit,
1252 5202 1534 5273 patricius
1575 5209 1768 5261 tamen

121 5289 344 5357 est,cui
373 5287 714 5362 episcopum
749 5305 1104 5362 praeponere,
1132 5291 1485 5347 Francorum
1530 5309 1769 5365 praeser-

1874 4775 2272 4830 comprcssam
2295 4759 2352 4813 in
2378 4757 2720 4814 catholicam
2747 4762 2922 4829 atque
2945 4757 3326 4815 orthodoxam
3355 4760 3530 4814 refor-

1874 4847 2072 4902 mavit.
2092 4849 2385 4903 Saxonum
2407 4863 2695 4918 genus,ex
2717 4862 2830 4917 quo
2853 4851 3122 4902 sanctum
3155 4847 3448 4903 lavacrum
3472 4852 3530 4903 et

1875 4937 1972 4992 Dei
2013 4936 2236 5008 accepit
2265 4937 2554 5002 notitiam,
2590 4935 2754 4990 nulla
2781 4939 2869 4990 est
2909 4935 3112 4990 haarcsi
3143 4937 3524 5001 maculatum,

1877 5030 1943 5080 ut
1962 5025 2042 5080 ibi
2064 5027 2322 5098 synodus
2342 5027 2521 5094 ﬁeret,
2538 5043 2656 5098 qua
2677 5041 2951 5093 errorem,
2971 5041 3104 5079 cum
3129 5024 3327 5080 nullus
3348 5028 3523 5092 esset,

1879 5115 2448 5186 corrigeret.Rudem
2475 5115 2612 5187 quia
2641 5113 2786 5170 dicis
2815 5112 3138 5169 Saxonibus
3168 5130 3295 5170 esse
3326 5113 3525 5179 ﬁdem,

1879 5203 1937 5258 id
1971 5203 2166 5275 ipsum
2216 5207 2272 5259 et
2316 5220 2420 5275 ego
2451 5205 2709 5273 afﬁrmo;
2743 5221 2974 5277 semper
3020 5205 3177 5260 enim
3222 5205 3378 5277 apud
3429 5220 3528 5259 eos

1881 5292 2092 5348 Christi
2120 5293 2266 5347 ﬁdes
2289 5293 2452 5347 rudis
2475 5299 2583 5360 est,
2607 5304 2663 5350 et
2693 5312 2807 5351 non
2829 5299 3012 5363 vetus,
3029 5293 3128 5349 ubi
3151 5294 3324 5349 ﬁdem
3356 5310 3531 5366 opera

1483 5426 1721 5483 VARIzE
1760 5426 2171 5485 LECTIONES.

189 5521 256 5558 ⁴⁹⁶
286 5537 469 5579 vocem
496 5521 691 5595 adjeci.
768 5523 835 5558 ⁸9⁷
864 5521 1103 5579 baoaria
1134 5523 1190 5578 C.

1268 5522 1335 5558 ‘93
1366 5525 1879 5596 parakimomenos
1911 5526 1968 5582 C.

2046 5527 2114 5562 ‘99
2143 5524 2446 5598 indignam
2479 5527 2767 5598 legendum
2799 5528 3013 5583 videtur
3043 5532 3104 5586 ϐ.

1709 5651 1946 5709 NOT/E.

191 5717 338 5792 (169)
374 5717 708 5778 Patriarcha
737 5718 832 5778 hic
863 5719 974 5778 fuit
1004 5716 1369 5812 Eolyeuctus.
1409 5721 1465 5778 C.
