4050 6408
459 408 591 488 910

1426 407 1908 475 LIUTPRANDI
1943 402 2492 470 GREMONENSIS
2536 403 2913 467 EPISCOPI.

3776 401 3929 466 920

471 549 822 624 sequuntur.
855 545 957 602 Hic
989 546 1135 606 ﬁdes
1175 563 1293 604 non
1323 545 1501 604 rudis
1544 545 1648 602 sed
1681 547 1848 600 vetus
1875 545 1987 609 est,
2023 539 2124 600 ubi
2152 537 2209 622 ᾼ
2237 545 2304 600 ut
2331 557 2452 608 vos,
2480 538 2531 595 si
2562 555 2695 596 mea
2712 538 2821 596 hoc
2843 537 3092 599 stultitia
3112 539 3346 608 faceret,
3369 543 3750 597 conservatos
3772 554 3924 613 spe-

473 635 652 698 ﬁdem
681 651 858 708 opera
897 653 1012 692 non
1058 636 1429 703 comitantur,
1466 635 1566 690 sed
1600 633 1767 704 quasi
1817 649 1931 702 przc
1964 633 2123 686 vetu-

473 727 643 796 state,
679 727 743 784 ut
780 723 956 780 vestis
999 727 1352 797 contempta,
1386 722 1800 778 contemnitur.
1834 721 1944 776 Sed
1975 719 2125 774 hanc

476 813 768 886 synodum
801 813 1013 870 factam
1043 829 1170 869 esse
1200 812 1258 868 in
1289 812 1541 870 Saxonis
1571 815 1725 866 certo
1756 809 1896 875 scio,
1920 809 1977 863 in
2012 824 2129 880 qua

477 905 797 958 tractatum
829 907 918 960 est
947 907 1004 959 et
1031 903 1354 968 firmatum,
1389 901 1691 958 decentius
1739 899 1979 956 ensibus
2029 915 2130 969 pu-

479 1006 661 1069 gnare
690 1008 868 1066 quam
899 991 1158 1059 calamis,
1185 995 1242 1048 et
1272 991 1437 1064 prius
1478 994 1724 1046 mortem
1763 988 1922 1044 obire
1951 1003 2129 1058 quam

480 1079 750 1143 hostibus
782 1085 946 1154 terga
991 1081 1147 1136 dare.
1173 1080 1335 1148 Quod
1371 1078 1458 1134 vel
1493 1083 1630 1136 tuus
1658 1077 1943 1134 exercitus
1967 1092 2132 1149 expe-

479 1168 662 1226 ritur!
693 1169 758 1226 In
790 1170 963 1229 corde
994 1187 1122 1225 meo
1168 1169 1328 1226 dixi:
1351 1173 1408 1224 et
1438 1184 1615 1240 quam
1665 1167 1786 1226 sint
1815 1183 2130 1240 pugnaces,

484 1270 546 1316 re
577 1258 707 1333 ipsa
734 1258 1066 1333 experiatur
1091 1258 1103 1314 !
1133 1281 1160 1309 ››

553 1350 643 1405 23.
675 1348 892 1406 Verum
921 1349 1031 1405 hac
1072 1349 1274 1405 eadem
1307 1348 1421 1415 die,
1456 1352 1588 1420 post
1635 1346 1960 1411 meridiem,
1995 1346 2136 1402 adeo

485 1437 865 1510 impotentem
897 1442 954 1494 et
982 1438 1467 1509 transﬁguratum
1490 1452 1583 1492 me
1609 1435 1914 1491 revertenti
1939 1435 2009 1489 ad
2043 1451 2138 1506 pa-

484 1525 695 1584 latium
727 1525 840 1582 sibi
880 1527 1153 1599 praecepit
1193 1541 1516 1593 occurrere,
1552 1529 1616 1580 ut
1662 1524 1962 1580 obviantes
1996 1523 2137 1578 mihi

492 1632 620 1688 quae
653 1615 836 1688 prius,
869 1614 928 1670 in
977 1619 1277 1686 stuporem
1327 1615 1542 1670 mentis
1591 1612 1865 1669 mulieres
1913 1629 2134 1670 versae:

493 1703 676 1778 Mona,
706 1719 876 1759 mana
893 1703 980 1770 δυο,
1005 1703 1354 1772 clamabant,
1380 1703 1676 1760 miseriam
1705 1720 1895 1758 meam
1932 1703 2141 1776 pugnis

497 1796 733 1865 pectora
788 1796 974 1848 tunsze
1026 1810 1038 1847 :
1096 1791 1406 1848 Dicebatur
1438 1811 1450 1849 :
1481 1802 1674 1850 ταπεινέ
1717 1801 1800 1849 καί
1833 1801 2138 1865 ταλαίπωρεε

495 1879 601 1936 Cui
621 1880 708 1946 δοί,
735 1879 1056 1952 Nicephoro
1086 1880 1308 1937 scilicet
1355 1881 1627 1949 venienti,
1652 1886 1708 1938 et
1733 1882 1894 1938 vobis
1940 1883 2144 1938 absen-
2173 1911 2222 1980 Β

494 1968 678 2048 tibus,
703 1967 804 2042 qui
840 1971 980 2026 tunc
1026 1968 1298 2030 manibus
1329 1989 1386 2043 in
1419 1970 1628 2028 coalum
1660 1972 1868 2028 creetis
1908 1975 2138 2043 optave-

496 2055 632 2122 rim,
657 2056 954 2129 proveniat
980 2058 1234 2115 utinam!
1265 2060 1374 2115 Sed
1403 2060 1548 2116 mihi
1569 2059 1740 2116 velim
1773 2060 2045 2128 credatis,
2071 2061 2143 2116 ad

496 2145 684 2212 risum
710 2162 802 2202 me
831 2163 948 2202 non
981 2163 1186 2222 parum
1209 2147 1407 2204 illexit.
1432 2148 1763 2222 lmpatienti
1784 2149 1939 2206 enim
1971 2153 2146 2221 atque

495 2233 696 2292 effreni
729 2234 993 2292 insidens
1021 2251 1192 2308 equo,
1243 2237 1386 2295 satis
1438 2255 1650 2309 parvus
1707 2240 1852 2294 satis
1909 2254 2143 2310 magno,

498 2340 757 2406 puppem
814 2325 1012 2397 ipsum
1070 2341 1234 2381 mens
1291 2325 1404 2382 sibi
1461 2327 1722 2399 depinxit
1777 2345 1927 2393 mea,
1968 2344 2145 2399 quam

499 2411 730 2492 Schlavi
750 2409 1162 2488 vestri'equino
1183 2414 1520 2488 colligentes
1544 2415 1720 2487 pullo,
1744 2420 1986 2475 matrem
2011 2432 2150 2487 prae-

501 2493 804 2576 cedentem
836 2502 1002 2581 sequi
1033 2505 1305 2560 effrenate
1337 2504 1664 2562 dimittunt.

569 2595 662 2649 24.
677 2581 779 2650 His
795 2591 1058 2664 expletis,
1074 2593 1146 2646 ad
1169 2593 1433 2648 concives
1449 2597 1506 2648 et
1520 2593 1951 2652 cohabitatores
1969 2611 2148 2662 meos,

505 2681 768 2753 quinque
795 2681 1014 2748 leones,
1037 2681 1095 2735 in
1122 2681 1602 2753 przenominatam
1633 2683 1882 2739 invisam
1913 2685 2153 2744 domum

509 2786 644 2828 sum
673 2759 981 2845 deductus,
1015 2769 1112 2826 ubi
1168 2774 1301 2842 pust
1346 2770 1848 2838 hebdomadarum
1900 2774 2156 2845 spatium

508 2859 711 2938 trium,
732 2857 956 2936 nullius
975 2857 1085 2914 nisi
1113 2874 1375 2935 meorum
1398 2877 1528 2915 sum
1555 2860 1842 2933 colloquio
1866 2862 2153 2922 visitatus.

509 2950 719 3028 Quan
739 2964 819 3016 re,
835 2946 1225 3022 Nicephorum
1249 2965 1551 3021 nunquam
1577 2967 1667 3005 me
1684 2951 1825 3007 velle
1842 2951 2154 3020 dimittere,

510 3026 678 3096 mens
704 3035 821 3095 sibi
851 3036 1112 3111 depinxit
1143 3054 1290 3109 mea,
1325 3055 1391 3093 ac
1423 3038 1660 3095 tristitia
1691 3040 2004 3098 immodica
2033 3041 2160 3098 lan-

511 3143 751 3201 guorem
775 3125 1042 3199 languori
1073 3127 1217 3183 adeo
1257 3128 1737 3200 superimposuit,
1761 3135 1824 3185 ut
1855 3131 1968 3187 vita
1998 3147 2160 3186 exce-

2234 647 2447 701 rarem,
2489 630 2592 686 sed
2634 629 2818 689 voluit
2864 630 3081 690 habere
3129 647 3246 702 prae
3295 631 3571 686 manibus
3623 632 3785 702 quod
3831 630 3916 685 in

2235 719 2466 777 laudem
2500 736 2668 790 suam
2699 724 2758 775 et
2789 719 3208 777 contumeliam
3251 723 3516 776 nostram
3563 720 3922 776 ostenderet

2237 810 2454 866 futuris
2485 807 2870 882 temporibus.

2310 902 2399 955 26.
2423 899 2527 957 Cui
2569 898 2812 972 inquam
2847 915 2914 954 :«
2942 899 3141 970 Nuper
3176 898 3590 955 sanctissimus
3621 899 3922 956 dominus

2241 1006 2430 1056 meus,
2463 993 2528 1045 ut
2557 992 2646 1044 est
2673 988 3149 1061 sapientissimus
3188 992 3244 1044 et
3289 989 3497 1060 spiritu
3533 989 3630 1045 Dei
3663 989 3914 1062 plenus,

2241 1080 2364 1135 haec
2415 1095 2784 1151 pramoscens
2840 1095 2967 1150 quae
3025 1078 3261 1146 asseris,
3294 1096 3366 1134 ne
3407 1079 3718 1146 terminos,
3756 1096 3921 1152 quos

2244 1168 2549 1226 constituit
2573 1167 3517 1238 mihi,transcenderemﬁwdhva,
3545 1168 3598 1223 id
3633 1172 3726 1224 est
3759 1186 3919 1240 prae—

2246 1261 2500 1329 ceptum,
2528 1256 2894 1328 conscripsit,
2914 1257 3068 1327 quod
3101 1262 3158 1312 et
3176 1256 3370 1330 sigillo
3392 1258 3648 1330 signavit
3675 1275 3809 1326 suo,
3836 1274 3922 1314 ne

2247 1363 2416 1404 secus
2449 1347 2718 1404 facerem.
2742 1368 2769 1394 »
2792 1346 2939 1413 Scis,
2974 1346 3209 1401 domine
3257 1347 3336 1401 mi
3384 1351 3652 1418 auguste,
3695 1364 3819 1418 qua
3848 1349 3920 1403 id

2248 1437 2463 1492 fiducia
2491 1435 2757 1494 dixerim.
2783 1458 2811 1486 «
2847 1443 3092 1492 Ἐντόλιναι
3123 1435 3280 1490 istud
3321 1434 3379 1490 in
3413 1435 3676 1492 medium
3707 1438 3925 1509 profe-

2250 1530 2431 1592 ratur,
2449 1529 2506 1582 et
2537 1524 2818 1596 quicquid
2843 1525 3108 1594 jusserit,
3135 1525 3476 1595 juramento
3499 1542 3535 1580 a
3564 1541 3658 1581 me
3683 1526 3794 1582 tibi
3821 1528 3926 1582 ﬁr-

2250 1619 2460 1676 metur.
2487 1614 2598 1671 Sed
2631 1613 2906 1685 przeteriti
2949 1613 3139 1669 nuntii
3191 1617 3397 1686 praeter
3435 1615 3773 1685 jussionem
3807 1618 3927 1672 do-

2252 1703 2398 1760 mini
2425 1703 2538 1760 mei
2565 1702 2981 1775 promiserunt,
3003 1703 3370 1774 juraverunt,
3397 1704 3924 1775 conscripsurunt.

2253 1794 2338 1850 Ita
2369 1795 2476 1860 est,
2502 1796 2566 1848 ut
2596 1789 2755 1846 Plato
2787 1791 2868 1847 ait
2895 1809 2908 1846 :
2938 1792 3126 1847 Causa
3173 1807 3350 1863 penes
3397 1795 3718 1865 optantem.
3761 1795 3928 1850 Deus

2253 1885 2416 1937 extra
2446 1879 2698 1952 culpam.
2726 1902 2754 1931 »

2321 1973 2411 2024 27.
2434 1969 2536 2026 His
2567 1968 2829 2041 expletis,
2851 1972 3087 2024 ventum
3109 1970 3289 2025 estad
3315 1970 3718 2028 nobilissimos
3751 1974 3928 2045 prin-

2254 2060 2410 2131 cipes
2432 2058 2774 2130 Capuanum
2799 2062 2854 2113 et
2874 2058 3364 2127 Beneventanum,
3383 2076 3530 2131 quos
3564 2060 3689 2132 ipse
3714 2078 3931 2117 servos

2255 2148 2538 2216 nominat,
2564 2151 2620 2204 et
2651 2149 2723 2203 ob
2757 2164 2904 2219 quos
2934 2147 3251 2203 intestinus
3283 2149 3479 2220 ipsum
3511 2150 3695 2223 agitat
3727 2151 3929 2206 dolor.

2256 2242 2528 2308 «Servos,
2551 2237 2763 2309 inquit,
2787 2254 2947 2293 meos
2970 2237 3247 2296 dominus
3268 2241 3406 2295 tuus
3427 2238 3485 2294 in
3508 2238 3754 2295 tutelam
3781 2243 3938 2296 reci-

2257 2327 2341 2400 pit
2361 2344 2704 2399 suam;quos
2726 2327 2774 2381 si
2801 2343 2915 2381 non
2941 2326 3233 2382 dimiserit
3251 2331 3310 2382 et
3337 2327 3396 2382 in
3420 2327 3728 2399 pristinam
3767 2332 3937 2387 servi

2258 2420 2443 2474 tutem
2464 2416 2768 2488 redegerit,
2789 2419 2988 2471 nostra
3017 2415 3278 2471 amicitia
3306 2417 3543 2472 carebit.
3570 2418 3684 2488 Ipsi
3719 2419 3781 2474 in
3820 2420 3941 2476 im-

2259 2506 2488 2578 perium
2516 2510 2781 2562 nostrum
2803 2509 2869 2559 ut
2895 2504 3271 2576 recipiantur,
3297 2506 3590 2578 ﬂagitant;
3616 2509 3720 2563 sed
3750 2526 3939 2564 recu—

2261 2599 2354 2650 sat
2382 2611 2480 2650 eos
2511 2599 2776 2650 nostrum
2810 2593 3142 2666 imperium,
3172 2598 3236 2649 ut
3268 2600 3622 2667 cognoscant
3652 2601 3712 2652 et
3741 2615 3935 2670 expe-

2263 2683 2491 2742 riantur
2520 2699 2697 2756 quam
2727 2682 3121 2754 periculosum
3152 2682 3232 2738 sit
3251 2699 3449 2746 servos
3479 2701 3512 2738 a
3543 2683 3804 2740 dominis
3828 2687 3937 2742 de-

2264 2772 2876 2839 clinasse,servitutem
2894 2772 3243 2844 eﬂ'ugereEt
3259 2776 3348 2828 est
3360 2773 3660 2829 decentius
3677 2775 3886 2830 domin
3898 2794 3936 2831 ο

2265 2867 2386 2926 tuo,
2411 2865 2478 2916 ut
2509 2860 2653 2916 mihi
2682 2877 2780 2916 eos
2805 2861 3000 2916 tradat
3031 2860 3469 2932 amicus,quam
3495 2861 3636 2916 mihi
3660 2863 3939 2919 dimittat

2268 2951 2504 3006 invitus.
2528 2951 2909 3021 Experientur
2939 2948 3265 3022 plane,vita
3290 2950 3520 3018 comite,
3545 2952 3685 3022 quid
3719 2952 3800 3008 sit
3833 2953 3940 3008 he-

2269 3057 2400 3096 rum
2432 3039 2652 3106 fallere,
2677 3039 2819 3111 quid
2877 3038 2954 3094 sit
3010 3039 3348 3094 servitutem
3405 3040 3698 3108 deserere;
3747 3045 3830 3108 et,
3866 3048 3940 3097 ut

2271 3132 2433 3201 puto,
2458 3129 2720 3184 sentiunt
2749 3144 2904 3183 nunc
2925 3127 3078 3198 quod
3100 3126 3252 3195 dico,
3277 3129 3657 3200 Operantibus
3677 3129 3791 3186 hoc
3826 3148 3940 3187 no-

512 3217 729 3284 dorem,
753 3215 866 3274 nisi
894 3214 1040 3272 mihi
1064 3215 1213 3272 hanc
1236 3215 1335 3271 Dei
1359 3217 1608 3290 genitrix
1629 3235 1662 3273 a
1683 3224 1937 3275 creatore
1960 3223 2017 3276 et
2043 3219 2161 3275 ﬁlio
2199 3280 2233 3290 _
2273 3218 2431 3284 stris,
2453 3217 2550 3289 qui
2583 3220 2722 3272 sunt
2751 3215 2905 3272 ultra
2935 3233 3114 3281 mare,
3150 3215 3456 3272 militibus.
3485 3239 3512 3267 ››

513 3323 620 3364 suo
650 3280 922 3380 precibus
952 3305 1267 3382 obtineret;
1301 3280 1821 3379 quvemadmoduin',
1846 3324 1960 3363 non
1986 3308 2162 3366 fanta-
2192 3280 2234 3348 C
2343 3280 2432 3361 28;
2455 3280 2678 3372 Quibus
2697 3304 3048 3377 respondere
3065 3280 3158 3360 me
3176 3321 3290 3360 non
3312 3306 3612 3376 permisit;
3639 3307 3741 3364 sed
3765 3309 3940 3366 abire

517 3395 662 3452 stica
691 3395 794 3452 sed
824 3409 978 3462 vera,
1003 3397 1090 3454 est
1123 3394 1266 3455 mihi
1291 3394 1512 3451 visione
1539 3400 1950 3454 monstratum.

585 3485 677 3539 25.
707 3482 809 3540 His
835 3498 972 3556 ergo
1024 3482 1210 3546 tribus
1237 3482 1704 3540 hebdomadibus
1747 3484 1954 3540 habuit
2001 3485 2167 3542 Niee-

518 3559 741 3645 phOrus
789 3575 950 3629 extra
979 3570 1542 3643 Constantinopolim
1590 3574 1956 3641 metastasin,
1992 3575 2049 3630 id
2081 3580 2170 3632 est

521 3659 855 3725 stationem,
887 3657 946 3716 in
987 3657 1110 3714 loco
1156 3659 1256 3730 qui
1307 3659 1520 3714 dicitur
1551 3669 1638 3725 Ἐις
1666 3669 1843 3732 πήγας,
1875 3663 1933 3718 id
1964 3667 2054 3719 est
2082 3665 2167 3719 Ad

522 3749 735 3816 fontes,
762 3747 1082 3820 eodemque
1115 3763 1207 3802 me
1237 3748 1430 3804 venire
1460 3750 1748 3822 prmcepit.
1785 3751 1851 3806 Et
1880 3768 2014 3807 cum
2046 3756 2166 3809 tam

518 3827 837 3920 languidus
857 3852 1070 3919 essem,
1088 3841 1150 3892 ut
1167 3853 1280 3892 non
1300 3837 1489 3894 solum
1507 3839 1700 3907 statio,
1717 3840 1816 3894 sed
1843 3839 1970 3910 ipsa
1993 3840 2166 3897 etiam

517 3917 928 4002 sessio‘gravis.
959 3925 1102 3986 mihi
1137 3942 1310 3984 morie
1340 3926 1655 3994 videretur,
1679 3928 2042 4000 discooperto
2074 3947 2166 3987 ca-

511 4017 650 4092 pite,
675 4017 832 4094 quod
866 4014 1032 4075 malae
1067 4013 1382 4071 valetudini
1429 4033 1568 4074 mea:
1601 4016 1778 4073 nimis
1809 4021 2165 4075 contrarium

510 4112 656 4178 erat,
682 4110 816 4164 ante
847 4121 909 4164 se
953 4121 1048 4162 me
1093 4109 1250 4160 stare
1281 4105 1498 4178 coegit;
1533 4106 1625 4162 cui
1659 4109 1715 4163 et
1746 4106 1826 4163 ait
1854 4124 1905 4163 ;‹‹
1941 4109 2166 4164 Domini

506 4196 594 4254 tui
610 4197 766 4270 regis
786 4194 1013 4274 Ottonis
1031 4193 1354 4266 nuntii,qui
1370 4195 1660 4266 praeterito
1679 4200 1734 4252 te
1750 4204 2168 4268 praeesserant

507 4277 1038 4362 anno,juramento
1069 4282 1218 4339 mihi
1246 4283 1658 4355 promiserunt,
1676 4289 1732 4340 ct
1773 4285 2167 4356 jurisjurandi

506 4373 711 4437 litterae
735 4371 1268 4451 imprasentiarum
1290 4376 1447 4444 sunt,
1462 4390 1768 4446 nunquam
1790 4373 1956 4430 illum
1980 4375 2038 4430 in
2066 4376 2169 4432 ali-

405 4513 414 4520 .
509 4480 624 4536 quo
644 4456 909 4528 uestrum
921 4452 1318 4540 scandalizare
1338 4461 1777 4534 imperium.Vis
1795 4465 1986 4535 majus
2005 4482 2168 4522 scan-

511 4551 934 4625 dalum,quam
965 4551 1120 4622 quod
1168 4567 1230 4612 se
1269 4550 1684 4623 imperatorem
1715 4559 1900 4621 vocat,
1936 4553 2166 4626 imperii

2277 3396 2626 3468 cupientem,
2651 3395 2722 3450 ad
2765 3409 3030 3449 mensam
3062 3408 3231 3448 suam
3278 3394 3466 3449 redire
3495 3396 3789 3468 prisce-pit.
3829 3400 3940 3453 Cui

2277 3490 2441 3558 pater
2461 3484 2606 3556 (170)
2630 3482 2847 3539 assedit
2888 3481 3083 3550 homo,
3107 3485 3173 3538 ut
3203 3481 3348 3538 mihi
3392 3481 3716 3551 videbatur,
3753 3491 3940 3543 natus

2278 3579 2511 3632 centum
2527 3572 2953 3644 quinquaginta
2965 3570 3268 3626 annis.Cui
3287 3570 3586 3642 itidem,ut
3600 3573 3940 3642 ﬁlio,Gra=.-ci

2278 3663 2338 3717 in
2355 3661 2649 3730 laudibus,
2665 3659 2870 3728 immo,
2884 3658 2944 3715 in
2959 3658 3146 3716 ventis
3167 3659 3311 3726 suis,
3331 3661 3478 3716 Deus
3497 3675 3682 3718 annos
3701 3667 3766 3717 ut
3783 3665 3939 3718 mul-

2277 3751 2516 3823 tiplicet,
2551 3748 2939 3806 conclamant.
2971 3749 3095 3813 Qua
3136 3749 3197 3803 in
3247 3766 3327 3816 re,
3362 3765 3540 3821 quam
3590 3749 3709 3806 sint
3751 3751 3939 3808 Graeci

2278 3840 2465 3907 stulti,
2491 3855 2740 3911 quamve
2761 3838 2940 3909 hujus
2962 3836 3157 3911 gloriae
3179 3841 3491 3906 amatores,
3513 3855 3763 3910 quamve
3796 3842 3943 3896 adu-

2275 3929 2507 3995 latores,
2533 3944 2708 4000 quam
2740 3927 2958 3999 cupidi,
2988 3927 3124 3982 hinc
3154 3926 3424 3999 colligere
3445 3943 3764 3999 possumus
3789 3947 3802 3984 :
3829 3947 3941 4002 op-

2276 4022 2398 4074 tant
2422 4017 2529 4074 soli
2557 4033 2671 4073 non
2703 4016 2846 4083 sola,
2863 4016 2962 4072 sed
2987 4015 3631 4089 silicernio(17l),quod
3657 4022 3933 4074 naturam

2275 4107 2465 4180 ipsam
2499 4123 2614 4162 non
2640 4105 2760 4178 pati
2792 4107 2946 4160 certo
2969 4103 3199 4172 sciunt;
3234 4103 3451 4176 gaudet
3479 4109 3537 4159 et
3567 4103 3933 4161 silicernium

2277 4214 2345 4254 ea
2375 4196 2487 4252 sibi
2537 4195 2745 4266 optari,
2770 4211 2898 4265 quae
2947 4209 3052 4249 nec
3097 4193 3282 4248 Deum
3333 4194 3672 4260 facere,nec
3723 4195 3837 4251 sibi
3866 4197 3936 4232 δυ’

2278 4287 2552 4358 prodesse
2583 4285 2683 4340 sed
2717 4283 2940 4345 obesse,
2969 4282 3144 4337 etiam
3195 4281 3244 4337 si
3288 4282 3520 4348 faceret,
3551 4281 3729 4339 novit.
3765 4286 3926 4350 Quod

2279 4391 2472 4448 quaeso
2501 4371 2892 4444 Nicephorum
2940 4371 3196 4442 gaudere
3252 4370 3414 4441 pacis
3435 4370 3617 4426 ‘03..."
3655 4371 3826 4428 illum
3877 4379 3933 4432 et

2277 4464 2620 4537 phosforum
2640 4461 2990 4519 clamabant.
3010 4459 3396 4531 Impotentem
3413 4458 3636 4516 virilem
3649 4506 3662 4527 ,
3677 4461 3927 4522 stultum

2277 4553 2620 4626 sapientem,
2644 4551 2876 4606 brevem
2898 4563 3202 4619 magnum,
3229 4547 3463 4620 nigrum
3487 4547 3709 4615 album,
3733 4567 3933 4622 pecca-

512 4639 700 4722 nostri
728 4640 988 4714 themata
1017 4639 1128 4706 sibi
1159 4640 1443 4714 usurpat?
1474 4639 1726 4712 Utraque
1757 4659 1873 4697 non
1913 4649 2053 4700 sunt
2083 4644 2166 4700 fe-
2194 4649 2242 4713 Ι)
2272 4649 2458 4702 torem
2491 4644 2760 4698 sanctum
2802 4638 3012 4704 dicere,
3048 4636 3194 4691 mihi
3238 4636 3474 4708 credite,
3500 4654 3615 4692 non
3648 4638 3780 4695 laus
3825 4641 3926 4695 sed

511 4729 722 4808 renda;
745 4732 802 4806 et
831 4728 880 4787 si
913 4731 1161 4804 utraque
1191 4729 1603 4802 importabilia,
1633 4730 1788 4785 istud
1821 4735 1910 4788 est
1941 4749 2053 4792 non
2079 4733 2158 4790 fe-

511 4817 780 4883 rendum,
806 4816 986 4875 immo
1018 4832 1122 4873 nec
1157 4816 1536 4894 audiendum,
1569 4819 1720 4890 quod
1756 4836 1818 4876 se
1849 4820 2161 4892 imperato-

507 4895 633 4964 rem
664 4905 947 4964 nominat.
974 4905 1088 4961 Sed
1119 4904 1168 4959 si
1201 4907 1514 4964 confirmas
1547 4907 1749 4962 eadem
1781 4925 1906 4978 quae
1938 4909 2050 4981 ipsi
2084 4910 2162 4966 fe-

505 4999 732 5064 cerunt,
767 4996 1130 5074 fortunatum
1157 4998 1211 5050 te
1233 4999 1406 5067 atque
1435 4993 1782 5067 locupletem
1807 4997 2035 5068 imperii
2070 5017 2169 5055 no.

506 5077 613 5146 atri
645 5086 929 5158 maiestas
959 5084 1072 5142 cito
1103 5083 1414 5142 dimittet.»
1438 5083 1498 5142 Id
1533 5088 1726 5139 autem
1762 5102 1828 5141 eo
1860 5102 1973 5141 non
1995 5089 2162 5157 dixit,

2271 4729 2628 4790 contumelia-
2654 4731 2762 4784 est.
2783 4728 2852 4782 Et
2870 4726 2971 4798 qui
3003 4725 3196 4781 aliena
3222 4725 3415 4798 magis
3444 4727 3660 4798 gaudet
3688 4728 3805 4784 sibi
3828 4746 3927 4784 ac-

2272 4819 2514 4890 clamari
2546 4833 2723 4891 quam
2762 4815 3020 4888 propria,
3045 4815 3251 4870 avi-bus
3277 4814 3516 4871 omnino
3555 4820 3647 4871 est
3690 4815 3927 4884 similis,

2275 4925 2526 4983 quarum
2557 4905 2839 4976 intuitum
2872 4921 2985 4960 nox
3016 4903 3330 4973 illuminat,
3359 4903 3484 4960 dies
3516 4907 3708 4959 cecat.

2344 5000 2432 5054 29.
2456 4997 2565 5054 Sed
2598 4996 2906 5053 redeamus
2938 4993 3010 5048 ad
3042 5009 3187 5050 rem.
3213 4993 3329 5048 Hac
3372 4993 3432 5047 in
3477 5009 3635 5048 caena
3653 4994 3742 5061 5“,
3769 4996 3923 5067 quod

2278 5087 2441 5161 prius
2472 5103 2586 5150 non
2620 5086 2850 5154 fecerat,
2873 5098 3010 5138 voce
3033 5081 3187 5137 elata
3207 5082 3274 5117 ⁵⁰⁵
3295 5081 3447 5138 beati
3471 5081 3716 5145 Joannis
3745 5083 3824 5140 Gh
3834 5101 3923 5156 ην-

1869 5229 2110 5284 VARL‘E
2151 5229 2570 5288 LECTIONES.

573 5328 641 5362 “0
671 5327 732 5382 id
777 5331 886 5393 est,
921 5330 1126 5392 mater,
1163 5329 1348 5380 mater
1372 5289 1516 5379 Bait.
1593 5324 1657 5358 δοί
1688 5324 1836 5380 Cui?
1865 5326 1930 5380 N.
1965 5345 2012 5383 s.
2046 5346 2098 5383 v.
2132 5334 2272 5386 etv.
2308 5325 2669 5384 absentibus.
2705 5321 2854 5387 Quid
2888 5322 2945 5378 C.
3021 5323 3090 5358 ⁵⁰²
3117 5322 3224 5377 tibi
3256 5323 3311 5378 C.
3389 5322 3457 5358 ⁵0³
3487 5320 3589 5377 Hic
3622 5321 3786 5393 deest
3815 5321 3918 5378 ali-

508 5397 646 5470 quid
680 5399 736 5454 C.
814 5392 881 5432 ‘0‘
909 5415 1068 5454 coma
1096 5398 1152 5452 C.
1231 5396 1296 5430 ⁵0⁵
1325 5397 1400 5450 αἱ.
1433 5394 1777 5465 voscclatus,
1811 5413 1878 5452 ex
1907 5413 2021 5470 quo
2054 5401 2279 5474 corrigo
2309 5415 2445 5459 voce
2473 5397 2645 5457 elata.
2681 5394 2830 5451 CAN.
2865 5396 2963 5467 qui
2989 5411 3126 5451 voce
3157 5394 3364 5450 Latina
3393 5397 3454 5450 in
3483 5398 3638 5449 textu
3665 5392 3848 5448 habet.

2099 5535 2328 5590 ΝΟΤΆΕ.

547 5623 891 5706 .(l70)_Fuit
938 5627 1016 5706 is;
1046 5629 1283 5696 Bardas,
1327 5646 1500 5706 quem
1530 5629 1911 5706 Nicephorus
1969 5630 2155 5704 impe-

511 5697 666 5754 rium
699 5697 945 5770 adeptus
978 5700 1258 5757 Caesarem
1295 5697 1589 5756 salutavit.
1624 5697 1761 5757 CA'N.

2337 5632 2487 5704 (171)
2510 5626 2644 5683 Seni
2677 5627 2990 5700 decrepito.
