4050 6392
1619 395 1962 466 LEGEI.”
2003 397 2121 462 GP.

148 535 732 614 sospemibomiliam
747 537 810 596 in
825 536 1222 612 apostolorum
1245 537 1476 596 actibus
1487 535 1677 628 legere
1691 537 1817 608 jus-
1843 531 1904 604 Α,
1930 533 2306 628 collectitium
2326 534 2522 610 ipsum
2537 538 2800 602 navalem
2823 541 3262 616 exercitum,me
3286 550 3364 608 ab
3379 533 3576 628 invise

145 629 256 688 sit.
289 629 432 686 Post
457 629 626 700 cujus
653 628 924 688 lectionis
945 629 1284 696 terminum,
1316 644 1452 684 eum
1486 627 1559 683 ad
1591 644 1696 683 vos
1723 643 1813 682 re-

145 717 386 776 deundi
401 717 698 776 licentiam
729 735 1072 791 quaererem,
1104 718 1296 791 capite
1321 735 1382 774 se
1407 717 1492 772 ita
1521 717 1813 772 facturum

149 807 446 874 innuens,
492 806 666 880 recipi
719 825 814 863 me
863 809 937 862 ad
982 807 1250 862 concives
1281 811 1338 862 et
1387 806 1816 861 eohabitatores

151 911 332 954 meos
347 895 546 952 leones
570 897 926 968 persecutori
950 913 1078 952 meo
1099 896 1327 952 indixit.
1361 895 1522 959 Quod
1543 911 1679 950 cum
1710 894 1818 949 ﬁe-

157 989 410 1055 ret,non
433 1002 564 1041 sum
587 985 658 1042 ab
689 1003 755 1042 eo
775 985 938 1042 visus
967 1001 1153 1057 usque
1173 985 1234 1040 in
1257 985 1426 1040 tertio
1459 982 1684 1040 decimo
1715 982 1818 1038 Ca-

159 1073 384 1130 lendas
417 1075 665 1147 Augusti
713 1075 843 1146 (Jul.
873 1075 988 1146 20),
1021 1075 1122 1130 sed
1143 1073 1450 1146 diligenter
1470 1071 1816 1138 custoditus,

161 1180 244 1220 ne
271 1163 612 1236 cujuspiam
631 1164 854 1236 fruerer
873 1179 1162 1229 sermone,
1186 1162 1282 1236 qui
1315 1179 1454 1232 suos
1479 1161 1624 1216 mihi
1655 1163 1821 1215 actus

162 1251 482 1308 indicaret.
513 1255 740 1308 Interea
757 1251 1168 1323 Grimizonem,
1195 1250 1487 1308 Adelberti
1520 1250 1818 1316 nuntium,

165 1358 236 1398 se
268 1342 430 1397 adire
451 1341 838 1413 jussit,quem
855 1357 992 1396 cum
1017 1341 1206 1397 navali
1229 1358 1335 1396 suo
1357 1339 1612 1396 exercitu
1632 1337 1822 1394 redire

162 1430 456 1502 praecipit.
489 1431 746 1486 Fuerunt
775 1431 1079 1488 ehelandia
1105 1433 1195 1500 24,
1223 1430 1538 1486 Rusiorum
1559 1430 1626 1465 ⁵⁸⁵
1651 1443 1822 1484 naves

157 1523 220 1582 2,
236 1519 474 1574 Gallicae
494 1523 530 1574 2
553 1537 566 1586 ;
591 1519 640 1575 si
673 1519 808 1591 plus
832 1520 1074 1591 miserit,
1109 1537 1256 1592 quas
1279 1536 1393 1576 non
1412 1518 1676 1586 viderim,
1711 1535 1811 1572 ne-

167 1609 316 1666 scio.
349 1607 713 1677 Vestrorum,
747 1608 976 1664 Domini
1003 1609 1117 1666 mei
1149 1609 1531 1682 imperatores
1561 1607 1819 1680 augusti,

167 1697 438 1754 militum
461 1697 736 1754 fortitudo
758 1715 872 1753 non
898 1704 1046 1771 eget,
1065 1702 1132 1754 ut
1143 1699 1610 1754 adversariorum
1633 1697 1822 1768 impo-

169 1785 366 1842 tentia
391 1785 725 1856 animetur;
776 1788 931 1859 quod
981 1787 1039 1842 in
1080 1787 1173 1842 his
1205 1803 1356 1858 saepe
1401 1789 1700 1859 expertum
1733 1788 1826 1840 est

1926 625 2098 718 domo
2121 631 2437 718 spectante,
2470 628 2715 686 dimisit.
2745 633 2984 691 Decimo
3003 638 3178 694 tertio
3209 625 3404 716 autem
3436 645 3570 718 (Jul.

1923 715 2037 786 20),
2073 732 2189 788 quo
2224 716 2316 772 die
2345 715 2501 774 leves
2516 719 2697 775 (ἂνωοὶ
2723 721 3052 794 raptionem
3070 727 3243 784 Helia:
3275 713 3572 804 prophetae

1927 805 2000 860 ad
2030 805 2200 862 caelos
2221 805 2379 866 ludis
2409 809 2656 864 scenicis
2669 810 3087 878 celebrant,me
3117 833 3178 872 se
3193 818 3351 896 adire
3366 837 3574 893 praece-

1927 894 2032 988 pit,
2067 894 2161 988 cui
2191 899 2247 950 et
2273 895 2358 950 ait
2381 911 2458 988 :_«
2492 897 2804 970 Imperium
2821 907 3086 960 nostrum
3103 906 3300 979 copias
3321 894 3380 965 in
3401 911 3573 988 Assy-

1929 982 2050 1073 rios
2069 983 2278 1073 ducere
2301 986 2535 1058 cogitat,
2563 1003 2678 1044 non
2727 1006 2906 1062 super
2944 993 3331 1069 ehristicoles,
3366 982 3570 1073 quem-

1928 1071 2248 1128 admodum
2275 1074 2552 1132 dominus
2581 1079 2740 1134 tuus.
2775 1079 3072 1139 Praeterito
3103 1086 3320 1160 quippe
3337 1071 3488 1148 anno
3509 1092 3570 1150 id

1929 1160 2124 1232 ipsum
2157 1162 2342 1219 facere
2371 1163 2549 1234 volui,
2583 1168 2682 1222 sed
2715 1169 2916 1225 audito
2945 1175 3101 1244 quod
3133 1159 3407 1235 dominus
3429 1161 3572 1238 tune

1931 1249 2160 1344 imperii
2191 1252 2375 1308 nostri
2407 1257 2616 1310 terram
2649 1256 3574 1344 invaderevellet,dimissisAssy-

1932 1337 2056 1406 riis,
2084 1339 2252 1396 illum
2282 1359 2486 1400 versus
2509 1344 2766 1403 habenas
2798 1350 3170 1424 retorsimus;
3207 1337 3573 1432 obviavitqne

1933 1428 2102 1483 nobis
2141 1428 2200 1484 in
2230 1429 2567 1488 Macedonia
2595 1437 2932 1495 Dominicus
2963 1441 3308 1516 Venedicus,
3329 1427 3574 1518 nuntius

1933 1533 2099 1585 suus,
2125 1519 2224 1590 qui
2253 1519 2438 1576 multo
2467 1520 2664 1578 labore
2693 1529 2750 1580 et
2775 1528 2991 1586 sudore
3021 1548 3147 1599 nos,
3177 1537 3243 1590 ut
3272 1540 3578 1594 revertere-

1933 1606 2326 1699 mur,delusit,
2335 1610 2720 1683 jurejurando
2749 1616 2918 1672 nobis
2941 1619 3575 1699 affirmansmunqnam

1933 1695 2238 1758 dominum
2269 1701 2439 1753 tuum
2470 1715 2600 1756 esse
2627 1701 2688 1756 id
2709 1705 3126 1776 cogitaturum,
3152 1695 3366 1768 nedum
3399 1695 3580 1786 factu-

1933 1785 2401 1844 rum.Revertere
2421 1803 2558 1861 ergo
2579 1821 2648 1832 —-
2671 1795 2826 1864 quod
2858 1812 2992 1852 eum
3027 1799 3322 1856 audissem
3365 1781 3582 1874 tacitus

173 1875 736 1949 gentibus,quarum
765 1876 942 1932 etiam
971 1875 1166 1931 ultimi
1205 1881 1262 1932 et
1291 1880 1632 1930 czeterorum
1663 1891 1822 1930 com-
1857 1907 1908 1972 Β
1937 1875 2052 1928 Deo
2083 1875 2329 1972 gratias!
2365 1876 2487 1932 dixi
2509 1909 2578 1919 —-
2626 1885 2684 1934 et
2705 1881 2828 1938 haec
2856 1889 3034 1956 atque
3062 1887 3184 1943 haec
3213 1892 3314 1946 tuo
3345 1890 3581 1962 domino

173 1964 481 2037 paratione
505 1965 879 2036 impotentes,
908 1966 1162 2020 Graecam
1187 1963 1590 2020 fortitudinem
1620 1965 1830 2017 strave-

175 2052 716 2120 runt,tributariam
743 2053 1022 2108 fecerunt.
1058 2053 1222 2108 Sicut
1253 2053 1412 2108 enim
1435 2069 1536 2114 vos
1567 2068 1682 2106 non
1711 2055 1826 2106 ter-

175 2158 392 2212 rorem,
425 2140 474 2196 si
519 2141 870 2198 fortissimos
917 2140 1050 2197 illos
1081 2145 1138 2197 et
1165 2142 1488 2196 Alexandro
1523 2139 1826 2196 Macedoni

177 2229 408 2290 similes
423 2229 822 2302 praedicarem,
856 2230 940 2285 sic
961 2234 1016 2285 et
1044 2248 1146 2286 vos
1180 2247 1296 2286 non
1323 2231 1390 2266 ⁵0⁷
1423 2230 1659 2302 instigo,
1693 2245 1829 2284 cum

177 2316 592 2390 impotentiam
621 2333 842 2384 eorum,
869 2335 998 2390 quae
1011 2335 1144 2382 vera
1170 2323 1277 2388 est,
1302 2335 1494 2374 narro.
1534 2317 1676 2373 Mihi
1707 2334 1828 2373 ere-

181 2406 338 2464 datis
365 2405 564 2472 velim,
599 2410 656 2462 et
675 2407 922 2462 credetis
944 2407 1086 2472 scio,
1119 2424 1355 2462 omnem
1385 2408 1584 2480 ipsum
1615 2405 1829 2462 exerci-

181 2500 312 2552 tum
343 2495 794 2568 quadringentis
833 2494 1046 2551 vestris
1086 2496 1172 2564 ⁵0⁸,
1197 2495 1248 2551 si
1273 2496 1429 2551 fossa
1461 2495 1684 2550 murive
1715 2511 1832 2550 non

182 2585 530 2657 impediant,
545 2601 718 2656 posse
739 2583 1017 2652 occidere,
1037 2584 1131 2640 cui
1161 2584 1493 2650 excercitui,
1511 2588 1577 2640 ut
1597 2587 1738 2656 puto
1761 2583 1832 2639 ad

185 2673 605 2730 contumeliam
644 2673 1228 2740 vestram,hominem
1275 2674 1572 2745 quandam
1617 2703 1683 2714 -
1730 2672 1834 2738 sed

185 2763 488 2834 quaedam
517 2778 583 2818 eo
615 2761 900 2832 dixi,quia
929 2779 1058 2822 mas
1083 2779 1210 2818 esse
1241 2761 1434 2824 desiit,
1467 2760 1678 2818 mulier
1707 2762 1832 2817 ﬁeri

187 2851 476 2924 nequit—
498 2850 1184 2923 prae-posuitAdelbertus
1214 2854 1342 2907 octo
1374 2850 1538 2906 milia
1565 2850 1833 2908 loricato-

189 2957 322 2996 rum
355 2956 422 2996 se
467 2941 678 2996 habere
721 2939 1044 3012 Nicephoro
1087 2940 1406 3008 mandavit,
1457 2939 1832 3012 quibuscum,

187 3028 870 3104 Argivoadminiculante
890 3029 1168 3096 exercitu,
1198 3045 1302 3085 vos
1331 3030 1534 3102 fugare
1557 3034 1659 3085 aut
1689 3033 1832 3085 ster—

187 3136 325 3175 nere
353 3117 516 3184 dicit,
549 3118 884 3190 rogavitque
903 3117 1182 3174 aemulum
1201 3123 1558 3186 vestrum,ut
1589 3119 1837 3191 pecunia

189 3207 278 3263 illi
326 3207 676 3274 mitteretur,
701 3224 820 3280 qua
849 3207 981 3264 illos
1011 3207 1240 3264 avidius
1272 3208 1344 3263 ad
1377 3225 1637 3281 pugnam
1667 3209 1834 3264 insti-

191 3301 378 3370 geret.

263 3386 356 3441 30.
387 3385 502 3442 Sed
533 3401 710 3452 nunc,
743 3385 966 3441 domini
999 3386 1136 3457 mei,

261 3492 496 3554 Accipite
525 3491 660 3554 (172)
684 3492 904 3542 insidias
950 3492 1212 3550 Danaum,
1261 3494 1316 3540 et
1360 3492 1584 3543 crimine
1633 3494 1700 3544 ab
1731 3507 1838 3544 uno

255 3555 452 3612 Discite
472 3567 678 3604 omnes.

189 3653 554 3725 Nicephorus
571 3651 862 3724 mancipio
887 3651 1094 3720 illi,cni
1108 3651 1486 3708 collectitium
1511 3657 1685 3726 atque
1705 3671 1840 3710 con-

192 3741 504 3808 ductitium
531 3742 964 3798 commendavit
993 3741 1331 3810 exercitum,
1363 3742 1672 3813 pecuniam
1695 3743 1838 3800 satis

193 3845 468 3904 magnam
499 3830 610 3886 hac
643 3829 866 3886 ratione
909 3830 1092 3894 dedit,
1125 3833 1192 3885 ut
1241 3829 1292 3886 si
1319 3829 1668 3888 Adelber‘tus
1701 3849 1836 3888 eum

192 3924 416 3992 septem
465 3917 708 3976 milibus
756 3918 1136 3975 loricatorum
1187 3923 1246 3974 et
1283 3936 1350 3976 eo
1377 3919 1655 3992 amplius,
1683 3921 1838 3978 sicut

191 4008 578 4077 mandavit,se
605 4007 839 4076 adierit,
871 4009 1354 4064 tancdonativum
1381 4009 1622 4066 eisillud
1645 4012 1838 4068 distri-

189 4098 352 4167 buat,
380 4099 538 4154 Cons
561 4097 742 4154 frater
783 4115 928 4164 suus
960 4115 1096 4154 cum
1127 4097 1254 4171 ipso
1285 4103 1342 4155 et
1369 4098 1636 4173 Argolico
1667 4117 1834 4157 exers

187 4187 306 4244 eitu
335 4203 440 4244 vos
466 4186 793 4260 impugnet,
825 4184 1168 4243 Adelbertu-s
1189 4203 1322 4243 vero
1351 4185 1550 4244 Bareis
1580 4187 1834 4262 diligen-

189 4280 276 4332 ter
299 4275 690 4346 custodiatur,
706 4277 890 4332 donec
915 4276 1140 4348 potitus
1167 4276 1603 4334 victoria-frater
1613 4280 1829 4336 redeat.

189 4366 350 4436 Quod
377 4364 430 4421 si
455 4363 694 4422 veniens
723 4369 812 4422 tot
840 4365 1152 4420 hominum
1181 4363 1348 4422 milia
1377 4383 1495 4422 non
1509 4369 1834 4437 duxerit,ut

189 4453 798 4527 eapiatur,vinciatur,
821 4453 1102 4525 vobisque
1130 4469 1197 4509 eo
1226 4455 1597 4512 venientibus
1628 4457 1828 4513 trada-

187 4547 302 4610 tur,
331 4542 574 4614 insuper
593 4547 652 4612 et
677 4542 926 4615 pecunia
956 4559 1081 4614 quae
1113 4543 1164 4599 ei
1187 4543 1742 4602 debebaturvestras
1769 4547 1826 4603 in

1941 1961 2216 2018 nunciato
2242 1981 2254 2031 ;
2289 1964 2338 2020 si
2373 1982 2466 2020 me
2495 1973 2822 2040 compotem
2854 1973 3077 2044 fecerit,
3108 1976 3229 2049 ipse
3251 1978 3453 2034 redito.
3483 2002 3514 2030 ››

2009 2077 2096 2132 32.
2133 2079 2239 2134 Cui
2268 2098 2281 2136 :
2313 2103 2340 2130 «
2371 2081 2600 2150 Jubeat,
2625 2085 2891 2158 inquam,
2915 2091 3358 2156 sanctissimum
3389 2096 3581 2168 impe-

1941 2165 2092 2222 rium
2118 2168 2186 2204 διο
2235 2173 2424 2236 tuum,
2459 2188 2552 2228 me
2583 2173 2642 2228 in
2675 2175 2904 2232 Italiam
2953 2178 3065 2235 cito
3097 2181 3388 2252 advolare,
3421 2165 3582 2244 certe

1939 2255 2186 2352 ratione,
2235 2260 2386 2352 quod
2421 2260 2699 2352 dominus
2731 2281 2918 2332 meus,
2951 2284 3078 2339 quae
3108 2269 3232 2325 vult
3260 2271 3578 2352 imperium

1939 2346 2508 2420 tuum,compleat,ct
2535 2347 2698 2408 lactus
2730 2369 2866 2428 ergo
2889 2356 2960 2410 ad
2982 2360 3037 2414 te
3067 2359 3320 2422 redeam.
3351 2346 3388 2418 ’››
3418 2349 3600 2429 01]οᾶ

1941 2449 2062 2505 qua
2091 2439 2284 2491 mente
2315 2437 2581 2510 dixerim,
2617 2457 2722 2497 nec
2753 2441 2971 2516 ipsum,
2997 2447 3140 2518 prob
3164 2448 3358 2512 dolori
3385 2441 3579 2514 latuit.

1942 2523 2087 2614 llam
2137 2525 2469 2596 subridens,
2516 2529 2694 2590 simul
2726 2534 2913 2605 capite
2945 2535 3158 2603 innuit,
3192 2555 3402 2614 meque
3428 2545 3586 2608 terra

1942 2613 2006 2647 5“
2039 2624 2211 2678 tenus
2243 2632 2304 2671 se
2321 2619 2660 2680 adorantem
2687 2625 2860 2694 atque
2890 2623 3205 2682 abeuntem
3237 2613 3420 2700 extra,
3443 2631 3582 2688 foris

1945 2717 2200 2772 manere,
2235 2708 2410 2778 atque
2440 2707 2511 2762 ad
2544 2725 2792 2779 caenam,
2823 2710 2959 2767 allio
2991 2717 3058 2768 et.
3078 2731 3220 2788 cepa
3249 2716 3397 2780 bene
3426 2717 3584 2786 oleu-

1943 2791 2218 2859 tem,oleo
2247 2799 2304 2849 et
2332 2811 2472 2867 garo
2503 2798 2825 2872 sordidam,
2866 2801 3063 2866 venire
3091 2806 3366 2878 praecepit
3409 2827 3430 2875 ;
3461 2825 3587 2866 ma-

1944 2881 2194 2952 gnisque
2225 2881 2317 2938 die
2347 2883 2449 2940 illa
2493 2887 2654 2944 effeci
2685 2889 2977 2962 precibus,
3021 2897 3086 2948 ut
3116 2911 3332 2958 munus
3367 2913 3587 2966 meum,

1946 2972 2102 3042 quod
2135 2989 2286 3045 sacpe
2317 2980 2664 3046 aspernatus
2694 2982 2838 3048 erat,
2861 2979 3204 3053 dignaretur
3231 2984 3512 3058 accipere.

2015 3097 2103 3150 33.
2139 3096 2554 3154 Residentibus
2596 3100 2793 3172 itaque
2840 3103 3012 3160 nobis
3055 3106 3128 3160 ad
3167 3123 3432 3164 mensam
3463 3111 3592 3168 sine

1945 3183 2252 3242 latitudine
2297 3184 2553 3258 longam,
2601 3187 2844 3262 pullingi
2889 3191 2957 3226 ⁵¹²
3001 3191 3311 3252 latitudine
3345 3200 3586 3268 tectam,

1867 3274 1910 3342 ο
1948 3271 2316 3346 longitudine
2363 3275 2756 3346 seminudam,
2798 3294 2868 3336 ex
2898 3279 3159 3350 Francis,
3189 3299 3304 3354 quo
3353 3286 3590 3344 nomine

1945 3366 2068 3436 tam
2097 3363 2332 3420 Latinos
2363 3381 2540 3436 quam
2570 3365 2858 3428 Teutones
2889 3369 3350 3442 comprehendit,
3379 3373 3586 3432 ludum

1947 3451 2155 3510 habuit
2178 3453 2538 3526 ;rogavitque
2567 3471 2680 3522 me,
2705 3461 2790 3524 ut,
2823 3473 2940 3529 quo
2970 3457 3030 3514 in
3061 3457 3188 3516 loco
3217 3461 3590 3537 episcopatus

1948 3541 2060 3597 mei
2094 3541 2300 3604 civitas
2319 3547 2686 3616 esset,quove
2705 3547 2942 3606 nomine
2964 3548 3586 3621 frneretur,edieerem.

1947 3629 2088 3688 Cui:
2124 3654 2152 3688 (ς
2186 3630 2490 3712 Cremona,
2517 3633 3038 3706 inquam.Eridano
3071 3638 3382 3697 fluviorum
3411 3642 3590 3700 italis

1947 3719 2067 3792 regi
2099 3721 2244 3776 satis
2271 3721 2480 3784 vicina.
2511 3722 2578 3777 Et
2599 3723 2738 3795 quia
2767 3725 3079 3798 imperium
3101 3732 3270 3786 tuum
3283 3731 3592 3788 ehelandia

1946 3823 2014 3863 eo
2059 3808 2289 3864 mittere
2319 3815 2610 3883 preperat,
2639 3813 2824 3885 prosit
2853 3815 3004 3872 mihi
3052 3821 3110 3872 te
3139 3817 3374 3886 vidisse,
3406 3821 3592 3892 prosit

1947 3898 2253 3970 agnovisse
2295 3897 2307 3952 l
2337 3903 2418 3956 Da
2447 3917 2652 3972 pacem
2683 3901 2828 3970 10.60.,
2865 3907 2930 3962 ut
2955 3921 3058 3976 per
3075 3909 3132 3962 te
3161 3906 3368 3964 saltem
3400 3911 3592 3980 possit

1945 3986 2288 4058 subsistere,
2317 3989 2420 4060 qui
2449 3989 2554 4048 tibi
2577 4007 2696 4054 non
2719 3995 2912 4062 potest
2931 3993 3200 4052 resistam
3223 3995 3282 4051 1)·
3297 3997 3407 4052 Sed
3429 3997 3592 4054 vafer

1944 4073 2042 4132 ille
2073 4076 2194 4132 haec
2219 4085 2476 4149 εἰρωνικῶς
2507 4095 2598 4140 me
2629 4079 2846 4141 dixisse
2867 4083 3158 4153 cognovit,
3173 4083 3590 4158 submissoque

1940 4163 2105 4220 vultu
2125 4181 2188 4222 se
2217 4165 2300 4222 ita
2327 4166 2620 4230 facturum
2649 4168 3282 4243 promisit,juravitque
3307 4172 3455 4228 mihi
3483 4189 3590 4246 per

1942 4253 2128 4312 sancti
2160 4254 2250 4310 sui
2281 4255 2554 4320 virtutem
2583 4255 2814 4329 imperii
2837 4257 2922 4314 nil
2943 4273 3039 4315 me
3071 4259 3211 4315 mali
3241 4277 3581 4333 passurum,

1942 4342 2044 4398 Sed
2075 4359 2350 4416 prospere
2365 4343 2490 4402 suis
2501 4361 2637 4406 cum
2647 4346 2972 4404 chelandiis
2989 4365 3180 4420 usque
3205 4349 3272 4405 in
3287 4349 3584 4407 Aucheni-

1939 4434 2146 4492 tanum
2175 4436 2412 4504 portum
2442 4433 2552 4498 cito
2583 4441 2998 4508 perventurum
3023 4456 3036 4506 ;
3071 4441 3129 4494 et
3159 4437 3306 4495 mihi
3327 4439 3383 4496 id
3409 4443 3586 4498 tunso

1938 4521 2140 4594 digitis
2169 4523 2650 4594 peetorejuravit.

188 4631 780 4698 manusconferatur,
811 4631 1008 4687 edixit.
1037 4632 1082 4688 Ο
1101 4630 1440 4688 bellatorem
1465 4630 1478 4686 Ξ
1501 4633 1784 4692 nfidelem
1811 4637 1823 4691 Ι
1855 4642 1904 4708 D
2005 4637 2094 4691 34.
2126 4635 2343 4692 Verum
2355 4654 2534 4718 quam
2549 4639 2728 4712 impie
2743 4642 3100 4715 pejeraverit,
3116 4643 3582 4715 animadvertite.

185 4720 426 4782 Prodere
455 4720 638 4792 cupiit,
671 4719 768 4776 cui
795 4721 864 4756 ⁵0⁵
912 4719 1276 4776 defensorem
1309 4725 1512 4792 parat;
1557 4723 1828 4784 defenso.

186 4825 304 4865 rem
325 4812 522 4881 parat,
549 4823 724 4880 quem
755 4808 995 4880 perdere
1016 4808 1211 4880 cupit;
1239 4807 1298 4868 in
1327 4814 1534 4866 neutro
1565 4811 1732 4880 ﬁdes,
1763 4814 1826 4869 in

185 4901 428 4969 utroque
445 4894 764 4970 inﬁdelitas
793 4913 810 4964 ;
841 4896 1122 4968 feeit,q.uo
1147 4913 1264 4952 non
1285 4898 1650 4972 eguit,eguit,
1667 4904 1824 4972 quod

185 5001 298 5042 non
341 4985 578 5044 fecerat.
629 4985 744 5050 Sed
771 4987 896 5042 esto
923 5002 938 5054 ;
971 4984 1194 5055 fecerit,
1227 4988 1292 5041 ut
1321 4985 1548 5048 Graecos
1577 4989 1774 5048 decuit
1803 4991 1824 5046 ι

183 5075 296 5131 Non
313 5075 388 5130 ad
413 5074 788 5146 propositum
813 5074 1144 5140 redeamus.

251 5163 337 5218 31.
400 5161 849 5230 Quartodecimo
910 5163 1197 5220 Calendas
1249 5166 1497 5237 Augusti
1558 5167 1692 5240 (Jul.
1729 5171 1818 5244 19)

1935 4725 2067 4781 Haec
2099 4730 2247 4794 acta,
2281 4725 2404 4782 haec
2449 4727 2604 4783 dicta
2650 4734 2789 4786 sunt
2817 4731 3044 4789 decimo
3074 4735 3246 4802 tertio
3295 4734 3586 4792 Kalendas

1933 4815 2204 4886 Augusti,
2237 4815 2494 4874 secunda
2541 4816 2684 4872 feria
2731 4818 2903 4890 (173),
2938 4839 3054 4893 quo
3085 4840 3154 4878 ex
3184 4823 3280 4878 die
3304 4841 3493 4896 usque
3523 4825 3582 4880 in

1935 4917 2158 4958 nonum
2187 4902 2614 4975 stipendiorum
2647 4903 2792 4960 nihil
2824 4907 2896 4962 ab
2925 4925 2991 4965 eo
3023 4911 3238 4982 recepi,
3272 4927 3406 4967 cum
3421 4915 3587 4968 tanta

1934 4995 2088 5047 esset
2116 4991 2617 5066 Constantinopoli
2647 4995 2854 5070 fames,
2881 5001 2946 5052 ut
2975 4997 3186 5071 viginti
3205 4999 3466 5072 quinque
3499 5017 3587 5056 as-

1933 5081 2118 5137 seclas
2153 5097 2316 5139 meos
2343 5087 2400 5138 et
2427 5087 2680 5155 quatuor
2709 5085 2982 5143 custodes
3013 5087 3242 5144 Graecos
3263 5089 3455 5144 tribus
3487 5106 3588 5144 au-

1925 5171 2050 5238 reis
2078 5187 2198 5236 una
2227 5188 2392 5228 coena
2407 5173 2708 5244 nequirem
2729 5173 2984 5230 reficere.
3011 5177 3227 5243 Quarta
3239 5176 3583 5251 feriaipsius

1583 5300 1823 5382 vanus
1861 5305 2250 5382 LECTIONES
2341 5281 2348 5290 “
3419 5341 3424 5344 -

252 5383 428 5470 5°“an
453 5384 689 5470 corrasi.
723 5382 1138 5470 R'usso‘rumnc.
1211 5386 1281 5422 ⁵0⁷
1310 5386 1458 5443 deest
1471 5387 1527 5444 C.
1605 5391 1670 5426 δοδ
1699 5381 1827 5448 sciti

1940 5411 2036 5451 vos
2111 5395 2180 5430 ⁶⁰⁹
2251 5394 2436 5467 anui
2471 5395 2528 5451 C.
2603 5397 2670 5433 δίο
2699 5398 3116 5470 Imperatorem
3149 5383 3220 5457 ϐξ
3283 5401 3346 5438 ⁵¹¹
3381 5406 3584 5460 contra

190 5455 243 5511 C.
315 5454 384 5490 ⁸¹²
410 5455 487 5510 al.
520 5453 682 5527 palli.
717 5455 792 5509 at.
827 5453 1007 5527 palmi
1042 5455 1098 5512 Ο.

245 5623 396 5770 Ξ172ζ
424 5623 585 5697 Virg.
609 5623 736 5680 ΖΕΗ.
771 5639 834 5693 11,
869 5625 938 5679 65

273 5697 375 5753 173
427 5695 575 5753 Vere
595 5695 705 5753 hoc
728 5713 880 5754 anno
907 5696 938 5752 d

1758 5555 1988 5634 NOTIE.

427 5695 575 5753 Vere
595 5695 705 5753 hoc
728 5713 880 5754 anno
907 5695 1032 5754 dies
1055 5711 1157 5755 xm
1185 5696 1314 5755 Kal.
1347 5700 1494 5773 Aug.
1527 5699 1588 5766 lu
1617 5706 1941 5766 secundam
1969 5705 2171 5764 feriam
2201 5703 2426 5764 incidit.
