4050 6416
455 373 575 438 9‘23

1405 372 1879 437 LIUTPRANDI
1924 366 2477 437 CREMONENSIS
2521 373 2898 438 EPISCOPI.

3747 373 3876 440 ρει

455 509 834 572 hebdomadas
865 509 992 584 (Jul.
1022 512 1113 584 22)
1143 509 1502 585 Nicepliorus
1535 507 2097 582 Constantinopolim
2129 503 2188 575 Α
2213 513 2442 580 verunt,
2473 527 2536 567 se
2586 526 2714 584 qua
2754 507 3108 568 latraverant
3132 525 3246 569 non
3279 506 3504 584 sponie,
3540 507 3644 570 sed
3676 510 3868 586 impe—

453 604 770 678 egreditur,
804 603 861 658 in
892 603 1160 675 Assyrios
1192 603 1577 675 profecturus.

521 695 610 750 35.
640 693 853 758 Quinta
882 692 1022 748 feria
1051 692 1179 764 (Jul.
1206 693 1296 752 23)
1329 691 1506 746 frater
1534 708 1676 746 suus
1705 707 1796 746 me
1845 689 2090 745 accersi-

448 783 736 854 vit,quem
761 782 844 838 ita
891 782 1157 837 convenit
1198 798 1210 836 :
1251 803 1277 830 «
1310 783 1523 836 Sancto
1572 781 1917 850 imperatore
1948 795 2092 850 pra:—

449 872 652 940 misso,
673 873 829 927 domi
864 871 1035 927 hodie
1054 871 1734 942 dispositionisejusdem
1757 886 1935 924 causa
1951 869 2089 924 sub-

448 961 568 1017 stiti
595 979 607 1028 ;
645 978 801 1016 nunc
831 961 878 1015 si
904 965 960 1016 te
989 961 1684 1030 sanctumimperatorem
1698 958 1919 1013 vicendi
1943 957 2092 1012 desi-

446 1051 673 1106 derium
731 1051 972 1116 obtinet,
1019 1054 1076 1106 et
1123 1050 1173 1104 si
1219 1049 1566 1121 quidquam,
1639 1049 1792 1120 quod
1839 1047 2087 1103 necdum

447 1138 794 1210 prodideris,
845 1138 1046 1205 habes,
1080 1139 1356 1194 edissere.
1389 1161 1417 1188 »
1453 1138 1555 1192 Cui
1582 1136 1823 1209 inquam
1851 1155 1862 1192 :
1918 1160 1944 1186 ‹‹
1976 1137 2088 1191 Nec

447 1230 717 1282 sanctum
766 1227 1178 1300 imperatorem
1224 1227 1482 1293 videndi,
1518 1244 1622 1283 nec
1651 1227 1731 1282 rei
1765 1243 1922 1281 novae
1953 1242 2085 1279 nar-

444 1317 639 1371 randaa
671 1316 856 1372 habeo
890 1333 1128 1371 causam
1161 1334 1173 1380 ;
1207 1332 1393 1371 unum
1433 1316 1541 1370 hoc
1575 1319 1726 1388 peto,
1763 1313 2085 1369 secundum

446 1405 632 1460 sancti
664 1405 892 1477 imperii
909 1405 1360 1477 promissionem
1380 1404 1779 1460 utchelandiis
1793 1403 1852 1457 in
1869 1402 2090 1457 Ancho-

429 1493 715 1549 'nitanum
747 1497 982 1566 portum
1005 1510 1194 1564 usque
1212 1493 1479 1548 deducat.
1508 1514 1536 1540 »
1573 1493 1696 1557 Quo
1713 1491 1910 1546 audito
1936 1523 2002 1531 —
2025 1495 2089 1544 ut

445 1587 586 1639 sunt
614 1583 792 1638 Grazci
841 1600 944 1654 per
991 1587 1168 1653 caput
1216 1581 1458 1637 alterius
1499 1596 1731 1652 semper
1752 1581 1955 1650 jurare
1986 1595 2084 1651 pa—

443 1672 554 1727 rati
577 1702 644 1712 —
667 1688 768 1742 per
785 1670 1228 1742 imperatorium
1259 1670 1750 1742 caput,pervitam
1766 1667 2082 1739 propriam,

445 1775 549 1832 per
577 1759 814 1825 liberos,
847 1776 995 1831 quos
1026 1759 1180 1814 Deus
1209 1758 1310 1823 ita,
1337 1761 1400 1813 ut
1428 1774 1627 1814 verum
1661 1757 1828 1821 dixit,
1850 1771 2082 1811 conser-

441 1852 624 1916 vet,se
674 1847 732 1903 id
781 1846 1226 1919 completurum,
1260 1847 1462 1917 jurare
1506 1847 1696 1919 coepit.
1745 1846 1868 1901 Cui.
1903 1862 2077 1944 cum:
2113 1879 2161 1944 Β

446 1958 476 1988 ‹‹
507 1937 794 2002 Quando?
824 1957 852 1986 »
879 1936 1150 2002 dicerem,
1185 1958 1214 1986 «
1249 1935 1377 1990 Mox
1393 1933 2038 2007 discedente,inquit,iu
2065 1964 2086 1972 -

443 2025 746 2094 peratore;
783 2021 1128 2094 Delongaris
1177 2021 1356 2089 enim,
1409 2022 1518 2078 sub
1568 2024 1735 2094 cujus
1774 2039 1952 2078 manu
1985 2038 2084 2076 na-

438 2110 598 2165 vium
621 2114 709 2166 est
737 2111 929 2166 omnis
953 2113 1228 2182 potestas,
1254 2112 1553 2168 recedente
1588 2116 1790 2168 sancto
1822 2111 2078 2182 impera-

439 2203 584 2267 tore,
616 2216 816 2256 curam
847 2199 932 2256 tui
966 2203 1115 2273 aget.
1143 2224 1164 2252 ι)
1188 2200 1306 2256 Hac
1338 2200 1991 2274 speludiﬁcatus,lzetus
2010 2201 2080 2255 ab

436 2304 503 2345 eo
534 2288 767 2358 recessi,

508 2379 597 2434 36.
630 2379 765 2434 Post
803 2382 1142 2450 sequentem
1167 2395 1301 2434 vero
1332 2379 1509 2445 diem,
1541 2379 1827 2434 sabbatho
1859 2377 2081 2433 scilicet

436 2468 569 2537 (Jul.
603 2469 716 2539 24),
750 2467 810 2522 in
857 2468 1178 2535 Umbriam,
1213 2468 1312 2540 qui
1345 2471 1433 2524 est
1462 2467 1626 2524 locus
1647 2469 1848 2523 decem
1869 2471 1925 2524 et
1954 2471 2079 2522 octo

437 2555 769 2612 miliaribus
799 2555 1302 2628 Constantinopoli
1333 2557 1580 2624 distans,
1595 2557 1956 2629 Nicephorus
1989 2572 2081 2611 me

437 2645 707 2702 accersiri
739 2646 945 2717 jubet;
997 2645 1090 2700 cui
1118 2649 1175 2700 et
1205 2645 1286 2701 ait
1317 2661 1330 2701 :
1370 2668 1390 2694 α
1427 2647 1712 2701 Putabam
1745 2649 1798 2700 te
1843 2644 2078 2718 quidem

435 2733 628 2788 virum
659 2749 938 2805 magnum
961 2732 1336 2788 ethonestum
1371 2751 1439 2789 ea
1468 2733 1669 2806 gratia
1689 2734 1802 2789 huc
1827 2733 2077 2801 venisse,

437 2821 820 2893 ut,completa
848 2821 1183 2876 omnimodo
1227 2821 1524 2878 voluntate
1556 2840 1704 2890 mea,
1739 2827 2076 2895 perpetuam

437 2910 592 2965 inter
619 2925 712 2964 me
742 2915 798 2964 et
827 2909 1129 2965 dominum
1145 2914 1313 2966 tuum
1341 2911 2074 2968 constitueresamicitiam.

434 2999 505 3055 Et
534 2998 811 3071 quoniam
843 3000 914 3054 ob
949 2999 1140 3055 cordis
1172 3000 1258 3055 tui
1289 3000 1566 3056 duritiem
1598 3002 1652 3057 id
1687 3002 1872 3058 facere
1902 3001 2072 3070 nolis,

434 3106 619 3144 unum
651 3089 857 3144 saltem
891 3089 1044 3161 quod
1078 3089 1431 3161 facerejusta
1462 3091 1686 3147 ratione
1715 3092 1926 3163 possis,
1951 3091 2074 3146 effi-

433 3177 543 3234 cito
569 3177 820 3247 ;scilicet
840 3178 1147 3234 dominum
1163 3182 1329 3234 tuum
1354 3180 1716 3252 principibus
1729 3182 2005 3253 Capuano
2018 3185 2076 3236 et

2203 604 2391 656 ratore
2420 601 2645 656 volente
2677 605 2734 656 et
2753 601 3166 667 comminante,
3196 601 3432 657 dixisse.
3469 602 3584 657 Sed
3621 605 3681 657 et
3706 601 3864 660 idem

2199 691 2560 762 Nicephorus
2591 691 2651 746 in
2681 691 2886 746 eadem
2937 709 3102 747 omna
3137 708 3227 747 me
3263 691 3670 763 interrogavit,
3696 692 3745 748 si
3760 709 3860 748 vos

2202 779 2496 851 perivolia,
2545 779 2603 835 id
2654 784 2743 835 est
2789 779 2999 835 briolia
3051 780 3198 851 (475)
3247 779 3335 835 vel
3378 780 3426 836 si
3460 778 3521 834 in
3553 779 3855 851 perivoliis

2200 884 2449 938 onagros
2481 866 2566 922 vel
2595 873 2800 923 caetera
2849 868 3147 923 amimalia
3175 868 3468 924 haberetis
3496 869 3525 924 ‘I
3555 869 3662 923 Cui
3695 885 3850 938 cum,

2197 973 2299 1016 vos
2327 955 2513 1012 brolia
2544 962 2601 1012 et
2624 957 2704 1012 in-
2729 956 2932 1012 broliis
2973 957 3274 1024 animalia,
3307 957 3545 1028 onagris
3575 958 3853 1030 exceptis,

2198 1045 2431 1107 habere,
2463 1046 2816 1100 afﬁrmarem
2854 1064 2866 1100 :
2910 1070 2936 1096 ‹‹
2970 1046 3190 1102 Ducam
3205 1045 3552 1117 teinquit,in
3573 1051 3855 1102 nostrum

2198 1134 2564 1207 perivolium,
2597 1135 2765 1206 cujus
2799 1135 3266 1208 magnitudinem
3301 1139 3359 1190 et
3389 1134 3746 1207 onagros,id
3769 1140 3857 1192 est

2197 1223 2508 1296 sylvestres
2538 1225 2816 1292 asinos,te
2837 1224 3051 1280 vidisse
3096 1224 3454 1279 miraberis»
3484 1224 3714 1280 Ductus
3746 1223 3855 1280 ita-

2197 1329 2310 1384 que
2336 1313 2394 1368 in
2428 1314 2769 1386 perivolium
2797 1313 2942 1369 satis
2975 1329 3275 1385 magaum,
3309 1313 3857 1379 montuosum,fru-

2197 1406 2486 1468 ctuosum,
2531 1402 2771 1458 minime
2804 1419 3103 1458 ammnum
3124 1403 3211 1473 ⁵³⁵,
3245 1419 3378 1456 cum
3412 1401 3668 1473 pileatus
3685 1401 3853 1473 equi-

2195 1494 2400 1558 tarem,
2431 1507 2640 1563 meque
2662 1491 3019 1563 coropalates
3050 1509 3083 1546 a
3111 1491 3283 1562 longe
3314 1489 3695 1563 prospiceret,
3731 1489 3853 1546 ﬁlio

2194 1579 2457 1636 celeriter
2489 1581 2706 1636 directo
2739 1581 2881 1635 mihi
2915 1580 3315 1636 mandavitfas
3348 1597 3465 1635 non
3485 1596 3614 1635 esse
3641 1596 3851 1652 quem-

2196 1669 2374 1741 piam,
2394 1669 2494 1724 ubi
2525 1670 2842 1740 imperator
2872 1673 3045 1737 esset,
3080 1668 3385 1742 pileatum,
3420 1669 3523 1725 sed
3581 1667 3853 1724 teristra-

2193 1761 2320 1813 tum
2374 1758 2658 1814 incedere.
2707 1757 2811 1813 Cui
2851 1776 2863 1814 :
2921 1781 2949 1807 «
2982 1757 3270 1825 Mulieres,
3323 1757 3587 1828 inquam,
3623 1761 3846 1812 nostrae

2193 1845 2413 1902 tiaratze
2444 1851 2499 1902 et
2518 1846 2878 1916 teristrastae,
2912 1847 3021 1901 viri
3052 1847 3318 1919 equitant
3348 1845 3567 1918 pileati.
3591 1845 3710 1901 Nec
3743 1846 3852 1902 de-

2193 1938 2283 1990 cet
2307 1952 2406 1991 vos
2436 1935 2782 2008 compellere
2804 1935 3060 2008 patrium
3093 1951 3185 1990 me
3216 1935 3311 1990 hic
3338 1937 3566 1990 mutare
3583 1951 3838 2005 morem,

2193 2039 2328 2079 cum
2357 2028 2600 2092 vestros,
2632 2042 2739 2080 nos
2777 2026 3080 2092 adeuntes,
3112 2024 3368 2095 patrium
3397 2039 3619 2079 morem
3647 2027 3850 2081 tenere

2193 2113 2458 2168 sinamus
2482 2132 2494 2180 ;
2522 2114 2792 2168 manicati
2826 2112 3593 2180 enim.fasciati,iibulati5‘5,
3618 2111 3846 2178 criniti,

2193 2201 2361 2256 talari
2393 2203 2589 2258 tunica
2628 2203 2838 2272 induti,
2872 2219 3048 2274 penes
3079 2219 3185 2257 nos
3215 2201 3501 2274 equitant,
3533 2200 3844 2270 incedunt,

2192 2309 2405 2348 mensae
2438 2291 2719 2360 assident,
2771 2296 2846 2358 et,
2897 2292 3052 2363 quod
3083 2291 3303 2347 nostris
3343 2290 3619 2347 omnibus
3659 2289 3844 2346 nimis

2191 2385 2361 2452 turpe
2391 2381 2638 2447 videtur,
2689 2382 2803 2454 ipsi
2851 2380 2960 2436 soli
2991 2379 3176 2453 capite
3219 2385 3419 2452 operto
3451 2380 3844 2452 imperatores

2191 2475 2421 2525 nostros
2437 2469 2870 2526 deosculantur.
2884 2501 2952 2510 --
2965 2470 3125 2534 Quod
3143 2486 3259 2525 non
3275 2469 3529 2541 amplius
3541 2469 3665 2524 ﬁeri
3681 2469 3845 2525 Deus

2190 2557 2489 2630 permittat
2525 2559 2536 2613 Ξ
2579 2558 2790 2613 tacitus
2847 2557 2985 2612 dixi.
3029 2591 3095 2597 —
3127 2559 3429 2613 Revertere
3460 2573 3596 2630 ergo
3630 2558 3642 2612 !
3679 2580 3707 2609 »
3741 2557 3841 2612 in-

2190 2648 2335 2720 quit.

2257 2739 2346 2793 38.
2381 2738 2544 2803 Quod
2576 2754 2710 2792 cum
2742 2737 3014 2802 facerem,
3032 2739 3347 2792 occurrunt
3372 2734 3838 2791 mihicommisti

2187 2825 2598 2898 capreis,quos
2620 2825 2729 2897 ipsi
2751 2825 2954 2880 dicunt
2974 2824 3198 2896 onagri.
3222 2825 3352 2892 Sed,
3380 2841 3604 2896 quaeso,
3627 2823 3841 2896 quales

2186 2914 2387 2987 onagri
2411 2913 2438 2968 ?
2460 2913 2668 2980 Quales
2682 2918 2818 2968 sunt
2829 2913 3124 2969 Cremonae
3139 2913 3462 2968 domestici.
3481 2912 3818 2968 Coloridem
3829 2955 3845 2980 ,

2187 3004 2376 3059 forma
2400 3004 2624 3070 eadem,
2657 3001 2831 3057 auriti
2861 3001 3086 3069 itidem,
3119 3001 3347 3057 vocales
3376 3000 3656 3056 similiter
3702 3017 3847 3057 cum

2185 3095 2395 3149 rudere
2424 3093 2732 3164 incipiunt,
2769 3091 3112 3165 magnitudo
3145 3109 3260 3146 non
3292 3091 3513 3162 dispar,
3559 3089 3842 3147 velocitas

2187 3201 2327 3253 una,
2359 3182 2559 3238 dulces
2589 3181 2746 3254 lupis
2767 3185 3113 3253 aeque.Quos
3143 3197 3277 3236 cum
3306 3181 3848 3251 viderem,coequi-

432 3267 1045 3334 Beneventano,servis
1076 3267 1244 3339 meis,
1273 3285 1422 3340 quos
1441 3286 1780 3343 oppugnare
1802 3271 2070 3342 dispono,
2104 3242 2148 3310 Ο
2186 3273 2332 3328 tanti
2377 3273 2568 3328 Graeco
2612 3271 2854 3342 inquam
2893 3287 2906 3325 :
2955 3293 2982 3320 «
3023 3269 3374 3341 Hujusmodi
3415 3285 3719 3340 nunquam
3771 3268 3838 3324 in

432 3357 660 3414 nullum
692 3356 1005 3413 consilium
1033 3356 1535 3414 collaturum.Sua
1563 3359 2073 3432 quinonlargitur,

432 3451 634 3503 nostra
661 3445 871 3502 saltem
903 3445 1419 3502 dimittat.Notama
1451 3463 1542 3503 res
1563 3451 1671 3517 est,
1691 3449 1846 3518 quod
1873 3465 2074 3504 eorum

433 3541 628 3607 patres
658 3538 715 3590 et
744 3533 833 3588 avi
865 3537 1063 3591 nostro
1093 3533 1338 3605 imperio
1352 3533 1571 3591 tributa
1585 3537 1872 3591 dederunt
1896 3553 1908 3605 ;
1930 3541 1988 3592 at
2017 3538 2074 3592 id

433 3625 580 3680 istos
607 3622 766 3678 brevi
800 3625 1061 3693 tempore
1087 3622 1362 3692 facturos,
1395 3623 1625 3696 imperii
1658 3625 1840 3680 nostri
1863 3626 2074 3681 exerci-

433 3716 531 3768 tus
561 3710 868 3768 laborabit.
897 3732 924 3759 »

505 3801 606 3856 Cui
633 3799 876 3871 inquam
904 3818 916 3856 :
953 3822 982 3850 «
1013 3799 1310 3872 Principes
1342 3800 1436 3855 isti
1472 3802 1737 3873 appeime
1766 3802 1990 3860 nobiles
2021 3808 2078 3860 et

433 3888 658 3946 domini
689 3889 802 3944 mei
835 3891 975 3944 sunt
997 3887 1252 3957 milites;
1287 3888 1385 3961 qui
1411 3890 1458 3945 si
1490 3891 1738 3946 senserit
1759 3893 2075 3948 exercitum

429 3985 599 4035 tuum
633 3995 810 4051 super
829 3994 928 4034 eos
960 3977 1202 4044 irruere,
1235 3978 1320 4034 eis
1351 3979 1550 4051 copias
1582 3979 1792 4049 mittet,
1829 3981 2075 4053 quibus-

431 4083 565 4123 cum
596 4069 729 4122 tuos
755 4069 1070 4133 conterere,
1107 4069 1164 4120 et
1185 4066 1300 4122 duo
1327 4065 1427 4121 illa
1449 4067 1729 4136 themata,
1764 4088 1888 4142 quae
1922 4071 2076 4127 ultra

430 4171 591 4210 mare
612 4152 923 4220 habes,tibi
938 4152 1594 4224 praivalebuntauferre.
1619 4175 1646 4205 »
1666 4157 1827 4213 Tunc
1839 4159 2072 4215 bufonis

427 4243 488 4299 in
521 4243 762 4299 modum
793 4243 1146 4298 tumefactus
1162 4246 1218 4298 et
1235 4249 1565 4300 commotus
1591 4263 1603 4301 :
1633 4268 1660 4296 «
1684 4246 1943 4318 Discede,
1978 4250 2073 4304 in-

429 4331 578 4402 quit.
624 4332 732 4387 Per
759 4349 874 4396 me,
908 4347 1009 4404 per
1056 4331 1158 4404 qui
1190 4349 1282 4388 me
1313 4332 1488 4389 talem
1521 4350 1773 4408 genuere
1803 4343 2072 4410 parentes

428 4419 819 4492 (171i),faciam
843 4424 908 4475 ut
931 4419 1090 4475 aliud
1111 4420 1387 4477 dominus
1417 4426 1577 4492 tuus,
1613 4441 1791 4496 quam
1814 4428 2072 4485 deserto-

429 4525 522 4564 res
553 4526 748 4565 servos
779 4509 1108 4578 defendere,
1144 4510 1372 4582 cogitet.
1401 4533 1429 4561 »

2184 3361 2431 3418 Saxonia
2457 3360 2594 3416 vidi.
2629 3360 2711 3426 Si,
2744 3359 2954 3431 inquit,
2978 3358 3254 3414 dominus
3286 3359 3841 3430 tuussanctoimpe-

2184 3450 2362 3508 ratori
2394 3450 2781 3522 morigeratus
2799 3448 2993 3515 fuerit,
3009 3447 3226 3504 multos
3251 3446 3336 3502 illi
3363 3446 3706 3517 hujusmodi
3735 3447 3840 3502 da-

2183 3539 2292 3606 bit,
2325 3537 2645 3611 eritqueilli
2678 3555 2792 3594 non
2816 3554 2996 3610 parva
3026 3535 3233 3608 gloria,
3262 3535 3540 3608 cumipse
3567 3534 3835 3607 posside-

2185 3629 2290 3696 bit,
2347 3629 2502 3700 quod
2548 3644 2718 3682 nemo
2771 3627 3142 3682 dominorum
3184 3626 3557 3681 decessorum
3586 3641 3834 3680 suorum

2182 3717 2398 3773 vidit.»
2431 3718 2541 3773 Sed
2569 3715 2709 3772 mihi
2746 3715 2981 3782 credite,
3016 3714 3238 3771 domini
3261 3713 3376 3770 mei
3403 3713 3662 3786 augusti,
3696 3730 3838 3769 con-

2185 3808 2362 3863 frater
2389 3812 2448 3862 et
2476 3805 2853 3878 coepiscopus
2884 3821 3049 3861 meus
3072 3803 3349 3860 dominus
3369 3801 3656 3858 Antonius
3682 3803 3836 3874 (176)

2185 3899 2376 3968 potest
2397 3912 2512 3949 non
2535 3894 2840 3949 inferiores
2862 3893 3021 3960 dare,
3056 3897 3122 3948 ut
3143 3890 3493 3947 commercia
3513 3895 3834 3956 testantur,

2185 4001 2312 4056 quae
2343 3985 2492 4038 ﬁunt
2513 3987 2805 4038 Cremonae
2829 4000 2842 4049 ;
2869 3985 3041 4054 atque
3067 3981 3180 4053 ipsi
3212 3997 3326 4036 non
3359 3979 3562 4053 onagri
3593 3980 3697 4035 sed
3729 3980 3834 4035 do-

2183 4073 2555 4140 mestici,non
2575 4072 2742 4127 vacui
2773 4071 2872 4126 sed
2900 4070 3139 4138 onerati,
3172 4069 3514 4141 procedunt.
3548 4068 3662 4124 Sed
3695 4085 3833 4124 cum

2182 4181 2251 4220 ea
2267 4162 2538 4235 superius
2557 4161 2774 4233 scripta
2783 4159 3122 4215 verhaidem
3135 4159 3180 4214 N
3189 4159 3457 4230 icephoro
3474 4157 3831 4224 nuntiasset,

2180 4250 2548 4308 transmissis
2579 4248 2722 4305 mihi
2753 4249 2984 4304 duabus
3015 4247 3260 4321 capreis,
3294 4252 3359 4302 ut
3388 4247 3630 4314 abirem,
3650 4246 3830 4303 licen-

2180 4341 2326 4397 tiam
2358 4339 2538 4396 dedit.
2572 4341 2635 4394 In
2667 4337 2988 4394 crastinum
3009 4341 3207 4394 autem
3225 4337 3453 4407 Syriam
3472 4352 3680 4393 versus
3699 4352 3832 4408 pro-

2181 4430 2387 4487 fectus.

2252 4521 2340 4575 39.
2375 4518 2483 4574 Sed
2513 4534 2618 4574 cur
2635 4517 2952 4574 exercitum
2979 4532 3135 4570 nunc
3165 4514 3309 4570 Imin
3340 4514 3609 4587 Assyrios
3649 4513 3832 4569 duxe-

498 4598 589 4652 37.
622 4602 884 4670 Cumque
905 4597 1146 4666 abirem,
1173 4599 1666 4673 jussitinterpreti
1689 4620 1781 4660 me
1801 4606 1912 4661 sibi
1930 4625 2065 4663 con-
2095 4609 2145 4678 D
2175 4609 2470 4681 rit,quaeso
2493 4606 3023 4664 advertite.Habent
3039 4604 3217 4662 Graeci
3241 4603 3587 4660 etSaraceni
3614 4603 3823 4671 libros,

427 4685 617 4741 vivam
641 4685 795 4754 fieri;
820 4686 1136 4758 accitisque
1166 4689 1486 4745 eorundem
1513 4690 1844 4764 principum
1896 4696 2070 4753 fratre

427 4779 486 4830 et
523 4775 796 4846 Bysantio
842 4773 1164 4843 Barisiano,
1221 4793 1468 4849 magnas
1500 4778 1560 4834 in
1589 4797 1690 4836 vos
1720 4788 2070 4858 gentemque

429 4864 696 4921 Latinam
721 4867 778 4920 et
798 4863 1176 4919 Teutonicam
1195 4865 1579 4924 contumelias
1592 4884 1853 4927 evomere
1867 4874 2065 4944 jussit.

423 4957 642 5010 Verum
684 4970 818 5011 cum
864 4970 898 5009 a
949 4952 1186 5008 sordida
1215 4970 1377 5010 coena
1405 4956 1474 4990 5“
1506 4956 1630 5028 ipse
1683 4959 2066 5030 discederem,

424 5044 648 5101 nuntiis
667 5041 1027 5118 interpositis
1058 5041 1209 5099 clam
1241 5043 1383 5100 mihi
1404 5047 1899 5107 mandaveruntet
1911 5053 2073 5123 jura-

2181 4714 2329 4770 quos
2359 4706 2566 4769 ὁράσεις,
2610 4696 2731 4752 sive
2769 4694 3043 4762 visiones,
3094 4692 3352 4750 Danielis
3419 4695 3645 4761 vocant,
3715 4707 3828 4763 ego

2179 4791 2374 4843 autem
2414 4784 2745 4856 Sibyllanos
2786 4801 2799 4852 ;
2854 4783 2913 4837 in
2963 4782 3178 4853 quibus
3209 4781 3495 4854 scriptum
3527 4779 3820 4852 reperitur

2180 4880 2323 4948 quot
2352 4873 2522 4930 annis
2553 4873 2870 4945 imperator
2899 4870 3148 4943 quisque
3173 4871 3329 4926 vivat
3369 4889 3383 4940 ;
3419 4887 3546 4943 quae
3587 4870 3708 4926 sint
3738 4869 3830 4924 fu-

2176 4970 2330 5032 tura,
2353 4980 2419 5020 eo
2449 4961 2841 5035 imperitante,
2869 4964 3136 5032 tempora
3165 4978 3178 5028 ;
3215 4977 3345 5032 pax,
3379 4976 3453 5016 an
3493 4957 3767 5016 simultas
3805 4976 3818 5027 ;

2180 5053 2451 5110 secundae
2472 5056 2892 5107 Saracenorum
2924 5065 3038 5118 res,
3056 5066 3128 5105 an
3153 5050 3428 5105 adversae.
3462 5047 3701 5120 Legitur
3729 5047 3834 5104 ita-

1846 5201 2085 5261 VARI/E
2123 5204 2541 5263 LECTIONES.

497 5319 563 5355 ⁸¹³
591 5321 756 5379 Noua
785 5322 842 5378 C.
920 5322 988 5358 5“
1017 5337 1182 5378 creua
1210 5320 1414 5394 sapius
1438 5320 1494 5377 0.
1571 5322 1638 5358 ⁵¹⁶
1667 5339 1957 5386 amaenum
1992 5329 2048 5386 C.
2125 5329 2193 5368 ⁸1⁸
2224 5331 2301 5387 αι.
2333 5327 2574 5402 vipolati
2607 5327 2663 5383 C.
2740 5327 2806 5362 ⁸1⁷
2838 5342 2955 5382 non
2983 5324 3041 5381 Ο.

2031 5481 2267 5540 NOTAE.

503 5585 650 5657 (174)
677 5583 838 5657 Virg.
871 5603 930 5641 n.
965 5606 1001 5657 ι,
1033 5589 1158 5644 606.

502 5655 647 5727 (475)
679 5655 993 5727 ηιρῐϐόλαιαέ
1020 5659 1136 5716 luci
1186 5661 1440 5719 ferarum
1481 5664 1668 5722 muris
1701 5669 1802 5724 aut
1832 5667 2068 5741 sepibus

2182 5601 2400 5741 ϐηξῗξό)
2431 5665 2754 5740 Episcopus
2783 5664 3122 5724 Brixiensis.
