4050 6408
201 415 360 482 925
1187 443 1190 447 '
1697 421 2036 488 LEGATIO
2077 421 2197 488 GP.
3534 430 3652 492 926

208 568 355 625 que
383 551 568 626 hujus
600 550 911 626 Nicephori
966 551 1330 626 temporibus
1381 553 1647 628 Assyrios
1677 557 1889 614 Graacis
1915 557 1973 624 Α
2001 560 2057 614 et
2085 557 2214 614 Otto
2263 557 2332 595 “9
2379 556 2457 614 sit
2507 555 2756 629 catulus,
2800 556 2898 632 qui
2946 557 3122 617 simul
3163 560 3553 624 exterminent
3583 531 3652 600 ’³ο

209 658 358 698 non
391 660 563 716 posse
589 643 882 710 resistere,
914 643 1189 716 huncque
1221 645 1521 717 septennio
1550 648 1783 702 tantum
1814 645 1894 702 vi-
2004 647 2280 720 aliquem.

210 749 374 790 vere
401 751 414 802 ;
449 737 582 806 post
612 734 783 804 cujus
814 733 1036 789 obitum
1070 733 1482 806 imperatorem
1511 735 1621 790 isto
1653 735 1894 791 deterio-

2061 755 2197 824 Ante
2229 756 2528 824 (l77)_eni_m
2545 757 2831 824 pererratis
2860 759 3138 824 amborum
3172 759 3387 821 ﬁnibus,
3410 761 3553 824 exul,

213 839 367 879 rem
402 855 472 862 ——
504 823 605 877 sed
637 822 812 878 timeo
844 823 998 894 quod
1060 822 1305 878 inveniri
1359 841 1474 879 non
1525 825 1711 896 possit
1739 857 1808 864 --
1837 827 1894 880 et

2061 818 2196 868 Ante
2225 818 2430 867 Ararim
2454 818 2678 869 Parthus
2699 820 2957 880 bibet,aut
2985 823 3264 872 Germania
3291 818 3520 887 Tj'grim,

213 912 433 985 magis
465 911 762 968 imbellem
795 912 1004 968 debere
1035 929 1293 984 surgere;
1328 914 1499 983 cujus
1521 914 1886 984 temporibus

217 1000 556 1073 praevalere
582 1002 796 1057 debent
824 1002 967 1057 adeo
995 1001 1239 1074 Assyrii,
1277 1006 1339 1056 nt
1359 1002 1417 1056 in
1444 1001 1890 1058 Chalcedoniam

221 1107 453 1163 usque,
476 1107 604 1162 quae
625 1089 806 1146 distat
826 1089 1327 1162 Constantinopoli
1346 1091 1499 1146 haud
1525 1092 1714 1162 longe,
1736 1096 1892 1163 pote-

221 1181 452 1238 stative
484 1185 694 1236 cuncta
723 1180 974 1237 debeant
1003 1179 1284 1235 obtinere.
1320 1180 1703 1237 Considerant
1732 1181 1889 1236 enim

221 1270 478 1342 utrique
508 1275 772 1342 tempora
799 1289 811 1337 ;
837 1287 956 1325 una
981 1270 1303 1340 eademque
1337 1287 1396 1324 re
1429 1270 1610 1324 Graeci
1641 1269 1888 1324 animati

222 1360 648 1432 insequentur,
663 1359 932 1414 Saraceni
953 1358 1242 1430 desperati
1257 1375 1370 1413 non
1391 1357 1674 1414 resistunt
1700 1377 1713 1427 ;
1739 1364 1891 1414 tem-

223 1465 349 1520 pus
381 1450 774 1520 expectantes,
798 1463 932 1501 cum
954 1451 1011 1501 et
1033 1446 1143 1518 ipsi
1162 1445 1570 1518 insequantur,
1596 1447 1775 1503 Graeci
1802 1446 1886 1502 in-

225 1537 413 1592 terim
446 1553 562 1592 non
592 1536 872 1591 resistant
900 1537 986 1589 διδ.

309 1627 400 1680 40.
433 1626 545 1682 Sed
578 1624 923 1698 Hippolytus
955 1626 1194 1698 quidam
1227 1625 1548 1682 Siciliensis
1572 1626 1889 1698 episcopus

229 1715 443 1772 eadem
476 1714 714 1787 scripsit
743 1718 799 1770 et
828 1715 899 1770 de
931 1715 1176 1788 imperio
1197 1719 1388 1770 vestro
1421 1720 1478 1770 et
1496 1719 1668 1787 gente
1686 1719 1887 1770 nostra

225 1836 305 1845 -—
336 1807 601 1860 nostram
633 1820 787 1859 nunc
818 1804 946 1860 dico
977 1822 1230 1874 omnem,
1266 1822 1390 1876 quae
1419 1805 1528 1859 sub
1559 1808 1750 1860 vestro
1783 1804 1886 1859 im-

228 1893 400 1966 perio
429 1897 537 1956 est,
571 1896 806 1964 gentem
841 1925 904 1934 —
927 1911 939 1961 ;
959 1898 1135 1965 atque
1157 1893 1382 1949 utinam
1407 1910 1603 1949 verum
1628 1893 1704 1948 sit
1727 1893 1880 1964 quod
1915 1927 1964 1993 B

229 1985 309 2040 de
340 1983 728 2056 praesentibus
755 1983 991 2054 scripsit
1020 1983 1130 2038 iste
1161 1983 1542 2054 temporibus,
1565 1983 1799 2048 Caetera,
1825 1986 1889 2036 ut

228 2072 495 2144 scripsit,
529 2076 668 2128 sunt
697 2089 883 2144 usque
913 2071 1028 2126 huc
1045 2071 1350 2142 completa,
1381 2071 1886 2143 quemadmodum

230 2178 342 2234 per
369 2160 550 2233 ipsos,
584 2159 683 2232 qui
715 2161 927 2214 horum
960 2159 1242 2215 librorum
1287 2160 1588 2215 scientiam
1647 2159 1883 2226 habent,

231 2249 454 2306 audivi.
488 2251 558 2305 Et
588 2265 657 2305 ex
676 2248 882 2305 multis
902 2250 1029 2320 ejus
1047 2248 1216 2304 dictis
1235 2266 1416 2304 unum
1439 2248 1497 2304 id
1521 2249 1886 2321 proferamus

230 2340 296 2395 in
311 2338 594 2395 medium.
610 2339 704 2394 Ait
719 2338 875 2394 enim
889 2355 1044 2393 nunc
1058 2338 1412 2410 completum
1429 2338 1498 2392 iri
1512 2337 1884 2410 scripturam,

233 2446 369 2500 quae
400 2428 542 2484 dicit
595 2436 724 2484 λέων
810 2438 892 2483 καὶ
985 2435 1181 2498 σκίμνος
1254 2435 1593 2498 δμοδιώξουσιν
1679 2435 1886 2500 ὄναγρον

233 2519 432 2574 Graece
453 2518 554 2573 ita.
589 2517 861 2572 Latinum
893 2519 1089 2572 autem
1114 2517 1197 2571 sic
1223 2533 1234 2570 :
1269 2519 1369 2572 Leo
1400 2521 1450 2571 et
1479 2518 1691 2572 catulus
1715 2518 1886 2571 simul

231 2606 689 2664 exterminabunt
715 2621 1005 2676 onagrum.
1040 2605 1222 2676 Cujus
1253 2605 1652 2678 interpretatio
1684 2621 1886 2662 secun-

235 2697 382 2752 dum
415 2697 678 2752 Graacos:
713 2695 846 2760 Leo,
871 2694 928 2750 id
960 2698 1049 2750 est
1081 2695 1479 2751 Romanorum
1513 2695 1632 2750 sive
1659 2695 1883 2750 Graeco-

232 2803 370 2841 rum
404 2786 739 2857 imperator,
774 2789 830 2839 et
862 2783 1113 2854 catulus,
1147 2785 1500 2840 Francorum
1522 2784 1741 2839 scilicet
1763 2801 1882 2850 rex,

233 2873 416 2930 simul
446 2874 541 2930 his
573 2873 956 2946 praesentibus
995 2873 1361 2945 temporibus
1411 2872 1885 2928 exterminabunt

235 2980 546 3033 onagrum,
592 2963 766 3018 idiest
797 2964 1220 3018 Saracenorum
1281 2978 1476 3034 regem
1533 2962 1878 3017 africanum.

235 3054 374 3119 Quae
407 3050 806 3124 interpretatio
835 3067 902 3106 eo
936 3050 1080 3105 mihi
1122 3067 1262 3106 vera
1291 3067 1407 3104 non
1453 3050 1700 3119 videtur,
1737 3067 1882 3122 quo-

234 3142 398 3198 niam
420 3141 509 3197 leo
530 3147 586 3196 et
605 3140 854 3207 catulus,
879 3140 1148 3212 quamvis
1164 3139 1414 3210 disparis
1434 3138 1880 3212 magnitudinis,

233 3231 415 3287 unius
434 3234 631 3286 tamen
651 3234 788 3285 sunt
811 3233 1028 3285 natura:
1047 3233 1100 3284 et
1124 3227 1336 3301 speciei
1359 3245 1459 3284 seu
1480 3228 1685 3296 moris;
1711 3231 1884 3299 atque

2001 931 2176 985 quam
2200 915 2560 987 Nicephorus
2590 921 2646 972 et
2667 917 2798 973 Otto
2831 918 3089 976 amicitia
3119 924 3324 976 coeant
3353 925 3408 978 et
3433 922 3649 980 fmdera

1991 1003 2266 1076 jungant.

2068 1095 2157 1152 [ιι.
2181 1092 2443 1148 Audistis
2475 1094 2824 1163 Graecorum,
2859 1085 3054 1153 audite
3104 1115 3260 1154 nunc
3287 1099 3646 1172 Liudpraudi

1998 1183 2401 1238 Cremonensis
2413 1182 2669 1256 episcopi
2687 1185 3245 1258 interpretationem.
3267 1188 3404 1245 Dico
3420 1193 3610 1246 autem
3622 1234 3636 1259 ,

1999 1273 2054 1326 et
2071 1287 2182 1325 non
2207 1271 2396 1326 solum
2422 1272 2549 1328 dico
2573 1274 2673 1328 sed
2696 1275 3000 1343 affirmo,si
3027 1281 3336 1349 scruptura
3356 1278 3476 1334 bene
3499 1297 3643 1353 prae-

1995 1359 2258 1415 sentibus
2309 1365 2395 1415 est
2426 1360 2723 1433 implenda
2753 1364 3142 1436 temporibus,
3177 1365 3265 1422 leo
3297 1370 3354 1423 et
3390 1368 3642 1436 catulus,

1996 1451 2162 1518 pater
2204 1452 2259 1502 et
2290 1447 2464 1516 ﬁlius,
2495 1450 2624 1505 01to
2657 1455 2714 1506 et
2743 1451 2970 1520 Otto,in
2992 1453 3152 1508 nullo
3185 1453 3468 1528 dispares,
3503 1461 3642 1513 tem-

1997 1553 2134 1607 pore
2164 1535 2450 1594 distantes
2478 1541 2912 1605 tantum,simul
2945 1542 3055 1599 hoc
3087 1545 3357 1616 praesenti
3377 1549 3644 1620 tempore

1995 1625 2468 1681 exterminabunt
2497 1643 2805 1700 onagrum,
2839 1631 2897 1686 id
2929 1635 3018 1687 est
3047 1631 3384 1705 sylvestrem
3408 1635 3642 1691 asinum

1994 1714 2413 1785 Nicephorum;
2449 1717 2546 1787 qui
2572 1733 2683 1772 non
2700 1717 3019 1790 incongrue
3037 1720 3297 1793 sylvestri
3314 1722 3478 1778 asino
3491 1741 3645 1780 com-

1994 1805 2331 1876 paratur,ob
2361 1821 2571 1860 vanam
2604 1810 2662 1860 et
2692 1805 2927 1862 inanem
2951 1807 3644 1884 gloriamjncestumque

1995 1893 2244 1948 dominae
2267 1896 2323 1948 et
2347 1895 2688 1950 commatris
2718 1913 2837 1951 suae
2869 1897 3209 1970 conjugium
3233 1899 3468 1973 (I78).Si
3500 1917 3643 1956 ona-

1997 1997 2098 2054 ger
2123 1980 2232 2038 iste
2262 1999 2417 2038 nunc
2448 2000 2481 2036 a
2510 1982 2677 2038 leone
2699 1989 2755 2040 et
2775 1985 2965 2040 catulo
2989 1991 3208 2057 nostro,
3242 1987 3450 2044 Ottone
3470 1993 3526 2045 et
3545 1993 3647 2046 Ot-

1996 2074 2149 2138 tone,
2210 2076 2372 2143 patre
2405 2071 2626 2126 scilicet
2672 2077 2730 2128 et
2759 2073 2898 2143 ﬁlio,
2943 2075 3212 2146 angustis
3247 2078 3641 2134 Romanorum

1996 2159 2469 2232 imperatoribus,
2521 2161 2941 2218 exterminatus
2975 2179 3086 2217 non
3122 2163 3318 2235 fuerit,
3352 2182 3455 2221 nec
3485 2168 3639 2239 quod

1997 2248 2345 2321 Hippolytus
2362 2250 2596 2321 scripsit
2627 2267 2823 2305 verum
2849 2250 2989 2320 erit;
3016 2253 3344 2308 Graecorum
3357 2254 3514 2310 enim
3541 2255 3643 2310 illa

1996 2337 2281 2409 superior,
2313 2337 2618 2394 abicienda
2647 2337 3050 2411 interpretatio
3099 2345 3206 2396 est.
3257 2343 3391 2410 Sed,
3435 2361 3467 2399 ο
3499 2345 3640 2400 Jesu

1996 2426 2165 2494 bone,
2207 2431 2355 2481 Deus
2400 2431 2634 2492 aeterne,
2683 2427 2927 2482 verbum
2971 2428 3180 2495 Patris,
3215 2431 3313 2502 qui
3347 2433 3519 2488 nobis
3550 2433 3642 2488 in-

1997 2515 2486 2587 dignisloqueris,
2521 2532 2634 2571 non
2668 2533 2804 2572 voce
2836 2518 2936 2572 sed
2978 2517 3378 2590 inspiratione,
3415 2521 3640 2578 nullam

1996 2604 2172 2660 aliam
2194 2603 2730 2676 interpretationem
2755 2621 2927 2677 quam
2951 2623 3142 2662 meam
3157 2607 3215 2662 in
3230 2608 3338 2666 hac
3352 2611 3641 2667 sententia

1992 2693 2313 2748 velis.Jube
2335 2697 2400 2748 ut
2429 2692 2517 2749 leo
2537 2697 2594 2748 et
2613 2692 2843 2749 catulus
2875 2693 2970 2750 isti
2991 2694 3150 2751 hunc
3172 2698 3558 2754 exterminant
3586 2703 3644 2755 et

1993 2781 2307 2836 humilient
2329 2797 2611 2855 onagrum
2627 2783 3172 2854 corpore,quatinus
3189 2784 3248 2838 in
3274 2803 3334 2840 se
3348 2802 3639 2856 reversus,

1993 2870 2369 2942 dominisque
2390 2871 2514 2926 suis
2544 2869 2759 2927 Basilio
2791 2875 2849 2927 et
2870 2871 3633 2948 Constantinoimperatori-

1993 2959 2104 3014 bus
2137 2959 2428 3027 subditus,
2464 2960 2522 3014 in
2555 2960 2647 3015 die
2669 2961 2897 3016 Domini
2933 2961 3175 3032 spiritus
3207 2962 3282 3018 sit
3313 2963 3529 3019 salvus.

2064 3050 2150 3103 42.
2181 3050 2292 3104 Sed
2324 3049 2643 3104 astronomi
2675 3049 2784 3104 hoc
2801 3049 2956 3105 idem
2972 3051 3041 3106 de
3062 3050 3224 3106 vobis
3238 3055 3294 3106 et
3315 3049 3638 3125 Nicephoro

1993 3137 2392 3209 pronuntiant.
2419 3137 2550 3204 Res,
2576 3137 2843 3209 inquam,
2869 3139 3037 3195 mira.
3059 3139 3200 3194 Cum
3235 3141 3488 3212 quodam
3505 3159 3636 3197 sum

1990 3224 2221 3281 locutus
2240 3225 2703 3298 astronomo,qui
2723 3226 3224 3296 vestram,domini
3242 3228 3353 3283 mei
3383 3229 3639 3302 augusti,

231 3324 301 3375 ut
329 3319 476 3374 mihi
498 3336 625 3375 mea
657 3319 902 3375 scientia
941 3318 1224 3391 suggerit,
1255 3318 1302 3373 si
1322 3317 1409 3373 leo
1428 3317 1757 3373 Graecorum
1782 3317 1884 3370 im-
1914 3296 1956 3364 (ἶ
1992 3314 2570 3387 aequivociquevestri
2593 3315 2848 3388 augusti,
2869 3315 3141 3386 formam,
3166 3321 3458 3386 mores,ut
3479 3322 3637 3387 sunt,

232 3413 490 3483 perator,
521 3407 934 3464 inconveniens
963 3413 1071 3476 est,
1109 3413 1174 3463 ut
1231 3406 1464 3462 catulus
1511 3407 1588 3461 sit
1635 3407 1882 3462 Franco-

232 3514 368 3554 rum
401 3513 518 3552 rex.
553 3496 826 3563 Quamvis
847 3496 1003 3552 enim
1027 3495 1260 3568 utrique
1280 3495 1548 3551 homines
1571 3495 1708 3562 sint,
1731 3496 1883 3549 sicut

227 3586 321 3643 leo
351 3591 409 3642 et
438 3585 666 3642 catulus
697 3589 943 3658 uterque
969 3584 1265 3654 animalia,
1301 3584 1522 3640 distant
1542 3588 1738 3639 tamen
1763 3600 1882 3639 mo-

225 3676 395 3732 ribus
425 3679 674 3743 tantum,
701 3692 816 3730 non
841 3676 969 3730 dico
988 3674 1178 3730 solum
1204 3679 1490 3746 quantum
1515 3674 1739 3745 species
1756 3690 1880 3744 spe-

224 3763 452 3825 ciebus,
474 3763 574 3817 sed
599 3767 885 3833 quantum
905 3761 1206 3817 sensibilia
1226 3760 1687 3816 insensibilibus.
1713 3761 1877 3816 Catu-

222 3850 321 3908 lus
355 3867 389 3906 a
418 3849 584 3906 leone
613 3850 695 3905 nil
728 3850 841 3906 nisi
887 3855 1148 3923 tempore
1178 3851 1376 3918 distat,
1423 3851 1611 3906 forma
1649 3851 1873 3919 eadem,

225 3939 424 3996 rabies
455 3955 592 4007 una,
626 3940 857 4012 rugitus
907 3940 1082 3995 idem.
1118 3940 1449 3995 Greecorum
1482 3955 1579 3994 rex
1608 3939 1873 4007 crinitus,

226 4028 549 4094 tunicatus,
573 4029 922 4096 manicatus,
947 4028 1300 4096 teristratus,
1323 4029 1590 4095 mendax,
1614 4027 1872 4084 dolosus.

223 4116 998 4190 immisericors,vulpinus,
1061 4118 1370 4189 superbus,
1431 4117 1577 4174 falso
1608 4117 1871 4186 humilis,

223 4223 458 4279 parcus,
478 4205 748 4278 cupidus,
775 4205 909 4262 allio
933 4221 1070 4278 cepe
1093 4209 1149 4261 et
1169 4206 1357 4278 porris
1378 4223 1640 4274 vescens,
1666 4204 1876 4262 balnea

221 4295 466 4364 bibens;
495 4296 849 4350 Francorum
902 4312 1000 4351 rex
1033 4299 1236 4350 contra
1288 4295 1530 4367 pulchre
1577 4299 1806 4364 tonsus,
1842 4313 1875 4351 a

226 4383 501 4440 muliebri
532 4385 744 4440 vestitu
775 4387 930 4440 veste
964 4384 1248 4450 diversus,
1281 4383 1550 4456 pileatus,
1575 4401 1766 4453 verax,
1791 4383 1872 4441 nil

224 4472 344 4528 doli
379 4473 623 4542 habens,
653 4473 797 4530 satis
828 4472 926 4529 ubi
960 4473 1236 4545 competit
1267 4472 1617 4540 misericors,
1639 4489 1874 4531 severus

222 4561 324 4617 ubi
351 4565 597 4633 oportet,
617 4578 848 4634 semper
866 4578 996 4617 vere
1016 4559 1279 4627 humilis,
1296 4578 1619 4633 numquam
1635 4578 1869 4634 parcus,

1989 3419 2121 3459 vere
2152 3403 2316 3465 dixit,
2349 3408 2674 3475 cunctaque
2696 3421 2826 3460 mea
2855 3405 3166 3477 praeterita,
3201 3405 3640 3478 quasiprzesen-

1989 3492 2070 3547 tia
2094 3492 2258 3548 dixit.
2286 3493 2400 3548 Nec
2423 3491 2697 3564 praeteriit
2713 3493 3027 3565 quisquam
3061 3494 3385 3550 amicorum
3411 3495 3500 3551 vel
3532 3495 3642 3551 ini-

1989 3581 2300 3650 micorum,
2333 3581 2403 3636 de
2433 3581 2648 3652 quibus
2669 3598 2836 3637 mens
2869 3581 3014 3637 mihi
3045 3583 3637 3656 sugessitutinterro-

1987 3671 2393 3743 garem,cujus
2411 3669 2702 3738 habitum,
2739 3671 2986 3727 formam
3021 3676 3078 3727 et
3107 3688 3299 3729 mores
3331 3690 3446 3730 non
3481 3673 3635 3730 dice-

1985 3764 2093 3815 ret.
2127 3759 2412 3832 Quicquid
2437 3759 2786 3816 calamitatis
2809 3760 2952 3816 mihi
2976 3761 3084 3817 hoc
3104 3761 3164 3817 in
3182 3761 3387 3819 itinere
3405 3763 3633 3831 accidit,

1986 3849 2252 3904 futurum
2312 3865 2439 3904 esse
2467 3848 2752 3920 praedixit.
2809 3850 2897 3905 Sit
2944 3851 3316 3906 mendaeium
3373 3868 3545 3907 omne
3571 3854 3634 3888 ⁶²¹

1987 3938 2142 4009 quod
2175 3937 2358 4006 dixit;
2408 3954 2614 4006 unum,
2669 3955 2864 4009 quaeso
2905 3938 3275 3995 solummodo
3306 3940 3381 3996 sit
3409 3957 3636 4010 verum,

1985 4029 2140 4100 quod
2162 4044 2262 4082 vos
2280 4044 2408 4083 esse
2429 4028 2684 4082 facturos
2697 4027 3016 4098 Nicephoro
3046 4028 3332 4100 praedixit.
3366 4030 3491 4084 Fiat
3521 4031 3633 4084 uti-

1984 4133 2142 4182 nam,
2177 4116 2402 4170 utinam
2437 4116 2556 4184 fiat,
2591 4119 2648 4171 et
2678 4120 2804 4170 tum
2828 4115 2910 4170 nil
2943 4132 3035 4172 me
3061 4116 3197 4172 mali
3231 4134 3474 4189 passum
3505 4135 3634 4175 esse

1981 4202 2308 4276 intelligam
2333 4203 2344 4256 l

2054 4291 2362 4347 43.Scribit
2383 4290 2559 4346 etiam
2573 4293 2849 4363 praefatus
2867 4292 3467 4366 Hippolytus,Grazcos
3508 4312 3623 4352 non

1983 4381 2190 4437 debere
2239 4381 2579 4448 Saracenos,
2635 4382 2735 4437 sed
2787 4383 3039 4438 Francos
3084 4387 3385 4440 conterere
3439 4401 3453 4453 ;
3511 4402 3628 4457 qua

1980 4469 2229 4526 lectione
2243 4469 2519 4526 Saraceni
2548 4469 2814 4539 animati,
2841 4474 2975 4527 ante
2996 4471 3317 4528 triennium
3347 4489 3483 4529 cum
3505 4474 3630 4530 Ma-

1981 4560 2150 4616 nuele
2180 4557 2442 4632 patricio,
2484 4557 2793 4630 Nicephori
2827 4565 3057 4632 nepote,
3085 4561 3257 4632 juxta
3287 4561 3542 4635 Scyllam
3574 4568 3633 4620 et

223 4666 338 4706 non
365 4648 523 4718 allio,
547 4650 726 4724 cepis,
746 4650 936 4722 porris
955 4654 1296 4716 veScens,ut
1315 4651 1499 4722 possit
1516 4649 1872 4707 animalibus
1901 4667 1948 4733 D
1979 4647 2332 4721 Charybdim
2366 4647 2424 4701 in
2475 4646 2622 4701 mari
2656 4645 2870 4712 Siculo,
2908 4646 3128 4704 bellum
3177 4654 3422 4721 parant;
3455 4651 3628 4723 cujus

222 4755 290 4794 eo
323 4754 582 4810 parcere,
601 4737 880 4810 quatinus
903 4756 1018 4794 non
1041 4737 1429 4806 manducatis,
1454 4739 1555 4794 sed
1578 4741 1872 4795 venunda-

221 4826 299 4881 tis
330 4827 638 4898 pecuniam
670 4832 1002 4901 congreget.
1034 4826 1289 4883 Audistit
1319 4826 1708 4883 differentiam
1735 4846 1748 4897 ;
1775 4845 1870 4884 no-

217 4912 319 4971 lite
376 4915 529 4971 hanc
583 4914 1123 4988 interpretationem
1180 4916 1512 4988 suscipere;
1569 4920 1671 4972 aut
1709 4918 1866 4973 enim

221 5003 421 5059 futura
451 5007 558 5070 est,
593 5008 694 5060 aut
721 5004 842 5059 haec
870 5021 1004 5060 vera
1033 5021 1148 5059 non
1189 5007 1295 5059 est.
1360 5005 1723 5075 Impossibile
1781 5010 1869 5061 est

220 5092 399 5148 enim.
434 5096 502 5148 ut
532 5093 916 5166 Nicephorus,
942 5092 1094 5148 sicut
1110 5091 1626 5165 ipsimentiuntur,
1657 5092 1734 5150 sit
1750 5093 1862 5165 leo,

1977 4738 2301 4794 immensas
2331 4736 2526 4809 copias
2557 4752 2687 4791 cum
2720 4737 3192 4808 prostravissent,
3239 4737 3437 4812 ipsum
3469 4757 3628 4796 com-

1977 4824 2742 4899 prehenderunt,capiteque
2762 4829 3038 4881 truncum
3060 4827 3128 4860 ⁶²²
3154 4829 3625 4901 suspenderunt;

1979 4917 2149 4988 cujus
2181 4915 2407 4970 socium
2450 4919 2507 4970 et
2543 4913 2999 4971 commilitonem
3031 4933 3166 4971 cum
3199 4922 3492 4988 caperent,
3526 4919 3627 4990 qui

1977 5004 2243 5060 neutrius
2271 5008 2394 5059 erat
2424 5003 2652 5076 generis
2676 5004 2840 5076 (169),
2867 5004 3126 5061 occidere
3147 5005 3628 5080 suntdedignati,

1976 5094 2079 5150 sed
2100 5093 2360 5149 vinctum
2393 5111 2460 5150 ac
2476 5093 2652 5167 longa
2671 5093 2938 5166 custodia
2952 5097 3306 5150 maceratum
3320 5094 3467 5151 tanti
3491 5112 3623 5152 ven-

1596 5199 1840 5256 VARLE
1876 5199 2288 5258 LECTIONES.

291 5270 360 5306 ⁵¹⁸
403 5287 455 5327 a.
478 5269 693 5327 iterum
726 5289 841 5328 non
874 5270 1175 5328 resistunt.
1212 5269 1268 5325 C.
1301 5271 1396 5343 qui
1424 5272 1485 5327 in
1512 5272 1766 5342 margine
1793 5272 1956 5329 dedit.
2033 5273 2100 5307 "9
2129 5271 2265 5327 otho
2299 5271 2356 5326 C.
2387 5287 2551 5343 saepe.
2628 5272 2696 5307 ⁸²⁰
2753 5273 3097 5331 exterminet
3127 5273 3181 5330 C.
3260 5273 3324 5310 ⁵²¹
3358 5289 3530 5331 omen
3563 5274 3622 5333 C.

219 5341 287 5377 ⁸³³
311 5343 356 5413 f.
387 5345 726 5399 truncatum
751 5348 891 5399 BAB.
959 5407 965 5411 ,

1832 5432 2065 5488 ΝΟΤίΕ.

314 5500 678 5575 177)v_irgi1.
712 5502 832 5559 Ecl.
867 5519 905 5568 ι,
937 5502 1148 5570 62,63.

317 5573 442 5656 118)
472 5572 891 5656 Tbéophanoni
923 5589 1177 5656 namque
1208 5572 1507 5656 Romanus
1529 5573 1866 5656 affinitates

221 5643 509 5719 baptismo
521 5643 788 5716 junctus,
813 5663 942 5719 eam
959 5643 1211 5719 denique
1226 5643 1293 5700 in
1300 5643 1628 5719 thalamum
1650 5647 1866 5719 rapuit,

220 5714 398 5772 invito
450 5714 685 5789 quoque
714 5717 1063 5791 patriarcha.
1117 5714 1558 5789 Compatriatus
1605 5714 1778 5791 ergo:
1813 5723 1869 5776 et

1976 5508 2117 5559 tunc
2146 5499 2634 5563 impedimentum
2661 5505 3044 5562 matrimonii.
3078 5507 3216 5563 CAN.

2047 5573 2194 5647 (179)
2227 5571 2288 5629 Id
2319 5575 2409 5628 est
2437 5571 2766 5647 eunuchus.
2798 5577 2931 5633 Fuit
2961 5577 3012 5635 is
3050 5579 3278 5639 Nicetas
3318 5579 3623 5638 eunuchus

1973 5644 2062 5703 τοΰ
2091 5652 2267 5702 στόλου
2299 5652 2612 5716 δρουγγάριος
2643 5644 2762 5700 CAN
