4050 6426
344 458 345 461 χ
404 383 528 466 θκπ

1364 374 1841 447 LIUTPRANDI
1883 370 2434 454 CREMONENSIS
2476 370 2896 439 EPISCOPI..

3683 369 3804 446 938

405 474 909 596 diderunt,quanti
934 532 1037 580 nec
1057 513 1241 580 ullum
1257 513 1603 589 bujusmodi
1626 505 2044 572 mortalessani
2074 507 2130 589 Α
2158 505 2446 564 biberent.
2482 507 2699 566 Latinae
2729 507 2942 584 linguae
2962 523 3270 583 pauperes,
3290 506 3390 582 qui
3421 504 3804 571 meelemosi-

407 613 614 687 capitis
644 613 920 668 emerent.
949 607 1065 664 Nec
1089 605 1399 663 infirmiori
1427 604 1645 671 animo,
1671 602 1874 658 eadem
1906 615 2044 654 con-

405 703 619 764 ﬁrmati
639 697 1068 765 lectione,haud
1090 696 1274 760 multo
1296 697 1428 768 post
1446 692 1728 765 magistro
1740 690 2042 745 Exacontae

393 791 751 856 occurrunt;
786 804 958 861 quem
993 787 1133 842 dum
1157 785 1215 840 in
1239 785 1439 857 fugam
1460 783 1771 848 verterent,
1803 779 1930 849 ejus
1952 793 2044 831 co-

398 882 527 956 pias
557 878 833 937 omnibus
847 876 1037 932 modis
1058 875 1472 930 contriverunt.

471 971 560 1030 ιι4.
592 969 695 1024 Est
725 971 780 1022 et
810 964 989 1032 aliud,
1023 965 1177 1037 quod
1202 981 1358 1019 nunc
1383 959 1774 1032 Nicephorum
1798 973 2038 1028 compu-

397 1060 467 1126 lit
494 1057 692 1132 copias
713 1055 771 1111 in
785 1055 1055 1128 Assyrios
1067 1054 1294 1109 ducere.
1321 1054 1608 1123 Argorum
1630 1047 1786 1104 enim
1803 1060 2036 1101 omnem

399 1149 694 1222 regionem
742 1144 973 1200 instans
1018 1147 1273 1216 tempus,
1307 1141 1423 1196 Deo
1447 1139 1714 1210 jubente,
1749 1153 1816 1191 eo
1847 1150 2036 1205 usque

398 1239 581 1305 fames
611 1233 853 1304 attrivit,
885 1237 951 1288 ut
987 1247 1176 1304 neque
1197 1229 1375 1286 tritici
1405 1230 1518 1284 duo
1533 1226 1840 1299 Papienses
1854 1228 2034 1280 sexta-

397 1327 468 1382 rii
526 1341 701 1383 aureo
749 1325 1180 1394 comparentur,
1208 1319 1435 1390 hocque
1466 1316 1565 1373 ubi
1596 1317 1832 1371 ubertas
1866 1311 2035 1384 quasi

396 1418 620 1491 regnat.
673 1413 832 1468 Hanc
876 1414 1121 1484 pestem,
1155 1407 1425 1462 muribus
1455 1402 1921 1476 oooperantibus,
1955 1399 2037 1454 ita

398 1501 680 1568 dilatavit,
695 1503 760 1555 ut
777 1497 1088 1554 messionis
1105 1500 1366 1567 tempore
1389 1493 1667 1566 quicquid
1681 1491 1899 1562 ubique
1923 1491 2034 1542 ter-

396 1608 595 1660 rarum
628 1605 868 1645 annonae
898 1587 1042 1656 erat,
1075 1583 1318 1639 minimo
1350 1583 1485 1638 dato
1501 1580 1703 1654 pretio,
1737 1593 2033 1650 possesso-

396 1681 560 1744 ridus
605 1675 982 1750 ejulantibus,
1031 1671 1414 1746 congregarit.
1465 1670 1628 1734 Quod
1691 1684 1825 1723 cum
1865 1668 2036 1738 juxta

395 1765 876 1842 Mesopotamiam
904 1764 1134 1829 faceret,
1172 1759 1271 1817 ubi
1304 1760 1536 1832 frugum
1571 1757 1738 1830 copia
1767 1755 2032 1811 muribus

397 1854 1025 1923 absentibuscreverat,
1057 1866 1245 1904 arenae
1268 1849 1448 1904 maris
1479 1846 2032 1902 multitudinianno-
2067 1879 2116 1946 Β

397 1964 484 2006 naa
512 1941 951 2010 multitudinem
975 1938 1643 2012 cozequavitlgiturcum
1654 1934 1752 1990 vili
1765 1934 1873 1991 hoc
1886 1950 2038 1988 com-

401 2033 618 2092 mercio
641 2031 887 2104 turpiter
933 2029 1117 2084 fames
1160 2027 1364 2084 ubiubi
1396 2025 1712 2091 deszeviret,
1745 2023 2038 2095 octoginta

395 2124 562 2198 milia
573 2119 1175 2185 mortalium,obtentu
1186 2115 1629 2180 militiaa,secum
1645 2113 2034 2187 congregavit;

394 2215 610 2294 quibus
641 2227 744 2285 per
768 2209 1117 2274 continuum
1166 2223 1449 2272 mensem,
1485 2206 1639 2278 quod
1672 2221 1787 2258 uno
1819 2205 2039 2258 emerat

395 2291 590 2380 aureo,
623 2299 853 2365 duobus
882 2295 1164 2354 vendidit.
1196 2296 1291 2352 Ha:
1321 2298 1482 2364 sunt,
1517 2295 1751 2350 domine
1782 2291 1883 2356 mi,
1920 2307 2032 2355 res,

394 2409 521 2468 quae
561 2388 951 2462 Nicephorum
997 2385 1195 2458 capias
1225 2384 1285 2440 in
1335 2385 1604 2458 Assyrios
1641 2399 1796 2440 nunc
1828 2381 2038 2436 ducerc

392 2467 819 2554 compulerunt.
855 2476 964 2532 Sed
1017 2473 1244 2547 quales,
1276 2471 1695 2546 qureso,copias
1716 2471 1915 2533 ‘Ivere,
1946 2467 2034 2522 in-

393 2584 717 2644 quam,non
748 2565 1039 2634 homines,
1065 2564 1167 2624 sed
1184 2562 1526 2622 hominibus
1545 2559 1799 2628 similes;
1821 2557 2035 2644 quibus

393 2639 598 2729 lingua
645 2658 880 2718 tantum
911 2668 1145 2725 procax,
1179 2651 1277 2706 sed
1327 2648 1587 2722 «frigida
1618 2647 1768 2704 bello
1799 2639 2037 2702 dextera

395 2745 563 2818 (180).
591 2766 618 2794 ››
649 2744 776 2799 Non
807 2740 1047 2816 inspicit
1089 2739 1149 2794 in
1177 2737 1270 2800 his
1291 2738 1652 2812 Nicephorus
1675 2735 2034 2809 qualitalcm,

399 2833 502 2889 sed
553 2831 739 2891 solam
784 2827 1211 2904 quantitatem;
1246 2827 1401 2898 quod
1431 2843 1610 2898 quam
1642 2822 2037 2898 periculosum

400 2921 485 2978 illi
530 2921 625 2989 sit,
677 2923 804 2975 tum
845 2933 972 2974 sero
1020 2915 1322 2988 pcenitebit
1369 2931 1528 2982 eum,
1577 2931 1713 2970 cum
1771 2911 2038 2970 imbelles

397 3008 656 3082 plurimi,
690 3004 1070 3070 multitudine
1119 3002 1382 3070 animati,
1413 3021 1451 3060 a
1481 3003 1698 3059 nostris
1729 3001 2038 3074 perpaucis

392 3089 547 3155 bella
575 3097 913 3163 scientibus,
947 3095 1128 3150 immo
1160 3092 1514 3162 sitientibus,
1546 3094 1938 3148 conterentur.

465 3189 551 3243 45.
573 3187 718 3243 Cum
742 3184 1090 3242 obsideretis
1112 3183 1339 3250 Bareas,
1362 3181 1600 3240 trecenti
1627 3179 2035 3238 tantummodo

2155 614 2364 658 narum
2377 597 2568 670 gratia
2580 598 3436 673 adierunt,comprehendentes
3445 597 3802 668 ceciderunt,

2154 686 2428 742 custodia
2461 687 2858 758 tradiderunt;
2923 688 3300 745 Graeconolon
3361 704 3585 758 meum,
3629 687 3690 745 id
3722 691 3809 744 est
3849 751 3852 754 _

2153 775 2357 830 Graeca:
2389 774 2602 847 linguae
2637 792 2910 850 gnarum,
2945 794 3060 833 non
3114 777 3533 851 permittebant
3581 776 3806 854 egredi,

2153 862 2356 918 saltem
2384 868 2447 918 ut
2470 868 2743 936 sumptus
2766 870 3002 934 emeret,
3029 866 3128 922 sed
3152 883 3356 923 cocum
3380 865 3571 922 solum
3597 866 3803 922 Graeca

2147 951 2359 1026 linguae
2393 952 2697 1025 ignarum;
2729 955 2828 1025 qui
2861 972 2976 1011 non
3010 955 3317 1028 signorum
3349 955 3560 1028 signis,
3587 955 3690 1010 sed
3718 955 3803 1010 di-

2147 1041 2400 1114 gitorum
2433 1059 2534 1097 seu
2567 1041 2771 1113 capitis
2803 1043 3066 1110 nutibus,
3090 1061 3226 1100 cum
3245 1045 3544 1100 venditore
3566 1047 3806 1116 emptor

2143 1129 2782 1202 loquebatur,tantique
2798 1132 3058 1188 nummis
3070 1134 3299 1189 emebat
3315 1131 3798 1205 quatuor,.quanti

2146 1219 2516 1276 Grzecolonus
2547 1220 2857 1277 obsonium
2892 1239 3026 1279 uno.
3061 1224 3132 1279 Et
3165 1239 3301 1278 cum
3323 1223 3650 1280 amicorum
3675 1221 3804 1294 qui-

2145 1309 2279 1364 dam
2313 1312 2596 1376 aromata,
2630 1326 2836 1381 panes,
2867 1309 3092 1380 vinum,
3128 1328 3304 1382 poma
3361 1312 3646 1382 mitteret,
3674 1310 3800 1370 solo

2143 1401 2351 1452 cuncta
2385 1397 2713 1462 fundentes,
2746 1399 2985 1456 nuntios
3031 1399 3290 1472 colaphis
3321 1400 3469 1456 satis
3515 1406 3793 1465 oneratos

2143 1485 2510 1541 dimiserunt.
2546 1486 2616 1541 Et
2644 1486 2756 1542 nisi
2789 1488 2984 1542 divina
3014 1488 3201 1560 pietas
3248 1493 3515 1561 parasset
3565 1488 3625 1543 in
3659 1506 3801 1546 cons

2143 1579 2343 1647 spectu
2378 1591 2507 1629 meo
2565 1591 2830 1631 mensam
2889 1577 3171 1636 adversus
3215 1594 3315 1634 eos
3347 1577 3447 1651 qui
3509 1578 3802 1634 tribullant

2144 1680 2238 1718 me
2263 1663 2430 1735 (18-l),
2466 1680 2584 1719 una
2616 1664 2759 1719 mihi
2789 1669 2992 1736 parata
3023 1681 3180 1724 mors
3209 1666 3357 1722 foret
3387 1673 3644 1739 accepta.
3680 1667 3801 1724 Sed

2142 1761 2242 1833 qui
2272 1761 2539 1833 permisit
2595 1762 2890 1834 temptari,
2919 1763 3078 1819 dedit
3137 1767 3278 1819 tunc
3335 1763 3800 1823 misericorditer

2145 1851 2284 1922 pati.
2319 1850 2735 1922 Hujuscemodi
2765 1867 2858 1906 me
2880 1850 3204 1923 periculum
3229 1853 3485 1910 secundo
3507 1858 3802 1922 Norar-um

2146 1938 2308 1995 Junii
2331 1957 2518 2013 usque
2539 1940 2611 1995 ad
2631 1943 2860 1995 sextum
2879 1940 3074 1996 Nonas
3095 1940 3362 1998 Octobris
3378 1941 3806 2010 .Constantinoo,

2148 2027 2285 2106 poli,
2319 2027 2526 2086 diebus
2555 2028 2776 2084 scilicet
2803 2031 3040 2086 centum
3063 2028 3333 2102 vinginti,
3369 2031 3703 2088 maceravit.

2219 2119 2304 2172 47.
2336 2117 2551 2172 Verum
2585 2121 2650 2172 ut
2707 2121 3060 2192 augerentur
3113 2118 3475 2185 calamitates
3536 2139 3700 2188 mea,
3733 2122 3800 2176 in

2144 2206 2558 2277 Assumptione
2589 2207 2928 2262 sanctzetDei
2960 2206 3259 2280 genitricis
3289 2212 3347 2265 et
3396 2208 3644 2283 virginis
3671 2210 3800 2266 Ma-

2145 2295 2242 2350 rize
2299 2295 2458 2364 (Aug.
2521 2295 2630 2367 15),
2691 2312 2818 2351 meo
2875 2295 3069 2352 omine
3125 2313 3243 2354 non
3285 2297 3436 2364 bono
3510 2303 3803 2356 venerunt

2146 2383 2346 2446 domni
2376 2383 2443 2418 ⁵²⁹
2473 2383 2776 2456 apostolici
2805 2387 2861 2440 et
2901 2384 3249 2443 universalis
3308 2403 3470 2462 papae
3497 2386 3796 2448 Johannis

2147 2471 2337 2544 nuntii
2381 2489 2515 2528 cum
2544 2471 2773 2540 litteris,
2808 2472 3024 2545 quibus
3055 2476 3341 2548 rogabant
3395 2475 3795 2550 Nicephorum

2145 2561 2558 2633 imperatorem
2590 2562 2945 2627 Graecorum,
2982 2567 3046 2618 ut
3094 2564 3393 2636 parentela
3436 2564 3796 2638 ﬁrmamque

2147 2649 2463 2707 amicitiam
2489 2649 2702 2706 faceret
2731 2667 2864 2706 cum
2892 2651 3122 2710 dilectio
3145 2653 3513 2726 spiritalique
3537 2653 3659 2710 ﬁlio
3685 2671 3798 2710 suo

2147 2738 2352 2796 Ottone
2385 2739 2783 2796 Romanorum
2813 2739 3163 2812 imperatore
3191 2745 3462 2814 augusto.
3493 2743 3627 2808 Qua:
3657 2761 3791 2811 vox,

2149 2845 2274 2901 quae
2303 2827 2630 2900 inscriptio,
2682 2829 3006 2886 secundum
3051 2832 3276 2886 Graecos
3308 2829 3596 2904 peccatrix
3625 2837 3685 2890 et
3712 2837 3801 2888 te-

2148 2917 2416 2985 meraria,
2489 2917 2782 2989 quomodo
2838 2917 3080 2974 latorem
3134 2935 3249 2976 non
3309 2919 3604 2989 occiderit,
3667 2937 3797 2990 cur,

2147 3005 2493 3078 priusquam
2524 3005 2855 3075 laederetur,
2887 3024 3002 3063 non
3030 3008 3406 3080 oppresserit,
3441 3009 3540 3082 qui
3573 3009 3635 3065 in
3665 3010 3802 3066 aliis

2147 3095 2322 3150 rebus
2336 3111 2486 3166 saepe
2497 3093 2695 3152 videor
2710 3094 3113 3170 spermo—logus
3126 3101 3183 3153 et
3201 3097 3646 3168 multisonus,in
3664 3098 3800 3167 hac,

2150 3186 2216 3244 ut
2245 3181 2413 3254 picis,
2443 3181 2641 3238 videor
2662 3183 2926 3240 insonus.
2960 3185 3365 3258 Objurgabant
3395 3186 3576 3243 Graeci
3609 3204 3797 3258 mare,

393 3275 608 3352 Ungari
622 3272 1282 3348 juxtaThessalonicam
1297 3247 1647 3344 quingentos
1661 3271 2041 3327 Grecoscom-
2068 3247 2113 3316 CI
2150 3247 2641 3343 imprazcabantur
2687 3273 2926 3344 aequori,
2988 3247 3121 3345 plhs
3145 3247 3308 3346 justo
3340 3279 3660 3346 morantes,
3693 3247 3801 3334 cur

393 3365 828 3442 prehenderunt
856 3366 914 3418 et
958 3363 1017 3436 in
1050 3361 1367 3435 Ungariam
1408 3361 1721 3416 duxerunt.
1756 3361 1890 3428 Quae
1921 3375 2034 3427 res,

393 3456 533 3532 quia
558 3468 835 3528 prospere
865 3450 1169 3516 successit,
1211 3448 1496 3522 compulit
1526 3451 1809 3506 ducentos
1841 3447 2037 3520 Unga-

393 3545 612 3606 riorum
631 3541 790 3602 baud
813 3539 984 3612 longe
1006 3537 1508 3612 Constantinopoli
1525 3537 1582 3592 in
1607 3536 1947 3593 Macedonia
1964 3535 2039 3592 si-

395 3632 612 3688 militer
624 3630 809 3689 facere
834 3647 846 3696 ;
873 3645 942 3683 ex
962 3627 1336 3699 quibus,cum
1361 3627 1590 3684 incaute
1612 3642 1714 3697 per
1726 3628 2037 3698 angustam

395 3720 653 3787 redirent
681 3717 858 3785 viam,
900 3715 1289 3788 quadraginta
1318 3717 1457 3770 sunt
1483 3713 1632 3786 capti
1661 3731 1672 3781 ;
1707 3729 1853 3784 quos
1883 3729 2038 3768 nunc

395 3807 756 3880 Nicephorus
789 3805 861 3860 de
890 3802 1156 3866 custodia
1180 3803 1437 3869 eductos,
1480 3794 2038 3874 pretiosissimisqne

393 3894 653 3961 vestibus
683 3895 1224 3964 ornatos,patronos
1254 3889 1365 3945 sibi
1380 3888 1779 3944 etdefensores
1794 3887 2036 3960 paravit,

396 4000 597 4044 secum
648 3983 709 4046 in
755 3977 1024 4056 Assyrios
1057 3979 1294 4041 ducens.
1327 3973 1543 4034 Verum
1583 3975 1775 4049 qualis
1808 3977 1883 4032 sit
1911 3977 2039 4048 ejus

394 4073 703 4142 exercitus,
726 4057 866 4140 hinc
893 4068 1137 4142 potestis
1166 4067 1453 4138 conicere,
1487 4066 1766 4138 quoniam
1799 4065 1899 4137 qui
1931 4082 2038 4122 cae-

397 4162 537 4220 teris
559 4163 857 4235 praestant,
884 4157 1141 4214 Venetici
1173 4160 1311 4213 sunt
1340 4159 1397 4211 et
1423 4154 1820 4227 Amalphit-ani
1841 4155 1926 4208 "3.

466 4252 554 4317 46.
587 4251 753 4306 Nunc
801 4248 893 4304 his
941 4245 1198 4313 omissis,
1243 4245 1385 4317 quid
1420 4242 1563 4310 mihi
1596 4242 1872 4299 acciderit
1915 4242 2037 4300 ani-

397 4339 763 4407 madvertite.
798 4339 968 4394 Sexto
993 4334 1285 4404 Kalendas
1315 4331 1566 4404 Augusti
1597 4333 1727 4403 (Jul.
1760 4333 1852 4404 27)
1880 4338 2042 4389 extra

394 4425 958 4499 Constantinopolim
989 4424 1050 4479 in
1075 4423 1318 4484 Umbria
1346 4439 1381 4477 a
1409 4420 2039 4493 Nicephorolicentiam

396 4517 592 4590 accepi
623 4517 695 4573 ad
726 4517 827 4571 vos
859 4513 1160 4570 redeundi.
1188 4512 1452 4582 Cumque
1474 4509 2039 4584 Constantinopolim

2146 3363 2450 3432 peccatum
2479 3359 2626 3416 illud
2657 3365 2888 3438 portare
2919 3362 3192 3435 potuerit,
3223 3379 3327 3420 cur
3356 3364 3569 3421 fretum
3600 3365 3797 3423 dehis-

2145 3466 2283 3505 cens
2315 3449 2508 3505 navim
2542 3467 2656 3506 non
2689 3451 3076 3508 absorbuerit.
3111 3475 3139 3506 «
3201 3456 3644 3526 Imperatorem,
3706 3455 3816 3512 in-.

2148 3537 2379 3610 quiunt,
2412 3538 2799 3595 universalem
2832 3540 3254 3608 Romanorum,
3289 3546 3629 3614 augustum,
3668 3561 3798 3601 ma-

2147 3643 2354 3699 gnum,
2385 3625 2577 3684 solum
2636 3627 3028 3700 Nicephorum
3078 3629 3384 3702 scripsisse
3439 3631 3796 3704 Graecorum,

2145 3716 2450 3773 hominem
2481 3717 2775 3788 quendam
2806 3718 3146 3787 barbarum,
3179 3735 3496 3793 pauperem
3521 3720 3670 3794 (I82)
3695 3722 3804 3786 Ro-

2148 3822 2478 3871 manorum,
2512 3823 2628 3861 non
2661 3805 2882 3878 piguit!
2917 3806 2959 3863 Ο
2983 3806 3227 3864 caelum!
3261 3825 3294 3864 o
3324 3812 3481 3866 terra
3504 3807 3518 3864 Ξ
3543 3827 3576 3865 o
3601 3809 3799 3876 mare!

2147 3894 2260 3950 Sed
2291 3893 2454 3966 quid,
2485 3893 2789 3965 inquiunt,
2823 3895 3106 3952 faciemus
3133 3896 3472 3970 hominibus
3502 3898 3636 3956 istis
3671 3914 3802 3964 sce-

2146 3981 2367 4048 leratis,
2401 3982 2735 4041 criminosis
2756 3983 2784 4037 ?
2815 3983 3105 4056 Pauperes
3158 3989 3318 4054 sunt,
3353 3989 3411 4042 et
3437 3985 3488 4046 si
3518 4002 3620 4046 e08
3647 3987 3801 4045 occi-

2149 4071 2366 4139 dimus,
2382 4087 2596 4138 manus
2617 4075 2847 4128 nostras
2865 4071 3152 4145 sanguine
3165 4073 3266 4131 vili
3286 4074 3635 4148 polluimus;
3658 4092 3802 4148 pan-

2149 4160 2276 4217 nosi
2307 4163 2466 4227 sunt,
2501 4159 2650 4220 servi
2683 4164 2841 4228 sunt,
2867 4161 3071 4232 rustici
3114 4165 3293 4231 sunt;
3327 4162 3378 4224 si
3408 4180 3507 4226 eos
3537 4163 3799 4238 ﬂagella.-

2149 4265 2303 4316 mus,
2339 4264 2455 4304 non
2508 4248 2688 4320 ipsos,
2744 4250 2848 4310 sed
2891 4267 2997 4307 nos
3047 4250 3488 4318 dedecoramns,
3535 4251 3636 4323 qui
3691 4269 3804 4314 nec.

2150 4337 2416 4396 Romana
2445 4338 2669 4396 scutica
2685 4338 2984 4405 deaurata,
3009 4356 3112 4403 nec
3133 4339 3479 4416 huiusmodi
3497 4344 3642 4410 sunt
3665 4357 3800 4404 cru-

2149 4425 2316 4481 cibus
2333 4425 2516 4497 digni.
2537 4425 2581 4481 O
2599 4425 2827 4486 utinam
2844 4425 2993 4484 alter
3011 4427 3344 4502 episcopus,
3370 4428 3518 4490 alter
3535 4428 3800 4498 marchio

2149 4514 2330 4571 esset!
2357 4513 2538 4576 culeis
2559 4515 2717 4570 enim
2740 4514 2876 4584 suti,
2895 4519 3027 4589 post
3047 4515 3290 4574 acerbos
3303 4515 3604 4589 virgarum
3622 4516 3806 4589 ictus,

396 4608 676 4674 venirem,
728 4602 1182 4674 Cbristophorus
1231 4599 1511 4677 patricius
1559 4599 1887 4667 eunuchus,
1941 4600 2041 4672 qui
2069 4617 2119 4684 Β
2150 4607 2282 4676 post
2311 4603 2505 4660 barbae
2535 4619 2638 4660 seu
2664 4602 3015 4676 capillorum
3047 4603 3514 4674 distractionem,
3547 4605 3605 4660 in
3641 4621 3807 4676 mare

397 4692 707 4764 Nicephori
754 4691 941 4759 vicem
989 4690 1192 4752 eodem
1222 4687 1389 4760 gerit,
1423 4686 1567 4742 mihi
1601 4687 1898 4742 mandavit
1925 4705 2041 4743 non

400 4795 573 4855 posse
604 4795 698 4836 me
726 4781 866 4833 tunc
896 4778 1181 4846 recedere,
1217 4769 1355 4847 quia
1400 4774 1672 4831 Saraceni
1705 4778 1843 4833 tunc
1877 4793 2041 4832 occu-

401 4871 688 4944 paverunt
744 4881 904 4932 mare
952 4869 1008 4932 et
1054 4863 1293 4937 Ungarii
1321 4867 1538 4919 terram
1573 4888 1587 4930 ;
1619 4865 2042 4936 expectandum

401 4957 547 5016 mihi
596 4972 727 5016 esse
765 4954 948 5010 donec
997 4953 1109 5026 ipsi
1139 4951 1518 5020 discederent.
1561 4952 1672 5007 Sed
1703 4957 2042 5026 utrumque,

2152 4694 2647 4765 demergerentur.
2681 4692 2792 4753 Sed
2827 4696 3152 4762 serventur,
3184 4692 3480 4766 inquiunt,
3505 4697 3562 4752 et
3583 4711 3805 4768 quous-

2152 4798 2263 4853 que
2276 4780 2689 4842 sanctissimus
2703 4780 3021 4854 imperator
3033 4782 3432 4842 Romanorum
3444 4782 3811 4857 Nieephorus

2153 4871 2274 4928 haec
2307 4869 2584 4929 resciscat
2615 4867 2790 4938 mala,
2824 4869 2986 4944 gravi
3017 4871 3286 4927 custodia
3315 4873 3705 4934 macerentur.
3743 4893 3772 4922 »

2224 4958 2311 5012 48.
2345 4958 2498 5014 Dum
2532 4957 2653 5015 haec
2685 4957 3084 5032 resoiscerem,
3116 4959 3315 5016 felices
3346 4977 3466 5030 eos,
3525 4959 3811 5032 quoniam

401 5047 548 5124 prob
601 5042 802 5119 dolor!
853 5043 966 5104 fuit
1011 5040 1402 5113 mendacium.
1435 5040 1598 5108 Tunc
1629 5042 1878 5114 appositi
1911 5048 2049 5099 sunt
2155 5062 2466 5120 pauperes,
2497 5063 2591 5110 me
2647 5046 2961 5118 infelicem,
3018 5048 3157 5120 quia
3213 5049 3477 5116 divitem,
3519 5047 3810 5122 judicavi.

402 5139 694 5206 custodes,
729 5134 830 5208 qui
861 5132 1006 5190 mihi
1037 5136 1094 5189 et
1125 5129 1272 5188 meis
1302 5131 1520 5187 adomo
1534 5145 1666 5186 mea
1686 5131 1904 5186 exitum
1923 5149 2050 5204 pro-

2156 5136 2302 5200 Cum
2330 5135 2488 5196 domi
2510 5150 2722 5203 essem,
2742 5152 2874 5192 mea
2897 5153 2991 5193 me
3011 5137 3279 5195 voluntas
3303 5154 3622 5211 pauperem
3644 5154 3814 5194 excu-

1787 5281 2025 5341 VARLE
2064 5285 2476 5344 LECTIONES.

477 5385 546 5423 m
576 5385 982 5460 amalphitiani
1014 5385 1072 5440 ϐ.
1148 5382 1216 5420 ⁵³⁸
1245 5380 1470 5439 domini
1503 5381 1565 5454 σε

2011 5485 2244 5544 NOT/E.

499 5584 628 5656 380)
643 5582 804 5656 ‘Yirg.
837 5584 964 5652 En,
996 5601 1077 5653 x1,
1113 5584 1240 5656 338.

508 5656 631 5727 181)
663 5654 1175 5728 Oti—Antapodosis
1198 5658 1347 5722 Vm.

2246 5584 2396 5658 (182)
2427 5584 2489 5641 Id
2520 5584 2610 5640 est
2633 5582 2923 5642 Ottonem.
