4054 6386
157 397 320 466 1141

151 626 402 697 tetania,
434 627 557 684 ﬁlia
600 629 680 687 M.
728 630 948 687 Aurelii
998 631 1241 702 Decimi,
1272 633 1528 705 prtefecti
1558 634 1811 708 legionis

153 716 456 791 Septimaz,
490 716 767 787 Geminae,
795 719 929 789 Piaa,
963 720 1190 789 Felicis,
1211 727 1269 778 et
1298 723 1355 779 S.
1390 722 1634 788 Quintire
1668 724 1816 780 Mar-

153 805 357 876 cellae;
391 824 556 863 soror
600 807 840 864 Caeciliae
888 810 1155 881 Quintize,
1207 829 1334 884 qua}
1379 813 1581 885 nupsit
1628 814 1813 871 Druso

149 895 390 953 Valerio
412 896 657 953 Caeliana
672 897 1081 957 Valentiniano
1106 918 1118 968 ;
1144 906 1201 956 ct
1231 900 1325 955 isti
1352 902 1588 957 fuerunt
1613 920 1814 975 parcn-

148 988 247 1042 tes
280 986 356 1041 M.
388 986 605 1043 Aurelii
633 986 1031 1045 Valentiniani
1063 990 1352 1062 praesidiis
1374 990 1682 1062 provincia:
1714 992 1809 1047 Hi-

152 1076 381 1148 spaniae
403 1075 697 1133 Citerioris
723 1095 735 1146 ;
770 1082 1042 1134 constant
1062 1078 1182 1134 haac
1213 1096 1280 1135 ex
1310 1078 1809 1151 inscriptionibus.

227 1165 321 1221 38.
382 1166 708 1223 Paracuelos
767 1167 1015 1235 dicitur,
1056 1168 1225 1240 quasi
1256 1177 1390 1243 παρά
1419 1178 1566 1226 κόλεν
1616 1168 1739 1225 Cale
1780 1187 1815 1226 a

152 1252 385 1309 Mauris
410 1254 623 1310 dicitur
646 1255 987 1312 Almodovar.

226 1342 320 1398 39.
356 1341 708 1411 Albacetem,
741 1344 1023 1417 oppidum
1053 1346 1519 1413 Bastetanorum,
1543 1346 1814 1404 condide-

150 1435 300 1487 runt
329 1430 531 1488 Cilices
561 1431 620 1488 in
652 1432 993 1506 Hispaniam
1026 1435 1320 1491 venientes
1365 1453 1398 1491 a
1442 1436 1675 1508 regione
1707 1436 1809 1492 Ce-

150 1520 302 1577 tide.
335 1521 556 1577 Vocant
582 1521 769 1577 Mauri
813 1522 971 1580 hunc
1019 1522 1211 1579 locum
1243 1525 1507 1592 Albacetc,
1542 1529 1809 1597 corrupte

226 1609 318 1664 40.
370 1610 678 1666 Arbucaraa
729 1610 789 1666 in
834 1610 1148 1667 Celtiberia
1192 1614 1249 1668 S.
1301 1612 1461 1684 Papii
1511 1613 1806 1685 martyris,

154 1698 261 1772 qui
291 1697 470 1755 variis
499 1703 689 1756 tortus
711 1699 1072 1757 cruciatuum
1096 1701 1431 1773 generibus,
1452 1702 1690 1757 tandem
1716 1703 1811 1758 da-

146 1788 232 1845 tis
264 1787 590 1845 cervicibus
623 1789 894 1845 occubuit
918 1807 975 1845 ιν
1022 1790 1149 1847 Kal.
1182 1789 1323 1846 Julii
1357 1808 1508 1847 anno
1537 1791 1663 1858 503,
1695 1791 1805 1846 sub

146 1876 511 1934 Diocletiano
542 1881 600 1933 et
645 1878 998 1934 Maximiano
1046 1878 1517 1951 imperatoribus,
1564 1879 1806 1952 praeside

146 1966 449 2039 Hispania:
493 1969 556 2021 P.
589 1966 860 2036 Deciano,
911 1967 1108 2041 ibique
1146 1970 1273 2041 ejus
1322 1968 1605 2025 memoria
1652 1969 1798 2025 cele-

147 2054 278 2112 bris
310 2059 420 2113 est.

223 2146 314 2202 4i.
346 2148 533 2203 Etate
565 2150 873 2219 parentum
922 2163 1187 2203 meorum
1219 2164 1370 2203 anno
1415 2148 1637 2204 Domini
1667 2147 1799 2217 923,

223 2235 420 2291 Martii
447 2236 539 2304 26,
573 2252 750 2308 passa
766 2240 855 2292 est
871 2236 1218 2310 martyrium
1242 2237 1402 2311 virgo
1426 2236 1800 2294 sanctissima

148 2323 430 2397 Eugenia,
455 2323 576 2380 filia
596 2324 1062 2381 Christianorum
1087 2326 1533 2382 Muzarabumin
1557 2326 1801 2382 munici-

147 2411 249 2485 pio
282 2411 557 2481 Uticensi,
611 2414 765 2485 quod
797 2414 857 2469 in
904 2420 1188 2470 conventu
1222 2415 1581 2472 Cordubensi
1629 2433 1797 2471 voca-

150 2506 298 2558 runt
327 2503 705 2574 Marmolejos,,
722 2504 897 2575 jussu
931 2503 1107 2577 regis,
1139 2508 1195 2559 et
1215 2503 1800 2561 MiramoliniAbder-

147 2590 434 2660 ramenis,
456 2591 801 2648 ferocissimi
823 2592 1078 2666 tyranni,
1093 2593 1227 2649 ﬁdei
1251 2593 1575 2650 Christunaz
1598 2610 1795 2662 causa;

146 2683 208 2737 et
234 2684 372 2753 post
400 2696 659 2737 carceres
689 2685 746 2737 et
766 2681 1073 2754 supplicia,
1107 2682 1259 2738 datis
1282 2682 1623 2748 cervicibus,
1651 2698 1798 2738 mar-

146 2772 247 2843 tyr
274 2770 476 2826 effecta
504 2774 594 2826 est
622 2771 730 2827 sub
753 2769 945 2826 Blasio
964 2770 1235 2827 Toletano
1258 2771 1549 2843 pontifice.
1583 2771 1798 2827 Cordu-

147 2857 322 2915 bensi
351 2860 419 2914 N.
452 2858 769 2916 honorifice
800 2859 1031 2933 sepulta
1061 2864 1150 2917 est
1178 2878 1312 2916 cum
1344 2861 1610 2917 versibus
1642 2877 1797 2917 acro-

149 2947 363 3004 stichis
393 2947 454 3003 in
503 2965 794 3006 marmore
837 2948 1072 3005 caelatis.
1120 2950 1361 3005 Mirifice
1398 2949 1554 3005 culta
1579 2954 1686 3020 est,
1742 2954 1796 3005 et

149 3040 282 3093 erat
312 3037 375 3092 in
405 3037 580 3094 Oveto
607 3056 620 3108 ;
653 3037 837 3095 Toleti
868 3042 925 3094 et
954 3038 1231 3095 Gallazcicc
1263 3039 1579 3095 colebatur.

224 3127 315 3182 42.
366 3126 556 3199 Hujus
606 3128 991 3184 sanctissimae
1020 3128 1268 3202 virginis
1307 3136 1363 3185 et
1393 3130 1664 3201 martyris
1696 3128 1793 3183 Hi-

148 3232 351 3289 spanae
384 3214 642 3288 reliquiae
672 3216 872 3273 delatae
902 3221 1039 3273 sunt
1067 3234 1133 3274 ac
1162 3218 1351 3274 varias
1379 3217 1792 3291 Hispaniarum

82 3356 87 3361 .
150 3308 390 3379 partes;
422 3304 522 3361 ubi
552 3306 797 3362 conditae
829 3311 970 3362 sunt
1004 3306 1084 3362 illi
1115 3306 1393 3365 ecclesia).

222 3395 316 3451 43.
350 3395 411 3450 In
442 3393 730 3451 tabulario
758 3399 970 3452 sanctas
1000 3396 1179 3452 Justze
1212 3396 1397 3469 reperi
1427 3414 1659 3453 carmen
1690 3396 1798 3453 hoc

148 3483 543 3556 compositum
590 3500 625 3539 a
675 3484 914 3540 domino
963 3484 1155 3541 Blasio
1196 3484 1474 3542 Toletano
1525 3485 1792 3561 praesule,

148 3572 635 3646 praestantissimo
667 3572 825 3630 illius
855 3574 1051 3630 saeculi
1077 3579 1246 3648 poeta
1274 3591 1286 3630 ε

211 3680 582 3746 Ειιβθυὶαᾼὶιοο
610 3681 784 3746 posita
812 3682 1127 3746 estrtumulo
1157 3681 1500 3732 celeberrima
1527 3682 1706 3746 Virgo,

347 3742 546 3807 nguine
573 3742 692 3807 quae
720 3742 912 3794 Christi
942 3749 1021 3794 est
1049 3746 1326 3795 testiﬁcata
1355 3746 1527 3794 iidem.

212 3805 455 3870 Purpura
483 3805 640 3869 qaain
656 3805 871 3856 decorat
891 3806 1151 3857 candente
1175 3822 1325 3857 sacra
1345 3807 1454 3871 [al.,
1478 3807 1793 3935 infectzfgoeg-

1685 3884 1793 3928 0P8,

279 3931 483 3996 Laurea
511 3934 563 3981 et
592 3934 814 3996 exornat
834 3930 918 3981 cui
947 3931 1216 3996 duplicata
1243 3936 1419 3996 caput.

212 3992 379 4057 Multa
405 3992 665 4057 tulit,sed
693 3993 850 4057 plura
876 3992 1043 4044 refert
1067 4009 1130 4044 ex
1161 3992 1323 4044 hoste'
1341 3995 1580 4057 trophma

276 4055 529 4121 Victrices
556 4055 737 4105 lauros
770 4056 937 4106 aether
965 4063 1021 4121 et
1043 4057 1153 4121 ipse
1179 4059 1323 4121 canit
1345 4071 1357 4106 :

212 4118 540 4181 Miratusque
571 4122 733 4181 canet
750 4123 983 4181 ventura
1012 4118 1079 4168 in‘
1098 4120 1293 4169 saecula
1320 4120 1574 4179 mundus,

273 4181 411 4244 Dum
441 4180 645 4244 steterit
673 4180 829 4231 tellus
854 4182 1093 4244 pondere
1122 4182 1258 4232 fulta
1285 4196 1399 4232 suo.

208 4243 448 4307 Toletum
477 4244 589 4304 tibi,
617 4243 741 4293 diva
767 4243 976 4307 potens,
1008 4244 1103 4294 tibi
1132 4245 1377 4295 Corduba
1402 4245 1526 4295 felix

275 4306 467 4366 Patria,
497 4306 812 4371 mansurum
840 4307 1077 4371 porriget
1104 4321 1275 4371 usque
1306 4307 1482 4371 decus.

206 4368 442 4432 Totaque
466 4382 575 4431 1am
606 4368 770 4418 refert
797 4368 1083 4433 parentum
1112 4368 1222 4434 (aC.
1253 4370 1532 4433 Tricensis]
1563 4369 1794 4483 ﬁeclgsia

360 4444 369 4453 ·
1610 4448 1672 4483 au
1716 4448 1789 4483 es.

360 4444 369 4453 '
1572 4444 1770 4483 HBUUCS

273 4492 543 4556 Ρτωθίνυθ
571 4493 793 4557 indigeti
821 4493 989 4543 solvet
1014 4494 1168 4543 lbera
1197 4508 1324 4544 suae.
1572 4433 1789 4497 [landes’

208 4555 379 4620 Lierte
408 4555 563 4618 paras
590 4555 772 4620 vitam,
804 4561 1055 4620 penetras
1085 4570 1301 4620 quoque
1330 4557 1517 4607 funere
1547 4559 1727 4620 ccelos,

273 4617 615 4682 Vulneraque
643 4618 709 4668 ad
738 4617 961 4681 superos
989 4617 1272 4682 expediere
1302 4620 1461 4669 viam.

209 4679 553 4791 Sulpplicibus
583 4684 634 4730 te
649 4679 840 4753 .pand‘e
866 4681 1027 4791 ﬂiam,
1057 4679 1376 4745 portumque
1405 4683 1619 4734 salutis:

318 4756 406 4791 ινδ
433 4741 563 4791 doce
591 4756 833 4791 miseros.
903 4758 990 4791 iva
1018 4748 1167 4791 tuere
1196 4758 1335 4791 reos.

318 4741 406 4804 iva
433 4741 563 4792 doce
591 4741 833 4803 miseros,
866 4741 990 4793 diva
1018 4741 1167 4794 tuere
1196 4741 1335 4804 reos,

205 4803 361 4878 ngd
389 4805 624 4878 patimur
652 4811 733 4856 sat
761 4806 909 4878 triste
936 4806 1149 4878 jugum,
1181 4811 1229 4856 st
1257 4820 1420 4878 causa
1447 4821 1691 4859 coronae:

273 4866 475 4932 Blasius
501 4867 604 4917 hoc
627 4868 822 4932 praisul
846 4866 1085 4932 carmine
1116 4872 1167 4918 te
1195 4868 1445 4919 celebrat.

204 4928 373 4994 Toleti
402 4943 609 4980 memor
628 4928 751 4994 asto
780 4931 878 4994 tui,
908 4931 1207 4994 veterisque
1231 4935 1443 4981 tuorum

272 4992 536 5058 Majerum
566 4993 761 5058 sobolis
780 4993 932 5058 :_jam
962 4998 1052 5058 tua
1080 4992 1247 5058 regna
1275 4999 1412 5058 tege.

204 5054 501 5121 Eugeniam
531 5056 767 5121 sequeris
801 5054 999 5121 Pelagi,
1030 5054 1314 5121 fortissime
1334 5054 1580 5121 inartyr:

269 5116 508 5183 fioribus
536 5116 794 5183 assimiles
823 5116 968 5183 estis,
1000 5123 1054 5168 et
1082 5119 1205 5183 igne
1227 5132 1405 5183 pares.

207 5178 416 5229 Efferus
438 5180 773 5232 Abderamen
805 5180 1092 5232 Almanzor
1104 5178 1346 5231 'cred'idit
1370 5182 1554 5231 ambos

268 5241 539 5307 Perdere;
575 5248 858 5307 utrumque
903 5247 1088 5294 tamen
1134 5247 1303 5294 morte
1331 5245 1435 5295 sub
1481 5247 1622 5355 1181:1111
1658 5259 1790 5355 pars

1593 5345 1605 5355 .
1625 5321 1740 5355 ram

1593 5345 1605 5357 .
1625 5307 1765 5357 rapit

205 5367 314 5417 vos
342 5366 531 5417 eadem
561 5366 785 5418 fortasse
815 5371 1043 5432 ενανεωι
1072 5368 1314 5419 custodia
1342 5307 1605 5419 vinctosU.
1625 5308 1784 5372 rapa]

143 5482 244 5556 ubi
273 5483 600 5556 conductus
628 5484 1146 5556 profundissimus,
1174 5501 1208 5541 a
1237 5488 1468 5541 centum
1494 5486 1788 5542 foramini-

143 5555 257 5628 bus
288 5554 456 5628 quasi
472 5554 706 5628 centum
729 5556 980 5628 puteolis
1001 5557 1315 5614 distinctus
1332 5561 1428 5628 ;7et
1446 5558 1526 5612 ibi
1544 5558 1783 5615 lscadia.

145 5571 257 5611 nus
328 5571 456 5611 uas]
472 5571 706 5611 centum
729 5571 980 5628 puteons
1001 5571 1344 5624 distinctus;
1371 5571 1428 5613 et
1446 5571 1526 5612 ιω
1544 5571 1783 5615 lscadia.

143 5571 558 5699 Post$uteoli,_
572 5632 804 5683 centum
830 5628 887 5699 (a
906 5628 1241 5683 Buteolanis
1261 5627 1437 5683 italia:
1465 5630 1631 5685 aiunt
1652 5646 1785 5685 con-

144 5698 352 5825 sitaim)
385 5715 479 5824 {ne
508 5697 630 5753 viro
660 5697 982 5771 reparatur,
1023 5715 1150 5783 quae
1199 5699 1388 5755 fuerat
1419 5718 1453 5756 a
1482 5702 1787 5758 Saracenis

186 5785 247 5825 es
280 5785 381 5825 ruc
410 5786 463 5824 a.
500 5791 529 5819 »

186 5773 463 5825 estructa.
500 5791 529 5819 »
1103 5772 1113 5783 '

215 5841 305 5895 3’7.
358 5840 413 5895 S.
465 5843 826 5906 Potamiama,
886 5844 992 5896 etc.
1046 5841 1125 5896 De
1184 5842 1242 5896 S.
1276 5842 1627 5899 Potemicena
1674 5845 1785 5900 vir-

146 5911 281 5985 gine
306 5915 363 5968 et
392 5917 647 5986 martyre
672 5913 740 5969 ﬁt
769 5912 987 5969 mentio
1013 5912 1073 5969 in
1100 5912 1505 5987 Martyrologio
1528 5916 1787 5973 Romano

1171 405 1993 477 PSEUDO-LIU'I‘PRANDI
2034 407 2567 478 ADVERSARIA.

227 538 321 594 37.
355 540 565 596 Sancta
591 537 971 611 Potamicena,
1005 541 1146 599 civis
1177 544 1563 601 Putealiensis
1612 547 1671 601 in
1704 548 1806 603 Ba-
1838 549 1893 615 Α

3416 407 3578 475 1142

2046 546 2328 612 Compede,
2356 551 2470 597 tum
2505 544 2710 612 vinclis,
2740 550 2853 612 tum
2883 544 3076 612 pietate
3105 560 3281 612 pares.

1986 610 2129 668 Quos
2158 609 2229 659 ibi
2261 623 2533 660 sermones
2561 611 2732 661 seritis
2761 609 2827 660 de
2851 609 3021 660 morte
3052 609 3292 661 ferenda.

2048 673 2148 721 Pro
2177 673 2372 736 pietate
2402 672 2580 736 semel,
2610 686 2811 736 proque
2840 673 3045 736 pudore
3075 674 3275 724 simul?

1983 735 2238 808 Eu_g_enia.
2270 749 2302 784 o
2330 735 2524 808 Pelu‘gi,
2553 735 2647 808 tibi
2678 735 2746 808 sit
2773 735 2916 808 nova
2943 749 3107 808 causa
3135 749 3345 787 corona
3365 750 3383 801 ;

2047 797 2135 847 illa
2168 810 2353 847 necem
2372 797 2580 858 patiens
2608 801 2661 847 te
2690 798 2845 847 docet
2874 812 2990 848 esse
3018 799 3212 848 virum.

1934 905 1939 909 .
1986 859 2109 923 Post
2137 860 2308 923 cujus,
2342 863 2532 923 testare
2561 860 2737 921 ﬁdem,
2767 860 2989 921 vestigia
3017 864 3307 911 constans:

2047 922 2141 971 Illa
2172 922 2260 972 tuo
2282 922 2441 984 capiti
2472 926 2616 971 serta
2648 937 2745 971 nec
2774 936 2882 971 una
2910 922 3065 973 locat.

1983 984 2237 1034 Gaudetis
2265 998 2426 1047 super
2456 989 2597 1034 astra
2625 984 2733 1035 duo
2764 984 2828 1033 de
2849 989 3017 1034 morte
3048 986 3288 1046 subacta,

2044 1048 2266 1097 Nomine
2294 1047 2503 1110 velletis
2532 1047 2690 1110 plura
2715 1047 2902 1097 tulisse
2930 1048 3040 1097 Dei.

1983 1110 2089 1159 Vos
2116 1123 2258 1169 rosa,
2285 1122 2381 1158 vos
2409 1109 2665 1172 decorant
2692 1110 2978 1172 candentia
3005 1109 3116 1159 lilia
3143 1113 3344 1172 testes;

2046 1171 2391 1236 Hincrubor,
2423 1171 2549 1236 hinc
2579 1171 2781 1236 candor
2808 1175 3047 1236 tempora
3074 1176 3256 1236 vestra
3285 1171 3433 1236 tegit.

1981 1235 2043 1283 In
2071 1234 2224 1283 terris
2253 1234 2423 1297 patria
2450 1234 2594 1283 haud
2624 1234 2847 1297 similis;
2880 1234 3058 1284 tamen
3087 1249 3196 1285 una
3224 1234 3435 1285 duobus

2044 1297 2218 1359 Patria
2244 1296 2543 1346 communis
2571 1297 2717 1359 regia
2745 1296 2885 1346 celsa
2914 1297 3023 1347 Dei.

1980 1357 2240 1431 Galidete,‘
2266 1372 2299 1431 ρ
2325 1358 2554 1431 pugiles,
2585 1357 2953 1431 memoresque
2991 1361 3161 1431 estote
3183 1359 3437 1431 clientum

2043 1420 2184 1478 Quos
2211 1420 2372 1485 dubia
2401 1420 2614 1470 exercet
2639 1434 2841 1485 pugna,
2869 1420 3161 1485 gravatque
3189 1425 3375 1472 metes.

2043 1436 2184 1478 unos
2211 1436 2372 1470 ouma
2401 1436 2614 1470 exercet
2678 1436 2841 1484 ugna,
2871 1436 3161 1485 gravatque
3189 1436 3267 1471 me

1981 1482 2275 1556 Prgsentes
2303 1483 2463 1556 igitur
2489 1436 2700 1556 popuiis
2729 1484 3093 1556 pugnaptibus
3120 1488 3231 1534 este
3254 1499 3267 1533 :

2044 1546 2107 1608 Si
2129 1558 2227 1593 nos
2257 1546 2510 1608 aspicitis,
2537 1546 2798 1608 vincimus
2822 1546 2881 1595 et
2906 1546 3153 1595 fruimur.

1981 1606 2032 1656 Si
2053 1606 2355 1671 vincemus,
2390 1607 2495 1671 erit
2514 1606 2711 1671 palmae
2729 1622 2855 1671 pars
2884 1608 3115 1671 maxima
3142 1612 3353 1660 vestra:

2040 1668 2219 1719 Gloria
2245 1672 2433 1720 nostra
2458 1668 2635 1729 simul,
2666 1668 2834 1733 gloria
2861 1674 3037 1721 vestra
3064 1670 3173 1720 fiet.

1985 1822 2076 1876 44.
2107 1821 2264 1878 Obiit
2293 1823 2667 1879 sanctissima
2713 1822 2874 1894 virgo
2931 1826 2989 1878 et
3035 1825 3255 1895 martyr
3300 1820 3559 1895 Eugenia

1835 1920 1883 1986 Β
1910 1926 1989 1966 vn
2022 1910 2266 1979 Kalend,
2295 1911 2531 1984 Aprilis,
2562 1911 2706 1967 feria
2733 1916 2943 1984 quarta
2981 1910 3359 1967 hebdomadas
3388 1910 3556 1973 dictas

1910 2001 1971 2055 in
1995 2002 2284 2057 Passione:
2318 2017 2493 2073 quam
2528 2005 2658 2074 post
2686 2002 2834 2057 duos
2865 2018 3052 2057 annos
3068 1999 3401 2072 assequitur
3421 2016 3558 2061 san-

1909 2089 2210 2146 ctissimus
2221 2089 2456 2161 juvenis
2479 2089 2768 2163 Pelagius,
2799 2093 2866 2145 ut
2883 2088 3159 2157 creditur,
3175 2089 3410 2145 natione
3427 2087 3557 2145 Gal-

1906 2177 2104 2246 lzecus,
2147 2178 2246 2250 qui
2277 2178 2485 2234 ducem
2535 2182 2595 2234 et
2622 2178 2965 2251 magistram
2995 2176 3204 2234 habuit
3230 2178 3302 2233 ad
3334 2180 3573 2249 martyg

1909 2267 2062 2323 rium
2095 2266 2528 2323 sanctissimam
2573 2267 2895 2339 Eugeniam
2922 2282 3036 2322 aera
3069 2281 3357 2333 θραῦσαι,
3398 2282 3552 2321 anno

1908 2356 2252 2412 duodecimo
2280 2356 2752 2425 Abderramenis,
2775 2355 2955 2427 hujus
2988 2353 3247 2411 neminis
3266 2355 3452 2427 quarti
3470 2353 3556 2410 di-

1908 2446 2004 2513 cti,
2039 2448 2421 2518 cognomento
2453 2446 2825 2508 Almansoris;
2849 2445 3011 2518 cgira
3030 2460 3164 2501 vero
3201 2460 3406 2500 cccxu.
3434 2444 3563 2507 Sa»

1905 2534 2184 2590 vissimus
2217 2534 2327 2589 fuit
2354 2533 2451 2589 hic
2481 2533 2818 2606 imperator,
2848 2538 2907 2589 et
2938 2531 3156 2589 multas
3185 2532 3245 2589 in
3276 2531 3551 2589 Christia-

1906 2640 2013 2678 nos
2045 2623 2227 2679 edidit
2270 2628 2516 2694 strages,
2550 2640 2616 2679 ac
2665 2622 2799 2678 fidei
2848 2621 3189 2678 Christianae
3219 2620 3331 2675 fuit
3358 2620 3549 2678 hostis

1905 2711 2362 2769 infens’ssimus.
2397 2713 2547 2768 Sunt
2574 2711 2675 2784 qui
2706 2712 2947 2768 credant
2981 2713 3124 2766 tunc
3153 2710 3406 2767 occisam
3437 2710 3549 2771 To-

1904 2798 2006 2857 leti
2038 2801 2280 2857 Mariam
2312 2818 2535 2858 servam
2568 2800 2691 2859 Dei.

1975 2909 2062 2962 45.
2106 2908 2378 2971 Queritur
2425 2912 2664 2964 sanctus
2711 2907 2968 2980 pontifex
2996 2905 3372 2963 Innocentius
3402 2906 3446 2974 Ι,
3486 2899 3567 2962 ἱιιῖ

1903 2995 2153 3069 epistola
2165 2998 2235 3052 ad
2250 2996 2552 3069 episcopos
2568 2996 2859 3069 Hispaniae
2873 2994 3057 3052 Toleti
3074 2998 3455 3068 congregatos
3472 2994 3544 3050 ad
3560 3014 3563 3017 π

1903 3084 2234 3153 concilium,
2268 3086 2423 3158 quod
2453 3084 2892 3157 exjurisperitis
2921 3087 2979 3140 et
2998 3082 3311 3140 causidicis
3340 3083 3548 3139 ﬂerent

1904 3174 2181 3247 episcopi,
2215 3179 2281 3230 ut
2309 3174 2546 3247 quidam
2578 3173 2924 3229 FLRuﬂnus
2950 3170 3153 3229 consul
3185 3188 3319 3228 cum
3351 3171 3545 3229 Flavio

1826 3291 1869 3359 α
1907 3263 2154 3320 Eusebio
2173 3264 2292 3335 [al.,
2315 3263 2563 3334 Cuselio]
2585 3279 2737 3319 anno
2757 3263 2862 3318 347
2874 3262 2939 3359 fit
2958 3260 3270 3334 episcopus
3279 3261 3552 3359 anno-{iw

1907 3352 1965 3407 in
1988 3353 2351 3425 Hispania,et
2367 3352 2680 3425 Gregorius
2692 3368 2762 3407 ex
2780 3350 3050 3424 praefecto
3063 3347 3332 3421 praetorio
3349 3344 3565 3405 Gallias.

1907 3440 2216 3514 episcoPus
2246 3440 2677 3497 llliberitanus:
2712 3443 2786 3509 et,
2819 3438 2954 3495 licet
3001 3437 3221 3493 fuerint
3248 3437 3421 3493 ambo
3439 3436 3550 3494 viri

1907 3530 2092 3585 sancti
2106 3530 2299 3586 etvitae
2316 3529 2816 3599 laudabilissimae,
2833 3527 3091 3602 pontifex
3113 3525 3238 3583 fieri
3255 3524 3545 3599 prohibet.

1976 3637 2063 3691 46.
2097 3636 2249 3692 Sunt
2276 3635 2374 3709 qui
2405 3635 2605 3691 dicant
2634 3638 2900 3691 sanctam
2930 3632 3210 3689 Theclam
3240 3630 3422 3689 Iconii
3444 3646 3547 3686 na-

1904 3728 2047 3794 tam,
2081 3724 2332 3798 primam
2361 3724 2525 3781 Pauli
2576 3722 2948 3797 discipulam,
2997 3723 3243 3795 ejusque
3271 3718 3549 3794 praedica-

1903 3813 2060 3870 tione
2091 3831 2449 3883 conversam,
2504 3817 2703 3869 natam
2739 3817 2900 3886 patre
2943 3811 3197 3884 Hispano
3239 3806 3569 3877 Celtibero,

1903 3908 2089 3959 matre
2118 3921 2248 3959 vero
2276 3903 2562 3960 Iconiensi
2591 3902 2794 3976 gentili
2826 3900 3163 3957 durissima.

1975 4011 2062 4064 47.
2093 4011 2258 4065 Anno
2288 4009 2457 4065 tertio
2504 4008 2833 4075 Siscnandi,
2868 4007 2978 4063 sub
3006 4006 3238 4062 Audace
3267 4006 3545 4062 Tarraco-

1903 4098 2069 4153 nensi
2103 4099 2394 4171 pontiﬁce,
2419 4114 2555 4153 arca
2584 4114 2686 4170 per
2714 4113 2874 4152 mare
2904 4094 3415 4164 Mediterraneum,
3449 4111 3548 4150 an-

1902 4186 2028 4259 gelo
2061 4188 2226 4255 duce,
2263 4188 2496 4243 devecta
2522 4190 2610 4242 est
2637 4186 3025 4241 Tarraconem
3057 4199 3190 4239 cum
3223 4186 3389 4256 parte
3417 4199 3544 4239 cor-

1901 4275 2058 4348 poris
2090 4280 2302 4330 sanctae
2332 4274 2555 4331 Thecla:
2577 4274 2819 4348 virginis
2844 4278 2901 4330 et
2919 4271 3213 4346 martyris,
3242 4270 3542 4345 discipulae

1900 4367 1955 4420 S.
1989 4363 2174 4432 Pauli,
2200 4380 2335 4418 cum
2357 4362 2737 4435 inscriptione
2761 4362 2918 4418 intus
2943 4365 3191 4434 reperta,
3216 4377 3343 4433 quae
3366 4359 3544 4434 signi-

1900 4454 2111 4509 ficabat
2140 4453 2248 4508 hoc
2273 4468 2286 4507 :
2320 4454 2484 4507 Anno
2505 4453 2611 4507 633
2634 4454 2871 4524 excepta
2891 4454 2981 4507 est
3002 4467 3136 4505 cum
3164 4448 3385 4523 ingenti
3406 4466 3545 4523 gau-

1900 4542 1995 4598 dio
2012 4542 2281 4615 prazsulis
2308 4544 2363 4597 et
2399 4539 2612 4596 civium
2636 4558 2650 4609 ;
2676 4556 2741 4596 ac
2764 4556 2857 4596 res
2869 4538 3088 4612 scripta
3108 4555 3210 4611 per
3231 4537 3541 4611 epistolam

1821 4665 1868 4729 D
1899 4632 1971 4687 ab
2002 4632 2233 4686 Audace
2264 4628 2511 4703 praesule
2556 4628 2677 4702 regi
2707 4628 3049 4729 Siscnando,
3080 4628 3291 4684 miram
3323 4627 3540 4702 Hispa-

1899 4721 2007 4776 nia:
2025 4720 2285 4776 laetitiam
2308 4718 2521 4775 attulit.
2540 4718 2658 4774 Sub
2677 4716 3011 4791 captivitate
3030 4718 3367 4774 Maurorum
3388 4735 3540 4776 anno

1894 4810 2021 4881 960,
2053 4826 2188 4866 cum
2218 4825 2323 4882 ego
2343 4807 2475 4864 illac
2506 4806 2772 4877 transivi,
2799 4806 3003 4865 sedulo
3021 4807 3539 4865 custodiebaturin
3566 4858 3572 4863 .

1899 4898 2251 4972 captivitatis
2282 4896 2494 4966 medio,
2527 4896 3001 4969 permittentibus
3033 4897 3358 4964 Saracenis,
3389 4912 3424 4953 a
3453 4913 3542 4953 ca-

1897 4987 2132 5045 tholicis
2164 4986 2593 5044 Muzarabibus.

1968 5097 2056 5153 48.
2087 5095 2156 5150 Et
2200 5095 2271 5151 ad
2323 5110 2521 5167 preces
2568 5092 2805 5149 illorum
2861 5091 3265 5165 qualecunque
3303 5108 3539 5149 carmen

1896 5183 2033 5254 lusi,
2067 5185 2222 5257 quod
2253 5189 2310 5240 et
2339 5184 2424 5240 eis
2454 5182 2702 5257 porrexi.

1898 5273 2037 5330 Diva
2065 5278 2273 5346 potens
2303 5289 2545 5345 superas
2574 5271 2725 5328 inter
2748 5271 3115 5328 numeranda
3142 5271 3429 5341 cohortes,

1967 5361 2164 5417 Prima
2192 5379 2260 5418 ex
2286 5361 2535 5417 femineo
2568 5363 2788 5433 martyr
2816 5359 3014 5433 opima
3043 5359 3239 5432 choro,

1893 5488 1964 5543 28
1995 5487 2177 5542 Junii.

1968 5559 2055 5613 48.
2088 5560 2391 5613 Externam
2417 5560 2663 5614 carmine
2692 5558 2848 5613 laetus
2875 5556 3010 5612 adit.
3034 5556 3332 5613 Externum
3349 5561 3536 5624 vocat,
3574 5596 3577 5599 -

1898 5645 2077 5701 quam
2119 5629 2285 5701 prius
2341 5647 2407 5684 ex
2440 5628 2750 5701 celtiberia
2799 5628 3108 5701 oriundam
3139 5627 3401 5701 dixerat;
3434 5629 3549 5685 sed

1897 5699 2094 5757 tamen
2122 5699 2265 5756 tunc
2296 5714 2365 5754 ex
2392 5700 2529 5755 Asia
2559 5701 2618 5755 in
2666 5699 2975 5757 Hispanias
3016 5699 3254 5756 advecta
3283 5699 3538 5757 Hisnano

1897 5718 2094 5757 tamen
2126 5718 2265 5756 tunc
2296 5718 2365 5754 ex
2392 5718 2529 5755 ASia
2559 5718 2618 5755 1n
2667 5718 2975 5826 nisBanlas
3016 5718 3254 5756 advecta
3283 5718 3537 5825 ruspano

1897 5771 2119 5844 auctori
2167 5776 2359 5844 extera
2403 5770 2759 5844 videbatur,
2804 5788 2839 5844 re
2882 5770 3071 5844 patria
3112 5770 3333 5843 origine
3424 5770 3537 5826 uit-

1896 5843 2105 5917 prandi
2136 5840 2373 5917 consule
2413 5859 2720 5917 censuram
2750 5840 2959 5899 Bivarii
2993 5843 3065 5899 ad
3096 5840 3292 5913 ﬁnem,
3324 5845 3383 5898 et
3411 5859 3538 5915 qua}

1896 5913 2151 5972 diximus
2184 5914 2243 5970 in
2273 5913 2541 5969 Chronici
2575 5914 2728 5969 notis
2758 5931 2921 5970 num.
2953 5918 3043 5971 62.
