4054 6382
494 395 651 497 ftis

490 568 576 626 En
604 567 858 642 patriam
888 566 1094 640 repetit
1122 569 1208 623 tot
1230 566 1357 641 jam
1390 565 1753 623 volventibus
1786 566 1979 633 annis,

559 658 629 714 Et
656 656 1001 714 Laletanum
1034 657 1281 730 sospitat
1308 655 1408 712 illa
1437 654 1651 712 solum.

487 746 862 803 Transmittit
890 744 1134 819 pelagus
1164 762 1375 818 supero
1407 751 1699 819 praeeunte
1732 744 2022 809 ministro,

561 835 731 891 Paret
758 840 816 891 et
842 835 1089 908 imperio
1120 839 1330 891 ventus
1361 840 1417 890 et
1446 835 1606 890 unda
1635 851 1761 889 sno.

487 924 572 982 Ex
600 922 886 980 Celtibera
904 923 1131 997 genitor
1158 924 1271 979 fuit
1302 924 1444 979 urbe
1473 923 1801 996 profectus;

561 1012 779 1086 Illeque
809 1029 956 1085 quos
987 1012 1220 1069 deamat
1246 998 1369 1068 ﬁlia
1397 1011 1612 1068 Thecla
1642 1013 1810 1068 fovet.

488 1100 632 1160 Ecce
663 1101 1061 1174 Luitprandus
1086 1103 1213 1173 jam
1245 1118 1360 1158 non
1392 1118 1575 1157 novus
1606 1101 1800 1157 incola
1821 1105 1992 1158 terrae

561 1191 852 1264 Hispania,
879 1195 1177 1247 externam
1208 1190 1466 1247 carmine
1494 1190 1663 1246 laetus
1693 1190 1833 1247 adit.

488 1279 717 1353 Accipe,
751 1297 878 1353 quae
910 1280 1156 1354 supplex
1181 1279 1308 1349 tibi,
1340 1280 1524 1353 virgo,
1552 1281 1816 1336 carmina
1846 1282 2064 1335 sacrat:

559 1370 815 1439 Pectore,
849 1387 953 1444 pro
968 1367 1224 1443 ‘templo,
1260 1374 1315 1426 te
1347 1385 1597 1441 quoque,
1632 1368 1783 1439 diva,
1810 1368 1972 1441 tegit.

486 1457 645 1516 Felix
673 1460 960 1515 adventus
985 1463 1124 1514 tuus
1153 1462 1243 1514 est
1267 1462 1324 1514 et
1353 1457 1519 1513 laetus
1548 1458 1731 1514 Iberis
1755 1474 1768 1526 ;

560 1549 664 1605 Est
685 1547 832 1615 nihii
863 1547 1111 1604 ulterius
1145 1547 1394 1603 Tarraco
1422 1547 1579 1619 quod
1612 1546 1831 1619 cupiat.

487 1637 571 1695 Te
597 1630 866 1711 veniente
894 1635 1059 1695 salus
1087 1635 1263 1703 venit,
1297 1639 1355 1691 et
1385 1634 1762 1691 sanctissima
1790 1638 1984 1692 tecum

565 1725 821 1797 Imponit
849 1724 999 1780 votis
1026 1723 1282 1797 amplius
1313 1723 1414 1780 illa
1443 1725 1706 1780 modum.

492 1811 559 1870 I-n
590 1808 853 1884 tempere
881 1813 1255 1869 Muzarabum
1273 1817 1397 1869 erat
1408 1810 1664 1869 Ecclesia
1682 1815 2134 1871 Tarraconensis

495 1901 555 1958 8.
588 1896 805 1958 Thecla
833 1905 1020 1958 vetus.

566 1991 656 2047 49.
686 1990 869 2047 Sucro
913 1990 1124 2047 ﬂuvius
1163 1990 1425 2047 nascitur
1450 1992 1509 2048 in
1542 1992 1821 2066 Hispania
1849 1993 1911 2050 in
1941 2000 2139 2052 monte

494 2074 648 2137 dicte
687 2074 1063 2151 Megarutula;
1091 2094 1266 2152 quem
1314 2077 1589 2138 Saraceni
1638 2078 1843 2139 vocant
1871 2088 2138 2157 corrupte

489 2169 821 2242 Meyer-nitu,
853 2185 966 2226 non
1000 2164 1202 2243 procul
1240 2187 1276 2226 a
1304 2170 1505 2235 Turia,
1544 2171 1700 2228 dicto
1746 2173 1924 2229 etiam
1974 2174 2137 2231 Ibero

492 2258 740 2327 minore,
790 2270 826 2315 a
869 2258 1089 2315 Mauris
1138 2258 1498 2315 Gaudalimar
1544 2260 1668 2333 [al.,
1725 2262 2137 2335 Guadalaviar],

493 2342 664 2421 quasi
694 2347 918 2404 diceres
948 2349 1182 2419 ﬂuvium
1210 2341 1372 2422 aqua
1400 2350 1675 2406 crudioris
1699 2346 1797 2423 [al,
1828 2352 2135 2425 candidae]:

491 2435 710 2494 transit
734 2452 837 2511 per
864 2437 1071 2493 urbem
1121 2438 1550 2511 cognominem,
1591 2440 1809 2496 dictam
1841 2458 1876 2498 a
1920 2442 2139 2499 Mauris

497 2518 771 2583 Canthum
825 2542 860 2583 a
909 2525 1175 2583 Malaeha
1214 2526 1637 2584 Celtiberorum
1683 2530 1846 2596 urbe,
1890 2532 2047 2588 dicta
2103 2549 2137 2589 a

498 2608 806 2672 Saracenis
854 2614 1047 2684 Malea,
1077 2620 1135 2670 et
1181 2633 1216 2672 a
1259 2610 1561 2673 montibus
1608 2617 1709 2689 qui
1741 2618 2000 2692 Sagunto
2031 2621 2139 2677 im-

499 2702 794 2774 pendent:
828 2716 1006 2774 quam
1026 2702 1317 2757 civitatem
1338 2702 1825 2776 Carthaginenses
1856 2700 2139 2776 demoliti,

502 2788 921 2846 reaediiieantes
949 2791 1337 2862 Carthaginem
1364 2792 1729 2849 Edetanorum
1772 2801 2139 2863 vocaverunt,

503 2877 706 2951 Itaque
734 2879 945 2935 ﬂuvius
975 2878 1070 2936 hic
1093 2880 1273 2936 Sucro
1294 2880 1354 2936 in
1384 2880 1626 2954 pelagus
1654 2883 2139 2943 Mediterraneum

500 2970 773 3024 exeursat
798 2968 920 3040 [al.,
950 2969 1209 3024 exundat
1233 2987 1247 3038 ;
1281 2986 1396 3025 non
1428 2969 1629 3042 procul
1658 2976 1748 3027 est
1775 2990 1807 3028 a
1837 2973 1993 3030 dicta
2013 2974 2143 3031 Car-

498 3055 758 3130 thagine,
791 3060 850 3113 et
877 3056 1052 3113 ﬂuvio
1085 3057 1246 3114 lbere
1278 3058 1522 3114 minore.

564 3146 658 3205 50..
689 3144 908 3219 Duplex
958 3149 1049 3203 est
1101 3148 1402 3221 Segueda:
1454 3146 1637 3204 altera
1684 3154 1860 3223 caput
1908 3150 2141 3209 Bellita-

494 3251 705 3292 norum
736 3234 796 3291 in
830 3233 1160 3301 Celtiberia,
1190 3252 1225 3292 a
1245 3236 1465 3293 Mauris
1494 3236 1652 3294 dicta
1678 3240 1923 3319 B'orgia;
1954 3241 2139 3299 altera

1608 402 2002 495 Aureum):
2046 432 2149 494 AD
2172 400 2787 496 'memnua.

2159 567 2216 635 Α
2243 568 2419 638 caput
2447 564 2595 621 fuit:
2647 581 2827 639 quam
2870 563 3079 620 urbem
3131 560 3323 619 Mauri
3349 566 3556 618 vocant
3596 560 3806 619 δεθείη.
3838 562 3900 619 In

2163 1937 2213 2004 B

3747 412 3900 488 ΗΜ

2240 654 2411 711 tertio
2441 655 2717 711 Toletano
2747 652 2993 710 concilio
3023 652 3332 709 conﬁrmat
3362 650 3658 708 Froisel‘us
3682 650 3901 724 episco-

2241 761 2353 816 pus
2383 743 2766 812 Castellanus,
2793 742 2943 799 alius
2965 743 3036 798 ab
3058 742 3330 815 episcopo
3356 739 3900 813 Castulonensi,qui

2241 832 2322 889 ibi
2355 833 2686 889 confirmat.

2311 922 2401 978 59.
2435 923 2493 979 S.
2528 922 2820 995 Maginus,
2865 920 3011 977 alias
3062 920 3371 985 Maximus,
3399 936 3614 993 passus
3643 923 3735 977 est
3771 934 3896 985 vm,

2243 1012 2320 1068 M.
2357 1012 2416 1067 P.
2432 1028 2466 1066 a
2495 1013 2823 1067 Tarracone
2851 1011 2910 1066 in
2933 1014 3129 1066 monte
3145 1008 3499 1077 Palfuriano,
3522 1012 3593 1065 25
3616 1010 3896 1080 Augusti,

2243 1101 2353 1158 sub
2372 1100 2995 1173 Diocletiano,praeside
3009 1099 3422 1172 Hispaniarum
3436 1099 3717 1170 Daciano,
3740 1115 3898 1154 anno

2243 1191 2367 1245 302.
2405 1190 2536 1246 Fuit
2564 1190 2704 1245 civis
2743 1187 3231 1258 Tarraconensis;
3277 1188 3394 1262 egit
3422 1188 3605 1245 vitam
3636 1188 3901 1245 eremiti-

2243 1295 2397 1335 eam.

2312 1368 2402 1423 60.
2454 1366 2753 1423 Palfurius
2798 1371 2965 1437 Sura,
3014 1368 3103 1423 vir
3150 1366 3501 1430 senatorius.
3552 1365 3900 1439 amicusque

2245 1456 2551 1526 Martialis,
2587 1456 2645 1512 in
2677 1461 2975 1514 senectute
3005 1456 3263 1513 creditur
3291 1456 3400 1512 sub
3427 1454 3672 1512 Claudia
3712 1456 3899 1511 fuisse

2244 1545 2698 1603 Tarraconensis
2742 1550 2975 1619 praeter,
3004 1549 3063 1602 et
3094 1560 3270 1619 prope
3300 1546 3690 1602 Tarraconem
3721 1545 3900 1618 Oppi-

2241 1634 2385 1690 dum
2416 1652 2451 1690 a
2481 1652 2586 1691 suo
2617 1635 2853 1691 nomine
2883 1635 3216 1692 condidisse
3249 1633 3584 1702 Palfuriam,
3611 1652 3646 1691 a
3674 1635 3899 1691 Mauris

2243 1727 2376 1796 post
2404 1728 2677 1796 corrupta
2703 1741 2839 1779 voce
2869 1726 3216 1796 Bufagraﬁa.

2313 1812 2375 1869 6i
2391 1856 2403 1868 .
2424 1815 2644 1886 Corpus
2657 1812 2841 1869 sancti
2856 1812 3219 1886 Sigismundi
3243 1812 3396 1886 regis
3417 1811 3898 1886 Burgundiorum

2245 1904 2301 1957 et
2331 1901 2606 1974 martyris
2638 1901 2897 1957 ablatum
2944 1902 3015 1957 ab
3062 1901 3206 1958 urbe
3236 1902 3495 1969 Seduno,
3538 1902 3611 1958 ad
3642 1905 3898 1960 tractum

2247 1991 2737 2047 Bareinonensem
2770 1990 3029 2048 eraditur
3059 1991 3340 2057 delatum,
3372 1995 3429 2048 et
3460 1990 3519 2047 in
3542 1996 3741 2049 monte
3763 1994 3902 2050 Tes-

2245 2080 2417 2135 biade
2438 2080 2769 2152 depositum
2795 2097 2808 2136 :
2830 2096 3005 2152 quem
3036 2083 3293 2136 montem
3317 2079 3504 2136 Mauri
3528 2090 3665 2137 voce
3695 2080 3900 2137 decuro

2245 2171 2368 2225 tata
2393 2173 2604 2225 vocant
2630 2173 2904 2225 Monseve.

2318 2259 2406 2314 62.
2439 2262 2495 2314 S.
2530 2257 2757 2314 Salvius
2788 2258 3096 2331 episc0pus
3115 2257 3547 2326 Ambianensis,
3570 2262 3628 2316 et
3652 2263 3897 2334 martyr,

2248 2347 2505 2403 creditur
2538 2346 2750 2403 allatus
2773 2363 2951 2421 prope
2974 2347 3355 2403 Barcinonem
3378 2352 3444 2403 ut
3469 2348 3526 2404 S.
3551 2347 3900 2406 Valentinus

2248 2436 2556 2509 episcopus
2588 2441 2644 2492 et
2672 2441 2893 2511 martyr
2939 2438 3136 2510 (quem
3167 2436 3262 2493 alii
3293 2436 3518 2494 faciunt
3556 2437 3900 2494 Interamnii

2251 2522 2425 2581 Flavii
2458 2525 2516 2581 in
2550 2525 2831 2599 Hispania
2877 2527 3238 2600 episcopum,
3275 2526 3371 2582 alii
3418 2530 3617 2583 autem
3663 2526 3898 2599 Italum,

2251 2614 2445 2670 Romae
2470 2631 2714 2689 passum
2737 2615 2848 2671 sub
2861 2615 3505 2688 Trajano-imperatore)
3517 2615 3590 2671 ad
3608 2620 3901 2673 monaste-

2250 2702 2405 2758 rium
2457 2705 2751 2777 quoddam
2794 2722 2970 2778 prope
3018 2705 3393 2761 Rubrieatam
3441 2704 3688 2774 urbem;
3740 2722 3900 2761 nunc

2250 2790 2554 2848 Man-rosam
2602 2793 2824 2848 dicunt.
2852 2791 2989 2847 Allii
3021 2796 3227 2865 putant
3269 2792 3450 2865 hujus
3481 2791 3645 2848 urbis
3676 2791 3899 2850 Intera-

2252 2881 2399 2936 mnii
2431 2881 2613 2938 tuisse
2642 2882 3035 2938 confessorem
3066 2882 3427 2955 episcopum.

2322 2973 2409 3028 63.
2446 2971 2722 3044 Reliquiae
2753 2972 2811 3027 S.
2845 2970 3105 3028 Baudelli
3137 2970 3362 3028 diaconi
3395 2975 3451 3027 et
3480 2969 3758 3045 martyris
3786 2972 3900 3028 Ne-

2253 3060 2583 3117 mausensis
2607 3059 3210 3137 [al.,Mamausensis],
3231 3060 3583 3117 subJuliano
3605 3061 3768 3133 passi
3792 3079 3899 3135 pro

2252 3147 2387 3217 ﬁdo,
2435 3148 2640 3205 delata:
2698 3154 2836 3206 sunt
2892 3150 3115 3206 Rodam
3169 3149 3479 3222 (civitatem
3532 3150 3899 3206 maritimam

2253 3253 2431 3309 prope
2462 3237 2773 3312 Indigetes)
2796 3243 2853 3294 et
2869 3237 3135 3295 Toletum
3161 3254 3174 3295 :
3209 3256 3337 3312 quae
3368 3243 3501 3313 post
3529 3238 3735 3296 delata:
3758 3245 3902 3296 sunt

493 3323 555 3380 in
592 3323 884 3390 Arevacis,
934 3324 1092 3381 dicta
1130 3325 1456 3381 Baleranica
1500 3344 1533 3382 a
1577 3311 1905 3386 Saracenis.
1955 3330 2137 3388 Titios
2169 3311 2212 3378 C
2250 3324 2310 3380 in
2342 3342 2475 3382 arca
2503 3343 2670 3384 sacra
2701 3311 2964 3383 0Vetum.

492 3412 743 3487 populos
780 3413 978 3470 Thaust
1002 3418 1353 3470 vocaverunt
1371 3416 1665 3485 Saraceni,
1717 3418 1870 3475 sicut
1900 3419 2137 3493 Bisgor-

492 3501 726 3575 gitanos
758 3501 926 3558 Gobia
950 3502 1010 3558 in
1058 3503 1189 3575 ripa
1216 3503 1382 3572 Iberi,
1419 3505 1521 3560 ubi
1560 3505 2020 3581 Caesaraugusta.
2052 3511 2137 3566 Ad

494 3589 800 3647 Dertasam
826 3595 967 3647 sunt
993 3591 1306 3664 plusquam
1335 3593 1578 3666 triginta
1628 3595 1826 3669 populi
1870 3598 2137 3655 Romani.

566 3679 659 3735 5|.
684 3678 966 3761 Axeniam
995 3680 1288 3736 civitatem
1319 3681 1378 3736 in
1406 3682 1615 3738 Aristis
1646 3683 1767 3757 [al.,
1802 3686 2024 3761 Anstis]
2046 3706 2142 3761 pu-

496 3765 676 3841 pulis,
706 3766 915 3823 voeant
936 3769 1207 3824 Saraceni
1237 3770 1519 3826 Xixenam.

565 3857 657 3912 52.
698 3855 1015 3913 Colendam
1043 3855 1357 3927 civitatem,
1388 3859 1730 3917 Maluendam
1756 3861 1943 3919 Mauri
1974 3882 2137 3923 voca-

490 3949 727 4027 verunt,
754 3944 914 4017 illius
944 3944 1171 4015 colonia
1202 3946 1505 4004 immunis.

560 4036 652 4092 53.
686 4028 855 4109 Belsa
881 4036 1013 4109 post
1044 4035 1228 4093 Oriola
1254 4040 1343 4093 est
1366 4037 1543 4093 dicta.

528 4199 535 4205 .
561 4120 652 4180 54.
686 4120 861 4192 Oeile,
895 4125 994 4181 ubi
1025 4129 1318 4182 mercatus
1367 4127 1477 4183 fuit
1506 4127 1898 4202 Hispanorum
1928 4132 2136 4189 Areva-

490 4227 714 4284 eorum,
745 4213 1046 4270 decurtato
1075 4214 1357 4270 vocabulo
1388 4221 1798 4291 corruptaque,
1831 4222 2012 4277 Mauri
2037 4240 2135 4279 vo-

488 4300 624 4383 cant
653 4301 910 4368 Ciria(ab
937 4301 1254 4372 0ci1i,Cilia
1278 4304 1467 4376 prius)
1485 4308 1542 4361 et
1560 4306 1753 4363 adhuc
1776 4311 2134 4383 corruptius,

498 4391 690 4447 Cinar.

559 4478 651 4535 55.
685 4462 1047 4537 Conﬂuentia
1092 4481 1226 4537 finis
1274 4482 1659 4540 Arovaeorum
1691 4488 1780 4541 est
1809 4485 2133 4559 Villanova,

490 4566 551 4624 in
583 4561 896 4625 continenti
927 4568 1238 4626 ﬂuminum
1264 4569 1521 4627 Arlanzae
1543 4575 1599 4628 et
1627 4572 1989 4644 Arlanzonis,
2008 4596 2134 4651 quin

493 4654 573 4712 ibi
597 4650 952 4729 junguntur.

560 4745 652 4801 56.
684 4736 954 4801 Civiiates
994 4745 1103 4802 has
1154 4747 1213 4803 in
1244 4749 1511 4806 Arevaeis
1559 4750 1723 4820 sitas,
1771 4756 1828 4809 et
1874 4755 1931 4809 in
1964 4754 2133 4813 Celti-

488 4833 671 4917 beria,
720 4830 1089 4903 Pallantium,
1140 4836 1467 4915 Bertangam
1513 4840 1699 4896 Mauri
1748 4851 2131 4916 vocaverunt;

487 4918 843 4998 Galagurim,
900 4925 1257 4995 Calervcgam
1277 4943 1299 4989 ;
1340 4927 1636 5001 Sigedam,
1670 4932 1841 4987 Caius
1861 4952 1884 4999 ,-
1914 4933 2132 4993 Lauro-

485 5031 646 5081 nam,
686 5015 970 5071 Varxones.

551 5096 643 5161 57.
676 5102 854 5172 Ausa,
884 5098 977 5159 vel
1021 5104 1275 5168 Ausona,
1325 5104 1385 5159 in
1415 5104 1646 5178 populis
1678 5109 1985 5166 Ausetanis
2016 5117 2126 5182 est,

482 5194 746 5265 tempore
806 5196 1138 5248 Maurorum
1190 5193 1349 5249 dicta
1393 5197 1669 5263 Manresa,
1721 5197 1876 5253 sicut
1922 5200 2128 5274 Egara,

483 5281 702 5351 Beseda,
730 5281 821 5338 vel
851 5280 1060 5355 Bosque
1105 5282 1171 5338 de
1198 5278 1477 5339 Malatesta
1508 5281 1630 5357 [al.,
1665 5285 1968 5344 Malalosca.
2008 5291 2133 5347 Vide

487 5384 544 5423 η.
575 5370 689 5441 68].

556 5457 648 5511 58.
681 5457 744 5513 In
775 5459 1036 5515 conciliis
1059 5458 1358 5517 Toletanis
1379 5461 1531 5517 alius
1565 5463 1675 5520 fuit
1705 5464 2014 5539 episcopus
2030 5468 2132 5526 Ca-

484 5544 866 5615 stulonensis,
881 5550 938 5602 et
955 5546 1240 5605 Castellan
1250 5566 1338 5619 us;
1363 5552 1421 5606 in
1443 5550 1788 5611 Castellanis
1803 5555 2128 5615 Castellum

556 5722 645 5780 66.
680 5723 869 5781 Locus
900 5722 959 5781 in
990 5725 1259 5798 originali
1288 5733 1618 5802 corruptus.

2316 3415 2405 3469 64.
2439 3414 2693 3488 Septimo
2723 3416 3081 3488 Septembris
3103 3432 3277 3488 passa
3305 3418 3393 3472 est
3417 3418 3621 3472 sancta
3650 3417 3816 3490 virgo
3839 3420 3904 3473 et

2249 3506 2470 3577 martyr
2501 3504 2722 3578 Regina
2752 3506 2906 3578 apud
2936 3506 3142 3562 urbem
3172 3504 3436 3574 Alisiam,
3471 3505 3529 3560 in
3562 3505 3899 3562 confinibus

2249 3593 2561 3649 Lusitaniae
2619 3598 2676 3649 et
2731 3594 3106 3666 Carpetania,
3170 3595 3279 3652 sub
3347 3595 3565 3652 Olibrio
3624 3596 3900 3668 praefecto

2248 3681 2684 3754 Hispaniarum,
2729 3684 2839 3739 sub
2903 3684 3288 3741 Diocletiano:
3321 3684 3490 3756 cujus
3516 3683 3754 3757 reliquae
3801 3684 3901 3739 de-

2247 3769 2376 3826 lata:
2407 3776 2546 3828 sunt
2593 3772 2702 3829 sub
2751 3773 3055 3829 Saracenis
3098 3773 3170 3829 ad
3201 3772 3557 3830 territorium
3600 3773 3898 3847 Augusto-

2247 3859 2528 3917 dunense.
2554 3862 2741 3918 Mauri
2765 3862 2969 3918 urbem
2999 3861 3239 3919 Alisiam
3262 3866 3615 3919 vocaverunt
3642 3863 3897 3919 Atixam.

2316 3951 2406 4004 65.
2441 3950 2626 4006 Mauri
2677 3952 2996 4007 creduntur
3043 3968 3173 4008 esse
3215 3951 3552 4026 depopulati
3601 3951 3897 4009 civitatem

2245 4037 2515 4111 Egaram,
2536 4038 2675 4095 olim
2694 4041 2893 4096 sedem
2914 4040 3323 4113 episcopalem,
3348 4058 3474 4114 quae
3486 4044 3751 4113 tempore
3764 4041 3901 4097 Got-

2246 4127 2482 4183 thorum
2515 4128 2715 4185 civitas
2735 4129 2844 4185 fuit
2872 4129 3241 4203 amplissima
3264 4149 3278 4201 ;
3301 4130 3472 4204 cujus
3495 4129 3680 4186 ruinae
3702 4130 3763 4185 in
3787 4130 3894 4185 La-

2245 4214 2471 4272 letanize
2529 4218 2646 4274 ﬁne
2689 4217 2961 4275 visuntur
3017 4234 3196 4292 prepe
3243 4218 3535 4275 civitatem
3585 4219 3806 4286 Basim,
3835 4223 3898 4275 et

2244 4309 2512 4363 exortum
2546 4308 2852 4380 fontesque
2901 4307 3164 4365 ﬂuminis
3211 4307 3496 4375 Clodiani,
3531 4307 3615 4363 sic
3645 4324 3680 4363 a
3709 4307 3893 4363 nobili

2245 4394 2505 4451 Romano
2537 4395 2734 4452 Clodio
2765 4398 2971 4453 vocati.
3004 4396 3190 4453 Habet
3235 4396 3516 4453 terminos
3558 4392 3767 4452 Bordel
3804 4395 3895 4451 di-

2245 4487 2403 4539 ctum
2455 4486 2691 4553 Burdus,
2748 4484 2980 4558 Palada,
3032 4502 3188 4541 nunc
3234 4486 3524 4553 Paludem,
3574 4486 3889 4553 Montesam,

2244 4578 2502 4630 montem
2527 4591 2832 4648 magnum,
2857 4574 3227 4648 Tespiadem,
3250 4578 3307 4631 et
3327 4575 3622 4644 Povellam,
3646 4568 3713 4630 ut
3734 4590 3892 4629 nunc

2166 4684 2213 4748 Β
2245 4680 2457 4721 nomen
2484 4665 2677 4722 habet.

2315 4755 2405 4810 66.
2440 4754 2650 4812 Bentas
2680 4753 2868 4811 sualdi
2901 4772 3004 4828 pro
3036 4753 3333 4810 Emilianaa
3365 4752 3707 4810 Montesano
3739 4753 3893 4808 facta

2243 4848 2332 4900 est
2361 4849 2493 4901 ante
2525 4844 2575 4914 Ι,
2609 4844 2897 4901 Toletum.

2312 4935 2402 4989 67.
2438 4932 2723 5008 Lugodini
2757 4933 2815 4989 in
2841 4932 3164 5001 Lusitania,
3207 4947 3383 5006 quam
3413 4932 3622 4988 urbem
3651 4946 3888 4988 vocave-

2242 5029 2380 5078 runt
2409 5023 2597 5079 Mauri
2623 5024 3018 5094 l’itigodinum,
3041 5023 3100 5079 S.
3118 5022 3350 5090 Justus,
3376 5024 3443 5078 ut
3472 5021 3891 5092 creditur,epi-

2242 5129 2453 5186 scopas
2483 5113 2814 5185 Egarensis,
2864 5113 2964 5185 qui
2996 5111 3239 5169 concilio
3287 5112 3482 5185 Egerae
3535 5114 3889 5184 congregato

2241 5201 2609 5275 subscripsit,
2641 5206 2698 5258 et
2720 5202 2959 5258 Amicus
2985 5201 3318 5275 episcopus.

2308 5292 2397 5346 68.
2426 5293 2607 5357 Quam
2635 5291 2838 5348 urbem
2861 5296 3211 5348 vocaverunt
3230 5288 3427 5347 Gotthi
3459 5292 3730 5362 corrupte
3749 5289 3887 5358 Ερα-

2237 5399 2380 5452 ram,
2430 5386 2786 5437 vocauerunt
2832 5381 3014 5438 Latini
3061 5380 3329 5437 Basedam
3369 5380 3429 5436 in
3495 5375 3880 5445 Castellanis;

2240 5472 2411 5541 cujus
2441 5470 2709 5526 meminit
2736 5470 3079 5528 Ptolemaeus
3109 5472 3253 5544 (vide
3277 5489 3335 5527 η.
3366 5472 3480 5540 57).

2306 5561 2396 5617 69.
2429 5560 2563 5616 [Era
2607 5559 2748 5615 Caes.
2795 5562 2900 5616 759
2932 5561 3186 5619 Joannes
3217 5560 3545 5637 Egarensis,
3587 5561 3884 5618 destructa
