4054 6382
488 343 648 402 11ὂῦ

1595 336 1992 398 APPENDIX
2034 337 2139 398 AD
2183 337 2780 400 LlUTPRANDUM.

3754 341 3905 400 1156

490 474 796 532 Evantium
826 471 1116 540 comitem,
1149 475 1207 526 et
1234 471 1441 526 ducem
1475 469 1819 542 Eugenium,
1853 471 1952 542 qui
2003 473 2134 541 post
2163 473 2217 540 Α
2318 469 2438 526 140.
2474 471 2752 526 Evantius
2801 470 3246 528 archidiaconus
3293 471 3613 529 Toletanus
3667 472 3783 528 fuit
3813 490 3908 545 pa-

491 564 602 619 fuit
632 561 1106 634 archiepiscopus
1120 558 1697 626 Toletanus;Luciam
1729 563 1787 614 et
1806 557 2128 613 Evantiam:

488 653 610 708 haec
641 650 838 724 nupsit
866 649 1136 722 Ophiloni
1189 647 1448 703 Palatino
1475 665 1487 716 ;
1523 647 1623 702 illa
1649 647 1962 719 Stephano,
1996 646 2133 704 ﬁliis

413 764 417 768 -
487 739 640 812 regis
663 736 1342 810 Athanagildi,fratribus
1363 735 1697 808 reginarum
1728 735 2134 792 Brunechildis

485 833 543 885 et
571 826 946 884 Galasinthae.
980 825 1187 898 Ophilo
1231 825 1434 898 genuit
1485 823 1850 896 Ophilonem,
1883 823 2133 879 Cubicu-

486 917 767 973 lariorum
799 916 1070 972 comitem
1105 918 1162 970 et
1191 914 1420 981 ducem,
1456 929 1524 968 ex
1554 930 1669 985 quo
1717 912 2134 968 Toletanorum

485 1005 736 1072 domus;
765 1007 824 1058 at
855 1001 1187 1074 Stephanus
1217 1000 1420 1072 genuit
1451 999 1807 1056 Ildefonsum
1838 1000 2135 1056 sanctissi-

485 1109 651 1148 mum
681 1090 1184 1162 archiepiscopum
1214 1088 1582 1145 Toletanum.
1615 1089 1946 1161 Stephanus
1975 1092 2033 1144 et
2063 1089 2134 1145 O-

486 1181 645 1254 philo
690 1221 702 1236 .
747 1222 761 1237 .
806 1222 818 1235 .
861 1179 1093 1251 [videtur
1122 1178 1402 1251 legendum
1423 1178 1774 1249 habuerunt]
1793 1178 2028 1234 fratrem
2047 1195 2137 1234 co-

486 1270 687 1326 mitem
723 1268 1092 1325 Scantiarum
1124 1267 1392 1336 Fonsam,
1426 1283 1692 1324 socerum
1724 1265 1877 1339 regis
1918 1267 2135 1323 Becca-

484 1358 856 1431 redi,patrem
885 1357 1094 1429 reginae
1128 1355 1419 1428 Badac;qui
1449 1359 1566 1411 tres
1598 1356 1949 1410 conﬁrmant
1964 1355 2134 1411 tertio

486 1447 767 1503 Toletano
789 1443 1242 1501 concilio.Filius
1271 1444 1576 1517 Ophilonis
1603 1443 1812 1516 Ophilo
1830 1443 2136 1500 conﬁrmat

487 1535 734 1592 concilio
766 1534 1044 1590 Toletano
1066 1550 1166 1588 VIII
1198 1532 1453 1588 secundo
1483 1531 1608 1588 loco
1641 1532 1792 1587 inter
1820 1531 2132 1601 Palatinos;

488 1626 798 1681 conﬁrmat
822 1627 878 1678 et
905 1621 1203 1690 Nicolaus,
1235 1625 1301 1676 ut
1328 1637 1525 1677 comes
1553 1621 1944 1676 Scantiarum.

560 1715 686 1769 132.
724 1718 870 1768 Dum
902 1711 984 1766 fui
1041 1710 1254 1777 Fuldas,
1282 1710 1341 1766 in
1373 1709 1725 1765 bibliotheca
1754 1710 1938 1782 reperi
1970 1713 2133 1765 vetu-

489 1802 821 1859 stissimum
852 1801 1111 1856 codicem
1139 1799 1414 1855 Antonini
1445 1798 1666 1864 Pii,ubi
1699 1799 1768 1854 in"
1788 1798 2134 1855 difﬁcillimo

490 1893 698 1949 itinere
729 1891 801 1946 ab
832 1890 978 1946 ostio
1010 1889 1270 1944 fluminis
1320 1891 1454 1943 Anae
1486 1887 1819 1957 Emeritam,
1854 1889 2040 1960 reperi
2075 1889 2135 1944 in

491 1982 756 2055 margine
784 1979 1141 2036 Antoninum
1173 1993 1340 2050 agere
1367 1978 1438 2033 de
1477 1977 1720 2033 ﬂumine
1768 1994 1942 2050 parvo
1987 1982 2133 2045 Ana,

490 2073 590 2144 qui
621 2070 814 2125 inﬂuit
845 2070 901 2123 in
935 2068 1158 2135 Baetim,
1182 2085 1294 2123 non
1328 2066 1528 2139 procul
1560 2067 1838 2122 Beatiazct
1858 2066 2014 2122 hunc
2045 2067 2133 2122 in-

487 2176 755 2233 gressum
787 2163 952 2214 vocat
980 2159 1197 2224 ostium,
1231 2156 1370 2228 quia
1399 2155 1516 2211 illic
1560 2155 1853 2211 clauditur
1899 2159 1955 2210 et
1997 2157 2134 2211 abs-

487 2250 776 2314 conditur,
809 2253 870 2302 ut
905 2247 1002 2318 qui
1037 2264 1138 2318 per
1167 2245 1383 2301 ostium
1417 2246 1596 2300 intrat
1635 2245 1693 2300 in
1744 2246 1984 2299 domum
2018 2262 2133 2316 quo

486 2356 547 2395 se
576 2339 758 2394 abdit.

558 2429 652 2484 Sic
683 2427 902 2483 habent
929 2426 1044 2480 duo
1075 2423 1336 2491 codices;
1370 2423 1642 2479 Praesidio
1675 2441 1784 2478 xxx
1830 2424 1904 2479 M.
1942 2425 2028 2491 P.,
2059 2424 2131 2479 ad

488 2521 717 2576 Rubras
745 2533 918 2584 xxvn,
938 2515 1136 2570 Onova
1161 2531 1357 2580 xxvm,
1380 2512 1546 2584 Illipa
1572 2531 1720 2578 xuv,
1746 2513 1946 2568 Italica
1972 2529 2132 2583 XVIII,

486 2613 684 2666 monte
701 2605 940 2663 Marielo
957 2603 1428 2672 [al.,Mariorum]
1450 2603 1698 2669 M.P.xn,
1723 2603 1800 2656 Cu
1812 2603 2129 2670 ricaxxxvx,

486 2696 826 2754 Contributa
853 2693 1266 2758 xx,Berceta'na
1287 2693 1409 2763 [al.,
1431 2691 1765 2764 Porcajana]
1785 2709 1945 2760 xxm,
1967 2692 2132 2747 Eme-

487 2787 660 2842 ritam
689 2800 844 2838 xxiv.

560 2875 684 2932 133.
713 2871 959 2936 Quidam
993 2869 1213 2925 faciunt
1238 2869 1303 2924 D.
1338 2869 1602 2925 Garsiam
1645 2869 1863 2925 Ramiri
1891 2871 2131 2942 Mageri-

487 2970 714 3020 tensem
766 2959 1158 3023 Muzarabem,
1201 2958 1701 3031 consanguineum
1752 2959 1816 3014 D.
1850 2960 2131 3016 Conterici

487 3048 906 3123 archiepiscopi
967 3047 1254 3115 Toletani,
1312 3048 1411 3119 qui
1481 3039 1768 3120 reparavit
1823 3049 2130 3105 ecclesiam

486 3141 670 3198 sancti
699 3137 976 3212 Torquati
1004 3137 1276 3210 martyris
1304 3137 1564 3193 Toletani
1593 3157 1605 3207 ;
1639 3138 1736 3193 alii
1776 3155 1910 3195 vero
1946 3139 2131 3195 Rede-

2242 563 2412 614 truus
2444 558 2502 612 S.
2536 558 2807 616 Ildefonsi
2845 577 2858 615 :
2893 561 3015 632 qui,
3049 561 3235 618 missa
3265 561 3527 618 saeculari
3559 560 3904 632 militia,vo-

2239 647 2323 702 vit
2351 652 2463 703 Ι).ῖο
2494 647 2741 704 militare
2771 649 3106 721 prudenter.

2316 754 2438 809 141.
2470 760 2527 808 S.
2560 755 2875 827 Eugenius,
2909 760 3155 828 patruus
3181 757 3901 826 S.Ildefonsi,monachus,

2245 858 2278 897 a
2307 843 2454 898 meis
2483 844 2844 916 temporibus
2876 862 2979 917 pro
3012 851 3213 902 sancto
3243 846 3500 920 habitus,
3533 853 3592 903 et
3631 853 3902 920 vocatus,

2244 935 2300 986 et
2328 932 2400 986 ab
2432 933 2708 988 omnibus
2739 932 3013 1006 Hispanis
3042 934 3258 991 cultus.

2317 1022 2438 1075 142.
2489 1023 2547 1077 S.
2595 1021 2890 1078 Helladius
2939 1023 3250 1097 episcopus
3290 1024 3605 1083 Toletanus
3665 1043 3904 1098 semper

2244 1107 2481 1166 habitus
2511 1114 2567 1166 et
2597 1111 2791 1167 cultus
2821 1116 2909 1168 est
2939 1117 3003 1168 ut
3032 1118 3274 1169 sanctus
3309 1132 3321 1182 ;
3353 1115 3454 1170 sed
3487 1115 3720 1171 Gothici
3753 1132 3902 1188 pon-

2242 1198 2450 1267 tiﬁces,
2485 1204 2549 1254 ut
2579 1199 2698 1266 alii,
2733 1218 2847 1256 non
2878 1207 3305 1258 consueverunt
3344 1203 3638 1259 celebrare
3669 1204 3902 1260 confes-

2245 1304 2424 1344 sores.
2460 1289 2588 1344 Fuit
2618 1290 2711 1345 hic
2741 1297 2980 1346 sanctus
3011 1291 3270 1362 pontifex
3297 1296 3470 1349 natus
3513 1292 3701 1350 Toleti
3731 1297 3902 1366 patre

2245 1375 2504 1433 Ilelladio
2535 1378 2817 1446 Palatino,
2850 1382 3402 1454 consanguineoque
3432 1382 3608 1454 Liwze
3649 1383 3748 1454 [αἱ.
3784 1383 3900 1438 Lu-

2243 1465 2365 1539 cizn]
2396 1471 2454 1522 et
2483 1467 2807 1540 Lewigildi,
2839 1469 2962 1524 viro
2992 1448 3394 1538 catholicofut
3423 1448 3534 1526 rint
3570 1448 3750 1528 milis.

2316 1573 2437 1628 143.
2473 1574 2531 1629 S.
2563 1573 2891 1631 lldefonsus
2923 1576 3058 1631 fecit
3085 1576 3116 1631 J
3126 1581 3254 1634 usto
3277 1592 3512 1633 carmen
3543 1575 3897 1650 sepulcrale:

2235 1662 2392 1733 jacet
2421 1663 2491 1716 ad
2524 1663 2589 1718 D.
2626 1663 2992 1719 Leucadiam.

2317 1769 2440 1840 141,
2471 1769 2932 1826 Cindasuinthus
2982 1787 3080 1826 rex
3135 1772 3457 1828 Primatum
3498 1773 3898 1846 Hispanorum

2164 1848 2211 1912 B
2243 1857 2464 1928 (Toleto
2495 1857 2843 1914 translatum
2875 1859 3160 1932 Hispalim
3195 1878 3310 1916 non
3343 1861 3526 1917 multo
3558 1863 3742 1935 prius,
3761 1879 3896 1935 pro-

2246 1950 2372 2018 pter
2403 1946 2668 2002 haeresim
2702 1953 2758 2003 et
2787 1947 3302 2006 Mahometismum
3333 1951 3898 2019 Theodiscii,anno!i

2244 2036 2529 2090 Theodori
2562 2053 2722 2108 papa":
2756 2038 3153 2111 approbantis)
3185 2042 3480 2096 transfert.
3511 2043 3725 2096 Auctor
3755 2041 3900 2096 Ilde-

2244 2125 2449 2181 fonsus
2481 2125 2537 2180 in
2569 2126 2968 2183 additionibus
2999 2129 3068 2184 ad
3102 2129 3422 2185 Chronicon
3444 2129 3714 2203 generale
3733 2146 3900 2186 sanc-

2246 2214 2286 2268 ti
2323 2215 2550 2272 Isidori.

2318 2305 2437 2360 145.
2470 2305 2752 2377 Tempore
2783 2305 3154 2379 captivitatis,
3204 2309 3514 2382 episcopus
3561 2309 3898 2381 patriarcha

2244 2392 2560 2449 Toletanus
2586 2395 2831 2467 degebat
2859 2396 2917 2450 in
2949 2397 3192 2452 ecclesia
3221 2403 3434 2454 sanctae
3467 2399 3660 2454 Mariae
3691 2399 3762 2454 dc
3793 2398 3896 2453 Al-

2245 2483 2389 2538 ﬁcen
2424 2483 2481 2537 in
2512 2489 2567 2539 S.
2599 2485 2790 2550 Justa,
2842 2487 3141 2541 exercebat
3185 2487 3377 2542 oliicia
3425 2488 3808 2560 pontiﬁcalia,
3841 2492 3897 2544 et

2243 2572 2692 2629 administrabat
2721 2580 3106 2642 sacramenta,
3140 2593 3207 2631 ac
3237 2576 3391 2632 horae
3431 2577 3856 2634 recitabantur.

2316 2664 2434 2718 146.
2473 2667 2528 2717 S.
2562 2663 2889 2719 Partemius
2921 2665 3017 2735 [ίιι.
3051 2665 3391 2737 Pathenius]
3442 2667 3553 2721 fuit
3603 2683 3782 2722 causa
3831 2670 3897 2722 ut

2242 2755 2671 2807 converteretur
2701 2753 2773 2808 ad
2806 2753 2979 2808 ﬁdem
3011 2771 3155 2809 uxor
3169 2753 3319 2810 Decii
3349 2755 3589 2810 Caesaris
3620 2755 3899 2827 pradica-

2242 2841 2501 2898 tionibus
2531 2841 2654 2897 suis
2679 2859 2692 2910 ;
2727 2842 2948 2914 patitur
2972 2844 3082 2897 sub
3112 2844 3315 2899 eodem
3348 2843 3729 2916 gravissimos
3760 2861 3894 2900 cru-

2241 2929 2449 2998 ciatus,
2483 2947 2638 2987 anno
2667 2933 2794 2988 260.

2316 3021 2438 3075 147.
2471 3021 2856 3094 Municipium
2886 3022 3296 3098 Burginatum,
3329 3023 3486 3095 quod
3517 3022 3705 3078 Mauri
3735 3039 3901 3079 voca-

2241 3114 2448 3164 verunt
2477 3113 2756 3180 But-arar,
2788 3129 2861 3167 xx
2893 3113 2967 3169 M.
3019 3115 3077 3168 Ρ·
3123 3113 3274 3169 Osca
3317 3114 3437 3185 [al.,
3470 3112 3639 3183 Orca]
3673 3112 3897 3168 Baetica

486 3231 586 3287 rici
620 3230 774 3303 regis
807 3199 1500 3300 D‘apiferumvpersenem,
1535 3199 1724 3283 virum
1757 3229 1942 3301 pium,
1968 3230 2132 3285 devo-
2164 3219 2207 3286 C
2247 3199 2458 3303 Oppii?
2489 3200 3112 3303 distaﬁs»a,?‘°’{’{ani?
3132 3201 3649 3303 99'03‘8Tmé‘ﬁm
3673 3201 3900 3303 0???“

483 3321 782 3376 tissimum
817 3319 875 3374 B.
912 3317 1171 3389 Virginis
1204 3316 1633 3372 Antiochensis.

555 3409 885 3480 134.1mago
919 3407 981 3461 B.
1017 3405 1210 3460 Marias
1238 3406 1307 3460 de
1339 3405 1630 3475 Praesidio,
1664 3425 1792 3479 quae
1825 3412 1913 3462 est
1941 3412 1997 3462 et
2031 3407 2137 3463 fuit

485 3499 545 3554 in
575 3497 818 3553 ecclesia
840 3499 1052 3550 sanctae
1079 3496 1258 3549 Justze
1277 3495 1398 3567 (ubi
1427 3495 1694 3550 vixerunt.
1715 3496 2134 3569 archiepiscopi

487 3585 774 3654 Toletani)
805 3588 893 3638 est
924 3600 955 3637 a
984 3581 1345 3654 temporibus
1375 3583 1714 3639 Gothorum.

560 3675 685 3729 135.
718 3671 1076 3742 Euphemius
1109 3672 1393 3741 reparavit
1419 3671 1722 3727 ecclesiam
1755 3674 2001 3729 S.Justae
2031 3677 2138 3730 To-

491 3763 612 3830 leti,
646 3777 824 3834 quam
856 3760 1025 3815 condi
1075 3760 1257 3830 jussit
1292 3760 1531 3816 Santina
1559 3779 1704 3816 uxor
1750 3763 1902 3836 regis
1950 3765 2135 3821 Theo-

493 3851 674 3909 dorici
704 3848 1207 3922 Ostrogothorum.

561 3942 684 3997 136.
718 3937 1027 4011 Anatorgis
1057 3937 1259 3993 civitas
1291 3940 1399 4005 est,
1433 3954 1611 4010 quam
1661 3941 1931 3996 Saraceni
1977 3960 2138 4000 voca-

493 4033 700 4088 verunt
735 4030 880 4095 Vens,
925 4043 1102 4099 quam
1153 4026 1376 4083 rivulus
1423 4030 1783 4100 praeterfluit.
1819 4031 1940 4086 Huc
1987 4032 2138 4106 fugit

489 4121 591 4177 Cn.
625 4117 934 4194 Pompeius
984 4115 1352 4172 tumultum:
1407 4134 1520 4190 quo
1569 4135 1632 4174 se
1676 4119 1882 4191 recipit
1928 4127 2138 4179 vocant

491 4210 786 4279 Iznatoraf,
813 4205 899 4262 vel
932 4210 1190 4260 montem
1222 4209 1498 4262 terreum.

561 4299 684 4354 137.
718 4297 964 4352 Sanctus
997 4295 1166 4350 Latro
1195 4293 1371 4365 (sicut
1400 4295 1511 4367 legi
1556 4297 1616 4352 in
1663 4295 1828 4354 libris
1879 4299 2136 4358 Gothicis

490 4385 852 4443 bibliothecae
887 4381 1211 4453 Fuldensis,
1245 4383 1305 4438 in
1348 4382 1715 4441 collectaneis
1763 4386 1820 4441 S.
1855 4386 2133 4456 Melantii,

490 4481 549 4533 et
576 4476 636 4530 in
669 4474 816 4528 libro
849 4473 918 4528 de
949 4472 1222 4544 passione
1253 4473 1439 4527 sancti
1471 4473 2136 4548 Serraniarchiepiscopi

2247 3289 2546 3345 conditum
2567 3290 3109 3361 antiquitus,Mauri
3132 3291 3565 3359 diruerunt;ubi
3587 3289 3900 3364 gentilium

2246 3383 2504 3450 tempore
2537 3377 2643 3433 fuit
2674 3379 2913 3435 celebris
2946 3380 3343 3435 nundinarum
3394 3384 3717 3436 conventus
3752 3398 3768 3448 ;
3800 3379 3904 3437 ubi

2249 3467 2484 3523 fuerunt
2513 3469 2627 3524 duo
2661 3467 2846 3523 sancti
2878 3469 2997 3540 (qui
3021 3469 3340 3524 creduntur
3358 3469 3668 3540 martyres)
3691 3471 3752 3525 21
3781 3472 3900 3525 Au-

2245 3557 2422 3627 gusti,
2455 3557 2797 3612 Vincentius
2828 3563 2883 3612 ct
2911 3558 3203 3626 Julianus,
3238 3575 3371 3613 cum
3403 3557 3662 3631 sociis,in
3689 3558 3899 3631 primis

2249 3646 2512 3701 Ecclesia:
2543 3647 3070 3718 persecutionibus.
3113 3649 3379 3702 Creditur
3398 3646 3662 3702 dirutum
3687 3653 3901 3703 aSara—

2247 3736 2426 3802 cenis,
2460 3753 2593 3791 cum
2643 3736 3096 3807 Burginatenses
3141 3738 3494 3818 resisterent.
3539 3738 3642 3793 Est
3689 3738 3897 3810 optimi

2247 3823 2354 3879 soli
2388 3824 2662 3896 caelique;
2697 3829 2850 3880 terra
2903 3827 3061 3881 ferax
3109 3827 3364 3899 frugum,
3418 3827 3467 3882 si
3528 3843 3643 3883 non
3705 3828 3900 3883 desint

2246 3914 2484 3969 imbres.
2517 3914 2619 3969 Hic
2650 3915 2784 3970 ﬁnis
2815 3919 2903 3971 est
2933 3915 3232 3985 Oretanim,
3253 3922 3311 3971 et
3333 3916 3537 3988 incipit
3569 3917 3728 3989 regio
3764 3918 3899 3972 Bas-

2246 4004 2494 4059 tetanize.

2317 4094 2442 4150 148.
2475 4092 2642 4149 Liber
2674 4093 3025 4162 fabularum,
3060 4095 3159 4167 qui
3203 4095 3615 4151 circumfertur
3659 4096 3899 4152 nomine

2245 4183 2439 4255 Escpi
2471 4182 2726 4255 Phrygii;
2761 4183 2975 4238 dicitur
3006 4187 3115 4240 sub
3145 4185 3274 4256 ejus
3308 4185 3546 4240 nomine
3593 4201 3627 4240 a
3665 4189 3898 4242 Socrate

2245 4271 2592 4344 philosopho
2623 4271 2836 4328 editus.

2320 4379 2440 4435 149.
2473 4381 2638 4435 Anno
2669 4380 2774 4434 949
2825 4397 2923 4436 rex
2971 4380 3209 4452 quidam
3254 4381 3602 4451 Saracenus,
3659 4383 3900 4439 nomine

2249 4470 2546 4525 Mahomat
2575 4471 2888 4541 Zaquetus,
2921 4471 3194 4526 dominus
3226 4471 3387 4526 Tritii
3421 4472 3722 4544 [Tritium,
3743 4471 3902 4528 hodie

491 4561 836 4629 Toletani,et
865 4561 922 4615 in
955 4559 1056 4615 lib.
1083 4561 1142 4616 S.
1165 4560 1407 4616 Joannis
1438 4561 1804 4636 Damasceni)
1835 4565 2029 4621 dictus
2050 4569 2140 4622 est
2169 4591 2215 4656 D
2248 4559 2690 4630 Najara],prope
2723 4559 3098 4656 Eiicroniuni,
3129 4559 3336 4656 habuit
3368 4561 3570 4656 ﬁiiam,
3605 4579 3735 4656 quae
3767 4579 3900 4656 c-onf

492 4654 698 4717 Damus,
730 4649 1030 4722 Aigyptius
1061 4649 1322 4721 gentilis:
1359 4650 1458 4722 qui
1492 4651 1740 4706 domina:
1767 4657 1978 4708 nostra;
2005 4671 2138 4710 cum
2169 4647 2209 4656 ”
2249 4665 2488 4704 versans
2537 4664 2671 4702 cum
2720 4647 3087 4716 Christianis,
3129 4649 3421 4721 baptizata
3465 4651 3657 4706 vocari
3716 4650 3902 4708 voluit

489 4739 706 4811 Josepb
740 4738 1087 4810 ingredienti
1116 4739 1796 4812 {Egyptumspoliaturus
1829 4759 2138 4799 eosoccur-

491 4829 604 4898 rit;
639 4827 740 4884 sed
770 4826 895 4882 visa
924 4826 1167 4897 virginis
1201 4829 1505 4894 modestia,
1540 4834 1596 4883 et
1627 4831 1788 4900 pueri
1830 4832 1978 4886 mira
2012 4833 2138 4904 pul-

489 4917 843 4986 chritudine,
899 4919 1124 4970 mutato
1171 4917 1386 4984 animo,
1439 4916 1555 4974 illis
1602 4917 1924 4975 inserviens
1985 4921 2137 4977 viam

489 5007 763 5066 ostendit.

560 5099 682 5155 138.
717 5096 1041 5164 Visitanus,
1075 5096 1384 5168 episcopus
1416 5095 1752 5167 Toletanus,
1773 5114 1842 5154 ex
1869 5099 2134 5174 Vizcaya,

488 5189 664 5243 frater
691 5186 914 5243 domini
945 5184 1435 5257 Zuriaa,principis
1464 5185 1642 5257 hujus
1673 5187 1882 5259 gentis,
1903 5189 1991 5244 vir
2021 5209 2137 5246 ma-

489 5278 826 5348 gnanimus,
860 5280 917 5331 et
948 5277 1018 5330 ad
1053 5275 1207 5330 bona
1236 5279 1566 5346 promptus.

563 5364 684 5418 139.
716 5366 778 5420 In
833 5364 1028 5420 insula
1059 5364 1425 5430 Scombrina,
1475 5380 1653 5436 prope
1703 5364 2135 5440 Carthaginem,

490 5456 750 5523 tempore
774 5453 1146 5526 Alhanagildi
1179 5457 1235 5507 et
1265 5453 1637 5525 sequentium
1687 5471 1889 5528 regum
1923 5458 2136 5515 Gotho-

492 5556 644 5608 rnm,
680 5540 788 5595 fuit
836 5543 1256 5597 monasterium
1303 5542 1361 5597 S.
1397 5542 1631 5598 Martini
1683 5545 1904 5602 ordinis
1951 5549 2138 5605 sancti

442 5683 448 5689 .
492 5627 807 5701 Benedicti,
841 5629 1009 5706 cujus
1039 5631 1220 5691 abbas
1249 5631 1464 5708 insigni
1514 5635 1819 5694 sanctitate
1857 5635 2134 5713 pollebat.

2253 4736 2695 4809 Columba,virgo
2726 4737 2887 4792 mirae
2918 4737 3376 4809 pulchritudinis
3393 4744 3451 4795 et
3474 4739 3898 4812 pietatis.Quod

2249 4842 2382 4881 cum
2417 4830 2579 4896 pater
2609 4825 2892 4892 scivisset,
2927 4843 3075 4899 aegre
3104 4827 3258 4894 tulit,
3282 4832 3338 4884 et
3369 4829 3646 4885 omnibus
3678 4831 3898 4902 quibus

2250 4915 2437 4986 potuit
2467 4914 2845 4980 modis,illam
2879 4933 2912 4971 a
2941 4915 3219 4988 religione
3250 4918 3580 4974 Christiana
3608 4923 3899 4975 transver-

2249 5020 2397 5071 sam,
2430 5004 2502 5058 ad
2533 5004 3121 5061 Mahometanismum
3153 5008 3452 5063 traducere
3488 5013 3732 5065 conatus
3762 5012 3851 5065 est
3881 5025 3895 5064 :

2249 5093 2401 5163 quod
2437 5110 2569 5148 cum
2604 5111 2717 5149 non
2750 5100 2965 5165 posset,
3015 5094 3099 5149 illi
3149 5101 3323 5169 caput
3353 5098 3697 5169 amputavit.
3734 5096 3897 5162 Quod

2245 5199 2378 5236 cum
2413 5181 2513 5238 illa
2543 5184 2816 5239 manibus
2858 5184 3217 5253 sustulisset,
3271 5187 3341 5241 ad
3376 5187 3657 5259 Oppidum
3709 5199 3899 5258 usque

2246 5272 2303 5327 S.
2337 5271 2580 5326 Coloniae
2608 5273 2868 5338 deduxit,
2901 5272 3000 5328 ubi
3033 5274 3182 5330 mira
3215 5274 3424 5346 pietate
3455 5275 3899 5330 circumvicino-

2246 5378 2376 5416 rum
2407 5361 2753 5433 oppidorum
2787 5362 2972 5434 cmpit.
3007 5363 3164 5418 Obiit
3191 5367 3260 5418 ‘28
3289 5365 3446 5420 Maii.

2320 5470 2440 5525 150.
2487 5468 2650 5524 Pater
2705 5470 2832 5539 ejus
2877 5474 3000 5527 erat
3055 5471 3352 5529 Mahomat
3407 5473 3722 5546 Zaquetus,
3781 5471 3898 5527 dux

2244 5558 2398 5630 regis
2429 5558 2730 5629 Cordubae,
2783 5558 2883 5629 qui
2932 5559 3113 5616 ﬁliam
3155 5560 3497 5618 Columbam
3530 5565 3618 5630 (ut
3642 5559 3897 5616 creditur

2247 5665 2281 5709 a
2305 5651 2358 5708 Β.
2393 5647 2624 5712 Victore
2654 5648 2956 5709 Ceracensi
3007 5650 3340 5729 presbytero
3391 5652 3655 5711 edoctam
3687 5648 3894 5710 occidi.
