4054 6450
150 381 312 441 1157

1157 377 1980 442 PSEUDO-LIUTPRANDI
2025 381 2127 442 AD
2141 381 2556 444 VERSARIA.

3404 390 3562 450 I158

141 513 351 583 jussit,
383 516 440 568 et
480 511 773 567 Victorem
818 510 1221 584 presbyterum
1271 512 1338 566 16
1381 510 1473 567 die
1529 510 1798 584 Augusti,
1829 511 1886 580 Α
1987 513 2108 570 162.
2142 513 2397 570 Concilio
2427 513 2748 572 Arelatensi
2789 516 2978 589 primo
3010 518 3324 589 praesident
3351 520 3564 578 Hosius

151 619 309 658 anno
341 598 573 656 Domini
602 600 728 668 950,
763 616 896 654 cum
929 616 1034 672 ego
1066 616 1225 655 eram
1255 600 1460 656 Toleti.

227 692 352 746 151.
385 688 607 745 Natalis
637 687 946 761 episcopus
997 687 1310 745 Toletanus
1362 689 1628 744 interfuit
1671 706 1806 745 con-

152 780 288 836 cilio
319 777 667 846 Romano,in
699 794 814 850 quo
844 777 1042 850 gratiae
1062 781 1201 832 sunt
1231 782 1369 834 actae
1401 783 1635 852 propter
1663 783 1809 834 Con-

156 868 406 926 stantini
438 867 818 938 baptismum,
851 883 1004 922 anno
1035 867 1139 922 324
1173 867 1440 922 interfuit
1468 873 1523 923 et
1553 867 1808 923 subscri-

159 959 282 1032 psit
311 957 556 1014 concilio
585 955 813 1011 Nicaeno
848 973 860 1011 :
895 955 1240 1012 muneribus
1287 957 1538 1011 donatus
1579 974 1612 1013 a
1641 961 1810 1012 Cons-

159 1048 392 1104 tantino
424 1062 556 1102 eum
589 1045 763 1101 Hosio
813 1045 986 1100 rediit
1032 1045 1298 1112 Romam,
1343 1045 1481 1100 inde
1520 1045 1809 1113 Toletum,

163 1137 266 1194 ubi
297 1139 515 1192 statuta
544 1133 770 1190 concilii
801 1133 1089 1207 generalis
1121 1134 1336 1190 servari
1375 1133 1526 1190 fecit.

236 1227 362 1281 152.
397 1224 596 1279 Eidem
641 1223 1082 1294 Constantinus,
1121 1239 1190 1278 ex
1239 1223 1582 1279 auctoritate
1629 1223 1815 1279 sancti

161 1313 424 1371 Silvestri
485 1312 706 1368 summi
763 1311 1081 1383 pontiﬁcis,
1140 1312 1414 1382 injunxit,
1469 1315 1535 1366 ut
1581 1311 1815 1384 primati

163 1405 361 1478 (cujus
393 1401 709 1475 primatum
742 1400 802 1455 in
836 1400 1078 1455 concilio
1124 1401 1354 1456 Nicaeno
1406 1402 1816 1456 conﬁrmatum

164 1493 278 1563 est)
317 1495 385 1546 ut
437 1490 650 1547 comite
698 1489 873 1546 Hosio
919 1490 1280 1546 Cordubensi
1313 1491 1549 1562 juberet
1599 1489 1818 1563 inquiri

162 1585 387 1638 veteres
407 1579 801 1651 Hispanorum
832 1579 1276 1651 episcopatuum
1306 1579 1610 1646 terminos,
1641 1583 1697 1634 et
1720 1594 1820 1635 eos

169 1669 454 1726 renovari.
487 1667 648 1732 Quod
683 1667 903 1723 factum
934 1670 1022 1723 est
1051 1683 1154 1739 per
1182 1671 1332 1724 totos
1359 1672 1580 1739 septem
1612 1684 1816 1738 annos,

167 1757 258 1816 vel
289 1773 516 1825 novem,
551 1755 830 1828 delegatis
853 1755 1221 1828 singularum
1254 1755 1665 1828 metropolium
1699 1756 1818 1828 epi-

171 1848 389 1920 scopis,
421 1845 520 1918 qui
553 1861 656 1918 per
693 1845 960 1902 homines
1001 1845 1260 1900 locorum
1312 1845 1528 1917 peritos
1579 1845 1635 1899 id
1684 1844 1819 1901 sciri
1851 1882 1900 1947 Β

173 1940 467 1995 curarent.

246 2028 371 2082 153.
399 2023 622 2081 Natalis
673 2023 985 2080 Toletanus
1029 2024 1102 2079 ab
1147 2023 1349 2080 exsilio
1397 2024 1646 2092 rediens,
1681 2024 1822 2078 dum

174 2113 489 2172 Mediolani
520 2116 937 2178 commoratur,
967 2112 1136 2184 pulso
1169 2113 1228 2167 in
1274 2113 1544 2168 exsilium
1577 2113 1823 2169 sanctis-

175 2205 328 2261 simo
355 2201 692 2276 Dionysio,a
710 2201 1015 2257 catholicis
1038 2201 1493 2258 Mediolanensis
1514 2204 1824 2275 episc0pus

175 2293 414 2366 eligitur
448 2309 460 2348 :
495 2291 595 2364 qui
622 2290 758 2347 licet
786 2307 848 2346 se
879 2290 1124 2363 gesserit
1151 2296 1217 2347 ut
1245 2291 1495 2348 vicarius
1523 2291 1707 2359 illius,
1739 2308 1824 2345 re-

178 2384 292 2439 bus
321 2387 442 2438 tam
473 2379 746 2454 praeclare
789 2380 970 2453 gestis
1028 2380 1241 2447 ﬂoruit,
1276 2385 1341 2436 ut
1395 2380 1454 2435 in
1513 2397 1826 2435 numerum

182 2476 523 2529 sanctorum
554 2469 769 2526 relatus
802 2469 983 2524 fuisse
1014 2469 1427 2525 dicatur.0biit
1449 2469 1670 2525 mensis
1692 2468 1828 2524 Maii

183 2578 339 2618 anno
369 2561 494 2626 354,
521 2560 609 2614 vir
638 2563 878 2614 sanctus
909 2562 965 2614 et
995 2559 1220 2614 doctus.

257 2648 384 2706 154.
416 2651 663 2705 Sanctus
709 2647 1016 2720 episcopus
1047 2648 1266 2704 Natalis
1314 2646 1648 2718 Toletanus,
1699 2652 1832 2720 post

188 2737 662 2806 Mediolanensis,
698 2736 904 2792 Vitalis
951 2736 1191 2808 Hispani
1219 2735 1374 2792 ﬁlius
1406 2737 1540 2804 fuit,
1572 2753 1751 2808 nepos
1772 2742 1830 2793 S.

187 2827 412 2884 Natalis
441 2826 790 2883 confessoris
835 2825 1117 2893 Romani;
1151 2812 1435 2881 successit
1461 2829 1517 2882 S.
1558 2825 1832 2882 Melantio

190 2916 509 2973 confessori
543 2933 555 2970 :
591 2915 856 2970 interfuit
886 2915 1128 2970 concilio
1161 2914 1477 2970 Arelatensi
1500 2932 1538 2984 ι,
1573 2915 1833 2971 Romano

191 3007 304 3062 sub
332 3005 626 3074 Silvestro,
655 3007 711 3060 et
739 3003 1003 3071 Nicaeno;
1039 3009 1170 3074 post
1217 3003 1352 3059 ﬁdei
1399 3021 1578 3060 causa
1615 3004 1835 3062 missus

191 3095 252 3150 in
285 3093 578 3162 exsilium,
631 3110 918 3160 reversus,
964 3091 1274 3147 Mediolani
1324 3093 1634 3165 episccpus
1680 3091 1838 3165 eligi-

190 3189 318 3254 tur;
354 3187 590 3238 sanctus
619 3181 885 3236 moritur.

1919 605 1975 656 et
2007 603 2120 658 duo
2153 604 2494 676 presbyteri,
2529 604 2696 661 missi
2727 623 2761 660 a
2788 605 3078 662 Silvestro.
3107 607 3322 663 Habuit
3357 610 3566 665 oratio-

1921 707 2051 746 nem
2083 691 2302 746 Natalis
2333 692 2666 762 Toletanus,
2703 697 2758 749 et
2789 694 3026 767 scripsit
3052 695 3361 767 epistolam
3392 715 3566 770 syno-

1919 778 2141 848 dicam;
2166 780 2275 835 fuit
2304 798 2338 835 a
2367 781 2605 837 secretis
2637 781 2865 838 concilii
2895 799 3028 838 cum
3062 783 3196 840 alio.

1992 867 2115 923 163.
2153 869 2500 926 Toletanum
2532 871 2874 942 primatum,
2935 873 3248 944 adjuvante
3276 873 3470 943 Hosio,
3505 875 3564 931 in

1922 956 2164 1012 concilio
2195 957 2426 1013 Nicaeno
2458 958 2815 1015 declaratum
2846 967 2953 1016 est.

1997 1046 2116 1100 164.
2153 1046 2247 1101 Bis
2267 1047 2426 1102 venit
2455 1048 2784 1104 Cordubam
2816 1050 3192 1119 Athanasius,
3217 1051 3434 1108 habitis
3457 1052 3566 1108 ibi-

1924 1135 2057 1190 dem
2116 1135 2347 1192 duobus
2403 1137 2686 1206 conciliis,
2722 1139 2901 1195 semel
2961 1157 3113 1196 anno
3169 1141 3293 1210 350,
3353 1141 3567 1198 iterum

1925 1239 2077 1279 anno
2105 1225 2230 1280 356.

1997 1311 2118 1367 165.
2152 1312 2316 1368 Prior
2344 1315 2730 1383 Sardicensis,
2765 1333 2833 1372 ex
2862 1316 3236 1390 Theophane,
3262 1320 3572 1376 conﬁrmat

1927 1399 2237 1455 concilium
2271 1403 2631 1472 Sardicense,
2655 1405 2746 1458 cui
2775 1404 3090 1461 Toletanus
3110 1405 3372 1463 interfuit
3401 1409 3572 1465 Nata-

1929 1486 2022 1554 lis,
2055 1493 2112 1543 et
2141 1489 2522 1546 Athanasium
2550 1496 2607 1546 et
2635 1492 2878 1548 Paulum
2910 1493 3178 1552 absolvit.

2001 1578 2122 1632 166.
2155 1578 2202 1632 A
2231 1579 2595 1651 temporibus
2627 1581 3022 1652 apostolorum
3047 1583 3302 1640 maxima
3327 1602 3572 1643 consue-

1928 1667 2095 1733 tudo,
2127 1671 2183 1722 et
2211 1669 2478 1738 quaedam
2507 1669 2760 1724 fraterna
2781 1671 3046 1739 societas,
3078 1671 3228 1728 inter
3255 1673 3572 1731 Ecclesiam

1928 1754 2268 1811 Toletanam
2300 1760 2357 1812 et
2386 1757 2896 1815 Mediolanensem.

2005 1845 2125 1898 167.
2149 1844 2554 1901 Athenodorus
2585 1847 2895 1920 episcopus
2920 1848 3125 1905 Plateae
3157 1849 3216 1905 in
3247 1850 3575 1919 Celtiberia,

1931 1932 2019 1989 vel
2047 1933 2560 2001 Thuriasonensis,
2607 1936 2919 1993 comit-atus
2977 1943 3068 1994 est
3124 1944 3397 1996 sanctum
3426 1941 3580 1996 Vita-

1932 2022 2068 2088 lem,
2105 2027 2162 2077 et
2194 2027 2324 2096 post
2351 2028 2599 2078 mortem
2631 2025 2783 2078 redit
2826 2026 2898 2080 ad
2944 2027 3143 2082 sedem
3175 2045 3366 2098 suam,
3399 2029 3578 2086 inter-

1935 2111 2162 2183 fuitque
2195 2112 2440 2168 concilio
2469 2112 2796 2168 Sardicensi
2825 2131 2837 2179 ;
2868 2114 2954 2168 vir
2981 2115 3114 2186 pius
3147 2120 3205 2170 et
3233 2117 3575 2174 catholicus.

2006 2197 2128 2252 168.
2162 2198 2492 2266 Severinus,
2547 2205 2932 2272 cognomento
2974 2202 3304 2273 Euphrada,
3341 2210 3578 2262 sanctus

1935 2290 1992 2342 et
2023 2285 2365 2355 catholicus,
2401 2290 2577 2359 atque
2627 2290 2768 2344 adeo
2815 2307 2967 2344 unus
2999 2307 3066 2344 ex
3114 2291 3319 2364 legatis
3349 2295 3579 2350 concilii

1938 2375 2318 2444 Sardicensis,
2354 2377 2731 2432 substituitur
2770 2378 3111 2449 Euphradze,
3163 2381 3352 2452 primo
3400 2383 3580 2454 hujus

1937 2464 2212 2532 nominis,
2245 2464 2676 2537 Agrippinensi,
2708 2465 2979 2523 hzeretico
3009 2469 3294 2540 deposito.

2011 2553 2132 2608 169.
2165 2553 2222 2608 S.
2257 2554 2587 2622 Gerontius,
2619 2572 2656 2609 Χ
2684 2555 3008 2628 Episcopus
3046 2559 3455 2630 Trajectensis,
3489 2562 3583 2618 di-

1940 2642 2090 2698 citur
2120 2642 2422 2715 privilegio
2472 2643 2748 2714 peculiari
2793 2644 3006 2702 vixisse
3053 2647 3172 2703 fere
3212 2665 3346 2704 cccc
3375 2667 3580 2710 annos.

1942 2731 2036 2788 Sic
2065 2731 2234 2786 multi
2267 2737 2554 2788 auctores.

2012 2821 2134 2874 170.
2165 2821 2224 2876 S.
2259 2820 2471 2876 Hosius
2500 2821 2808 2893 episcopus
2837 2822 3228 2882 Cordubensis
3260 2833 3456 2886 sancte
3487 2846 3588 2886 ca-

1944 2908 2270 2980 tholiceque
2301 2909 2581 2965 Cordubae
2617 2909 2865 2966 moritur
2906 2912 2999 2968 die
3030 2914 3064 2968 3
3095 2915 3251 2984 Maii,
3286 2934 3402 2989 quo
3446 2918 3589 2975 cele-

1943 2999 2148 3053 bratur
2181 3002 2395 3053 sanctae
2427 2999 2619 3054 crucis
2660 2999 2916 3056 inventio
2945 3004 3146 3073 (quam
3191 3003 3586 3063 celebritatem

1944 3087 2070 3158 ipse
2102 3085 2348 3157 petierat
2379 3103 2413 3141 a
2446 3085 2721 3142 Silvestro
2753 3089 3249 3162 Constantinoque
3289 3093 3591 3166 celebrari)

1946 3191 2097 3228 anno
2143 3175 2268 3243 360,
2300 3190 2433 3228 cum
2467 3178 2620 3230 esset
2678 3191 2966 3231 annorum
3026 3179 3147 3247 110,
3203 3183 3589 3251 praesentibus

265 3250 388 3328 155.
418 3270 629 3327 Vitalis
657 3274 820 3343 pater
849 3269 1026 3342 hujus
1076 3270 1134 3324 in
1181 3269 1461 3342 Hispania
1507 3274 1680 3326 natus
1728 3272 1835 3324 est.
1869 3250 1912 3318 C
1952 3261 2151 3318 multis
2209 3260 2496 3334 episcopis
2549 3264 2606 3317 et
2632 3252 2772 3318 viris
2820 3262 3128 3336 religiosis,
3160 3250 3294 3323 dato
3343 3286 3587 3339 veneno,

191 3361 322 3431 Qui,
355 3361 594 3418 veniens
625 3359 682 3415 in
716 3359 965 3426 Italiam,
1001 3359 1201 3432 genuit
1260 3360 1316 3414 S.
1377 3358 1659 3425 Natalem,
1711 3363 1842 3430 post

190 3451 529 3507 Thermedee
561 3449 620 3504 in
653 3448 996 3520 Carpetania
1026 3448 1216 3520 priore
1263 3449 1508 3519 conjuge
1546 3449 1837 3516 defuncta,

193 3540 363 3596 duxit
396 3540 712 3611 Hispanam
759 3554 773 3592 :
815 3555 882 3592 ex
929 3554 1044 3609 qua
1085 3538 1288 3607 genuit
1330 3542 1562 3592 sanctos
1611 3537 1838 3607 fratres,

193 3631 225 3686 J
234 3634 431 3685 ustum
464 3632 521 3684 et
551 3627 1158 3698 Pastorem,martyres
1174 3624 1842 3697 Complutenses.ltaque

195 3722 362 3775 erant
391 3718 598 3773 fratres
628 3715 725 3771 isti
756 3718 1062 3786 martyres,
1095 3717 1151 3770 et
1179 3713 1400 3770 Natalis
1430 3714 1844 3783 Toletanus,ex

194 3811 380 3881 patre.
1203 3846 1210 3859 η

274 3898 394 3952 156.
429 3896 487 3951 S.
521 3894 780 3950 Isidorus
810 3891 1171 3965 Hispalensis
1203 3892 1440 3964 scripsit
1465 3892 1682 3948 librum
1715 3893 1847 3948 Pro-

198 3987 509 4060 phetarum
544 4003 556 4040 :
585 3999 760 4055 quem
792 3999 898 4055 ego
929 3981 1046 4036 vidi
1078 3982 1362 4053 scriptum
1395 3981 1596 4054 lingua
1618 3982 1842 4052 Latina,

199 4073 462 4138 Gothica,
492 4072 716 4146 vulgari
746 4071 1004 4144 Hispana
1033 4074 1088 4126 et
1117 4071 1379 4126 Arabica.

273 4166 395 4220 157.
429 4161 710 4228 Marinus,
741 4161 829 4216 vel
858 4159 1219 4229 Camerinus,
1243 4159 1552 4232 episcopus
1580 4159 1844 4215 Tuccita-

201 4271 336 4322 nus,
396 4252 495 4324 qui
547 4250 812 4306 interfuit
864 4249 1106 4306 concilio
1151 4247 1524 4315 Illiberitano,
1558 4265 1710 4304 anno
1743 4250 1846 4304 300

200 4347 466 4414 tempore
497 4337 1210 4413 persecutionis,Mclantii
1246 4336 1616 4403 confessoris,
1653 4341 1707 4392 et
1737 4337 1846 4392 Na-

200 4429 336 4487 talis
367 4414 1128 4499 successoriscoepisoopus
1151 4425 1505 4493 fuit,Dicitur
1535 4443 1570 4480 a
1601 4425 1844 4496 quibus-

201 4522 340 4576 dam
366 4517 699 4574 interfuisse
729 4515 1074 4581 conciliis,et
1104 4514 1175 4570 ad
1206 4514 1364 4570 hunc
1396 4513 1702 4586 scripsisse
1719 4531 1847 4569 san-

1949 3351 2104 3424 quod
2136 3350 2218 3405 illi
2242 3350 2427 3422 jussit
2441 3351 2735 3423 propinari
2749 3352 3124 3410 Constantius
3147 3356 3204 3409 in
3231 3357 3432 3414 odium
3455 3359 3590 3416 ﬁdei

1950 3439 2245 3496 catholica}
2271 3440 2427 3511 ;quia
2449 3439 2716 3495 noluerat
2735 3441 3080 3497 Arianorum
3103 3449 3319 3500 sectam
3346 3447 3590 3520 impiam

1950 3529 2180 3599 sectari,
2213 3532 2277 3583 ut
2307 3527 2475 3583 multi
2523 3533 2813 3584 testantur
2861 3531 3196 3603 scriptores.
3246 3534 3373 3606 Ipse
3420 3539 3595 3592 teste-

1951 3622 2147 3674 mento
2180 3621 2429 3673 testatus
2461 3621 2551 3674 est
2581 3634 2643 3674 se
2675 3619 2822 3673 mori
2854 3619 2912 3673 in
2944 3620 3057 3676 ﬁde
3086 3623 3312 3678 concilii
3355 3624 3592 3693 Nicaeni,

1952 3712 2009 3763 et
2038 3706 2310 3762 detestari
2337 3707 2553 3779 dogma
2581 3707 2832 3779 impium
2861 3708 3230 3777 Arianorum,
3263 3715 3320 3767 et
3367 3713 3467 3786 qui
3498 3731 3596 3771 eos

1952 3801 2360 3868 sequerentur,
2394 3812 2817 3868 nunquamque
2863 3797 3017 3869 (licet
3059 3799 3146 3854 vis
3195 3799 3280 3854 illi
3332 3802 3407 3856 sit
3437 3802 3600 3860 illata
3709 3835 3718 3842 -

1954 3903 2057 3959 per
2085 3889 2397 3952 tormenta,
2429 3889 2494 3938 ut
2523 3885 2982 3940 communicaret
2999 3887 3191 3942 Sirmii
3217 3905 3351 3944 cum
3373 3891 3599 3948 valente

1953 3980 2009 4031 et
2038 3973 2294 4046 Ursacio)
2327 3972 2497 4029 aliter
2525 3973 2780 4030 sensisse
2812 3980 2912 4029 aut
2942 3975 3310 4046 praedicasse.

2028 4065 2148 4119 171.
2184 4063 2319 4118 Post
2348 4061 2602 4117 reditum
2632 4079 2702 4116 ex
2741 4063 2882 4117 urbe
2930 4063 3163 4132 Sirmio,
3210 4065 3449 4136 scripsit
3494 4067 3603 4123 Ho-

1954 4152 2077 4208 sius
2107 4151 2415 4223 epistolam
2445 4149 2946 4222 Constantio,quae
2976 4150 3179 4223 incipit
3207 4169 3219 4208 :
3251 4154 3359 4224 Ego
3387 4157 3604 4227 confes-

1953 4242 2122 4297 sionis
2151 4257 2350 4294 munus
2378 4240 2602 4310 e'rplevz'.

2025 4329 2151 4384 172.
2186 4332 2413 4394 Petrus,
2448 4329 2830 4399 cognomento
2871 4325 3137 4395 Pulcher,
3171 4331 3228 4384 et
3257 4329 3330 4384 ob
3360 4329 3598 4404 elegan-

1955 4417 2099 4474 tiam
2132 4416 2249 4472 oris
2281 4420 2337 4470 et
2368 4414 2552 4471 multo
2592 4414 2781 4488 magis
2807 4415 2879 4471 ob
2928 4433 3158 4471 morum
3207 4419 3599 4488 sanctitatem,

1956 4508 2098 4563 dum
2112 4509 2381 4578 peragrat
2393 4503 2520 4560 loca
2535 4504 3123 4576 sancta,archiepisco
3129 4523 3240 4578 pus
3260 4506 3598 4577 Toletanus,

200 4613 361 4664 clum
392 4607 725 4680 pontiﬁcem
748 4603 1127 4660 Melchiadem
1153 4603 1282 4672 ;sed
1303 4603 1510 4658 Dexter
1527 4601 1705 4674 hujus
1733 4620 1847 4659 non
1877 4622 1925 4688 D
1956 4595 2224 4688 Damasci
2255 4593 2716 4688 comprehensus
2746 4611 2780 4649 a
2808 4593 3194 4663 Saracenis,et
3223 4595 3603 4688 horribilibus

201 4695 494 4754 meminit.

278 4788 401 4842 158.
435 4788 582 4840 Sunt
630 4785 733 4857 qui
783 4783 981 4839 dicant
1008 4780 1272 4837 Natalem
1325 4781 1502 4838 etiam
1533 4780 1647 4836 dici
1678 4779 1852 4837 Mari-

204 4893 371 4943 num,
403 4874 492 4931 vel
525 4874 920 4941 Camerinum,
951 4873 1053 4928 sed
1085 4887 1412 4944 perperam.

278 4965 403 5021 159.
440 4962 774 5031 Patruinus,
807 4963 1112 5028 Paternus,
1139 4960 1225 5015 vel
1271 4960 1674 5029 Paternianus,
1721 4977 1849 5015 suc-

204 5053 360 5112 cedit
387 5052 447 5109 in
479 5054 613 5110 sede
640 5052 935 5108 Toletana.
970 5051 1103 5106 Post
1132 5065 1334 5105 novem
1356 5052 1412 5105 et
1440 5049 1645 5120 viginti
1667 5066 1852 5105 annos

204 5145 580 5218 episcopatus
610 5141 852 5199 secessit
881 5140 940 5195 in
968 5138 1337 5194 Palastinam
1363 5155 1375 5207 ;
1408 5136 1490 5192 ibi
1538 5138 1602 5193 ﬁt
1649 5154 1851 5193 mona-

204 5233 376 5300 chus,
411 5236 466 5288 et
516 5235 680 5304 pater
728 5228 1344 5298 monachorum;mox
1391 5227 1702 5299 episcopus
1750 5228 1851 5296 ﬁt;

205 5321 458 5378 moritur
487 5321 676 5392 major
703 5319 1059 5376 centenario.

279 5412 404 5467 160.
439 5410 800 5466 Maurentius
832 5409 960 5479 ejus
989 5406 1079 5464 vel
1110 5407 1310 5474 frater,
1357 5404 1443 5461 vel
1495 5404 1855 5461 archidiaco-

207 5519 347 5568 nus,
377 5503 615 5556 secutus
649 5503 756 5556 est.

283 5589 407 5646 161.
440 5587 724 5656 Marinus,
749 5587 836 5645 vel
866 5585 1228 5652 Camerinus,
1260 5585 1449 5642 factus
1497 5587 1588 5642 est
1634 5583 1854 5659 episco-

210 5696 325 5755 pus
355 5677 737 5736 Arelatensis.

1959 4685 2254 4742 cruciatus
2283 4683 2673 4756 suppliciis,et
2703 4683 2760 4738 in
2793 4699 3025 4739 crucem
3059 4685 3604 4752 actus,nobi1econ-

1960 4773 2277 4832 summavit
2307 4772 2652 4845 martyrium
2683 4788 2835 4828 anno
2866 4772 3096 4828 Domini
3126 4774 3251 4829 752.

2034 4866 2154 4919 173.
2189 4863 2313 4918 Duo
2364 4863 2600 4916 fuerunt
2640 4861 3059 4934 archiepiscopi
3109 4862 3371 4920 Toletani
3419 4865 3606 4922 vocati

1961 4952 2210 5027 Olympii
2245 4968 2258 5005 :
2293 4950 2440 5005 alter
2469 4967 2536 5005 ex
2565 4950 2836 5022 episcopo
2882 4951 3164 5017 Thraciae,
3213 4951 3302 5006 vir
3344 4958 3604 5024 sanctus,

1962 5043 2061 5116 qui
2096 5039 2376 5097 successit
2405 5038 2802 5111 Natali,cujus
2835 5039 3188 5096 meminitD.
3219 5041 3605 5113 Augustinus;

1961 5132 2106 5189 alter
2135 5130 2234 5203 qui
2273 5127 2539 5184 interfuit
2584 5127 2857 5184 Toletano
2907 5127 3174 5194 concilio,
3224 5145 3293 5184 ex
3339 5128 3608 5203 episcopo

1964 5218 2306 5287 Oxomensi;
2335 5223 2580 5289 uterque
2608 5221 2802 5272 tamen
2835 5217 3049 5272 nobilis
3079 5218 3346 5289 scriptor.

2035 5313 2158 5366 174.
2192 5310 2394 5365 Petrus
2424 5305 2670 5362 Pulcher
2714 5306 2950 5378 scripsit
2996 5306 3068 5361 ad
3112 5306 3466 5364 Clementem
3499 5307 3612 5382 pri-

1965 5417 2130 5458 mum
2160 5399 2498 5472 episcopum
2530 5395 2957 5468 Hispalensem,
2990 5395 3348 5468 clerumque,
3382 5402 3448 5454 ut
3491 5397 3613 5470 pri-

1966 5509 2115 5556 mas,
2148 5488 2303 5561 quod
2335 5503 2486 5543 anno
2519 5487 2628 5540 747
2658 5483 3089 5541 celebraverunt
3138 5490 3407 5542 sanctum
3455 5485 3614 5545 diem

1967 5579 2198 5636 Pascha:
2224 5578 2293 5632 29
2325 5573 2537 5642 Martii,
2570 5590 2703 5629 cum
2735 5573 3284 5632 essetcelebrandus
3311 5578 3348 5631 2
3374 5574 3614 5650 Aprilis.

1967 5665 2286 5742 Rescripsit
2313 5681 2446 5723 vero
2473 5662 2764 5732 Clemens,
2797 5666 2854 5721 et
2882 5661 3095 5734 clerus,
3127 5664 3348 5740 gratias
3378 5677 3577 5746 agens.
