4050 6392
272 402 435 466 1169

1274 409 2110 485 PSEUDO-LIUTPRANDI
2153 423 2654 494 ADVERSABIA
2669 475 2682 494 .
2769 463 2780 468 -
3541 425 3696 498 H70

265 544 472 641 postea
499 539 656 641 venit
683 539 913 641 Oscam,
950 543 1102 641 unde
1120 544 1918 641 tulit_secum_Laurentium,
1951 560 2008 626 Α
2038 577 2173 632 pore
2197 562 2479 635 Agilanis,
2513 582 2691 622 causa
2712 565 2867 637 fidei,
2893 565 3520 641 quiacatholicuserat,
3551 586 3689 636 cum

264 629 458 687 ﬁlium
487 637 824 726 sanctorum
838 632 1136 726 prentiiet
1155 635 1471 693 Patientiae.
1491 638 1596 696 Per
1609 639 1920 713 Hispanias
2032 629 2188 718 filiis,
2223 629 2502 719 L'eandro,
2551 629 2876 712 Theodosia
2909 629 2980 713 .et
3023 649 3378 726 Florentina,
3426 663 3483 716 et
3504 629 3690 718 'uxore

256 737 534 818 τενθῗδιξὲ
548 721 1174 818 90:11amﬁtlfqntif9x
1194 726 1485 818 MaXiUlUS
1509 746 1522 796 ;
1556 733 1612 784 et
1637 732 1917 801 prmscius
2028 739 2333 796 Theodora
2361 741 2633 811 Cervella,
2669 745 3010 818 Fulgentius
3031 751 3088 802 et
3100 721 3374 814 Isidorus
3391 747 3514 813 nati
3541 752 3690 810 sunt

265 811 530 883 martyrii
549 811 607 866 S.
631 810 1154 901 Laurentiihjussit
1177 814 1518 870 diaconibus
1531 823 1595 872 ut
1616 817 1916 876 Orentium
2026 829 2269 901 Hispali.

260 903 566 1003 parentem
595 899 1006 1003 admonerent,
1031 906 1096 1003 ut
1125 903 1642 1003 iacercttemplum
1675 908 1916 1003 S._Lau'
2093 899 2218 974 253.
2287 919 2517 976 Flavius
2574 921 2802 979 Marcus
2862 923 3139 996 Cervella,
3200 926 3319 983 dux
3373 926 3682 1003 Gothicus,

247 990 446 1046 rentio
473 1005 742 1089 sacrum;
779 990 934 1089 quod
960 995 1012 1046 et
1033 991 1166 1089 fecit
1197 1010 1219 1089 ε.
1241 997 1298 1048 et
1326 998 1910 1089 postcumcopjuge,
2023 1005 2500 1079 Splendidissimo
2531 1010 2940 1083 genere,duxit
2957 990 3195 1071 uxorem
3219 1015 3482 1088 Paulam,
3513 990 3685 1078 femi:-

256 1095 388 1172 qua:
419 1081 712 1151 praecessit
742 1095 877 1134 eum
900 1081 959 1134 in
982 1081 1280 1153 martyrio,
1322 1087 1339 1136 l
1365 1083 1498 1138 Maii
1531 1085 1643 1139 sub
1675 1086 1911 1144 Claudio
2022 1113 2154 1152 nam
2187 1081 2572 1154 clarissimam
2607 1117 2622 1155 :
2655 1115 2722 1156 ex
2753 1101 2969 1172 quibus
2991 1105 3131 1159 nata
3160 1108 3252 1160 est
3279 1081 3478 1169 Flavia
3497 1107 3679 1171 Theo-

253 1167 510 1261 patitur:
550 1256 590 1261 _
636 1255 650 1261 _
782 1257 813 1261 γ’
911 1257 962 1261 Η
1028 1259 1042 1261 _
1087 1259 1095 1261 _
1226 1259 1233 1261 _
2017 1185 2160 1241 dore
2189 1167 2802 1254 Cervella,uxorducis
2823 1190 3139 1261 Severiani,
3167 1167 3675 1254 feminaChristia-

325 1259 452 1314 240.
478 1257 532 1312 S.
550 1255 891 1330 Fulgentius
910 1257 998 1314 bis
1019 1259 1127 1314 fuit
1145 1259 1458 1334 episcopus
1497 1261 1911 1336 Carthagineu-
2017 1274 2281 1330 nissima.
2316 1276 2472 1332 Obiit
2498 1279 2533 1332 6
2561 1278 2718 1334 Maii.
2810 1335 2815 1339 .
3126 1255 3136 1261 ν
3408 1281 3412 1284 ’

251 1347 357 1416 sis,
391 1347 541 1442 inde
554 1345 874 1403 translatus
903 1348 1171 1442 Astigim,
1205 1353 1267 1442 et
1282 1354 1582 1442 postremo
1607 1353 1905 1442 Carthagi-
2085 1366 2210 1420 254.
2247 1365 2479 1421 Restitit
2507 1367 2849 1424 Severianus
2885 1353 3179 1442 Agiuilani,
3214 1374 3272 1426 et
3300 1371 3578 1431 obsessus
3610 1374 3670 1432 in

247 1452 412 1533 nem,
445 1435 545 1533 ubi
571 1452 786 1508 paucos
807 1453 1015 1504 annos,
1038 1438 1186 1494 duos
1215 1438 1500 1507 videlicet,
1533 1441 1674 1496 vixit
1704 1441 1763 1496 in
1795 1443 1904 1498 hoc
2013 1454 2158 1510 urbe
2187 1454 2531 1526 Carthagine
2561 1457 2869 1526 Spartaria
2893 1435 3102 1529 (quam
3121 1435 3294 1523 G'othi
3315 1447 3552 1533 penitus
3575 1477 3672 1520 ex.

247 1526 609 1598 episcopatu.

316 1617 444 1672 241.
479 1617 543 1672 In
569 1614 867 1672 codicibus
911 1616 1356 1674 correctioribus
1390 1617 1702 1674 concilium
1734 1621 1899 1678 Tole-

237 1709 452 1763 tanum
481 1723 517 1762 v
554 1705 824 1772 habetur,
873 1723 987 1761 tera
1018 1723 1277 1775 DCLXXVI,
1309 1724 1460 1764 anno
1504 1709 1694 1781 primo
1726 1710 1898 1767 Suin-

237 1794 476 1852 t’hilani.

310 1886 439 1940 242.
470 1883 670 1954 Paula,
705 1885 776 1940 de
805 1900 1016 1958 genere
1043 1885 1368 1942 clarissimo
1400 1887 1742 1957 Gothorum,
1770 1905 1895 1946 ma-

233 1977 327 2031 ter
354 1974 466 2030 fuit
496 1974 810 2030 Theodorus
825 1973 913 2030 vel
945 1974 1282 2031 Theodosia
1308 1975 1596 2045 Cervellae,
1631 1978 1898 2052 conjugis

234 2063 550 2134 Severiani,
584 2067 892 2136 parentum
945 2064 1213 2132 Leandri,
1266 2063 1600 2135 Theodorm,
1663 2066 1897 2124 Floren-

227 2153 390 2211 tium.
423 2152 710 2226 Fulgentii
741 2156 797 2208 ct
821 2153 1055 2224 Isidori,
1085 2153 1314 2225 quihoc
1347 2155 1551 2210 ordine
1581 2156 1701 2210 nati
1735 2161 1894 2215 sunt.

303 2243 429 2298 243.
462 2242 808 2298 Severianus
859 2242 1024 2298 duxit
1075 2259 1313 2298 uxorem
1349 2243 1719 2300 Theodoram
1765 2251 1895 2302 Ger-

228 2330 444 2388 vellam
489 2329 932 2403 quatuordecim
965 2348 1288 2402 annorum;
1327 2332 1588 2388 nascitur
1621 2351 1773 2390 anno
1804 2351 1894 2390 se-

230 2420 435 2495 quenti
464 2421 744 2487 Leander,
779 2420 1003 2476 scilicet
1049 2422 1157 2476 542
1186 2437 1341 2476 anno
1381 2424 1648 2494 sequenti
1695 2423 1893 2480 Theo-

227 2511 392 2580 dera,
424 2509 514 2565 vel
547 2509 893 2576 Theodosia,
917 2526 1062 2565 uxor
1077 2510 1415 2583 Leovigildi,
1434 2515 1619 2566 mater
1645 2516 1892 2568 Herme-

225 2599 444 2673 negildi
475 2598 748 2671 martyris
780 2602 836 2653 et
867 2599 1165 2655 Recaredi.
1197 2604 1333 2654 Era
1387 2616 1670 2655 nnxxxvm
1707 2600 1893 2657 nasci-

223 2693 325 2745 tur
353 2687 685 2744 Florentina
735 2688 794 2742 in
852 2688 945 2743 die
977 2689 1036 2744 S.
1088 2687 1362 2744 Florentii
1390 2689 1667 2759 martyris
1696 2708 1708 2757 ;
1743 2690 1892 2744 obiit

223 2781 424 2835 sancte
454 2791 608 2832 anno
636 2777 742 2831 610
771 2793 1061 2832 annorum
1095 2776 1415 2849 sexaginta.

289 2867 418 2922 244.
478 2865 875 2922 Theodoricus
924 2881 1023 2920 rex
1071 2865 1560 2939 Ostrogothorum
1609 2867 1766 2922 venit
1825 2867 1884 2922 in

219 2955 587 3029 Hispaniam,
609 2959 666 3011 et
685 2972 788 3027 pro
821 2972 928 3011 suo
943 2958 1149 3027 nepote
1163 2955 1491 3010 Amalarico
1510 2955 1670 3010 illam
1688 2955 1883 3028 plures

219 3062 406 3104 annos
435 3045 604 3112 rexit,
636 3044 916 3116 duxitque
962 3061 1202 3100 uxorem
1234 3043 1418 3100 Toleti
1451 3045 1776 3113 Santinam,
1812 3047 1882 3101 de

218 3137 392 3210 gente
422 3131 790 3190 nobilissima
820 3133 1188 3203 Gotthorum,
1221 3149 1290 3189 ex
1319 3149 1436 3204 qua
1461 3133 1597 3189 tulit
1627 3134 1884 3190 Severia-

217 3240 384 3291 num,
415 3221 783 3296 Carthaginis
816 3222 1144 3278 dominum.

2007 1542 2300 1615 ciderunt)
2333 1559 2510 1601 causa
2522 1543 2654 1600 fidei
2671 1545 2992 1602 missusest
3015 1547 3302 1620 Hispalim
3326 1550 3385 1605 in
3399 1550 3670 1609 exsilium

2011 1648 2163 1688 anno
2194 1633 2228 1687 3
2256 1630 2729 1704 Aguilanis,cum
2744 1634 2988 1708 conjuge
3003 1639 3060 1691 et
3078 1635 3237 1707 filiis,
3269 1636 3370 1694 ubi
3401 1644 3670 1699 mortuus

2007 1725 2115 1778 est.

2075 1811 2199 1866 255.
2254 1810 2514 1866 Leander
2560 1809 2762 1867 scribit
2815 1812 2886 1867 ad
2942 1829 3202 1869 sororem
3245 1813 3665 1878 Florentinam:

2007 1898 2322 1955 monialem
2354 1899 2816 1972 Benedictinam,
2848 1897 3066 1957 librum
3097 1903 3170 1958 de
3196 1902 3550 1988 virginitate,
3575 1906 3667 1964 vel

2009 1988 2080 2045 de
2109 1988 2480 2044 institutione
2509 1988 2804 2062 virginum
2833 1993 2888 2046 et
2905 1990 3243 2063 contemptu
3266 1987 3494 2064 mundi,
3527 2011 3662 2052 cum

2009 2081 2163 2134 esset
2191 2077 2292 2134 illa
2322 2078 2390 2134 19
2421 2094 2728 2146 annorum,
2751 2079 2942 2150 primo
2962 2096 3116 2136 anno
3149 2080 3248 2136 sui
3258 2082 3660 2154 pontificatus.

2078 2169 2202 2223 256.
2233 2167 2439 2224 Adhuc
2453 2171 2796 2224 manserunt
2809 2169 2961 2226 aades
2983 2168 3274 2233 Severiani
3287 2157 3659 2245 Carthagine,

2007 2260 2064 2312 et
2088 2272 2180 2312 res
2213 2256 2427 2329 ampla.

2072 2347 2196 2401 257.
2231 2346 2493 2401 Leander
2522 2345 2853 2418 impetravit
2891 2345 3315 2403 revocationem
3353 2348 3424 2404 ab
3457 2349 3660 2407 exsilio

2003 2433 2176 2489 matri
2207 2451 2345 2501 suae,
2382 2434 2658 2489 fratribus
2688 2437 2745 2488 et
2791 2432 3092 2490 sororibus
3131 2435 3202 2491 ab
3241 2435 3659 2512 Athanagildo.

2001 2522 2304 2578 Theodora
2332 2523 2587 2578 materin
2619 2521 2842 2589 exsilio,
2875 2522 3144 2579 laborum
3159 2530 3441 2584 causaest
3466 2527 3657 2600 magis

2000 2612 2232 2668 firmata
2261 2611 2321 2666 in
2351 2612 2467 2667 ﬁde
2495 2615 2552 2666 et
2579 2610 2639 2665 in
2685 2611 3027 2678 virtutibus,
3073 2629 3202 2685 quas
3239 2613 3428 2670 noluit
3462 2616 3656 2674 redire

1999 2700 2429 2772 Carthaginem.

2065 2792 2191 2845 258.
2228 2791 2285 2846 S.
2321 2790 2629 2848 Mentanus
2661 2789 2895 2865 scripsit
2923 2791 2994 2846 ad
3016 2791 3364 2848 Thuribium
3395 2811 3547 2852 anno
3571 2794 3655 2864 ul-

1993 2878 2137 2934 timo
2168 2878 2529 2947 Theoderici,
2561 2896 2692 2935 cum
2734 2879 2928 2936 adhuc
2963 2884 3121 2938 esset
3160 2879 3218 2936 in
3257 2881 3562 2954 Hispania,
3595 2888 3654 2942 et

1995 2967 2142 3038 Erga
2170 2971 2325 3022 esset
2353 2967 2534 3023 Toleti
2568 2970 2942 3040 gubernator.

2061 3056 2186 3111 259.
2219 3057 2370 3111 Pons
2403 3061 2661 3112 serratus
2697 3056 2998 3112 fuitToleti
3030 3074 3060 3113 e
3092 3057 3326 3130 regione
3360 3059 3417 3114 S.
3451 3059 3646 3118 Mariaa

1990 3145 2061 3201 de
2089 3143 2456 3214 Alﬁccm,.ad
2485 3145 2660 3201 latus.
3147 3147 3150 3150 ’

2060 3236 2184 3289 260.
2217 3234 2498 3290 Sanctina
2525 3235 2688 3306 virgo
2719 3234 3018 3302 Toletana,
3053 3239 3187 3307 post
3207 3252 3360 3294 .uxor
3380 3236 3644 3298 Theodo-

282 3322 393 3376 245
419 3320 752 3394 Karadigna
781 3320 1039 3392 primum
1074 3320 1132 3374 in
1163 3319 1445 3392 Hispania
1474 3320 1876 3396 Benedictinoi
1905 3298 1947 3366 C
1988 3323 2112 3388 rici,
2139 3323 2400 3379 nascitur
2429 3298 2797 3379 Toletivanno
2831 3325 2955 3378 480.

215 3427 350 3466 rum
380 3409 844 3480 cosnobium(ubi
868 3409 1129 3476 Santina,
1158 3426 1302 3464 uxor
1333 3409 1675 3465 Theoderici
1718 3411 1872 3483 regis

207 3500 386 3571 jacet,
419 3503 476 3554 et
506 3497 680 3554 habet
707 3498 813 3552 200
844 3497 1161 3554 monachos
1213 3499 1518 3570 martyres)
1562 3498 1718 3554 dicta
1764 3499 1874 3554 fuit

209 3593 474 3662 tempore
504 3587 826 3644 Gothorum
859 3591 916 3642 et
952 3587 1346 3642 Romanorum
1381 3587 1723 3642 Karadi‘mas.

283 3679 411 3733 246.
446 3677 505 3733 S.
538 3676 777 3734 Carolus
807 3676 1074 3749 Magnus,
1108 3675 1242 3731 licet
1272 3676 1330 3731 in
1356 3677 1664 3747 juventute
1696 3677 1873 3732 fuerit

212 3767 302 3841 (ut
332 3767 432 3823 illa
460 3767 570 3822 fert
593 3770 752 3834 aatas)
774 3765 1004 3832 debilis,
1031 3766 1157 3836 jam
1178 3766 1366 3821 factus
1388 3765 1495 3833 vir,
1531 3766 1714 3821 evasit
1744 3783 1874 3820 san-

212 3856 516 3913 ctissimus
552 3873 564 3911 :
599 3855 657 3909 in
694 3854 880 3910 Gallia
909 3857 965 3909 et
1007 3854 1339 3922 Germania,
1365 3871 1431 3909 ac
1489 3854 1783 3923 Flandria,
1809 3859 1874 3911 ut

212 3937 403 4004 sancti
460 3944 811 4001 confessoris
866 3944 1150 4000 memoria
1201 3943 1432 4000 colitur.
1479 3943 1636 4000 Obiit
1690 3944 1870 4017 Aquis

211 4034 423 4095 Grauis
455 4035 574 4106 [al.,
600 4032 918 4106 Germanii]
944 4034 1132 4104 major
1181 4033 1646 4105 septuagenario,
1678 4035 1749 4088 28
1773 4034 1871 4088 Ja-

212 4124 434 4193 nuarii,
465 4140 619 4178 anno
651 4125 777 4178 814.

282 4216 408 4270 247.
427 4213 692 4270 Creditur
711 4228 838 4269 esse
860 4212 920 4268 S.
935 4211 1175 4268 Carolus
1200 4211 1448 4284 Magnus
1465 4214 1596 4283 post
1624 4215 1870 4266 mortem

213 4303 410 4361 cultus
436 4321 471 4359 a
499 4301 820 4358 Toletanis.

283 4393 410 4448 248.
444 4392 502 4448 S.
535 4391 887 4463 Torquatus,
907 4389 1179 4446 S.Jacobi
1204 4389 1555 4461 discipulus,
1571 4393 1870 4460 pertrans-

212 4481 283 4540 iit
322 4483 538 4537 ﬂumen
587 4479 967 4553 profundum;
1019 4484 1188 4551 rupto
1229 4483 1423 4551 ponte,
1465 4483 1521 4534 et
1548 4478 1873 4534 celebratur

214 4573 286 4629 15
310 4570 471 4627 Maii.

2051 3413 2173 3468 261.
2208 3412 2288 3467 Ex
2319 3411 2612 3481 Sanctina,
2642 3411 2728 3468 vel
2771 3411 3024 3480 Sanctia,
3056 3412 3399 3470 Theoderici
3436 3430 3638 3492 uxore;

1982 3502 2129 3557 duos
2162 3500 2312 3556 filios
2344 3500 3192 3578 sustulit;Theodoricum,qui
3215 3503 3452 3574 juvenis
3483 3521 3638 3561 mor-

1981 3594 2118 3646 tuus
2150 3595 2256 3659 est,
2290 3595 2347 3646 et
2366 3591 2523 3660 jacet
2551 3607 2685 3646 cum
2718 3594 2906 3647 matre
2953 3591 3156 3663 regina
3186 3590 3443 3659 Sanctia,
3473 3593 3630 3665 apud

1981 3680 2039 3735 S.
2075 3679 2310 3734 Petrum
2345 3679 2822 3746 Karadinensem,
2855 3683 2913 3735 et
2962 3679 3349 3749 Elverianum,
3386 3682 3508 3753 [al.,
3539 3683 3641 3736 Se-

1979 3768 2325 3839 verianum],
2360 3767 2458 3839 qui
2494 3767 2602 3822 fuit
2625 3771 2922 3823 uxoratus.

2049 3857 2174 3913 262.
2210 3856 2858 3914 MoriturSanctinavm
2886 3856 3278 3930 Id.Maii,quo
3309 3857 3401 3914 die
3416 3858 3631 3916 festum

1981 3946 2040 4002 S.
2075 3943 2374 4012 Michaelis,
2408 3949 2466 4000 et
2496 3943 2727 4000 concilii
2750 3944 3012 4001 Toletani
3041 3948 3148 4000 est.

2050 4033 2156 4088 263
2171 4076 2183 4088 .
2218 4034 2274 4088 S.
2301 4034 2375 4088 M.
2391 4033 2452 4087 El
2466 4033 2655 4105 pidius
2671 4033 2966 4101 Julianus,
2988 4033 3046 4089 S.
3065 4033 3267 4089 Jacobi
3290 4033 3636 4106 discipulus,

1980 4123 2207 4195 primus
2237 4121 2569 4194 episcOpus,
2599 4120 2911 4176 Toletanus
2942 4121 3070 4176 fuit.

2050 4213 2174 4266 264.
2201 4211 2424 4265 Mamas
2454 4210 2750 4264 confessor
2776 4225 2842 4264 ex
2870 4213 3058 4265 tractu
3089 4208 3345 4265 Tudensi
3376 4210 3637 4267 creditur

1981 4299 2211 4356 delatus
2242 4297 2750 4371 Cyprum.Floruit
2775 4297 2990 4356 hicsub
3022 4301 3278 4371 tempore
3307 4299 3631 4356 Gothorum

1981 4406 2132 4445 anno
2164 4390 2270 4443 500
2299 4386 2387 4442 vel
2419 4386 2676 4453 circiter;
2720 4387 2865 4443 obiit
2896 4387 3118 4444 mensis
3145 4388 3393 4460 Augusti
3422 4390 3522 4458 26;
3546 4393 3637 4446 est

1979 4479 2294 4535 confessor.
2329 4477 2612 4547 Tempore
2637 4477 2994 4545 Maurorum,
3027 4476 3246 4532 relictis
3278 4476 3545 4550 reliquiis
3571 4477 3630 4533 in

1980 4565 2254 4633 Asturiis,
2290 4568 2346 4619 et
2371 4581 2475 4636 per
2503 4563 2831 4635 Hispanias,
2867 4565 2938 4620 ad
2987 4568 3238 4638 Cyprum
3279 4564 3509 4623 delatus
3541 4569 3637 4644 est

282 4660 409 4716 249.
441 4657 705 4716 Creditur
722 4659 1162 4726 S.Montanum,
1188 4675 1323 4713 cum
1343 4660 1500 4713 esset
1523 4657 1879 4713 archidiaco-
1910 4669 1956 4736 ι)
1987 4675 2023 4714 a
2050 4653 2416 4712 Christianis.

212 4766 328 4809 nus
359 4747 694 4822 Toletanus,
728 4748 788 4803 in
818 4749 1069 4804 adventu
1092 4752 1148 4804 et
1165 4747 1494 4818 receptione
1525 4746 1867 4802 Theoderici

211 4838 369 4913 regis
387 4837 695 4910 Ostrogoth
704 4854 867 4893 orum
884 4855 1000 4894 non
1015 4853 1224 4909 parum
1241 4834 1516 4900 valuisse,
1531 4839 1867 4908 utessetpa-

213 4927 377 4986 ciﬁce
410 4931 676 4999 receptus
709 4932 773 4982 ut
803 4931 960 4982 tutor
975 4926 1126 4997 regis
1143 4923 1450 4981 Amalarici
1465 4924 1689 4996 nepotis
1715 4925 1865 4995 ejus.

283 5018 410 5073 250.
443 5017 586 5073 Cum
637 5015 1032 5072 Theodoricus
1065 5031 1163 5070 rex
1185 5011 1668 5085 Ostrogothorum
1712 5011 1872 5068 venit

215 5107 280 5163 in
315 5104 682 5177 Hispaniam,
731 5105 1009 5161 amiserat
1061 5101 1460 5168 Andeﬂedam,
1507 5101 1686 5156 ﬁliam
1721 5101 1873 5170 regis

215 5193 506 5261 Clodovei,
538 5211 606 5250 ex
636 5211 752 5266 qua
779 5192 1286 5249 Amalasuintham
1319 5189 1549 5262 habuit.

286 5284 414 5339 251.
450 5283 693 5356 Hispani
726 5283 1150 5351 Cordubenses,
1183 5277 1579 5352 Hispalenses,
1619 5277 1869 5336 Illiberi-

217 5372 367 5440 tani,
410 5371 754 5442 Mentesani,
815 5371 1096 5436 Toletani,
1141 5367 1614 5440 Complutenscs,
1652 5366 1868 5440 gravati

220 5462 502 5520 servitute
535 5457 891 5526 Maurorum,
944 5465 1000 5516 et
1049 5457 1399 5530 transgressi
1439 5463 1666 5512 montes
1703 5457 1871 5529 Pyre-

218 5568 399 5620 naeos,
428 5551 886 5608 clementissime
907 5548 1275 5621 excipiuntur
1295 5548 1366 5603 ab
1390 5547 1734 5619 imperatore
1760 5547 1872 5602 Lu-

222 5639 425 5698 dovico
453 5640 569 5696 Pio.

292 5731 418 5787 252.
453 5727 1075 5804 CrediturSeverianus
1090 5726 1307 5783 missus
1341 5726 1398 5781 in
1430 5724 1699 5783 exsilium
1733 5730 1870 5780 tem-

2046 4747 2170 4802 265.
2206 4741 2408 4815 Reperi
2429 4741 2488 4797 in
2519 4741 2770 4799 archivis
2791 4744 2851 4800 S.
2876 4744 2938 4799 E.
2973 4743 3354 4802 Emeritensis
3377 4744 3636 4804 codicem

1974 4835 2182 4893 litteris
2213 4831 2496 4890 Gotthicis
2531 4837 2852 4900 exoratum,
2887 4835 2948 4889 in
2980 4851 3095 4908 quo
3125 4833 3427 4892 dicebatur
3466 4838 3634 4891 Com-

1977 4927 2206 5000 plutum
2240 4923 2462 4978 dictum
2495 4938 2529 4975 a
2555 4922 2774 4978 Mauris
2813 4923 3302 4996 Guadal/axaram,
3336 4922 3512 4981 etiam
3554 4924 3638 4979 di-

1979 5022 2139 5072 ctum
2168 5030 2295 5069 esse
2327 5012 2634 5083 Eplaceam.

2050 5105 2177 5160 266.
2226 5099 2431 5173 Reperi
2475 5117 2707 5173 quoque
2763 5101 2820 5157 in
2853 5103 3056 5160 eodem
3083 5101 3279 5158 codice
3318 5100 3633 5158 concilium

1981 5185 2322 5242 Toletanum
2357 5181 2682 5237 universale
2716 5182 2773 5236 in
2805 5182 2962 5238 hunc
2993 5183 3234 5238 modum
3269 5199 3282 5237 :

2053 5389 2078 5414 ‹‹
2097 5365 2159 5419 In
2193 5361 2453 5435 nomine
2449 5360 2696 5435 Domini,
2714 5359 3637 5435 incipiuntgcstasynodaliacon-

1983 5435 2097 5492 cilii
2111 5433 2398 5508 generalis
2412 5431 2694 5508 Toletani,
2711 5431 2962 5508 acta—in_u
2972 5431 3070 5508 rb]:
3088 5431 3266 5506 regia,
3282 5433 3341 5508 in
3359 5433 3479 5508 aede
3494 5450 3629 5490 san-

1983 5503 2207 5564 ctorum
2241 5504 2633 5576 apostolorum
2650 5504 2800 5560 Petri
2816 5508 2872 5560 et
2899 5503 3060 5560 Pauli
3081 5503 3459 5576 praeteriensi,
3478 5523 3631 5561 anno

1982 5581 2016 5635 3
2049 5577 2207 5650 regni
2236 5575 2647 5650 gloriosissimi
2689 5575 2967 5649 principis
3005 5575 3340 5642 VVambani,
3385 5577 3497 5650 sub
3538 5577 3636 5632 dic

1982 5647 2389 5706 vivnt—Kalend.
2422 5647 2703 5720 Decembf
2725 5667 2837 5704 aara
2859 5647 3083 5714 nccxm,
3103 5666 3206 5720 pro
3229 5648 3496 5705 terminis
3523 5666 3636 5705 res-

1987 5720 2275 5778 titucndis
2307 5718 2696 5776 Ecclesiarum
2730 5726 2786 5776 et
2815 5718 3133 5778 dimcesum
3163 5719 3597 5794 Hispaniarum.
