4050 6382
519 363 677 432 1183

1599 354 1968 432 FOLQUINI
2011 355 2079 420 ε.
2123 353 2440 419 BERTINI
2484 351 2842 418 MONAGHI

3775 348 3930 414 H84

516 505 565 560 ll
595 509 682 561 est
713 500 893 558 divisé
920 516 988 556 en
1019 497 1170 554 deux
1197 495 1388 565 livres,
1420 494 1692 567 précédés
1717 493 1888 567 d’une
1918 491 2052 547 liste
2083 493 2185 546 des
2216 491 2395 567 abbes
2424 491 2495 545 de
2524 489 2928 567 Saint-Bertin.
2963 489 3039 567 Le
3072 486 3512 567 p_remier__livre
3545 503 3611 542 sc
3649 500 3925 567 compose

518 555 878 633 il—e'soiitant—e
907 555 964 628 et
996 589 1073 626 un
1107 555 1395 641 chapitres
1423 555 1480 641 et
1509 566 1559 620 le
1592 565 1802 641 second
1836 564 1906 619 de
1961 563 2467 641 quatre-vingt-un
2496 565 2578 641 ;_a
2619 561 2675 616 la
2705 561 2860 641 snite
2905 555 3462 641 sont-transcrites
3485 575 3562 614 ou
3620 555 3924 641 analvsees

512 631 652 704 6m
681 646 910 702 chartes
937 631 1267 698 constatant
1297 639 1383 695 les
1414 636 1721 693 donatione
1749 653 1822 690 ou
1872 631 2254 706 acquisitions
2285 631 2632 706 immeubles
2663 633 2991 706 all'ectéesga
3024 631 3400 706 l’aumOnegrie
3431 631 3509 706 du
3557 631 3913 706 monastere,

513 703 578 774 ee
608 717 708 789 qui
739 717 932 789 donne
962 731 1041 768 un
1072 711 1212 789 total
1243 703 2287 789 dequatre-vingt-douze‘c‘hapi'tres‘
2325 721 2472 776 pour
2501 704 2552 758 le
2584 704 3081 789 deux‘ieme‘livre.
3114 704 3200 759 On
3232 703 3354 789 γορ,
3387 705 3578 789 meme

3612 717 3723 773 par
3749 699 3806 754 la
3837 704 3920 754 ta-

511 789 604 845 ble
626 774 736 844 des
766 787 1056 858 chapitres
1086 784 1290 858 écritcs
1323 774 1436 838 a‘la
1456 783 1568 835 tete
1598 774 2033 858 du'manuscrit
2052 774 2122 831 de
2157 774 2462 858 llouloZgne,
2498 792 2610 858 que
2635 776 3013 858 lendeuxieme
3045 775 3186 858 l‘ivre
3215 774 3564 858 de_FollquinI
3591 786 3922 858 se‘compo-

510 844 622 916 sait
652 844 1123 932 primitivement,
1157 855 1304 932 dans
1335 869 1397 907 ce
1429 849 1770 932 manuscrit,
1801 844 2820 932 d‘e‘quatrcyingt-tr‘ei‘zechapitres
2847 865 2860 915 ;
2887 846 3112 932 maisnle
3145 846 3376 932 dernier
3406 844 3734 932 fenillet‘du
3766 844 3922 932 volu-

511 913 808 1004 iﬁé’ayaiit
838 913 1213 1004 été_arrac'bé,
1246 924 1284 979 il
1317 939 1570 1004 manque
1602 913 1973 1004 aujourd’bui
2005 918 2056 974 le
2083 913 2341 1004 chapitre
2370 920 2438 972 93
2472 922 2619 1004 tout'
2642 913 2918 1004 :en'tiere‘t‘
2947 917 3001 973 la
3033 919 3112 972 ﬁn
3145 919 3223 973 du
3283 917 3545 988 chapitre
3575 917 3670 979 92,
3705 913 3921 986 lequel,

511 989 864 1074 ainsi'qu’on
898 1000 1018 1055 s’en
1049 989 1353 1070 aperCevra
1370 989 1720 1058 facilement,
1756 996 1844 1046 est
1874 989 2190 1061 incomplet
2222 990 2366 1045 dans
2404 993 2564 1045 notre
2595 989 2814 1044 édition
2844 990 2921 1062 (9)

577 1154 632 1226 (9
681 1153 821 1224 Voy.
901 1195 912 1207 .
948 1151 1049 1206 168
1079 1149 1149 1202 de
1178 1145 1356 1201 l’édit.
1385 1143 1662 1224 Guérard.
1698 1142 1770 1197 Ge
1799 1141 2058 1223 chapitre
2085 1142 2155 1196 93
2187 1143 2367 1211 porte,
2404 1141 2552 1196 dans
2571 1139 2640 1221 .la
2677 1140 2830 1196 table
2861 1141 2962 1196 des
2994 1141 3285 1212 chapitres
3317 1141 3396 1196 du
3453 1139 3788 1196 manuscrit
3845 1138 3916 1193 de

507 1154 826 1284 Boulogne.
854 1169 907 1279 le
939 1221 1180 1278 numéro
1213 1220 1300 1284 95,
1333 1221 1389 1273 et
1417 1216 1469 1272 le
1491 1215 1750 1284 chapitre
1772 1231 1871 1284 qui
1900 1229 2154 1284 manque
2184 1229 2257 1268 au
2290 1216 2611 1268 manuscrit
2640 1216 2802 1284 porte
2833 1211 2893 1268 lu
2927 1216 3170 1268 numero
3194 1214 3284 1267 94.

555 1239 826 1282 ουιοεξῐιθ.
855 1239 907 1279 ιθ

656 1240 826 1298 ogne,

939 1221 1180 1278 numéro
1213 1220 1300 1286 95,
1333 1221 1389 1273 et
1417 1216 1469 1272 le
1491 1215 1750 1288 chapitre
1772 1213 1871 1286 qui
1900 1211 2154 1285 manque
2184 1229 2257 1268 au
2290 1212 2611 1268 manuscrit
2640 1216 2802 1284 porte
2833 1211 2893 1268 lu
2927 1211 3170 1268 numero
3194 1214 3284 1267 94.

509 1393 3923 1434 W

1129 1541 1897 1668 FOLQUINI
2007 1540 3273 1658 CHARTULARIUM

1500 1776 1684 1851 (Apud
1717 1779 1783 1830 Ι).
1817 1775 2096 1843 Guerard,
2127 1774 2438 1831 Cartulaire
2467 1775 2532 1834 de
2554 1775 2708 1832 Saz'nt
2735 1777 2978 1847 Berlin.)

1515 2072 1918 2162 INCIPIT
1974 2072 2308 2158 LIBER
2365 2071 2829 2160 PRIMUS.

573 2384 636 2441 In
671 2379 908 2438 nomine
937 2378 1147 2432 sanctae
1177 2376 1236 2429 et
1268 2369 1582 2426 individuis
1605 2367 1934 2424 Trinitatis.
1960 2371 2025 2421 In
2046 2367 2150 2422 hoc
2180 2369 2235 2433 Α
2263 2367 2527 2424 vocabuli
2559 2368 2795 2440 ponitur
2823 2368 3037 2437 littera,
3070 2385 3137 2425 eo
3187 2369 3341 2441 quod
3375 2368 3448 2424 ab
3497 2368 3626 2442 ipsa
3677 2385 3914 2442 semper

507 2473 704 2530 codice
733 2473 897 2543 gesta
925 2466 1203 2522 abbatum
1232 2459 1545 2517 Sithiensis
1567 2456 1812 2513 coenobii
1835 2458 1906 2512 de
1925 2473 2149 2528 prome-

504 2580 568 2620 re
597 2561 920 2633 cupientes,
943 2554 1031 2612 vel
1063 2550 1503 2626 possessionum
1534 2547 1900 2613 traditiones,
1955 2563 2080 2618 quae
2113 2564 2147 2601 a

505 2649 778 2708 fidelibus
809 2647 920 2703 sub
951 2643 1126 2700 unius
1157 2641 1563 2712 cujuscunque
1595 2636 1828 2692 illorum
1864 2640 2148 2708 tempore,

509 2755 674 2797 sacro
703 2737 839 2792 huic
870 2735 1017 2800 loco,
1052 2747 1184 2787 cum
1217 2733 1511 2785 certarum
1561 2725 1958 2797 inscriptione,
2010 2729 2150 2781 sunt

505 2843 816 2892 concessae,
850 2821 1181 2878 describere
1208 2817 1486 2882 volentes,
1521 2833 1556 2872 a
1583 2816 1769 2888 primo
1801 2815 1990 2886 ipsius
2037 2813 2145 2869 loci

509 2919 819 2981 structore,
866 2913 1080 2968 domno
1131 2907 1382 2975 Bertino,
1435 2906 1676 2972 abbate;
1729 2903 1922 2977 operis
1968 2903 2146 2975 hujus

506 3003 808 3064 exordium
841 3015 1148 3058 sumamus
1170 2996 1417 3053 Christo.

721 3093 762 3148 Ι.
787 3090 1050 3160 Prologus
1073 3085 1334 3157 Folquz'ni
1377 3083 1553 3140 levita:
1580 3086 1632 3139 et
1655 3081 1930 3138 monachi.

575 3183 740 3250 Quod
776 3179 1146 3250 omnipotens
1178 3180 1330 3231 Deus
1361 3189 1513 3246 saepe
1545 3170 1668 3227 suis
1722 3170 1992 3226 ﬁdelibus
2031 3171 2146 3225 duo

505 3269 902 3330 retributionis
933 3266 1171 3342 przemia
1199 3262 1465 3331 dederit,,
1501 3277 1686 3316 unum
1718 3260 1776 3314 in
1809 3259 1988 3331 hujus
2019 3259 2145 3314 vita:

503 3356 989 3436 peregrinatione,
1054 3353 1303 3410 alterum
1335 3350 1392 3406 in
1427 3351 1705 3423 perpetua
1757 3365 2146 3420 supernorum

500 3448 950 3521 tranquillitate,
985 3444 1129 3500 satis
1157 3445 1360 3498 sancta
1389 3437 1686 3512 paginula,
1720 3437 2015 3510 sapienter
2045 3454 2145 3492 an-

505 3539 684 3597 serini
713 3534 965 3592 vomeris
987 3531 1172 3589 cultro
1195 3529 1435 3596 sulcata,
1459 3527 1962 3600 perscrutantibus
1987 3530 2146 3597 pate-

509 3629 664 3684 fecit.
684 3641 818 3680 nam
833 3623 926 3678 hic
941 3619 1407 3694 quamplurimos
1421 3617 1574 3690 apud
1589 3615 2146 3687 homines,quandiu

505 3716 710 3781 vivunt
725 3711 1001 3768 almiﬂuis
1023 3708 1301 3764 virtutum
1325 3705 1624 3762 miraculis
1646 3705 2002 3760 coruscando
2026 3721 2149 3759 ma-

510 3804 727 3860 nifesta
755 3817 902 3872 quos
933 3804 1134 3872 postea
1164 3799 1221 3852 in
1253 3801 1467 3851 aeterna
1507 3793 1866 3865 quietudine,
1901 3810 2004 3865 pro
2059 3793 2150 3848 sui

508 3892 729 3950 laboris
755 3889 986 3956 sudore,
1012 3887 1309 3960 quiescere
1331 3882 1742 3957 perpetualiter
1763 3887 2015 3954 praestat.
2040 3882 2152 3938 Un-

510 3985 582 4040 dc
614 3998 844 4056 quoque
869 3980 955 4044 ﬁt,
972 3983 1056 4048 ut,
1076 3991 1275 4033 eorum
1292 3971 1900 4040 memorialaudando,
1922 3988 2152 4044 semper

510 4072 844 4147 magniﬁcet
867 4070 923 4125 in
950 4067 1139 4134 terris,
1156 4081 1402 4138 quorum
1423 4061 1825 4136 perpetuitatis
1844 4061 2150 4117 nominain

510 4161 844 4220 cmlestibus
859 4155 1303 4214 conscribentur
1325 4151 1494 4210 albis.
1521 4153 1674 4206 Inter
1694 4168 1840 4223 quos
1853 4151 2021 4207 nobis
2036 4168 2150 4223 pra:-

510 4250 733 4308 caeteris
755 4266 910 4305 unus
930 4262 1126 4302 coram
1149 4245 1264 4300 Deo
1287 4241 1676 4314 praesentique
1699 4239 1931 4306 saeculo,
1965 4240 2154 4296 carior

511 4338 781 4397 consistit
810 4340 1121 4410 patronus;
1157 4332 1256 4405 qui
1287 4329 1439 4386 visui
1496 4331 1707 4384 nostrae
1748 4329 1984 4395 mentis,
2018 4345 2150 4384 cum

511 4430 630 4487 alta
660 4443 926 4499 supernae
959 4420 1354 4479 meditationis
1399 4418 1683 4485 ascendit,
1727 4417 2018 4491 gloriosus
2051 4435 2152 4490 ap-

510 4521 676 4592 paret
702 4514 880 4572 veluti
913 4529 1125 4569 aureus
1156 4511 1348 4578 Titan,
1381 4525 1514 4564 cum
1547 4523 1692 4563 novo
1725 4523 1916 4575 mane,
1951 4523 2157 4563 crocea

512 4607 852 4678 relinquens
883 4601 1099 4658 cubilia
1123 4597 1544 4671 septemplicis,
1597 4595 1856 4672 praclari
1888 4595 2152 4663 luminis,

513 4713 618 4770 per
644 4699 836 4750 totum
867 4690 1106 4764 proclivi
1138 4687 1333 4744 saeculi
1366 4683 1672 4742 rotabilem
1695 4685 1914 4752 orbem,
1941 4685 2156 4756 fugatis

513 4783 794 4848 tenebris,
827 4797 934 4837 sua
956 4778 1171 4835 emittit
1191 4775 1442 4850 spicula;
1463 4775 1602 4847 quia
1621 4773 1679 4828 in
1704 4772 1863 4828 illius
1887 4779 2043 4846 typo,
2058 4791 2159 4846 per

514 4867 701 4932 sancti
724 4868 1054 4944 pneumatis
1072 4883 1336 4933 munera,
1356 4865 1426 4921 ad
1447 4880 1704 4920 amorem
1723 4863 1822 4918 Dei
1843 4862 2157 4918 electorum

513 4980 666 5038 saepe
697 4959 1056 5017 sufﬁcienter
1077 4956 1477 5012 accenduntur
1492 4953 1686 5009 corda.
1716 4953 2076 5025 Quapropter
2098 4951 2158 5006 in

513 5052 721 5129 primis
739 5050 980 5106 Latinus
1003 5062 1194 5104 sermo
1217 5042 1666 5115 aethimo’logiam
1693 5042 1784 5097 sui
1809 5041 2066 5097 nominis
2090 5041 2157 5097 1i-

513 5160 641 5202 cere
672 5142 785 5198 sibi
817 5140 1158 5211 depromere
1215 5133 1522 5206 diligenter
1551 5131 1716 5203 petit,
1749 5147 1924 5203 quem
1969 5129 2161 5188 omnis

514 5233 680 5305 plebs
709 5229 936 5302 vulgari
968 5223 1218 5298 simplici
1251 5220 1528 5279 vocabulo
1577 5219 1846 5275 Bertinus
1887 5224 2161 5275 consuete

515 5319 896 5392 promit,quia
911 5318 1039 5388 ejus
1063 5312 1720 5386 significationem,cum
1745 5307 1821 5363 sit
1847 5309 2158 5380 profunda,

516 5409 727 5465 melius
757 5421 1096 5479 nuncupare
1129 5420 1244 5459 non
1276 5400 1453 5457 novit.
1489 5403 1534 5455 Β
1563 5399 1717 5454 enim
1751 5398 1943 5470 prima
1975 5399 2160 5470 ipsius

2259 2457 2447 2512 bonus
2477 2459 2744 2514 extiterat
2761 2459 3026 2514 infantia.
3049 2461 3092 2513 E
3113 2460 3153 2514 R
3173 2457 3446 2514 similiter
3465 2457 3688 2531 syllaba
3709 2461 3908 2530 sequi-

2256 2551 2370 2616 tur,
2409 2564 2534 2619 quae
2559 2548 2732 2602 datur
2753 2547 3002 2620 intelligi
3021 2548 3360 2604 ha'rcdz'tarii
3377 2547 3724 2619 signiﬁcatio
3746 2552 3873 2604 tota
3896 2567 3909 2617 ;

2258 2641 2597 2708 mutataque
2625 2639 2668 2692 ti
2698 2637 2757 2692 in
2787 2654 2880 2704 na,
2911 2636 3138 2709 syllaba
3169 2637 3360 2692 adhuc
3383 2653 3518 2705 una,
3552 2636 3623 2692 ab
3649 2653 3717 2692 eo
3747 2638 3909 2709 quod

2255 2729 2438 2797 natus,
2473 2731 2538 2782 ut
2568 2727 2650 2782 ita
2680 2725 3098 2799 conglomerati
3129 2726 3526 2782 subinferatur
3555 2725 3680 2798 ipse
3734 2726 3910 2782 bonus

2257 2815 2426 2871 horres
2456 2816 2625 2871 nobis
2654 2819 2836 2883 natus,
2871 2821 2928 2871 et
2959 2833 2992 2871 a
3020 2815 3267 2871 Domino
3316 2815 3452 2883 Deo,
3485 2815 3610 2871 suis
3656 2815 3909 2872 feliciter

2256 2904 2623 2978 exigentibus
2645 2905 2890 2970 meritis,
2923 2903 2982 2959 in
3014 2904 3228 2959 saecula
3258 2905 3452 2966 datus.
3481 2904 3634 2959 unde
3662 2921 3772 2976 pro
3807 2922 3906 2960 no-

2257 2993 2392 3050 stris
2420 2993 2773 3050 facinoribus
2795 2995 3144 3050 intercessor
3169 2993 3428 3066 quotidie
3455 2991 3724 3049 consistit
3754 3011 3901 3066 prae-

2255 3083 2484 3156 cipuus.
2513 3084 2678 3139 Nunc
2707 3083 2887 3157 igitur
2911 3101 3024 3139 non
3051 3087 3140 3138 est
3167 3099 3424 3150 necesse,
3449 3098 3555 3138 nec
3582 3083 3692 3138 hoc
3718 3083 3901 3139 etiam

2257 3176 2468 3229 nostrae
2499 3173 2628 3246 opis
2658 3177 2766 3240 est,
2801 3176 2865 3228 ut
2893 3173 3036 3228 tanti
3062 3172 3288 3244 patroni
3318 3170 3620 3241 miracula,
3645 3189 3778 3244 qum
3799 3188 3905 3245 per

2256 3260 2424 3317 illum
2452 3261 2755 3332 Dominus,
2791 3261 2917 3334 ipso
2951 3261 3216 3317 adhucin
3247 3278 3486 3332 corpore
3506 3260 3752 3330 vivente,
3772 3279 3905 3335 ope-

2257 3367 2383 3405 rare
2414 3350 2688 3423 dignatus
2715 3354 2804 3406 est
2835 3367 3014 3422 quam
3045 3349 3319 3422 plurima,
3343 3350 3437 3405 hic
3467 3353 3678 3406 nostra;
3698 3350 3904 3408 solidi-

2256 3441 2396 3495 tatis
2428 3457 2618 3496 sermo
2650 3441 2707 3494 in
2741 3440 2919 3511 hujus
2947 3439 3249 3495 brevitatis
3275 3440 3634 3496 succintione
3648 3439 3906 3513 velquid

2257 3545 2465 3600 parum
2509 3533 2825 3600 praesumat
2869 3533 3109 3601 tangere
3174 3527 3456 3596 audacia;
3517 3545 3654 3588 nam
3704 3530 3910 3584 omnia

2259 3633 2383 3689 quae
2416 3617 2676 3689 quandiu
2708 3617 2767 3674 in
2801 3617 2909 3674 hoc
2950 3619 3171 3674 mundo
3204 3617 3427 3674 felicem
3487 3619 3694 3690 agebat
3723 3618 3908 3673 vitam

2257 3706 2345 3762 vel
2378 3706 2436 3761 in
2483 3707 2574 3762 sui
2607 3707 2891 3764 transitus
2921 3707 3172 3764 novitate
3231 3708 3462 3764 fuerant
3502 3708 3675 3776 tacta,
3734 3707 3908 3763 valde

2261 3795 2447 3868 perita
2477 3813 2688 3852 manus
2719 3797 3021 3870 scriptoris
3052 3798 3108 3852 in
3135 3814 3242 3853 sua
3273 3797 3604 3871 legentibus
3637 3801 3907 3869 patenter

2258 3885 2439 3941 edidit
2452 3887 2722 3956 vita(10);
2743 3903 2846 3942 vos
2864 3886 3098 3942 interim
3121 3887 3190 3942 ad
3216 3885 3564 3958 multiplicia
3584 3887 3713 3957 ejus
3733 3887 3909 3942 desu-

2259 3974 2553 4042 damenta,
2588 3991 2714 4047 quae
2773 3993 2876 4048 pro
2907 3975 3016 4031 loci
3073 3975 3162 4031 sui
3196 3976 3482 4032 erectione
3539 3975 3905 4032 laboratione

2262 4064 2494 4120 sudavit
2507 4064 3046 4138 assidua,optamus
3065 4065 3220 4120 dicta
3236 4065 3606 4133 reﬂectere,si
3621 4064 3748 4137 ipse
3765 4081 3909 4137 quo-

2263 4170 2376 4226 que
2404 4154 2677 4226 dignetur
2709 4155 2932 4210 adesse.
2951 4154 3119 4220 Nam,
3144 4171 3301 4219 cum,
3327 4154 3551 4220 relicta,
3576 4155 3904 4211 secundum

2261 4243 2492 4298 Domini
2520 4247 2894 4315 praeceptum,
2919 4243 3106 4316 patria
3126 4243 3318 4298 Sithiu
3342 4260 3475 4299 cum
3501 4244 3732 4300 duobus
3756 4244 3909 4300 adis-

2263 4336 2351 4388 set
2378 4331 2525 4398 loca,
2559 4337 2697 4387 tunc
2733 4333 3030 4405 temporis,
3065 4333 3135 4389 ob
3169 4332 3412 4389 nimiam
3451 4332 3773 4389 multorum
3805 4351 3906 4407 pa-

2261 4421 2468 4476 ludum
2501 4423 2868 4494 putredinem
2898 4423 2985 4479 vel
3016 4439 3321 4479 nemorum
3381 4423 3754 4492 densitatem,
3808 4440 3909 4495 per

2264 4510 2461 4566 omnia
2491 4510 2709 4566 invenit
2739 4513 2989 4580 deserta,
3017 4529 3121 4568 nec
3151 4513 3223 4568 ad
3256 4529 3401 4568 usus
3432 4511 3764 4581 hominum,
3795 4512 3906 4569 nisi

2266 4600 2421 4672 quod
2451 4603 2508 4655 et
2538 4600 2730 4656 adhuc
2777 4600 2984 4656 incolis
3017 4618 3133 4657 non
3183 4602 3344 4658 deest
3370 4618 3474 4674 pro
3532 4602 3909 4674 capescendis

2265 4689 2773 4762 squamigerorum
2791 4690 3125 4762 generibus,
3141 4691 3294 4762 quod
3311 4706 3572 4762 unquam
3591 4689 3907 4757 utilia.0uo

2268 4779 2327 4834 in
2358 4777 2483 4834 loco
2514 4783 2754 4835 sanctus
2782 4779 2870 4834 vir
2899 4783 3129 4836 tantum
3161 4780 3219 4834 in
3245 4779 3347 4836 Dei
3377 4779 3614 4836 nomine
3653 4780 3909 4849 sudavit,

2268 4872 2333 4923 ut
2348 4867 2620 4940 primitus
2639 4867 2830 4924 nobile
2851 4869 3160 4940 templum,
3180 4869 3476 4942 lapidibus
3491 4869 3809 4942 rubrisque
3827 4869 3910 4926 la-

2268 4957 2490 5013 teribus
2522 4957 2948 5024 intermixtum,
2967 4957 3025 5012 in
3057 4957 3240 5014 altum
3264 4959 3538 5032 erigeret;
3561 4960 3733 5031 cujus
3754 4976 3825 5016 ex
3839 4961 3915 5015 vi-

2270 5046 2399 5102 cino
2431 5046 2735 5116 columnae,
2761 5063 3012 5119 quarum
3046 5047 3336 5120 capitibus
3368 5047 3915 5123 singulisimposita

2192 5114 2234 5180 Ο
2271 5135 2584 5204 testudine,
2618 5114 2928 5207 utramque
2958 5114 3238 5208 parietem
3268 5114 3512 5193 firmiter
3541 5114 3910 5204 sustentant;

2271 5241 2375 5279 nec
2399 5224 2597 5280 minus
2628 5225 2872 5280 interius
2902 5225 3136 5281 oratorii
3165 5227 3499 5297 pavimenta
3527 5225 3912 5283 multicoloris

2270 5318 2565 5386 petrarum
2589 5315 2888 5384 junctura,
2923 5331 3048 5386 quae
3071 5314 3339 5386 pluribus
3362 5315 3419 5370 in
3452 5315 3594 5371 locis
3618 5332 3798 5372 aurea
3821 5317 3911 5371 in-

2269 5403 2458 5475 ﬁgunt
2491 5403 2790 5472 lammina,
2822 5403 3091 5459 decenter
3121 5405 3442 5461 adornavit.
3475 5405 3656 5477 Cujus
3708 5405 3910 5480 templi

588 5585 698 5656 (lO)
726 5587 783 5639 S.
816 5585 1028 5640 Bertini
1049 5585 1183 5639 Vita
1203 5582 1357 5638 edita
1379 5583 1466 5636 est
1496 5596 1529 5635 a
1563 5577 1780 5635 Mabill.
1814 5594 1932 5634 saec.
1967 5581 2163 5637 Bcncd.
2199 5581 2266 5638 ΙΙ.
2298 5588 2447 5656 part.
2483 5602 2521 5657 ι,
2542 5600 2673 5657 pag.
2708 5585 2805 5637 108
2828 5586 2884 5639 et
2911 5585 3549 5656 seqq.etaBollandist.
3584 5587 3744 5658 Sept.
3775 5590 3817 5642 t.
3841 5586 3908 5653 ΙΙ,

517 5675 653 5734 pag.
689 5658 809 5726 586,
842 5661 899 5712 et
931 5673 1081 5728 sqq..
1108 5658 1214 5712 590
1242 5658 1299 5711 et
1329 5669 1491 5726 seqq.
