4050 6382
99 389 259 453 1197

1489 389 2138 456 CHARTULARIUM.

3360 388 3520 450 M98

97 520 383 597 genitrice
413 523 613 578 nostra
632 519 1056 580 Chrotechildis
1089 523 1288 596 regina
1310 539 1521 579 monus
1544 527 1755 582 nostris
1783 525 1836 592 A
1867 524 2050 591 misit,
2085 526 2150 578 ut
2180 521 2378 579 relicto
2426 523 2736 579 mundanae
2794 520 3213 596 implicationis
3263 523 3519 596 negotio,

101 610 429 684 signaculis
460 611 662 668 subter
691 627 819 667 eam
865 611 1230 666 decrevimus
1275 611 1639 666 confirmare.
1673 610 1757 666 Si-

99 717 288 774 gnum
320 699 557 773 gloriosi
574 699 881 755 Chlodovei
910 700 1336 774 regis.Signum
1361 700 1644 771 praecelsas
1665 716 1758 772 ge-

103 790 334 846 nitricis
366 792 578 846 nostrae
611 787 1050 845 Chrodechildis
1080 789 1290 861 reginae
1323 790 1456 861 (37).

171 879 386 934 Actum
429 877 540 934 sub
592 877 684 934 die
714 895 731 933 ι
762 876 884 934 Kal.
919 878 1148 947 Junias,
1203 895 1354 934 anno
1386 894 1405 932 I
1438 877 1602 950 regni
1654 894 1756 933 no-

103 967 206 1024 stri
217 1010 230 1023 .

133 1075 254 1131 XV.
287 1075 362 1131 De
391 1081 560 1131 morte
592 1073 841 1130 Clodevei
875 1078 927 1130 et
960 1077 1299 1131 successione
1327 1073 1640 1140 Ilildeberti,
1673 1075 1726 1128 et

631 1146 930 1218 privilegio
968 1146 1225 1219 ejusdem.

169 1253 326 1326 (698)
358 1257 526 1308 Anno
581 1251 759 1308 etiam
817 1252 1140 1308 Dominicis
1185 1249 1604 1308 incarnationis
1631 1250 1757 1314 684,

102 1361 238 1400 cum
285 1343 600 1400 decedente
642 1342 879 1414 praefato
924 1358 1056 1414 rege
1086 1341 1388 1408 Clodoveo,
1414 1357 1566 1396 anno
1597 1339 1760 1411 regni

104 1434 233 1505 ejus
253 1432 364 1505 (38)
397 1449 456 1502 ιι,
485 1431 664 1487 frater
692 1432 820 1502 ejus
855 1431 1229 1487 Hildebertus
1261 1432 1614 1486 Francorum
1641 1428 1762 1501 glo-

105 1524 257 1579 riose
277 1521 632 1594 sumpsisset
649 1520 987 1592 imperium,
1007 1537 1160 1576 anno
1185 1537 1244 1575 ιιι
1273 1519 1435 1592 regni
1457 1521 1604 1590 ejus,
1628 1517 1762 1572 fecit

101 1611 258 1668 idem
291 1627 392 1666 rex
420 1611 633 1667 domno
664 1608 896 1664 Bertino
921 1608 1294 1682 privilegium
1317 1609 1487 1680 regiae
1511 1607 1761 1662 auctori-

106 1701 598 1768 tatis,secundum
616 1699 1022 1772 suprascripta
1036 1697 1481 1770 conscriptionis
1500 1701 1759 1752 tenorem

104 1808 285 1863 quam
316 1790 390 1846 ab
433 1793 796 1845 antecessore
844 1805 952 1844 suo
1003 1787 1286 1842 Clodoveo
1339 1804 1472 1860 rege
1521 1788 1756 1852 factam,

1866 612 2110 672 liberius
2130 616 2362 670 vacaret
2381 613 2518 669 Deo.
2541 612 2646 668 Hic
2667 613 2779 668 sub
2797 615 3060 685 tempore
3079 610 3382 686 regiminis
3403 611 3518 679 sui,

1865 704 2080 760 domno
2107 702 2343 760 Bertino
2365 701 2671 758 ordinante
2693 705 2750 757 et
2765 701 3032 773 jubente,
3055 699 3380 758 construxit
3401 716 3522 756 mo-

1867 797 2190 849 nasterium
2221 791 2282 846 in
2311 791 2530 847 honore
2575 791 2762 847 sancti
2792 789 3051 859 Martini,
3076 789 3179 863 qui
3221 805 3379 846 nunc
3407 787 3521 846 loci

1867 885 2044 954 caput
2074 885 2131 937 et
2159 879 2337 936 totius
2367 879 2613 936 abbatias
2643 878 3011 952 principatus
3041 877 3257 947 existit,
3287 891 3520 934 annov:

1867 970 2031 1042 regni
2065 969 2400 1036 Hildeberti,
2435 969 2536 1042 qui
2585 972 2709 1025 erat
2747 985 2938 1024 annus
2984 966 3299 1024 Dominicis
3325 966 3517 1023 incar-

1867 1059 2124 1114 nationis
2151 1059 2258 1113 689
2283 1058 2413 1130 (41),
2443 1060 2552 1114 sub
2583 1056 2858 1130 pontifice
2886 1055 3304 1114 Tarwanensis
3326 1054 3520 1112 Eccle-

1869 1147 1966 1203 siaa
1999 1148 2355 1220 Ravangero.
2389 1147 2492 1202 Hic
2521 1147 2701 1204 etiam
2745 1145 2854 1203 sub
2899 1162 3052 1202 anno
3084 1144 3398 1202 Dominicaa
3429 1144 3520 1200 in-

1868 1237 2223 1292 carnationis
2251 1237 2377 1304 693,
2409 1240 2691 1308 regnante
2728 1234 2981 1309 glorioso
3023 1249 3158 1308 rege
3185 1233 3520 1291 Hildeberto

1869 1341 2021 1380 anno
2051 1343 2106 1393 x,
2139 1326 2282 1380 emit
2325 1343 2360 1381 a
2404 1325 2526 1380 viro
2585 1324 2863 1396 quodam,
2917 1324 3206 1380 Eodberto
3259 1322 3520 1393 nomine,

1868 1413 2066 1469 villam
2098 1413 2413 1484 quamdam
2443 1412 2726 1470 vocabulo
2768 1411 3094 1480 Rumliaco,
3122 1411 3329 1468 solidis
3357 1409 3521 1468 mille

1869 1503 2243 1574 quingentis;
2278 1503 2447 1573 cujus
2478 1501 2791 1574 emptionis
2815 1505 2976 1557 carta
3004 1500 3202 1557 taliter
3229 1504 3319 1558 est
3345 1500 3519 1556 facta.

1926 1618 2118 1674 XVIII.
2143 1619 2357 1690 Emptio
2389 1617 2664 1689 Rigoberti
2689 1617 2901 1673 abbatis
2929 1617 2993 1672 de
3021 1618 3294 1674 Nuntiaco
3325 1613 3463 1689 (42).

1939 1734 2186 1789 Domino
2209 1737 2411 1789 sancto
2441 1737 2497 1788 et
2526 1732 2586 1788 in
2610 1732 2841 1788 Christo
2864 1730 3178 1789 venerabili
3195 1730 3317 1787 viro
3347 1730 3522 1803 Rigo-

1867 1823 2055 1889 berto,
2075 1823 2270 1879 abbati
2306 1824 2378 1878 de
2403 1823 2760 1879 monasterio
2782 1821 2995 1890 Sithiu,
3018 1821 3372 1877 Eodebertus
3389 1835 3526 1876 ven-

105 1880 421 1983 ευριῖξιᾷειω
439 1876 1092 1983 conservemus-Quod
1117 1875 1484 1983 ρτίγίξθείυπι
1509 1875 1604 1983 133°
1627 1875 1753 1973 ίίξεο
1782 1897 1832 1963 B
1861 1875 2292 1968 sarcinis
2313 1875 3525 1983 1;“;3;;isigi‘nss'jus,;.dpanis-

107 1969 458 2036 omittimus,
483 1985 555 2023 ne
586 1966 916 2039 conscripta
945 1967 1155 2022 iterare
1183 1965 1502 2022 videamur.
1520 1965 1638 2020 Nos
1665 1963 1752 2018 in-

107 2058 278 2115 terim
310 2058 383 2114 ad
415 2055 836 2129 subsequentia
864 2056 1231 2112 festinemus.

101 2165 238 2222 XVI.
261 2164 413 2232 Quod
443 2164 615 2218 multa
635 2164 771 2229 atia,
792 2179 848 2218 se
867 2165 1095 2229 vivente,
1118 2163 1449 2233 acquisierit,
1467 2165 1518 2216 et
1537 2160 1601 2216 de
1620 2159 1759 2216 cella

279 2235 628 2293 Woromhold
655 2234 821 2302 dicta,
852 2239 909 2290 et
938 2239 1125 2290 sancto
1163 2236 1422 2290 Winnoco
1443 2233 1576 2304 (39).

170 2349 306 2400 Hzec
337 2347 394 2400 et
424 2342 538 2399 alia
567 2359 745 2415 quam
777 2341 1053 2415 plurima,
1076 2359 1136 2398 se
1165 2341 1356 2397 adhuc
1375 2340 1621 2406 vivente,
1642 2355 1764 2394 mo-

99 2434 358 2490 nasterio
382 2449 488 2489 suo
511 2431 750 2488 adauxit
769 2447 902 2486 cum
939 2430 1164 2503 ingenti
1204 2429 1603 2486 desudatione.
1620 2429 1763 2484 Mul-

109 2529 169 2579 ta
187 2522 369 2579 etiam
391 2525 683 2594 praeterea,
698 2519 908 2592 partim
932 2519 1361 2592 praecedentum
1385 2518 1767 2590 incuria,par—

109 2613 216 2668 tim
248 2628 484 2685 quoque
514 2609 793 2666 diuturna
817 2613 1106 2664 vetustate
1137 2607 1432 2676 demolita,
1454 2607 1626 2662 nobis
1655 2607 1765 2662 ha-

110 2708 318 2760 ctenus
349 2703 587 2757 manent
633 2699 952 2772 incognita.
979 2699 1213 2755 Certum
1253 2702 1342 2753 est
1379 2702 1576 2752 autem
1608 2696 1764 2768 quod

111 2791 272 2848 omni
302 2790 432 2845 vitae
464 2807 583 2846 suae
614 2792 874 2860 tempore
907 2787 967 2843 in
998 2786 1419 2860 praeparatione
1447 2784 1556 2840 loci
1589 2783 1702 2841 sibi
1733 2801 1768 2839 a

112 2881 360 2938 Domino
390 2879 588 2935 traditi
638 2878 943 2945 sudasset;
978 2878 1131 2932 unde
1163 2893 1266 2932 nec
1297 2874 1540 2942 abstitit,
1584 2874 1766 2929 donec

112 2970 326 3045 priscis
349 2967 719 3024 monasteriis
742 2967 920 3038 regali
945 2966 1286 3021 auctoritate
1316 2963 1666 3020 constructis
1684 2979 1768 3018 re-

114 3060 350 3133 galibus
371 3056 690 3130 privilegiis
711 3060 768 3112 et
783 3060 1070 3111 terrarum
1095 3052 1392 3126 cpulentia
1421 3055 1766 3123 coazquaret.

115 3150 267 3216 Quin
300 3147 478 3204 etiam
509 3151 566 3202 et
591 3145 706 3201 alia
731 3143 1151 3201 monachorum
1183 3143 1464 3210 cmnobia,
1485 3159 1547 3197 se
1579 3140 1770 3197 adhuc

114 3241 364 3305 vivente,
392 3235 734 3302 construxit,
758 3251 827 3289 ex
857 3233 1070 3306 quibus
1100 3249 1286 3288 unum
1312 3236 1402 3287 est
1423 3231 1577 3303 quod
1607 3246 1770 3285 voca-

119 3335 217 3386 tur
236 3324 802 3398 Woromhold,quod
829 3323 1067 3396 quidam
1100 3322 1188 3376 vir
1216 3321 1396 3390 dives,
1419 3321 1771 3375 Heremarus

120 3417 382 3484 nomine,
420 3414 606 3470 eidem
637 3413 758 3468 viro
801 3412 902 3468 Dei
933 3411 1304 3466 contradidit.
1341 3410 1592 3464 Sanctus
1637 3425 1772 3463 vero

122 3506 394 3563 Bertinus
427 3519 722 3560 servorum
757 3501 857 3557 Dei
899 3499 1289 3572 multiplicare
1310 3498 1510 3554 volens
1540 3497 1772 3552 habita-

120 3597 276 3662 cula,
308 3595 419 3650 hoc
450 3594 644 3666 ipsum
692 3589 1020 3647 ccenobium
1055 3594 1308 3662 quatuor
1353 3587 1512 3655 viris,
1546 3587 1616 3641 ad
1649 3603 1710 3641 se
1742 3603 1774 3640 a

123 3684 433 3744 Britanniae
458 3681 721 3756 partibus
745 3679 1211 3744 advenientibus,
1235 3695 1296 3733 se
1317 3675 1776 3732 construendum

123 3773 564 3848 regendumque
596 3768 1269 3836 commisit,Quadonoco
1299 3765 1566 3821 videlicet
1594 3769 1652 3820 et
1682 3768 1776 3818 In-

125 3880 367 3939 genoco,
397 3861 634 3917 Madoco
674 3862 996 3930 sanctoque
1028 3856 1332 3921 Winnoco,
1357 3859 1421 3910 ut
1451 3853 1592 3909 inibi
1627 3869 1779 3908 rece-

125 3955 387 4029 ptionem
419 3965 745 4024 pauperum
770 3947 1186 4010 construendo,
1209 3943 1507 4016 hospitum
1534 3943 1783 4016 peregri-

126 4057 462 4114 norumque
492 4055 693 4095 curam
727 4039 995 4110 gererent
1027 4052 1142 4090 non
1175 4034 1465 4088 modicam
1495 4033 1554 4087 in
1587 4047 1783 4087 neces-

128 4133 304 4192 sariis
333 4127 820 4188 administrando.
845 4126 982 4181 Post
1009 4125 1318 4180 decessum
1347 4139 1481 4177 vero
1513 4120 1786 4193 supradi-

131 4231 363 4281 ctorum
389 4219 569 4275 trium
601 4217 886 4283 virorum,
907 4213 1226 4280 Quadonici
1256 4211 1523 4267 videlicet
1551 4214 1607 4266 et
1628 4211 1792 4283 lnge.

134 4313 266 4372 noci
297 4316 354 4367 et
384 4308 637 4377 Madoci,
663 4309 903 4362 sanctus
931 4303 1221 4368 Bertinus,
1245 4299 1643 4356 conventiculo
1676 4301 1788 4356 fra-

131 4409 293 4460 trum
326 4398 473 4456 inibi
520 4395 879 4470 degentium,
922 4395 1155 4450 beatum
1205 4390 1492 4446 concessit
1542 4406 1791 4462 praeesse

131 4493 515 4557 \Vinnocum,
539 4486 680 4559 quia
711 4486 782 4541 de
814 4485 942 4556 ejus
965 4482 1084 4538 vita
1113 4485 1170 4536 et
1195 4479 1458 4535 moribus
1481 4495 1598 4534 non
1628 4478 1795 4534 dubi-

133 4583 321 4650 tabat,
347 4594 521 4651 quem
568 4593 764 4632 secum
797 4573 870 4629 ad
921 4570 1170 4628 infantia
1198 4569 1306 4624 sub
1339 4566 1641 4624 Dominica
1669 4584 1792 4622 mo-

136 4668 380 4729 nasterii
412 4666 570 4722 scola
612 4663 944 4720 nutriebat:
975 4661 1149 4730 cujus
1197 4659 1374 4713 vitam
1423 4660 1482 4712 et
1525 4655 1792 4723 virtutes,
1824 4640 1870 4705 D

139 4761 241 4835 qui
263 4758 570 4830 diligenter
589 4752 939 4826 investigare
957 4749 1228 4815 voluerit,
1245 4765 1278 4804 a
1299 4747 1554 4820 quodam
1579 4744 1648 4800 eli
1658 4761 1794 4835 gen-

138 4833 370 4907 tissime
391 4844 803 4915 conscriptam,
826 4838 1082 4896 invenire
1104 4837 1258 4910 apud
1284 4853 1398 4891 non
1429 4835 1657 4908 poterit.
1681 4833 1796 4889 Nos

140 4938 380 4997 interim
412 4939 600 5006 empta
628 4946 1064 5006 percurramus.

179 5045 353 5105 XVII.
384 5041 552 5113 Quod,
574 5057 629 5096 se
657 5040 890 5106 vivente,
922 5037 1104 5113 beatus
1133 5035 1388 5113 Bertinus
1421 5031 1766 5101 Rigobertum

590 5113 841 5168 abbatem
871 5108 1210 5165 ordinauerit
1242 5107 1373 5177 (40).

223 5227 400 5283 Beato
431 5222 608 5296 igitur
636 5217 868 5274 Bertino
894 5217 1020 5287 jam
1051 5215 1111 5269 in
1143 5212 1373 5268 senium
1401 5214 1689 5283 vergente,
1714 5227 1803 5265 re-

155 5317 351 5392 gimen
383 5309 631 5369 cmnobii
679 5307 770 5365 sui
815 5305 1123 5379 Rigoberto
1153 5298 1466 5358 venerabili
1495 5299 1617 5354 viro
1648 5316 1804 5355 com-

252 5459 342 5528 37)
373 5456 476 5513 Hic
507 5454 765 5513 omissus
795 5450 922 5528 dati
942 5446 1478 5528 privilegii_l_ocusna
1507 5443 1805 5528 Folquino.

252 5461 342 5528 37)
373 5461 476 5513 Hic
507 5461 765 5513 omissus
795 5461 914 5509 dati
942 5461 1223 5523 privilegii
1256 5461 1418 5502 locus
1445 5462 1478 5501 a
1507 5461 1805 5516 r'01qu1no.

230 5461 643 5607 $38)_I_tegnare
667 5526 845 5607 ccepit
867 5523 1184 5607 Clodoveus
1208 5520 1278 5575 Ill
1304 5517 1487 5607 at
1506 5521 1642 5607 post
1663 5533 1813 5607 mror-

232 5543 348 5607 (38)
384 5543 643 5603 ltegnare
672 5543 845 5654 cmi)”.
867 5543 1184 5602 UIOOOVBU§
1208 5543 1277 5575 ul
1304 5543 1478 5601 ωηυυι
1509 5543 1642 5589 puni.
1663 5543 1810 5571 mur-

157 5610 281 5662 tem
341 5597 682 5678 Theoderici
731 5598 751 5653 I
786 5599 826 5666 l,
864 5595 1046 5678 patris
1082 5609 1209 5674 sui;
1270 5591 1651 5678 obiitqueia.‘
1686 5589 1810 5678 695,

162 5661 368 5739 mense
399 5671 627 5739 Martio,
657 5671 696 5728 ἱ.
725 5686 776 5726 e.
809 5661 984 5741 regni
1005 5664 1096 5721 sui
1117 5681 1181 5741 _a.
1217 5661 1660 5741 1v.ve_l‘incunte
1687 5676 1741 5720 v.

236 5746 351 5834 (39)
379 5745 465 5810 Cf.
496 5732 708 5813 Joahn.
739 5732 908 5827 Iper.‘
923 5737 1174 5803 Chronic.
1208 5732 1318 5798 col.
1351 5733 1478 5796 473.

1865 2002 2018 2056 sima
2045 2001 2342 2056 voluntate
2371 2000 2534 2056 vobis
2556 2000 2910 2068 vendidisse,
2934 2003 2992 2054 et
3021 1998 3104 2054 ita
3133 1997 3391 2066 vendidi,
3412 2000 3526 2053 tra-

1869 2091 2110 2156 didisse,
2145 2095 2204 2146 et
2231 2089 2314 2146 ita
2340 2089 2553 2144 tradidi
2583 2088 2655 2144 de
2690 2091 2981 2160 prasente,
3011 2087 3123 2144 hoc
3153 2090 3246 2143 est
3287 2100 3524 2142 omnem

1868 2196 1990 2235 rem
2022 2177 2305 2250 portionis
2337 2193 2483 2245 mee,
2517 2177 2576 2231 in
2621 2176 2746 2232 loco
2784 2179 3164 2248 nuncupante
3193 2173 3519 2244 Rumliaco,

1866 2267 1926 2322 in
1959 2284 2105 2340 pago
2133 2266 2558 2334 Taruanninse,
2577 2281 2752 2338 quam
2779 2265 2850 2320 de
2881 2267 3044 2337 parte
3076 2262 3183 2318 filii
3213 2263 3329 2319 mei
3349 2261 3530 2348 Char.)

1869 2357 2091 2413 deberti
2121 2357 2443 2430 quondam,
2476 2371 2545 2410 ex
2580 2354 2848 2410 luctuosa
2893 2353 3214 2410 hereditate
3245 2351 3391 2408 mihi
3420 2351 3522 2407 ob-

1867 2445 2046 2515 venit,
2079 2445 2138 2501 id
2171 2449 2280 2513 est,
2305 2461 2439 2500 cum
2469 2443 2662 2510 terris,
2687 2443 2982 2512 domibus,
3005 2439 3522 2509 ediﬁciis,'manci-

1873 2535 2006 2608 piis,
2027 2533 2208 2603 silvis,
2233 2533 2436 2606 pratis,
2459 2531 2716 2606 pascuis,
2745 2532 2916 2603 aquis
2938 2545 3295 2603 aquarumve
3323 2529 3526 2585 decur-

1873 2624 2057 2691 sibus,
2082 2608 2401 2678 mobilibus
2430 2625 2488 2677 et
2517 2620 2940 2686 immobilibus,
2975 2616 3296 2688 farinariis,
3320 2631 3526 2690 greges

1874 2729 2011 2768 cum
2061 2711 2420 2784 pastoribus,
2455 2726 2578 2765 rem
2629 2708 3066 2781 inexquisitam,
3088 2707 3160 2763 ad
3206 2705 3526 2778 integrum,

1875 2805 2420 2874 quantumcumque
2435 2799 2648 2870 conjux
2663 2815 2793 2854 mea
2809 2796 3026 2852 ibidem
3043 2794 3234 2851 tenuit
3249 2793 3532 2851 moriens.

1875 2908 1988 2963 que
2020 2888 2349 2961 dereliquit,
2381 2889 2471 2944 vel
2503 2889 2572 2943 ad
2606 2887 2795 2942 filium
2826 2889 3094 2941 nostrum
3128 2881 3402 2957 superius
3430 2897 3533 2937 no-

1876 2980 2166 3036 minatum
2198 2978 2269 3033 de
2312 2981 2475 3049 parte
2505 2993 2614 3032 sua
2661 2976 2734 3031 ad
2781 2975 2979 3047 ipsum
3027 2971 3308 3046 pervenit,
3335 2969 3444 3026 hoc
3473 2970 3534 3026 et

1876 3070 2161 3142 integrato
2206 3066 2395 3121 ordini
2454 3065 2580 3136 ipse
2638 3063 2820 3120 abbas
2849 3062 2936 3118 vel
2992 3077 3128 3134 pars
3185 3056 3532 3116 monasterii

1878 3159 1991 3225 sui,
2022 3158 2081 3212 in
2121 3158 2255 3228 jure
2287 3159 2343 3210 et
2371 3151 2767 3210 dominatione
2815 3167 3038 3218 eorum,
3073 3167 3106 3205 a
3135 3149 3228 3205 die
3274 3144 3531 3220 presenti

1881 3245 2094 3301 faciant
2124 3243 2376 3314 recipere
2414 3241 2500 3296 vel
2549 3239 2880 3306 dominare;
2929 3237 3086 3292 unde
3134 3235 3464 3308 accepimus
3495 3250 3531 3290 a

1879 3335 2043 3391 vobis
2073 3333 2133 3388 in
2165 3332 2355 3404 precio
2386 3334 2598 3398 taxato,
2616 3329 2788 3400 juxta
2816 3326 2971 3400 quod
3002 3325 3171 3382 nobis
3201 3325 3348 3380 bene
3377 3339 3532 3378 com-

1882 3423 2102 3496 placuit
2132 3426 2306 3492 atque
2348 3418 2637 3487 convenit,
2663 3419 2814 3472 inter
2860 3431 3069 3471 aurum
3100 3417 3157 3470 et
3197 3415 3528 3486 argentum,

1883 3512 2099 3569 solidos
2130 3509 2288 3566 mille
2315 3509 2666 3581 quingentos
2689 3510 2942 3571 tantum,
2966 3505 3047 3560 ita
3065 3507 3132 3560 ut
3153 3503 3226 3559 ab
3250 3500 3532 3557 hodierna

1885 3602 1978 3657 die
2009 3601 2132 3673 ipse
2176 3599 2346 3666 abba,
2378 3597 2466 3652 vel
2517 3614 2651 3669 pars
2705 3593 3044 3651 monasterii
3092 3592 3204 3661 sui,
3254 3589 3533 3661 habendi,

1886 3688 2357 3758 tenendi,dandi,
2373 3685 2680 3755 vendendi,
2706 3681 3229 3750 commutandi,vel
3254 3678 3535 3754 quicquid

1887 3779 2092 3835 exinde
2148 3777 2332 3833 facere
2382 3775 2630 3831 voluerit
2685 3774 2929 3830 liberam
2987 3776 3045 3828 et
3101 3771 3420 3827 firmissam
3474 3768 3535 3824 in

1889 3867 2164 3924 omnibus
2209 3866 2464 3921 habeant
2511 3868 2876 3937 potestatem.
2908 3862 2967 3917 Si
3013 3860 3147 3932 quis
3192 3875 3348 3925 vero,
3381 3855 3538 3929 quod

1890 3959 2157 4013 futurum
2189 3972 2316 4011 esse
2347 3971 2461 4009 non
2493 3952 2809 4017 credimus,
2841 3951 2889 4006 si
2934 3966 3042 4004 nos
3083 3947 3217 4020 ipsi,
3247 3950 3349 4002 aut
3378 3943 3538 4000 ullus

1893 4049 1962 4103 de
1988 4045 2298 4101 heredibus
2321 4047 2423 4098 aut
2451 4040 2873 4114 proheredibus
2894 4037 3130 4105 nostris,
3152 4034 3241 4092 vel
3264 4032 3544 4106 quislibet

1894 4134 2162 4208 opposita
2217 4148 2485 4205 persona,
2528 4129 2629 4202 qui
2682 4132 2885 4184 contra
2938 4126 3090 4182 hanc
3137 4122 3538 4181 vendicionem

1897 4241 2074 4298 quam
2109 4239 2214 4293 ego
2261 4219 2606 4294 plenissima
2634 4217 2933 4274 voluntate
2964 4215 3088 4271 ﬁeri
3130 4212 3219 4270 vel
3250 4208 3542 4269 conscribi

1899 4312 2115 4388 rogavi,
2139 4311 2336 4367 venire
2361 4313 2461 4365 aut
2489 4308 2795 4380 effringere
2818 4303 3280 4379 praesumpserit,
3301 4305 3359 4361 et
3387 4316 3422 4356 a
3449 4314 3545 4356 me

1897 4403 1987 4460 vel
2019 4421 2054 4459 a
2084 4401 2231 4457 meis
2261 4399 2575 4456 heredibus
2607 4397 2973 4454 defensatum
3020 4411 3133 4452 non
3177 4390 3371 4459 fuerit,
3401 4393 3544 4446 tunc

1898 4495 2221 4550 inferamus
2251 4507 2359 4546 nos
2381 4487 2466 4544 vel
2497 4487 2738 4542 heredes
2757 4484 2941 4542 nostri
2961 4487 3193 4540 tantum
3213 4484 3272 4538 et
3291 4478 3403 4535 alia
3421 4481 3548 4534 tan-

1900 4589 2052 4652 tum,
2075 4585 2358 4655 quantum
2389 4595 2423 4634 a
2439 4576 2602 4634 vobis
2629 4572 3084 4648 accepimus,vel
3105 4572 3392 4643 quantum
3417 4567 3552 4641 ipsa

1901 4690 1995 4729 res
2018 4688 2083 4728 eo
2105 4675 2362 4742 tempore
2385 4665 2686 4722 meliorata
2699 4659 3218 4734 valuerit,duplam
3239 4656 3550 4732 pecuniam

1907 4765 2128 4818 statuta
2157 4762 2420 4815 servante
2450 4756 2778 4826 componat,
2803 4754 2861 4808 et
2906 4750 3063 4824 quod
3095 4747 3302 4821 repetit
3329 4745 3552 4803 evindi-

1907 4868 2038 4907 care
2059 4867 2174 4904 non
2197 4847 2403 4916 valeat,
2419 4845 2519 4902 sed
2543 4859 2781 4916 presens
2795 4839 3060 4897 vendicio
3085 4837 3208 4893 haec
3233 4833 3395 4892 omni
3413 4837 3556 4889 tem-

1908 4957 2044 5014 pore
2077 4939 2245 4993 firma
2266 4941 2322 4991 et
2351 4934 2627 4990 inviolata
2647 4933 3004 5006 permaneat,
3027 4943 3161 4984 cum
3183 4922 3555 4998 stipulatione

1909 5027 2176 5089 subnixa.

1979 5121 2186 5174 Actum
2208 5113 2395 5170 Sitdiu
2419 5109 2953 5183 monasterio,quod
2968 5106 3101 5164 fecit
3121 5101 3342 5161 mensis
3363 5098 3558 5157 Maius

1911 5210 2037 5266 dies
2066 5223 2180 5274 XVI,
2215 5219 2367 5259 anno
2409 5219 2445 5256 x
2494 5201 2656 5274 regni
2714 5198 2914 5256 domni
2971 5195 3152 5253 nostri
3205 5185 3562 5248 Childeberti

1914 5295 2148 5374 gloriosi
2179 5292 2352 5365 regis.
2383 5290 2628 5362 Signum
2651 5289 2942 5357 Eodberti,
2961 5286 3061 5360 qui
3086 5284 3237 5342 hanc
3265 5277 3561 5338 vendicio-

2014 5438 2103 5513 40)
2133 5436 2279 5513 Vide
2305 5433 2474 5490 Joan.
2509 5431 2656 5513 Iper:
2689 5431 2964 5513 {ily-onis?
2989 5428 3106 5512 .col.
3139 5427 3264 5482 474.

2139 5490 2296 5592 5591‘
2310 5523 2375 5592 ,γι
2404 5490 2567 5577 regni
2598 5490 2962 5558 Childeberti
2985 5502 3047 5556 in
3083 5515 3267 5557 annos
3297 5494 3434 5555 Chr.
3459 5490 3570 5552 700

1925 5592 1985 5645 et
2000 5580 2110 5638 ’701
2145 5580 2372 5636 incidit.

1996 5654 2108 5737 (42)
2136 5648 2408 5730 Vulgavit
2434 5646 2604 5728 Bréq.
2634 5643 2894 5728 Πίρῐονη.³
2925 5659 2984 5722 p.
3016 5643 3148 5720 267,
