4050 6394
486 397 556 458 Η
563 397 644 457 99

1543 391 1918 467 FOLQUINI
1959 393 2026 456 S.
2069 391 2388 454 BER'I'I'NI
2432 387 2838 456 MONACHII.

3743 368 3916 453 ἱὲΰό

488 541 624 590 nem
653 529 777 586 ﬁeri
806 528 1329 602 rbga'vit.'8ignum
1365 526 1712 586 Fladeberti.
1738 524 1986 600 Signum
2017 526 2142 583 Ma-
2170 527 2226 594 Α
2255 526 2471 609 rogavi.
2507 528 2902 601 R‘a‘va’n‘gerus,
2931 512 3000 584 ac
3026 523 3077 584 si
3107 519 3386 601 indignus
3414 506 3728 612 episcbpus'
3758 521 3915 581 sub;

489 617 769 692 dalcharl.
811 617 1057 692 Signum
1103 616 1402 674 Erleb‘erti.
1450 617 1699 690 Signum
1743 614 2031 672 Childolﬁ.
2063 613 2147 672 Si-

488 717 674 782 gnum
693 707 1014 764 Mauriane.
1048 706 1292 780 Signum
1323 706 1629 779 Sigeberti.

559 795 1007 854 Erchembodus
1040 795 1222 853 lector
1249 796 1400 853 hanc
1419 795 1808 852 vindicionem
1830 793 2066 851 scribsit
2091 797 2148 850 et

492 885 869 942 subscribsit.

578 983 720 1049 XIX.
756 982 908 1062 Quod
937 991 1210 1064 Erlefrz'do
1233 996 1356 1071 post
1383 992 1729 1071 Rigobertum
1757 990 2060 1047 coenobium

1050 1071 1213 1120 suum
1241 1067 1594 1122 cbmmiserz't.

561 1153 866 1210 CresCente
891 1153 1112 1209 interea
1141 1152 1517 1209 multitudine
1549 1153 1992 1220 monachorum,
2019 1152 2149 1206 bea-

493 1246 777 1315 tuspat'er
793 1243 1085 1310 Bertinus,
1106 1243 1343 1315 p'mfato
1367 1243 1678 1315 Rigoberto
1699 1242 1962 1314 requiem
1981 1242 2151 1296 desu-

497 1332 749 1390 dationis
769 1332 1083 1406 indulgens
1101 1330 1554 1405 (43),ve'nerabili
1571 1333 1692 1387 viro
1712 1331 1996 1387 Erlefrido
2011 1331 2149 1403 (44),

499 1440 533 1479 a
562 1433 625 1479 se
655 1421 896 1489 nutrito,
929 1421 1178 1479 cmno'bii
1208 1421 1302 1477 sui
1350 1421 1610 1494 regimen
1649 1419 1974 1488 commisit;
2001 1420 2148 1492 ipse,

501 1511 767 1569 arcti'oris
794 1511 924 1566 vitae
969 1511 1095 1567 vias
1140 1510 1437 1578 incedens,
1470 1513 1732 1566 semotus
1777 1525 1810 1565 a
1854 1507 2153 1568 mundana

499 1600 1099 1676 perturbatione,tota
1119 1604 1313 1676 mente
1338 1599 1637 1672 insisteret
1665 1599 1872 1654 divina:
1904 1596 2154 1670 philoso-

500 1677 672 1762 phiae.
691 1675 972 1760 Prail‘atus
995 1693 1163 1745 auter
1178 1689 1264 1744 vir
1284 1683 1792 1745 reverentissimus
1812 1686 2152 1751 Erlefridus,

502 1771 653 1835 inter
681 1783 888 1835 caetera
918 1795 1043 1850 quae
1094 1777 1297 1853 gessit,
1330 1777 1472 1833 emit
1500 1795 1534 1832 a
1566 1767 1822 1850 quodam
1872 1775 2014 1843 viro,
2049 1791 2152 1830 no-

503 1866 660 1924 mine
689 1867 1046 1936 Darnumdo,
1079 1877 1171 1922 res
1205 1865 1492 1940 portionis
1524 1883 1663 1935 suis,
1692 1864 1751 1921 in
1781 1865 1906 1921 loco
1933 1879 2156 1920 nuncu-

504 1961 679 2033 pante
723 1947 1184 2021 S‘arOaldsclusa,
1211 1971 1388 2033 super
1431 1953 1602 2010 ﬂuvio
1634 1955 1876 2028 Simma,
1911 1953 1970 2009 in
2003 1969 2151 2026 pago

503 2031 960 2113 Vetimanden'se',
985 2047 1042 2101 et
1083 2043 1143 2100 in
1187 2031 1506 2117 AppiliaCo,
1540 2061 1715 2116 super
1744 2042 1917 2099 fluvio
1945 2043 2150 2110 Ysara,

503 2134 564 2189 in
597 2145 745 2207 pago
775 2123 1180 2202 Novibmense,
1203 2150 1306 2188 seu
1339 2134 1397 2187 in
1429 2132 1568 2188 Diva
1593 2137 1650 2187 et
1669 2133 2036 2187 Corbunaceo
2069 2147 2157 2204 so-

503 2223 640 2279 lidis
672 2223 832 2279 mill'e
862 2223 1218 2296 quingentis,
1236 2217 1361 2294 quae
1391 2221 1729 2279 vinditionis
1758 2225 1916 2278 carta
1943 2221 2038 2276 hic
2068 2223 2158 2276 est

507 2313 747 2369 Inserta.
1057 2386 1060 2388 γ

649 2417 762 2476 ΧΧ.
795 2407 1006 2492 Emptio
1036 2411 1299 2491 Erlefridi
1341 2420 1551 2492 abbatis
1580 2405 1648 2475 de
1675 2420 1835 2475 rebus
1866 2420 2017 2491 infra

883 2491 906 2570 ξ
1017 2563 1020 2566 _
1149 2492 1365 2562 scriptis
1387 2491 1518 2564 (45).

583 2571 837 2638 Domino.
853 2573 908 2636 et
937 2580 1251 2638 venerabili
1273 2579 1394 2636 viro
1416 2578 1707 2648 Erlil‘rido,
1733 2577 1928 2635 abbati
1952 2577 2022 2633 de
2045 2595 2164 2633 mo-

514 2670 770 2726 nasterio
815 2669 1027 2735 Sitdiu,
1065 2667 1437 2740 Darmundus
1480 2668 1764 2724 venditor.
1788 2667 2025 2722 Constat
2072 2682 2165 2721 me

517 2767 634 2813 non
669 2758 1015 2831 imaginario
1038 2758 1191 2830 jure,
1219 2757 1321 2813 sed
1365 2753 1710 2829 plenissima
1738 2756 2032 2812 voluntate
2061 2755 2166 2811 tibi

517 2845 876 2922 vendidisse,
908 2849 965 2902 et
994 2847 1075 2901 ita
1105 2844 1338 2901 vendidi
1373 2863 1386 2901 :
1421 2845 1527 2900 hoc
1558 2849 1665 2917 est,
1696 2846 1842 2900 duas
1873 2848 2066 2918 partes
2097 2843 2169 2901 de

521 2931 581 2991 re
603 2935 887 3010 portionis
911 2953 1054 3004 mee,
1081 2935 1137 2989 in
1163 2933 1286 2990 loco
1308 2935 1682 3006 nu‘ncupante
1705 2933 2167 3006 Saroaldsclusa,

521 3023 700 3097 snper
719 3024 892 3080 fluvio
915 3024 1156 3094 Sumna,
1177 3024 1235 3078 in
1255 3040 1407 3096 pago
1427 3021 1874 3092 Vermandinse;
1900 3021 2172 3079 similiter

520 3118 583 3169 e‘t’
609 3115 667 3169 in
697 3113 996 3187 Appiliaco
1027 3105 1204 3186 super
1233 3105 1405 3168 ﬂuvio
1439 3115 1598 3169 Isara
1632 3112 1778 3168 duas
1808 3119 2003 3186 partes
2026 3111 2172 3170 sitas

520 3201 580 3280 in
611 3205 760 3277 pago
792 3193 1184 3278 NoviOmensi,
1205 3195 1308 3258 seu
1343 3202 1401 3257 in
1427 3199 1568 3258 Diva
1589 3207 1640 3258 et
1663 3202 1998 3258 Corbunaco
2023 3203 2171 3259 duas

519 3272 718 3365 partes
749 3293 820 3347 ad
850 3273 1164 3366 integrum,
1199 3291 1309 3346 hoc
1349 3294 1456 3360 est,
1489 3295 1609 3346 tam
1657 3290 1717 3345 in
1763 3291 1954 3360 terris,
1987 3290 2174 3346 domi-
2201 3272 2245 3344 C

523 3381 656 3449 bus,
716 3381 999 3452 aediﬁciis,
1059 3379 1390 3452 mancipiis,
1437 3378 1642 3448 vineis,
1685 3381 1927 3452 campis,
1985 3379 2170 3448 silvis,

523 3467 729 3544 pratis,
763 3469 1019 3542 pascuis,
1052 3469 1221 3541 aquis
1251 3485 1610 3541 aquarumve
1639 3469 2005 3539 decursibus,
2037 3469 2172 3526 fari-

525 3549 734 3627 nariis,
756 3557 1020 3636 peculiis,
1044 3557 1216 3614 cultis
1237 3561 1293 3613 et
1311 3557 1566 3626 incultis,
1591 3563 2022 3630 suprascriptas
2048 3576 2176 3631 por-

525 3639 725 3703 ciones
753 3655 787 3700 a
815 3647 909 3702 die
938 3645 1195 3718 presenti
1235 3646 1344 3702 tibi
1385 3647 1549 3702 trado
1581 3651 1755 3719 atque
1786 3649 2173 3706 transcribere

523 3745 664 3807 rogo
698 3729 1112 3808 perpetu'aliter
1133 3733 1205 3789 ad
1235 3735 1684 3806 possidendum;
1715 3737 1868 3792 unde
1888 3738 2081 3809 accepi
2113 3737 2173 3793 in

520 3823 714 3896 precio
733 3823 887 3895 quod
912 3824 1062 3880 inter
1082 3840 1190 3879 nos
1213 3825 1358 3879 bene
1375 3823 1745 3897 complacuit,
1765 3825 1875 3880 hoc
1895 3829 2002 3895 est,
2024 3815 2176 3883 inter

521 3919 733 3969 aurum
765 3917 821 3968 et
849 3905 1181 3986 argentum,
1211 3910 1429 3968 solidos
1468 3911 1627 3968 mille
1659 3913 2008 3986 quingentos
2039 3917 2173 3970 tan-

518 3989 670 4070 tum,
702 4000 785 4057 ita
814 4006 934 4080 uta
953 4002 1047 4058 die
1078 4001 1355 4074 presenti,
1381 4001 1541 4075 ipsas
1570 4003 1865 4075 portiones
1895 4002 2169 4075 habendi,

518 4089 775 4163 tenendi,
801 4085 999 4162 dandi,
1020 4091 1867 4166 vendendi,commutandi,vel
1892 4092 2170 4167 quicquid

520 4167 726 4235 exinde
747 4179 996 4237 volueris
1024 4181 1209 4236 facere
1230 4175 1475 4237 liberam
1496 4171 1551 4236 et
1573 4182 1999 4251 firmissimam,
2016 4183 2175 4238 Chri-

523 4273 611 4324 sto
643 4255 911 4342 propitio,
940 4270 999 4324 in
1022 4258 1296 4326 Omnibus
1319 4267 1534 4326 habeas
1560 4271 1929 4343 potestatem.
1956 4273 2015 4328 Si
2039 4273 2173 4345 quis

520 4349 848 4432 vero,quod
881 4359 1144 4415 futurum
1176 4375 1305 4416 esse
1336 4376 1450 4414 non
1482 4361 1673 4427 credo,
1701 4360 1748 4416 si
1783 4377 1886 4434 ego
1917 4360 2043 4433 ipse
2073 4359 2175 4418 aut

522 4446 679 4503 ullus
711 4449 781 4504 de
811 4449 1122 4505 heredibus
1156 4449 1322 4516 meis,
1347 4448 1435 4504 vel
1468 4449 1746 4522 quislibet
1776 4450 2044 4522 opposita
2073 4456 2174 4508 aut

520 4530 793 4614 extranea
813 4555 1081 4610 persona,
1102 4542 1305 4594 contra
1335 4539 1484 4594 hanc
1504 4537 1906 4596 vendicioncm
1927 4541 2168 4610 venerit,

2254 608 2508 689 scripsit.
2544 621 2574 685 ψ
2609 617 2938 685 Fulberti.+
2971 614 3339 674 Madalharii.
3366 609 3725 686 J{Humlii'erti
3750 612 3914 670 vica-

2255 707 2400 762 rius.
2424 707 2819 763 Cbrodbertus
2845 707 2994 763 hanc
3012 705 3413 762 vendicioncm
3437 703 3674 762 scribsit
3692 704 3751 761 et
3771 697 3919 760 sub-

2256 795 2512 852 scribsit.

2578 885 2717 941 XXI.
2750 886 2824 943 De
2851 887 3092 941 transitu
3121 878 3318 942 Doni-nt
3346 883 3580 942 Bertini.

2327 975 2449 1030 Sub
2479 975 2658 1047 hujus
2708 975 2928 1048 praefati
2958 974 3224 1031 Erlefridi
3270 973 3572 1048 regiminis
3619 976 3915 1044 tempore,

2257 1065 2462 1120 beatus
2492 1069 2657 1136 pater
2687 1065 2956 1122 Bertinus
2997 1064 3204 1137 plenus
3233 1063 3460 1120 dierum
3491 1068 3547 1119 et
3575 1053 3916 1128 sanctitate,

2258 1158 2388 1225 post
2409 1154 2754 1209 diuturnum
2777 1153 2836 1209 in
2857 1153 3089 1210 Domini
3111 1153 3385 1210 servitute
3405 1151 3919 1216 famulatum,car-

2258 1248 2368 1298 n'ea
2396 1241 2794 1315 relinquentes
2837 1243 3153 1316 ergastula,
3183 1242 3454 1316 migravit
3482 1242 3553 1297 ad
3583 1239 3916 1307 Christum,

2258 1335 2638 1404 percepturus
2669 1333 2742 1388 ab
2792 1332 2918 1405 ipso
2965 1337 3190 1388 aeternis
3238 1327 3729 1388 remunerationis
3780 1331 3922 1385 bra-ﬁ

2258 1421 2555 1493 vium,qui
2576 1426 2700 1478 erat
2720 1427 2908 1478 annus
2931 1419 3243 1477 Deminica:
3263 1418 3682 1478 incarnationis
3704 1411 3838 1487 698,
3863 1411 3928 1475 et

2261 1509 2484 1583 praefati
2517 1511 2670 1582 regis
2691 1510 3007 1566 Hildeberti
3028 1527 3100 1565 xv
3122 1508 3255 1582 (46),
3273 1504 3591 1566 indictione
3608 1524 3689 1564 Π.
3709 1503 3926 1580 Sepul-

2260 1603 2472 1670 tusq‘ue
2494 1603 2585 1654 est
2603 1598 2664 1654 in
2687 1598 2931 1655 basilica
2959 1598 3148 1655 sancti
3179 1596 3438 1666 Martini,
3461 1597 3562 1654 ubi
3593 1596 3867 1671 plurimm
3885 1591 3928 1652 ε

2263 1687 2509 1744 Domino
2529 1687 2780 1744 virtutes
2798 1704 2900 1760 per
2919 1688 3048 1760 ejus
3075 1688 3285 1744 merita
3304 1691 3444 1744 sunt
3471 1691 3712 1759 patratae
3729 1703 3743 1742 :
3762 1685 3926 1758 quod

2263 1780 2458 1833 textus
2488 1778 2618 1848 ejus
2644 1776 2788 1832 Vitae
2833 1777 3104 1849 patefecit
3143 1775 3598 1850 elegantissime.
3625 1777 3708 1832 Eo
3740 1775 3929 1832 etiam

2264 1871 2524 1938 tempore
2554 1867 2682 1938 (47),
2710 1865 3052 1922 venerabilis
3096 1881 3195 1922 rex
3242 1863 3612 1923 Hildebertus
3643 1864 3936 1938 migravit

2263 1955 2335 2012 ad
2379 1957 2715 2024 Dominum,
2749 1959 2883 2011 cum
2927 1959 3230 2028 regnasset
3259 1955 3429 2011 annis
3457 1967 3571 2012 xw.
3608 1954 3930 2027 Regnavit-

2263 2062 2378 2118 que
2420 2045 2779 2118 Dagobertus
2825 2061 2990 2118 puer,
3024 2043 3182 2102 {ilius
3229 2043 3378 2117 ejus,
3410 2060 3515 2118 pro
3559 2057 3648 2109 e‘o,
3683 2037 3865 2100 annis
3894 2041 3934 2098 τ’

2265 2135 2399 2208 (48);
2423 2135 2532 2190 sub
2569 2135 2739 2206 cujus
2768 2139 3032 2208 tempore
3063 2135 3377 2208 praedictus
3395 2135 3578 2190 abbas
3597 2133 3940 2193 Erlefridu‘s‘

2268 2223 2570 2280 basilicam
2602 2224 2788 2280 sancti
2817 2223 3048 2279 Martini
3069 2239 3250 2296 supra
3279 2223 3465 2280 sancti
3494 2219 3682 2280 Patris
3703 2221 3937 2279 B'ertini

2270 2312 2567 2388 tumulum
2598 2312 2869 2384 ampliori
2895 2329 3067 2386 opere
3097 2311 3446 2369 resediﬁcare
3476 2313 3669 2385 coepit.

2303 2402 2468 2458 XXII.
2495 2404 2569 2458 De
2599 2402 2984 2460 Erkenbodone
3021 2403 3235 2470 abbate,
3265 2389 3561 2462 successore
3597 2401 3897 2474 Erlefridi.

2343 2492 2477 2548 Post
2505 2491 2854 2564 multiplicia
2889 2491 3071 2566 igitur
3111 2491 3336 2565 praefati
3377 2490 3644 2547 Erlefridi
3691 2491 3934 2548 abbatis

2274 2581 2716 2650 desudamenta,
2733 2598 2859 2653 quae
2886 2586 3199 2654 postquam
3222 2581 3488 2654 magistri
3511 2586 3817 2658 superstes
3841 2590 3936 2637 ex-

2275 2670 2522 2740 stiterat,
2543 2670 2851 2726 desudavit
2871 2674 3063 2726 mente
3085 2669 3545 2744 promptissima,
3569 2670 3838 2743 migrans
3859 2670 3933 2727 ad

2275 2759 2613 2828 Dominum,
2629 2775 3027 2816 successorem
3045 2758 3156 2816 sibi
3176 2759 3412 2832 reliquit
3434 2759 3930 2829 Erchembodum,

2277 2848 2566 2921 sapientia
2594 2853 2650 2904 et
2677 2849 2935 2905 bonitate
2958 2847 3330 2922 coequalem.
3352 2849 3460 2914 Qui
3481 2853 3746 2922 tempore
3777 2849 3934 2922 regis

2278 2936 2547 3010 Hilperici
2580 2937 2933 2994 successoris
2954 2937 3212 3010 praedicti
3243 2938 3398 3011 regis
3417 2938 3728 3011 Dagoberti
3753 2938 3937 3011 Quod-

2280 3027 2415 3081 dam
2447 3025 2819 3100 privilegium
2850 3027 3009 3101 regia
3037 3027 3385 3084 auctoritate
3405 3028 3477 3084 ab
3508 3027 3634 3099 ipso
3667 3027 3937 3101 poposcit

2280 3133 2413 3189 rege
2443 3120 2867 3184 constructum,
2895 3117 3052 3189 quod
3081 3116 3274 3173 taliter
3301 3121 3391 3174 est
3419 3118 3658 3173 factum.

2316 3223 2509 3280 XXIII.
2534 3225 2900 3294 Privilcgium
2922 3223 3388 3369 ϐἑιὲὶιέῗγῖῗῼςεθίδ
3412 3228 3650 3297 ιειηρονε
3670 3226 3903 3298 praefati

2919 3313 2954 3351 α
3023 3313 3058 3352 a
3105 3313 3131 3352 s
3273 3338 3288 3351 .

2919 3305 3131 3352 abbatis
3157 3305 3170 3352 ί
3178 3305 3288 3352 49).

2354 3384 2715 3458 Chilpericus
2746 3402 2846 3441 rex
2871 3387 3223 3443 Francorum
3245 3385 3356 3458 [vir
3382 3385 3672 3451 inluster].
3694 3387 3755 3444 Si
3786 3388 3936 3444 facta

2283 3479 2659 3547 parentorum
2703 3480 3060 3545 nostrorum,
3100 3476 3256 3548 quod
3304 3475 3375 3532 ad
3419 3475 3546 3532 loca
3593 3482 3932 3534 sanctarum

2284 3565 2681 3637 prestiterunt
2709 3563 2797 3620 vel
2829 3568 3265 3631 concesserunt,
3294 3582 3398 3637 per
3426 3567 3645 3622 nostris
3678 3565 3931 3624 oraculis

2283 3654 2724 3722 conﬁrmamus,
2745 3653 2904 3727 regia
2923 3654 3346 3711 consuetudine
3367 3654 3477 3711 hoc
3496 3665 3858 3725 exercemus,
3877 3659 3932 3713 et

2284 3741 2454 3798 nobis
2485 3743 2557 3798 ad
2587 3742 2821 3798 Iaudem
2843 3743 2930 3799 vel
2956 3742 3334 3800 stabilitatem
3357 3745 3726 3817 regni—nostri
3749 3745 3809 3802 in
3832 3745 3929 3802 Dei

2283 3832 2520 3888 nomine
2551 3832 2841 3903 pertinere
2861 3833 3233 3889 confidimus.
3263 3833 3446 3906 Igitur
3464 3834 3818 3891 venerabilis
3847 3835 3930 3890 vir

2282 3921 2722 3977 Erchembodus
2751 3922 2902 3977 abba
2921 3922 2994 3977 de
3014 3921 3367 3978 monasterio
3389 3922 3601 3990 Sitdiu,
3625 3923 3728 3996 qui
3753 3927 3842 3980 est
3871 3924 3927 3979 in

2283 4027 2430 4084 pago
2452 4011 2856 4068 Tervannense
2877 4010 2936 4065 in
2953 4010 3173 4068 honore
3193 4016 3404 4067 sanctas
3423 4011 3617 4068 Maria:
3633 4013 3926 4085 genitricis

2282 4099 2512 4154 Domini
2544 4100 2727 4156 nostri
2755 4101 2894 4158 Jesu
2925 4099 3161 4170 Christi,
3185 4117 3410 4158 necnon
3458 4106 3517 4158 et
3559 4103 3748 4160 sancti
3777 4103 3924 4160 Petri

2282 4193 2341 4244 et
2381 4188 2542 4244 Pauli
2588 4189 3008 4262 apostolorum,
3035 4189 3123 4246 vel
3181 4195 3520 4246 ceterorum
3575 4191 3924 4248 domnorum

2283 4282 2620 4338 sanctorum
2663 4282 3054 4346 constructus,
3075 4279 3145 4334 ad
3176 4284 3438 4336 nostram
3468 4281 3751 4336 accedens
3783 4295 3924 4354 prae-~

2282 4366 2556 4433 sentiam,
2607 4365 2926 4423 elementiae
2976 4369 3140 4441 regni
3186 4368 3371 4425 nostri
3417 4369 3732 4443 suggessit,
3774 4369 3924 4443 quod

2281 4473 2426 4512 avus
2454 4460 2648 4512 noster
2676 4456 3035 4514 Chlodoveus
3064 4459 3361 4530 quondam
3393 4471 3491 4514 rex
3534 4460 3607 4514 de
3653 4460 3924 4517 omnibus

2280 4546 2462 4601 curtis
2492 4544 2580 4601 vel
2610 4545 2763 4602 villis
2799 4545 2988 4618 ipsius
3027 4547 3390 4616 monasterii,
3413 4547 3690 4620 quiequid
3725 4550 3923 4606 eodem

519 4623 843 4718 inferamus
877 4627 1039 4718 vobis
1085 4631 1338 4718 tantum,
1358 4632 1416 4683 et
1446 4626 1559 4683 alia
1604 4631 1855 4718 tantum,
1881 4633 2168 4700 quantum
2200 4653 2247 4718 Β
2279 4639 2540 4708 tempore
2571 4634 2966 4707 possidebant,
2992 4640 3093 4692 aut
3119 4635 3310 4692 adhuc
3333 4636 3568 4693 inantea
3587 4652 3656 4693 ex
3687 4653 3924 4694 munere

521 4717 554 4798 a
583 4714 744 4769 vobis
775 4716 1126 4787 accepimus,
1155 4716 1513 4790 duplamque
1541 4717 1873 4789 pecuniam,
1899 4718 2167 4775 consocio
2200 4714 2238 4718 _
2279 4740 2482 4796 regum
2513 4723 2603 4780 vel
2632 4723 2838 4780 collata
2863 4724 3085 4798 populi,
3113 4742 3216 4782 seu
3247 4727 3318 4782 de
3347 4731 3705 4799 comparato,
3729 4733 3830 4784 aut
3857 4729 3925 4784 de

517 4793 656 4858 fisco
683 4801 1086 4876 distringente,
1109 4811 1341 4861 coactus
1385 4806 1661 4872 exsolvat,
1685 4811 1740 4862 et
1772 4807 1927 4878 quod
1962 4809 2170 4880 repetit

517 4881 846 4948 cvindicare
876 4910 991 4948 non
1022 4893 1237 4963 valeat;
1273 4896 1372 4950 sed
1407 4894 1511 4950 hec
1543 4895 1804 4950 vendicio
1839 4896 1998 4951 omni
2023 4902 2166 4954 tem-

516 4983 655 5054 pore
686 4983 857 5038 firma
886 4988 1243 5055 permaneat,
1271 5001 1404 5040 cum
1436 4983 1815 5056 stipulatipne
1844 4986 2113 5042 subnixa.

527 5139 530 5141 Α
555 5141 558 5146 Ι
587 5074 795 5129 Actum
816 5073 1003 5129 Sitdiu
1028 5073 1402 5143 monasterio,
1424 5091 1477 5129 v1
1499 5074 1692 5129 Nonas
1715 5075 1869 5145 Maii,
1894 5094 2047 5132 anno
2074 5095 2169 5134 xw

518 5159 748 5235 imperii
778 5161 979 5218 domni
1011 5162 1197 5218 nostri
1230 5160 1542 5218 Hildeberti
1577 5162 1814 5235 gloriosi
1853 5165 2028 5237 regis.
2049 5165 2166 5238 Ego

519 5248 898 5308 Darmundus
939 5252 1226 5320 venditor,
1261 5251 1360 5324 qui
1409 5250 1559 5308 hanc
1596 5251 1995 5309 vendicioncm
2041 5254 2166 5312 ﬁeri

686 5410 704 5622 ἒ

617 5410 703 5485 43)
734 5411 819 5485 (ξς.
851 5410 1062 5467 Joann.
1097 5411 1246 5485 Iper.
1282 5428 1408 5485 cap.
1440 5413 1494 5480 2,
1529 5410 1638 5468 col.
1672 5413 1795 5468 477.

615 5480 704 5554 4:4)
729 5480 831 5554 913
851 5499 992 5554 φερε
1010 5485 1063 5551 3.
1098 5480 1238 5554 ibid-

591 5549 703 5637 ςίξέὶ
728 5549 945 5637 Edidit—-
977 5549 1145 5637 Βεεὲειε
1169 5553 1438 5637 ,Βέρῖοηιοι
1469 5571 1602 5637 pss-
1633 5557 1758 5612 380-

592 5619 801 5694 (46)ᾼῃ
807 5639 918 5694 nus
934 5641 1006 5694 xv
1021 5619 1372 5685 Childelierti
1395 5619 1836 5694 regisvconvenit
1856 5649 1989 5687 eum
2012 5648 2164 5690 anno

517 5689 734 5748 Christi
780 5693 907 5748 709.
940 5691 1026 5752 cr.
1053 5697 1275 5756 Mabill.
1321 5689 1778 5759 “abstineam.
1817 5702 1908 5770 III,
1937 5709 2089 5778 part.
2121 5689 2162 5777 ι.

2278 4813 2539 4886 qualibet
2557 4814 2816 4869 adtracto
2842 4814 2901 4869 in
2925 4816 3286 4886 quibuslibet
3314 4817 3482 4889 pagis
3505 4822 3677 4890 atque
3699 4817 3924 4873 territo-

2276 4903 2379 4958 riis
2396 4904 2536 4958 inibi
2557 4907 2645 4959 est
2661 4904 2860 4959 additu
2872 4921 2927 4958 m
2941 4904 3028 4960 vel
3046 4904 3346 4974 collatum,
3364 4906 3592 4978 integra
3609 4906 3925 4963 emunitate

2277 4993 2627 5048 antecessori
2649 5009 2756 5048 suo
2779 4993 2993 5049 domno
3016 4995 3572 5066 Bertino,quondam
3598 4995 3788 5068 ipsius
3810 5013 3926 5052 mo-

2277 5081 2513 5137 nasterii
2540 5081 2856 5150 abbate,vel
2880 5083 2952 5138 ad
2976 5084 3317 5155 prazdictum
3344 5085 3768 5141 monasterium
3789 5103 3920 5142 con-

2276 5171 2568 5239 cessisset,
2589 5175 2654 5226 ut
2675 5170 2872 5226 nullus
2887 5173 3070 5242 judex
3091 5172 3362 5246 publicus
3385 5174 3603 5231 ibidem
3622 5175 3695 5231 ad
3717 5192 3917 5232 causas

2276 5260 2615 5329 audiendas,
2639 5264 2740 5316 aut
2768 5261 2914 5317 freta
2938 5263 3276 5334 exactanda,
3294 5262 3384 5319 vel
3416 5264 3794 5337 ﬁdejussores
3822 5265 3918 5322 tol-

2273 5436 2408 5547 pag.
2442 5421 2571 5490 117;
2603 5421 2810 5477 Annal.
2842 5421 2983 5493 XIX,
3007 5423 3077 5478 45
3130 5427 3271 5480 tom.
3292 5423 3361 5491 II,
3388 5438 3520 5507 pa‘g.
3543 5425 3642 5493 23;
3677 5426 3911 5484 Μαι-ωτι.

2312 5493 2528 5547 hesaur.
2561 5493 2838 5547 Anecdot..
2871 5498 3011 5547 tom.
3047 5467 3140 5547 III.
3173 5495 3282 5547 col.
3316 5498 3440 5547 475.
3473 5515 3534 5547 ιη
3564 5503 3684 5547 not.

2347 5467 2530 5567 aut}:
2559 5467 3684 5567 Ἇῆἕοᾶἆζ,Ὶόἆέ.’ῑί[,’ῖόἰ“.“ὶιῆἕξ”ῗιὶ”ιῖὄιξ

2345 5564 2436 5636 (47
2484 5565 2550 5632 Α.
2584 5564 2684 5618 Ch.
2715 5567 2842 5622 711.

2368 5635 2438 5692 48
2489 5636 2733 5704 Emend.
2766 5653 2842 5694 ιν.

2345 5564 2457 5782 imi
2484 5701 2678 5765 Eudit.
2711 5725 2746 5766 a
2774 5709 2842 5768 Ma

2368 5629 2457 5705 48)
2485 5629 2733 5705 Emend.
2766 5653 2843 5694 ιν.
3067 5701 3070 5704 _
3259 5687 3266 5704 ,
3389 5699 3394 5705 ,
3635 5699 3640 5703 _
3671 5699 3679 5704 _
3715 5690 3740 5696 λ.

2484 5641 2746 5766 hibita;
2766 5653 2992 5769 titiam.
3022 5701 3100 5770 De
3123 5709 3188 5770 re
3214 5687 3438 5788 ἀέριοῄι.
3471 5727 3606 5789 pag.
