4050 6426
129 328 279 391 1221

1514 324 2163 395 CHARTULARIUM.

3377 327 3535 395 1222

130 462 402 537 deinceps
431 478 536 537 pro
560 476 733 536 posse
764 477 985 535 meum,
1007 461 1110 521 illa
1138 479 1264 537 quae
1304 463 1494 521 recolo
1543 469 1782 539 paratus
1809 467 1864 536 Α
1894 465 2137 533 bus,nec
2169 465 2413 522 dubium
2446 464 2602 538 quod
2640 463 3149 539 blasphemabitur
3184 469 3244 522 et
3271 483 3306 523 a
3336 482 3536 524 succe-

130 551 201 609 ad
234 552 591 610 ennaranda.

538 641 705 699 LVII.
737 643 811 699 De
849 642 1126 715 Fridegiso
1155 643 1363 700 abbate.

198 730 559 787 Nantharius
589 731 811 789 interea
831 732 1030 800 abbas,
1057 732 1261 804 junior
1290 733 1466 805 [anno
1504 733 1595 789 sui
1627 733 1778 806 regi-

130 820 307 877 minis
337 825 537 876 octavo
568 821 816 892 decimo]
848 820 1109 894 migrans
1149 839 1183 877 a
1230 821 1461 889 saeculo,
1493 821 1779 895 regularis

130 909 256 965 vitze
280 909 538 982 primum
567 910 991 967 destructorem
1042 910 1153 966 sibi
1203 909 1439 983 reliquit
1484 927 1781 967 successo—

132 1015 251 1054 rem
262 997 683 1073 ,Fridegesium
695 998 1095 1066 videlicet,nec
1106 998 1234 1071 ipso
1258 999 1495 1055 nomine
1508 1000 1775 1073 dignum,

132 1088 426 1144 abbatem.
460 1088 607 1143 Nam
638 1104 773 1143 cum
820 1087 1105 1144 hactenus
1152 1104 1319 1144 sacra
1359 1088 1782 1144 monachorum

134 1176 356 1250 regula,
389 1175 764 1233 miseratione
794 1177 919 1244 Dei,
953 1176 1012 1232 in
1038 1176 1148 1233 hoc
1178 1177 1440 1234 coenobio
1471 1178 1619 1234 foret
1647 1194 1782 1233 con-

135 1270 381 1333 servata,
444 1270 741 1322 crescente
817 1282 1014 1322 rerum
1090 1266 1414 1340 epulantia,
1482 1265 1784 1322 monachis

136 1354 561 1411 ordinationem
623 1356 960 1411 monasterii
1018 1355 1131 1424 sui,
1181 1355 1476 1411 abstracta
1525 1355 1781 1424 abbatis,

136 1444 315 1518 regali
338 1445 620 1502 beneﬁcio
650 1444 710 1501 in
725 1449 992 1502 externas
1016 1462 1295 1519 personas
1315 1450 1404 1501 est
1423 1444 1782 1501 beneﬁciata.

137 1532 299 1589 Unde
328 1533 591 1607 contigit,
638 1537 704 1589 ut
750 1533 1124 1606 supradictus
1173 1533 1529 1607 Fridegisus,
1577 1549 1787 1606 genere

138 1620 381 1696 Anglus,
405 1626 461 1680 et
483 1622 666 1679 abbas
688 1622 1126 1679 sanctiMartini
1145 1623 1413 1692 Turonis,
1439 1639 1591 1679 anno
1612 1621 1788 1678 Verbi

140 1711 424 1767 incarnati
456 1712 582 1780 820,
614 1714 673 1767 et
718 1712 942 1784 praefati
972 1712 1127 1786 regis
1170 1712 1441 1767 Ludovici
1471 1729 1570 1777 VII,
1603 1712 1786 1768 abba-

140 1798 282 1856 tiam
315 1797 627 1857 Silhiensis
659 1801 907 1857 coenobii
939 1800 1098 1873 regia
1127 1800 1438 1857 donatione
1467 1800 1789 1873 susciperet
1814 1840 1863 1907 Β

142 1888 606 1962 gubernandam.
640 1890 748 1957 Qui
799 1890 859 1945 in
909 1889 1074 1946 initio
1124 1890 1450 1963 tyrannidis
1479 1907 1620 1957 suae,
1651 1905 1787 1945 cum

145 1982 405 2035 cerneret
461 1978 756 2035 abbatiam
808 1979 1143 2036 universam
1208 1984 1293 2036 tot
1365 1979 1786 2036 monachorum

144 2066 352 2124 usibus
383 2066 805 2140 delegatam,ut
834 2072 975 2141 puta
990 2072 1223 2125 centum
1241 2073 1298 2125 et
1317 2069 1558 2142 triginta
1585 2086 1787 2124 mona-

144 2157 391 2213 chorum
434 2155 587 2212 inter
643 2161 890 2229 utraque
933 2157 1289 2214 monasteria
1345 2158 1531 2213 sancti
1571 2157 1790 2214 Bertini

145 2244 370 2302 scilicet
403 2245 708 2319 sanctique
754 2246 1071 2302 Audomari
1112 2247 1473 2320 degentium,
1527 2246 1791 2319 nihilque

143 2352 388 2391 suarum
418 2333 787 2408 voluptatum
817 2336 1025 2391 usibus
1054 2339 1505 2407 sequestratum,
1540 2336 1792 2392 avaritiae

141 2421 333 2496 jaculo
366 2422 1046 2500 secatus,monachorum
1080 2422 1452 2494 impudenter
1492 2427 1681 2479 tentat
1708 2424 1794 2480 vi-

144 2515 266 2568 tam
291 2512 683 2579 destruere,ut
715 2528 808 2567 res
838 2528 1039 2568 eorum
1072 2512 1279 2567 usibus
1323 2529 1357 2567 a
1385 2512 1655 2568 ﬁdelibus
1684 2518 1797 2569 tra-

147 2601 303 2657 ditas
354 2617 473 2656 suae
505 2587 753 2656 lasciviae
807 2600 1096 2674 potuisset
1149 2599 1380 2656 facilius
1441 2601 1794 2675 mancipare.

150 2690 312 2755 Quod
373 2687 660 2746 diabolica
726 2690 1098 2764 suggestione
1156 2694 1349 2746 mente
1406 2694 1794 2763 concoeptum,

153 2778 409 2835 nefanda
437 2782 527 2836 est
555 2778 629 2835 ab
660 2777 759 2834 illo
790 2779 1217 2852 perpetratione
1247 2784 1547 2852 peractum
1576 2780 1720 2835 Nam
1740 2779 1798 2835 in

154 2868 457 2941 capitaneo
487 2866 883 2940 apostolorum
918 2868 1009 2923 sui
1041 2868 1228 2924 sancti
1257 2867 1477 2924 Bertini
1515 2868 1661 2939 loco,
1697 2869 1798 2925 ubi

158 2975 371 3014 LXXXIII
402 2956 671 3013 monachi
706 2956 1109 3013 deserviebant
1138 2956 1405 3025 Domino,
1441 2975 1509 3012 LX
1555 2975 1658 3031 pro
1689 2958 1798 3013 hu-

160 3064 338 3103 mana
365 3044 560 3119 potius
589 3044 761 3102 laude
793 3062 972 3120 quam
1003 3062 1106 3118 pro
1133 3046 1233 3101 Dei
1273 3063 1490 3117 amore,
1522 3046 1798 3118 retinuit;

159 3135 416 3208 reliquos
463 3122 986 3215 districtioris'v'itze
1032 3134 1209 3204 viros,
1241 3151 1390 3207 quos
1427 3153 1545 3191 suae
1574 3153 1801 3209 perver-

1889 554 2187 611 dentibus.

1887 644 2080 700 LVIII.
2138 645 2213 701 De
2253 644 2549 716 privilegio
2606 643 2867 700 Ludovici
2923 646 3068 713 regis
3122 644 3188 701 de
3251 647 3539 703 venatione

2282 716 2566 788 sylvarum
2593 717 2917 772 monasterii
2944 716 3142 772 Sithiu.

1960 803 2107 875 (820)
2139 803 2241 859 Hic
2270 804 2446 860 etiam
2476 804 2790 876 praedictus
2821 804 3023 871 abbas,
3057 821 3211 861 anno
3238 805 3428 879 primo
3455 823 3542 863 re-

1889 891 2132 965 giminis
2162 891 2274 960 sui,
2295 893 2648 965 jamdictum
2691 908 2887 966 regem
2927 893 3282 950 Ludovicum
3311 895 3537 963 adiens,

1889 981 2059 1053 petiit
2089 981 2162 1036 ab
2191 997 2257 1037 eo
2278 980 2571 1037 licentiam
2605 981 2664 1036 in
2695 999 2848 1054 saepe
2893 982 3031 1037 dicti
3077 984 3414 1040 monasterii
3446 985 3538 1041 sui

1892 1069 2085 1124 Sithiu
2114 1068 2307 1141 sylvas
2335 1070 2700 1126 venationem
2756 1087 3039 1137 exercere,
3072 1072 3181 1128 sub
3234 1073 3541 1131 occasione

1890 1157 2180 1214 librorum
2213 1158 2594 1231 legendorum
2627 1158 2712 1214 vel
2737 1159 3140 1217 manicharum
3173 1161 3244 1217 ad
3267 1179 3411 1218 usus
3434 1163 3543 1219 fra-

1890 1249 2049 1302 trum
2083 1246 2615 1315 faciendarum,sed
2646 1248 2799 1320 quod
2831 1248 3169 1306 credibilius
3190 1254 3298 1317 est,
3317 1252 3388 1307 ad
3421 1268 3540 1307 sua:

1896 1334 2165 1392 vanitatis
2210 1334 2528 1391 ludibrium
2585 1336 2990 1392 exercendum.
3053 1337 3215 1402 Quod
3264 1355 3365 1396 rex
3413 1339 3542 1397 sine

1894 1441 2060 1479 mora
2087 1426 2407 1480 concessit:
2442 1423 2622 1497 regali
2654 1426 2998 1481 auctoritate
3039 1426 3408 1502 privilegium
3465 1429 3541 1486 ob

1893 1512 2005 1568 hoc
2034 1512 2159 1568 ﬁeri
2183 1513 2388 1584 jussit,
2413 1513 2567 1585 quod
2593 1516 2651 1569 et
2678 1513 2803 1585 ipse
2825 1512 3002 1586 sigilli
3033 1514 3127 1570 sui
3158 1516 3542 1590 impressione

1896 1600 2147 1674 signavit
2175 1600 2234 1656 in
2258 1600 2377 1657 haec
2406 1601 2601 1657 verba.

2192 1689 2328 1746 LIX.
2361 1689 2659 1762 Exemplar
2683 1690 2920 1762 ejusdem
2944 1692 3244 1764 privilegii.

1900 1777 2064 1847 (Vide
2121 1777 2273 1833 inter
2325 1777 2601 1904 Ludovipi
2669 1777 3142 1919 Piijlpqivilegia,
3208 1782 3542 1858 Patrologite

2581 1866 2712 1905 omo
2858 1892 2869 1904 .

2581 1866 2712 1905 omo
2735 1866 2869 1904 ων.

1900 1938 2011 1993 LX.
2047 1938 2407 2015 Privilegiam
2436 1938 2686 2015 ejusde_m_
2705 1939 2944 2015 regiade
2968 1944 3314 2015 monasterio
3341 1944 3544 2015 Sithiu,

2322 2012 2562 2080 tempore
2590 2009 2861 2081 Fridegisi
2888 2011 3118 2069 abbatis.

1970 2097 2284 2153 Prmdictus
2359 2101 2554 2153 autem
2629 2097 2812 2153 abbas
2882 2098 3218 2174 Fridegisus
3289 2107 3545 2163 secundo

1898 2202 2034 2259 rege
2080 2188 2206 2257 jam
2261 2185 2414 2241 dicto
2467 2185 2657 2258 petiit,
2691 2190 2754 2242 ut
2798 2188 2973 2243 etiam
3025 2206 3134 2246 sua
3181 2194 3546 2265 auctoritate,

1901 2292 2002 2349 per
2051 2274 2246 2348 regale
2295 2274 2687 2348 privilegium,
2709 2278 3126 2335 monasterium
3160 2299 3334 2337 suum
3355 2284 3547 2340 Sithiu

1902 2366 1973 2421 ab
2007 2365 2166 2420 omni
2193 2364 2511 2436 judiciaria
2543 2368 2828 2437 potestate
2871 2367 3218 2439 defensaret,
3260 2376 3336 2443 et,
3396 2373 3549 2430 sicut

1904 2457 2132 2509 constat
2175 2457 2570 2510 antecessores
2619 2470 2759 2510 suos
2788 2471 2954 2529 reges
3000 2458 3190 2515 eidem
3246 2459 3372 2517 loco
3410 2479 3546 2518 con-

1904 2541 2172 2608 cessisse,
2204 2542 2287 2598 ita
2316 2546 2372 2597 et
2422 2542 2546 2614 ipse
2593 2542 2885 2616 gloriosus
2928 2562 3026 2601 rex
3055 2564 3163 2604 sua
3204 2550 3548 2609 auctoritate

1905 2631 2249 2704 dignaretur
2316 2632 2683 2688 confirmare.
2745 2633 2908 2698 Quod
2966 2651 3085 2704 rex,
3144 2653 3297 2694 anno
3353 2638 3549 2697 incar-

1907 2719 2161 2777 nationis
2215 2720 2441 2777 Domini
2470 2722 2598 2789 830,
2629 2720 2739 2777 hoc
2769 2722 2942 2778 modo
2997 2724 3157 2798 regia
3210 2728 3552 2785 auctoritate

1906 2808 2180 2865 ﬁrmavit.

2133 2898 2270 2954 LXI.
2301 2900 2598 2979 Exempla-g-
2625 2899 2866 2979 ejaadem
2889 2903 3177 2979 prioilegii
3205 2904 3338 2979 (73).

2456 2970 2620 3044 (Vide
2652 2971 2751 3044 ubi
2782 2970 3008 3044 sup—ra.)

2283 3041 2447 3096 LXII.
2478 3042 2552 3096 De
2583 3040 2875 3098 Guntbertd
2894 3040 3177 3102 monacho.

1984 3129 2103 3185 Sub
2134 3128 2313 3201 hujus
2344 3128 2572 3186 abbatis
2598 3134 2880 3203 tempore,
2910 3133 3169 3190 exoritur
3215 3135 3454 3209 quidam
3485 3140 3558 3195 ti-

159 3224 320 3283 sitati
350 3224 576 3298 putavit
606 3241 720 3280 non
755 3210 1105 3291 censentire,
1138 3224 1210 3281 de
1240 3225 1594 3281 monasterio
1614 3226 1804 3298 expel-
1834 3209 1877 3277 C
1915 3218 2199 3275 runculus
2227 3236 2362 3275 mox
2408 3220 2640 3275 futurus
2671 3220 2995 3277 monachus
3025 3222 3205 3295 hujus
3246 3226 3501 3284 ecclesia
3535 3247 3551 3287 ε

156 3316 283 3372 lens
316 3314 476 3389 abire
505 3313 862 3386 permisit.In
893 3314 1077 3369 sancti
1093 3314 1407 3369 Audomari
1431 3331 1665 3387 quoque
1686 3332 1805 3371 mo-

157 3403 544 3473 nasterio,ubi
572 3400 919 3477 regulariter
946 3403 1200 3459 viventes
1232 3404 1474 3459 aderant
1499 3421 1572 3460 XI.
1602 3421 1803 3460 mona-

157 3494 275 3563 chi,
305 3511 418 3549 XXX
443 3490 752 3549 canonicos
785 3491 999 3547 ibidem
1044 3492 1116 3547 ad
1160 3492 1530 3548 serviendum
1560 3493 1803 3566 deputa-

154 3584 238 3639 vit
266 3582 326 3639 in
359 3580 713 3640 monasterio
739 3580 973 3636 Christi.
997 3582 1076 3636 Ac
1108 3585 1238 3653 post
1269 3581 1597 3649 haec,totius
1626 3582 1803 3639 abba-

156 3673 249 3729 tis:
263 3671 551 3729 circuiens
564 3669 815 3739 villas,et
832 3669 970 3742 quia
994 3670 1206 3742 duplex
1220 3671 1483 3726 exstabat
1500 3671 1807 3727 monacho-

160 3779 292 3818 rum
329 3776 633 3828 numerus,
653 3759 894 3832 duplam
925 3758 1010 3813 eis
1040 3759 1368 3830 portionem
1416 3759 1687 3815 villarum
1718 3763 1808 3816 est

158 3847 753 3925 largitus.Canonicis
783 3846 1144 3919 autem.quia
1174 3846 1473 3920 pauciores
1502 3853 1667 3905 erant
1696 3867 1804 3905 nu-

165 3937 570 4011 mero,simpla
591 3941 795 3993 contra
823 3935 1126 3992 monachis
1160 3940 1249 3993 est
1277 3938 1415 3994 data
1441 3939 1648 4010 portio.
1677 3939 1807 4011 Ipse

158 4049 226 4087 ea
257 4046 385 4103 quae
416 4027 527 4084 sibi
550 4025 801 4082 maxime
822 4024 1260 4098 placuerant,ad
1283 4027 1806 4099 sumperversitatis

158 4135 338 4177 usum
370 4113 679 4173 reservavit
703 4133 716 4183 ;
750 4119 806 4170 et
836 4115 975 4187 quia
1004 4112 1318 4170 canonicus
1340 4120 1463 4170 erat
1489 4134 1623 4173 cum
1642 4134 1808 4174 cano-

158 4207 309 4265 nicis
338 4206 399 4261 in
426 4202 613 4261 sancti
630 4202 945 4259 Audomari
971 4203 1324 4259 monasterio
1348 4204 1704 4262 saeculariter
1721 4206 1805 4262 vi-

156 4298 350 4354 vebat.
385 4293 533 4360 Quid
564 4292 696 4365 plus
726 4291 904 4364 hujus
926 4291 1154 4347 abbatis
1187 4292 1433 4347 referam
1462 4294 1804 4365 versutiam,

158 4400 296 4442 cum
325 4380 512 4437 veraci
536 4396 768 4452 possem
795 4378 1013 4434 famine
1033 4377 1222 4434 dicere
1241 4378 1397 4435 hunc
1418 4381 1675 4452 primum
1696 4382 1806 4439 loci

158 4473 343 4545 hujus
373 4487 574 4526 casum
600 4467 861 4525 extitisse
881 4467 909 4523 ἰ)
934 4467 1037 4523 Ηὶο
1055 4467 1582 4536 etiam,sccundum
1602 4472 1810 4527 veridi-

160 4579 292 4620 cam
323 4558 595 4616 Veritatis
623 4574 847 4625 vocem,
879 4574 1012 4612 cum
1043 4555 1142 4612 alii
1166 4555 1616 4625 laborassent,in
1648 4559 1808 4616 labo-
1839 4584 1885 4649 D

161 4669 257 4710 res
288 4665 491 4707 eorum
523 4647 747 4704 introiit
797 4664 901 4702 nec
949 4645 1139 4702 solum
1192 4646 1434 4714 introiit,
1484 4648 1586 4704 sed
1631 4649 1807 4705 etiam

160 4760 292 4817 quae
306 4739 710 4796 laboraverant
724 4736 1029 4793 temeraria
1046 4736 1807 4809 praesumptioncdestruxit.

158 4833 267 4890 Hic
297 4829 475 4888 etiam
507 4828 770 4883 fraterna:
803 4825 1104 4881 charitatis
1135 4825 1441 4897 utriusque
1471 4825 1810 4882 monasterii

160 4922 493 4979 destructor
521 4915 744 4985 extitit;
778 4916 920 4971 dum
951 4918 1008 4970 et
1036 4913 1308 4970 monachi
1348 4914 1459 4970 sibi
1493 4915 1724 4987 justum
1755 4919 1812 4971 et

160 5013 235 5069 ab
269 5008 529 5081 antiquis
562 5005 830 5062 Patribus
855 5004 1136 5061 traditum
1168 5003 1499 5059 reverentia:
1531 5004 1810 5065 honorem

158 5096 1024 5167 vindicant,canonicorumque
1056 5093 1476 5165 subjectionem
1509 5093 1621 5148 sibi
1650 5111 1810 5149 vera-

163 5191 310 5248 citer
339 5186 677 5253 defendunt,
694 5188 751 5241 et
772 5182 1032 5240 canonici
1048 5183 1119 5239 ab
1142 5182 1269 5255 ipso
1291 5182 1498 5238 abbate
1512 5183 1811 5257 canonico,

161 5278 359 5337 fallaci
381 5273 1123 5347 assertione,principatum
1147 5273 1219 5328 ad
1243 5287 1305 5328 se
1325 5271 1813 5328 monasteriorum

161 5368 455 5444 pertinere
485 5364 822 5421 dicunt.Pro
852 5362 947 5420 his
977 5361 1253 5419 omnibus
1284 5365 1342 5417 et
1361 5360 1601 5433 reliquis
1620 5365 1818 5435 tyran-

162 5458 325 5517 nidis
353 5472 472 5514 suze
510 5454 740 5511 actibus
768 5453 1053 5509 hactenus
1076 5450 1517 5523 blasphematur
1539 5451 1610 5507 ab
1629 5453 1815 5508 omni-

1912 3308 2083 3380 cujus
2113 3306 2242 3363 laus
2273 3312 2332 3364 et
2360 3308 2647 3380 sapientia
2702 3309 2785 3364 ita
2838 3309 3124 3367 hactenus
3169 3313 3229 3368 in
3286 3317 3553 3375 omnium

1913 3400 2249 3452 nostrorum
2279 3399 2546 3451 versatur
2574 3412 2671 3452 ore
2695 3413 2762 3452 ac
2788 3396 2840 3453 si
2869 3399 3289 3469 praesentaliter
3336 3403 3396 3458 in
3426 3403 3554 3460 vivo

1911 3488 2206 3541 teneretur
2236 3501 2475 3557 corpore
2504 3488 2562 3541 et
2576 3485 2811 3555 merito;
2840 3503 2976 3542 nam
3007 3491 3345 3546 monasterii
3376 3491 3554 3565 hujus

1913 3574 2170 3641 libraria,
2206 3591 2331 3646 quae
2362 3591 2508 3647 pene
2537 3574 2736 3630 omnia
2757 3578 3047 3633 vetustate
3066 3583 3232 3635 erant
3255 3580 3551 3651 demolita,

1915 3663 2194 3736 quoniam
2227 3663 2451 3735 peritus
2479 3668 2605 3720 erat
2635 3664 2848 3731 scriba,
2881 3667 3116 3739 propria
3143 3672 3436 3726 renovavit
3463 3670 3554 3727 in—

1915 3753 2411 3824 dustria.Insuper
2438 3755 2497 3808 et
2524 3752 2639 3809 alia
2669 3754 2906 3809 adauxit
2931 3753 3211 3813 librorum
3233 3757 3552 3830 volumina,

1915 3860 1983 3898 ex
2013 3841 2229 3914 quibus
2259 3842 2374 3897 duo
2405 3846 2545 3897 sunt
2567 3842 3137 3917 antiphonarii,quos
3164 3846 3290 3919 ipse
3320 3849 3557 3922 propria

1915 3948 2093 3986 manu
2135 3930 2517 4003 conscripsit;
2551 3935 2608 3987 et
2655 3930 2903 3987 alterum
2948 3938 3147 3989 sancto
3197 3936 3551 4008 Audomaro,

1915 4020 2161 4077 alterum
2191 4036 2324 4076 vero
2356 4024 2555 4075 sancto
2584 4020 2866 4076 Winnoco
2895 4022 3201 4079 concessit.
3227 4024 3472 4098 Scripsit
3498 4032 3558 4084 et

1913 4109 2172 4177 tertium,
2233 4125 2409 4180 quem
2465 4107 2733 4165 lucidiori
2780 4125 2953 4182 opere
3002 4111 3312 4172 elucidavit
3340 4133 3354 4185 ;
3385 4117 3556 4188 cujus

1915 4198 2149 4255 initium
2178 4202 2235 4254 et
2264 4197 2323 4252 in
2355 4196 2611 4253 carmine
2639 4198 2931 4269 majorum
2962 4199 3423 4275 solemnitatum,
3451 4222 3554 4261 au-

1916 4289 2030 4345 reis
2060 4286 2270 4343 litteris
2299 4285 2543 4342 mirifice
2564 4286 2885 4356 decoravit;
2919 4305 3114 4361 quem,
3150 4291 3288 4363 quia
3329 4292 3557 4366 elegan-

1916 4380 2124 4435 tiorem
2151 4377 2316 4445 vidit,
2341 4380 2540 4432 sancto
2574 4376 2806 4433 Bertino
2837 4378 3205 4436 contradidit.
3240 4382 3559 4457 Descripsit

1918 4473 1974 4524 et
2003 4470 2359 4540 compotum,
2394 4482 2566 4539 quem
2593 4469 2651 4521 et
2675 4466 2845 4523 nobis
2869 4468 3157 4526 concessit
3181 4469 3553 4543 habendum;

1916 4558 2162 4631 insuper
2196 4561 2252 4613 et
2281 4555 2413 4625 alia,
2458 4573 2583 4628 quae
2616 4554 2663 4611 si
2696 4555 2791 4611 hic
2820 4556 3173 4628 scribantur,
3203 4559 3561 4618 videbuntur

1917 4664 2045 4703 esse
2072 4644 2496 4719 superﬂua.Hic
2526 4651 2744 4712 autem,
2778 4645 2836 4699 in
2868 4646 3142 4717 primaeva
3163 4649 3491 4720 juventute,
3524 4668 3561 4708 a

1920 4740 2084 4808 patre
2112 4736 2357 4791 Romam
2386 4736 2617 4803 ductus,
2646 4732 2843 4805 ibique
2869 4739 3069 4791 sancto
3112 4737 3279 4795 Petro
3327 4739 3560 4798 oblatus

1919 4828 1975 4880 et
2005 4826 2075 4879 ab
2119 4824 2377 4898 Eugenio
2435 4841 2585 4897 papa
2641 4826 2731 4879 est
2784 4822 3109 4883 clericatus.
3165 4827 3348 4892 Quem
3397 4833 3563 4901 pater

1919 4913 2125 4969 exinde
2150 4914 2392 4969 domum
2422 4915 2727 4979 reducens,
2757 4911 2817 4967 in
2847 4913 2956 4969 hoc
2987 4917 3339 4973 monasterio
3368 4918 3559 4975 Sithiu

1920 5007 2121 5059 sancto
2151 5002 2318 5059 Petro
2350 5008 2670 5075 sanctoque
2699 5002 2929 5059 Bertino
2956 5005 3307 5062 monachum
3328 5006 3559 5078 obtulit,

1919 5092 2231 5163 locumque
2260 5091 2439 5147 istum
2466 5091 2801 5148 haereditate
2831 5109 2939 5149 sua
2965 5093 3234 5151 nobiliter
3255 5095 3561 5154 haeredita-

1920 5180 2022 5236 vit.
2054 5179 2352 5236 Concessit
2368 5195 2624 5251 namque
2645 5180 2715 5236 ad
2739 5181 2865 5253 jam
2889 5181 3111 5239 dictum
3140 5186 3563 5243 monasterium

1924 5266 2565 5337 Sithiu,monasterium
2588 5269 2881 5339 quoddam
2901 5272 3054 5344 quod
3076 5272 3201 5346 ipse
3221 5274 3281 5330 in
3303 5275 3563 5349 proprie-

1923 5364 2042 5416 tate
2073 5375 2182 5414 sua
2210 5359 2632 5424 construxerat,
2666 5358 2903 5415 nomine
2945 5362 3253 5420 Steneland
3296 5365 3367 5422 ad
3405 5365 3563 5438 quod

1926 5465 2159 5507 omnem
2200 5446 2328 5519 ejus
2386 5444 2782 5500 haereditatem
2840 5447 3122 5507 Salvatori
3178 5452 3444 5525 Domino,
3501 5452 3562 5513 in

259 5565 374 5638 73);
404 5562 596 5638 Edidit
630 5558 1274 5638 Mabillonius,_omisit
1310 5560 1508 5619 autem
1550 5561 1717 5620 notas
1765 5556 2206 5638 chronologicas
2242 5568 2572 5634 nomenque
2619 5550 2732 5615 loci
2774 5552 2875 5615 ubi
2918 5554 3178 5638 diploma
3231 5562 3435 5628 datum
3474 5565 3567 5630 est

164 5633 317 5706 Vide
341 5636 419 5700 De
443 5651 504 5699 re
532 5634 759 5714 diplom.
790 5648 925 5715 pag.
956 5633 1082 5693 612.
