4050 6386
501 323 659 396 1333

1567 313 1936 388 FOLQUIN‘I
1982 315 2048 377 S.
2093 309 2414 376 BERTINI
2456 309 2834 376 MONACHI.

3752 310 3930 375 1224

504 459 674 530 cuqu
719 454 955 514 nomine
995 453 1278 512 eumdem
1317 449 1646 510 construxit
1699 447 2141 514 monasterium,
2174 448 2228 516 Α
2259 444 2568 519 Vostringe
2599 465 2612 514 ;
2644 445 2705 502 in
2760 445 3118 520 Tingria'co;
3145 445 3209 503 in
3265 444 3532 516 Wilem;
3577 443 3926 520 Manil-nga-

502 549 782 619 pergetua
830 542 1107 599 firmitate
1133 539 1436 613 delegavit.
1471 539 1602 594 Haec
1635 539 1774 593 sunt
1813 539 2002 592 autem
2039 552 2149 592 no-

500 635 662 691 mina
687 632 956 690 villarum
981 647 1128 703 quas
1159 629 1468 702 praedictus
1491 626 1820 692 Goibertus,
1841 623 2146 682 Guntherti

497 722 720 796 praefati
765 726 950 794 pater,
1000 729 1105 792 pro
1153 718 1523 790 eleemosyna
1570 732 1681 771 sua
1720 713 1792 770 ad
1841 713 2146 770 basilicam

496 809 728 868 Domini
762 808 1079 867 Salvatoris
1111 809 1168 863 in
1201 805 1515 863 Sten’eland
1545 803 1927 861 contradidit:
1955 803 2017 857 In
2049 801 2146 857 Ri-

497 900 874 973 colvingeem,
936 898 1231 954 Hisdenne
1283 912 1417 951 cum
1475 892 1903 965 mancipiis;in
1953 891 2146 947 Okka-

497 987 849 1062 ningahem;
883 987 943 1042 in
990 985 1273 1053 Hostede;
1309 985 1369 1040 in
1421 984 1812 1056 Lampanesse
1838 997 1851 1048 ;
1880 980 1940 1036 in
1991 979 2146 1036 Sim-

497 1095 642 1152 paco
688 1095 703 1147 ;
760 1077 821 1132 in
882 1076 1190 1132 Bortheem
1238 1092 1252 1143 ;
1295 1074 1356 1130 in
1416 1075 1628 1141 Re-ka;
1683 1072 1744 1128 in
1795 1073 2027 1138 Strata;
2083 1069 2143 1126 in

496 1164 932 1232 Hemmanwil;
988 1165 1046 1219 in
1108 1163 1400 1231 Kiltiaco;
1450 1162 1510 1217 in
1568 1160 2021 1232 Hedenesberg;
2082 1157 2143 1213 in

494 1255 848 1312 monasterio
881 1269 1155 1310 mansum
1188 1252 1546 1323 hortumque
1577 1267 1590 1318 ;
1623 1249 1682 1305 in
1705 1249 1908 1305 Ariaco
1941 1247 2145 1303 simili-

493 1349 620 1414 ter";-
651 1344 711 1400 in
739 1345 1031 1400 Tarwana
1061 1357 1335 1397 mansum
1367 1358 1380 1409 ;
1408 1341 1468 1395 in
1499 1337 1801 1404 Quintvico
1849 1336 2138 1393 similiter.

494 1435 756 1506 Itemque
784 1435 857 1489 ab
889 1432 1020 1488 aliis
1049 1431 1121 1487 ad
1169 1431 1436 1487 eamdem
1481 1427 1786 1485 basilicam
1836 1430 1977 1483 sunt
2004 1442 2142 1482 con-

493 1527 716 1581 cessa:
750 1524 815 1580 In
848 1521 1119 1579 Kessiaco
1151 1524 1210 1577 et
1236 1518 1504 1593 Squerda
1535 1535 1550 1586 ;
1583 1518 1645 1574 in
1677 1513 2008 1574 Wesarinio
2038 1515 2140 1584 ;in

2259 535 2422 601 sele;
2453 535 2513 591 in
2563 533 2829 592 Loclesse
2866 553 2879 604 ;
2926 534 2986 591 in
3043 533 3533 606 Lonastingahem
3563 555 3585 604 ;
3614 535 3676 591 in
3721 534 3926 592 Gruo-

2257 624 2540 698 nomberg
2571 641 2585 693 ;
2616 624 2677 680 in
2705 624 3392 698 Dagmaringahemﬁaac
3413 625 3611 681 omnia
3630 625 3924 697 praefatus

2257 711 2565 769 Goibertus
2595 718 2653 769 et
2682 713 2836 769 filius
2859 714 2992 786 ejus
3023 713 3402 780 Gunthertus,
3455 712 3672 786 partim
3720 731 3796 770 ex
3826 731 3926 770 eo-

2256 818 2388 857 rum
2419 801 2774 868 hzereditate,
2805 803 3020 875 partim
3060 802 3308 858 aliorum
3347 803 3681 869 donatione,
3713 819 3790 858 ex
3819 802 3924 876 ip-

2256 890 2380 948 sius
2411 895 2606 947 tamen
2666 891 2973 948 Guntberti
3035 891 3442 964 acquisitione,
3475 892 3547 947 ab
3597 891 3920 948 basilicam

2255 980 2488 1036 Domini
2520 980 2836 1037 Salvatoris
2869 981 2926 1036 in
2959 981 3693 1048 Stenedland,firmissima
3723 982 3918 1037 tradi-

2253 1071 2468 1126 derunt
2497 1070 2828 1138 donatione,
2870 1073 2927 1126 et
2970 1070 3160 1142 ipsam
3208 1070 3514 1126 basilicam
3555 1074 3730 1144 atque
3771 1087 3917 1143 por-

2252 1163 2373 1214 tam
2401 1159 2534 1230 (74),
2560 1159 2900 1215 monasterii
2927 1157 3215 1225 Sithiu,ad
3235 1169 3438 1214 eorum
3469 1159 3916 1232 eleemosyuam

2253 1247 2575 1304 faciendam
2605 1247 2665 1303 in
2699 1248 3056 1322 pauperi-bus
3103 1252 3161 1304 et
3206 1248 3554 1322 peregrinis,
3586 1249 3917 1322 promptis-

2252 1336 2404 1392 sima
2433 1342 2851 1394 concesserunt
2876 1337 3195 1394 voluntate.
3236 1337 3372 1402 Quae
3417 1337 3616 1394 omnia
3664 1338 3728 1394 in
3757 1335 3920 1395 locis

2251 1426 2375 1484 suis
2406 1443 2541 1482 cum
2573 1427 2643 1482 de
2671 1426 3040 1501 eleemosyua
3068 1426 3228 1500 loqui
3257 1426 3704 1501 cmpimus,cum
3722 1429 3920 1486 curtis

2249 1515 2396 1584 suis,
2431 1516 2544 1572 Deo
2573 1515 2820 1586 favente,
2854 1517 3264 1573 describimus.

1864 1639 2103 1713 Explicit
2132 1638 2271 1696 liber
2295 1641 2528 1712 primus.

563 1746 677 1817 (74)
706 1743 792 1802 Ad
824 1747 1053 1817 portam
1083 1743 1222 1800 Cod.
1255 1743 1406 1798 Aud.

491 1861 2938 1893 _——_——-—-——-——-—I—————

1683 1979 2012 2072 LIBER
2069 1975 2700 2071 SECUNDUS.

1983 2135 2383 2154 b—

989 2263 1032 2321 I.
1063 2263 1140 2320 De
1174 2263 1396 2336 Hugone
1431 2261 1642 2319 abbate.

559 2357 779 2414 Abbate
808 2359 1006 2410 autem
1055 2353 1354 2426 Fridegiso
1404 2352 1694 2424 migrante
1718 2366 1753 2406 a
1777 2348 1988 2405 saeculo
2020 2347 2141 2422 [sui-

491 2444 798 2520 regiminis
829 2459 982 2499 anno
1013 2446 1219 2515 quarto
1252 2439 1521 2514 decimo],
1555 2441 1718 2513 Hugo
1765 2437 2141 2506 venerabilis,-

491 2536 674 2592 Filius
699 2532 886 2592 Caroli
911 2532 1067 2605 regis
1091 2530 1287 2604 magni
1305 2535 1364 2586 et
1381 2531 1557 2586 frater
1583 2527 1856 2586 Ludovici
1869 2527 2134 2594 Caesaris,

490 2626 552 2680 in
593 2623 828 2680 abbatia
875 2620 1179 2688 successit,
1231 2635 1384 2675 anno
1433 2617 1850 2675 incarnationis
1907 2615 2140 2673 Domini

493 2714 618 2779 834,
680 2716 736 2768 et
788 2709 1010 2782 praefati
1082 2709 1236 2782 regis
1291 2706 1565 2764 Ludovici
1619 2720 1736 2762 xxr.
1797 2705 1925 2771 Qui,
1986 2719 2138 2762 anno

495 2798 802 2872 regiminis
828 2797 920 2854 sui
969 2813 1030 2864 ιι,
1063 2797 1404 2869 praedictum
1437 2812 1632 2869 rogem
1663 2795 1885 2864 adiens,
1919 2794 2141 2867 rogavit

495 2890 616 2945 hac
647 2889 719 2944 ab
752 2886 851 2942 illo
882 2885 1042 2959 regia
1070 2885 1420 2942 auctoritate
1445 2883 1686 2953 firmari,
1719 2899 1847 2956 quae
1879 2887 2137 2940 anteces-

494 2995 657 3036 sores
714 2977 801 3032 sui
865 2976 1219 3031 Francorum
1254 2990 1421 3048 reges
1473 2973 1767 3047 regalibus
1819 2971 2140 3046 privilegiis

493 3069 731 3140 praefato
763 3065 949 3138 Sitgiu
973 3062 1327 3120 monasterio
1351 3062 1460 3120 visi
1484 3060 1714 3120 fuerant
1737 3063 2135 3120 confirmasse.

493 3151 655 3224 Quod
675 3169 774 3211 rex
795 3152 1324 3211 exdellentissimus
1343 3155 1463 3208 tam
1491 3157 1757 3225 prompte
1778 3150 2136 3224 adimplevit,

493 3249 779 3318 Quantum
831 3248 889 3300 et
926 3245 1226 3316 rogantem
1258 3259 1374 3314 prae
1407 3241 1900 3308 antecessoribus,
1939 3243 2140 3312 utpote

493 3335 728 3392 fratrem
758 3333 932 3388 corde
963 3337 1135 3388 tenus
1167 3330 1463 3387 fraternali
1498 3329 1779 3386 charitate
1809 3328 2028 3385 dilexit.

494 3441 564 3500 Ii.
595 3435 958 3513 Privilegium
1002 3437 1275 3565 Ludozitci.
1487 3440 1724 3510 tempore
1777 3437 2016 3509 Hugonis
2046 3436 2142 3492 ab-

1252 3526 1300 3565 τε
1457 3551 1470 3564 .

1252 3526 1300 3565 τις
1338 3526 1470 3565 (ID).

2169 2261 2218 2328 B
2248 2259 2580 2333 episcopus,
2611 2257 2986 2332 suggestione
3019 2257 3278 2334 Hugonis
3308 2255 3534 2318 abbatis
3581 2258 3912 2317 Sithiensis

2245 2348 2511 2416 cmnobii,
2543 2347 2696 2421 quod
2727 2353 2816 2405 est
2856 2353 3256 2406 constructum
3291 2349 3353 2405 in
3394 2347 3588 2407 insula
3615 2344 3810 2408 Sithz'u
3841 2347 3905 2404 in

2245 2439 2466 2498 honore
2496 2441 2556 2494 Β.
2592 2436 2742 2494 Petri
2774 2438 3056 2512 principis
3087 2437 3503 2511 apostolorum,
3536 2439 3638 2494 ubi
3671 2437 3737 2495 B.
3759 2438 3899 2494 Ber-

2244 2527 2406 2584 tinus
2421 2541 2660 2600 corpore
2675 2528 2892 2600 quiesci
2904 2529 3316 2603 t,perpendens
3333 2524 3682 2602 injustitiam
3707 2526 3901 2602 lacry-

2248 2617 2530 2674 mabilem
2562 2633 2740 2689 quam
2767 2616 3104 2692 Fridegisus
3136 2620 3526 2692 praedecessor
3564 2633 3747 2692 supra
3777 2632 3904 2675 me-

2247 2704 2455 2762 morati
2487 2706 2716 2763 abbatis
2765 2706 2955 2764 eidem
3012 2711 3212 2764 sancto
3271 2707 3396 2766 loco
3445 2707 3744 2780 intulerat,
3778 2711 3906 2764 tota

2248 2796 2571 2852 intentione
2590 2797 2919 2870 excogitare
2949 2796 3378 2870 ccepi,qualiter
3396 2799 3669 2854 eumdem
3699 2797 3901 2853 locum

2247 2885 2317 2942 ad
2351 2885 2666 2958 pristinum
2699 2884 2980 2942 honorem
3001 2887 3256 2943 valerem
3285 2889 3576 2944 reducere.
3611 2885 3906 2942 Omnibus

2249 2978 2401 3031 certe
2433 2979 2638 3031 notum
2670 2979 2758 3031 est
2787 2974 3058 3032 ﬁdelibus
3088 2977 3366 3050 quoniam
3389 2973 3573 3033 sancti
3603 2975 3905 3032 confesso-

2249 3081 2340 3120 res
2361 3063 2572 3121 Christi
2589 3064 2959 3120 Audomarus
2977 3053 3610 3138 atqueJie-rtinus,dum
3628 3064 3825 3122 adhuc
3843 3063 3904 3121 in

2248 3168 2486 3226 corpore
2511 3155 3133 3219 essent,ccemeterium
3166 3155 3224 3210 in
3255 3155 3397 3211 villa
3427 3155 3608 3211 Stthz'u
3628 3155 3688 3210 in
3723 3169 3902 3228 supe-

2249 3242 2385 3299 riori
2417 3242 2542 3299 loco
2566 3243 2635 3298 ad
2655 3244 3004 3300 tumnlanda
3016 3249 3190 3300 suaet
3210 3243 3630 3300 monachorum
3654 3259 3902 3317 corpora

2247 3331 2548 3388 communi
2577 3349 2747 3404 opere
2778 3333 3072 3390 fecerunt:
3101 3332 3160 3388 in
3186 3334 3356 3405 cujus
3375 3333 3565 3390 medio
3592 3333 3897 3390 basilicam

2248 3421 2308 3478 in
2339 3421 2558 3478 honore
2580 3421 2638 3478 S.
2670 3421 2860 3477 Maria
2893 3427 3356 3492 construxerant,
3392 3437 3570 3495 quam
3618 3421 3798 3478 etiam
3832 3420 3894 3479 B.

2247 3512 2617 3567 Audomarus
2639 3510 2939 3567 S.Bertinn
2953 3512 3194 3584 suisque
3217 3512 3656 3568 successoribus
3669 3511 3897 3569 donans

494 3601 661 3675 (Vide
719 3601 876 3657 inter
926 3599 1228 3673 privilegia
1295 3595 1563 3706 Ludovici
1629 3595 1737 3667 Pii,
1801 3595 2139 3671 Patrologiae
2171 3637 2214 3706 Ο
2251 3615 2354 3673 per
2383 3598 3062 3672 privilegiumquoddam
3083 3600 3409 3674 episcopale
3430 3601 3898 3668 confirmaverat,

1148 3691 1292 3743 tom.
1325 3685 1482 3753 CIV.)

566 3779 662 3836 III.
695 3777 909 3834 Eodem
940 3780 1199 3848 tempore
1229 3776 1543 3848 przedictus
1586 3775 1749 3848 Hugo
1780 3775 1961 3832 abbas
2005 3792 2140 3832 con-

496 3867 699 3924 dolens
729 3865 1143 3922 infelicissimae
1176 3867 1233 3921 et
1263 3863 1604 3920 miserrimae
1635 3863 1900 3921 divisioni
1935 3869 1991 3920 et
2018 3865 2141 3920 dis-

494 3956 733 4013 oissioni
762 3954 1113 4012 venerabilis
1158 3953 1468 4012 Sithiensis
1516 3951 1763 4010 cmnobii
1795 3954 1868 4010 ab
1903 3951 2142 4010 infando

494 4045 795 4118 Frideg‘iso
812 4045 1047 4110 'factze,a
1075 4045 1289 4100 domno
1311 4039 1592 4116 Folquino
1617 4047 1754 4100 tunc
1783 4041 2142 4100 Morinorum

492 4131 810 4192 venerabili
851 4133 1114 4191 antistite
1146 4134 1430 4190 unitatem
1465 4131 1861 4190 coenobiorum
1893 4131 2142 4207 pristino

494 4231 656 4280 more
686 4223 990 4280 reformari
1043 4221 1371 4296 inspiravit.
1406 4223 1567 4290 Quod
1620 4225 1676 4278 et
1708 4221 2005 4296 privilegio
2049 4221 2144 4278 fir-

495 4313 644 4370 mari
677 4311 830 4371 fecit.
881 4313 1071 4386 Hujus
1100 4317 1296 4370 autem
1348 4311 1640 4386 priuilegii
1686 4311 1795 4368 hoc
1825 4317 1916 4370 est
1957 4325 2146 4369 exem-

495 4403 550 4476 pl
559 4419 641 4460 ar.

1018 4489 1111 4548 IV.
1145 4491 1449 4565 Exemplar
1486 4490 1618 4565 (76).

564 4577 683 4654 Ego
714 4580 1035 4652 Folquinus
1065 4579 1166 4636 Dei
1198 4581 1385 4654 gratia
1415 4577 1772 4637 Morinorum
1811 4579 2141 4654 episcopus,

495 4669 770 4726 omnibus
802 4669 1075 4726 fidelibus
1104 4673 1223 4726 tam
1260 4670 1475 4727 futuris
1524 4685 1702 4744 quam
1733 4671 2143 4743 praesentibus.

495 4757 789 4831 Quidquid
835 4760 906 4815 ob
955 4771 1212 4816 amorem
1263 4759 1360 4816 Dei
1387 4761 1683 4833 exigentes
1730 4760 1810 4816 rei
1843 4758 2145 4816 veritatem

496 4848 791 4905 memoriae
805 4849 1134 4905 futurorum
1157 4850 1517 4907 noscendum
1541 4847 2146 4922 reliquerimus,valde

494 4939 554 4995 id
587 4938 898 4994 animabus
929 4939 1145 4994 nostris
1178 4940 1548 5011 profuturum
1581 4939 2057 5010 speramus,dum
2091 4941 2148 4994 et

2251 3693 2307 3746 et
2337 3705 2510 3746 suum
2541 3688 2692 3745 inter
2721 3706 2818 3745 eos
2850 3690 3262 3763 corpusculum
3307 3689 3539 3764 sepeliri
3580 3689 3640 3746 in
3692 3691 3899 3748 eodem

2249 3778 2548 3853 privilegio
2579 3783 2899 3852 rogaverat.
2929 3782 3113 3846 Quam
3148 3780 3455 3854 praedictus
3485 3779 3668 3837 abbas
3712 3780 3903 3837 Fride-

2251 3869 2415 3941 gisus
2446 3887 2560 3924 non
2592 3867 2781 3924 solum
2814 3870 2872 3924 S.
2907 3869 3136 3925 Bertino
3166 3869 3318 3939 tulit,
3355 3869 3456 3926 sed
3506 3869 3686 3925 etiam
3721 3869 3898 3942 (quod

2251 3958 2410 4014 dictu
2436 3956 2714 4013 horribile
2743 3959 2851 4021 est)
2876 3958 3192 4015 monachos
3209 3960 3336 4031 ejus
3372 3959 3490 4014 Deo
3511 3957 3754 4014 honeste
3784 3957 3898 4014 ibi-

2253 4047 2384 4104 dem
2408 4046 2721 4104 servientes
2739 4063 2873 4104 cum
2891 4063 3104 4121 magno
3127 4047 3404 4104 dedecore
3421 4045 3899 4120 expulit,canoni-

2253 4153 2465 4209 cosque
2487 4136 3052 4203 ibiconstituit,dum
3079 4135 3343 4193 sciliceta
3369 4137 3735 4209 temporibus
3765 4152 3898 4193 san-

2252 4231 2479 4284 ctorum
2509 4225 2824 4282 Audomari
2853 4230 3028 4299 atque
3059 4225 3277 4283 bertini
3326 4225 3526 4300 religio
3558 4224 3899 4282 monachica

2251 4317 2470 4373 ibidem
2502 4315 2797 4372 famulans
2825 4314 3267 4389 religiosissime
3284 4315 3801 4382 ﬂoreret.Quorum
3821 4313 3896 4372 la.

2253 4402 2848 4480 orymosminjustitize
2869 4402 3899 4478 reclamationiqueincessabilicom-

2254 4493 2482 4568 patiens
2513 4497 2570 4551 et
2593 4482 2861 4567 petitioni
2894 4492 3158 4568 Hugonis
3181 4493 3528 4550 venerabilis
3549 4491 3780 4550 abbatis
3808 4511 3899 4549 ac-

2255 4576 2580 4658 quiescens,
2615 4583 2945 4640 aedilitatem
2969 4601 3072 4640 seu
3090 4584 3416 4640 custodiam
3439 4584 3626 4657 ipsius
3647 4582 3902 4640 basilicis

2255 4671 2312 4731 S.
2348 4674 2512 4730 Petro
2543 4678 2861 4745 sanctoque
2909 4674 3141 4729 Bertino
3199 4673 3577 4740 reddendam,
3614 4675 3671 4729 et
3703 4689 3902 4729 mona-

2255 4764 2431 4820 chum
2463 4765 2532 4819 ad
2567 4762 2892 4818 custodiam
2923 4761 3001 4818 ibi
3035 4763 3370 4836 ponendum
3400 4761 3600 4819 censui
3621 4765 3679 4818 et
3700 4760 3904 4830 statui,

2255 4857 2318 4908 ut
2339 4857 2394 4909 et
2425 4856 2676 4925 quatuor
2703 4852 3067 4924 temporibus
3085 4851 3144 4906 in
3167 4869 3320 4908 anno
3342 4852 3659 4908 missarum
3692 4849 3904 4907 solem-

2254 4942 2355 4998 nia
2383 4941 2738 4998 celebrarent
2763 4939 3037 5007 stabilivi,
3071 4941 3178 4997 hoc
3209 4945 3299 4998 est
3329 4942 3387 4997 in
3431 4941 3572 4997 feria
3591 4941 3765 4997 tertia
3787 4941 3906 4998 die-

494 5036 630 5086 vera
660 5028 1168 5094 innotescimus,et
1190 5027 1403 5084 falsata
1431 5029 1802 5083 damnamus.
1828 5027 2035 5083 Melius
2061 5031 2150 5083 est
2177 5013 2224 5079 D
2256 5047 2385 5086 rum
2419 5031 2828 5104 Rogationum,
2861 5031 2919 5086 in
2954 5031 3265 5087 festivitate
3291 5047 3523 5106 quoque
3564 5029 3627 5086 B.
3659 5029 3903 5086 Joannis

495 5117 653 5175 enim
676 5118 868 5191 ipsum
888 5117 1193 5174 veritatem
1225 5117 1298 5173 ad
1333 5117 1568 5172 laudem
1611 5115 1710 5173 Dei
1746 5115 2140 5184 manifestare,

497 5215 674 5280 quam
705 5223 809 5280 pro
830 5206 993 5263 lucro
1026 5211 1126 5262 aut
1152 5206 1380 5279 negotio
1413 5211 1641 5262 terreno
1672 5222 1800 5261 eam
1833 5204 2038 5273 celare,
2073 5220 2147 5261 ne

499 5297 723 5353 scilicet
750 5296 926 5352 homo
950 5300 1218 5368 peccator
1247 5296 1530 5353 offensam
1578 5293 1682 5351 Dei
1723 5299 1781 5351 et
1809 5295 2146 5351 sanctorum

501 5385 630 5454 ejus
657 5385 719 5440 in
751 5385 860 5442 hoc
890 5383 1682 5459 videaturincurrers.lgitur
1697 5397 1800 5458 ego
1823 5381 2148 5458 Folquinus

596 5526 688 5602 Z§)
711 5528 883 5602 ᾼριιρ
907 5528 1437 5602 Mabillonium,_De
1464 5528 1800 5602 rediplom.,
1842 5545 1975 5602 pag.
2023 5529 2148 5602 613.

596 5526 688 5597 75)
720 5528 883 5598 Apud
907 5528 1335 5597 Mabillonium,
1362 5531 1437 5586 De
1464 5545 1523 5586 re
1551 5528 1800 5602 diplom,
1842 5545 1878 5602 p
1963 5571 1975 5584 .
2023 5529 2142 5588 613.

571 5525 682 5672 ξω)
711 5595 1086 5675 Privilegium
1105 5601 1251 5662 illud
1264 5599 1520 5680 vulgavit
1538 5545 2142 5664 Mabill.8aacl.1%ened.

2253 5120 2609 5194 Baptistae,et
2637 5120 2696 5175 in
2731 5119 3093 5192 depositione
3139 5123 3194 5176 S.
3219 5119 3556 5188 Audomari,
3591 5121 3650 5176 in
3682 5118 3906 5175 festivi-

2254 5215 2372 5266 tate
2399 5210 2662 5266 omnium
2695 5213 3060 5266 sanctorum:
3097 5214 3152 5266 et
3174 5210 3456 5283 quidquid
3480 5211 3552 5266 ad
3594 5209 3794 5282 ipsum
3822 5207 3902 5265 al-

2257 5302 2380 5356 tare
2409 5299 2648 5368 veniret,
2683 5298 2960 5354 monachi
3013 5301 3200 5356 sancti
3245 5299 3465 5356 Bertini
3511 5300 3740 5372 absque
3789 5296 3906 5354 ulla

2259 5386 2713 5446 contradictione
2718 5388 2743 5460 j
2753 5392 2888 5444 uxta
2902 5401 3122 5445 morem
3138 5388 3452 5459 pristinum
3469 5387 3794 5446 secundum
3809 5388 3903 5445 de-

2261 5533 2361 5608 lll,
2394 5537 2545 5609 part.
2581 5549 2622 5602 I,
2653 5548 2788 5608 pag.
2822 5532 2948 5591 122.
