4050 6382
128 367 304 426 Ἱ225

1417 370 1424 374 ”
1523 365 2171 433 CHARTULARIUM.

3383 370 3552 444 ’1226

143 504 372 556 cretum
403 498 557 555 beati
585 497 922 567 Audomari,
947 501 1099 571 quod
1142 499 1200 554 in
1245 500 1541 572 privilegio
1573 501 1643 556 de
1675 500 1876 568 ινα-Ἀ
1909 502 2236 558 Ludovicus
2267 507 2323 559 et
2352 502 2593 562 Carolus
2621 499 2962 565 divisionem
2999 511 3163 584 regni
3194 512 3550 586 aﬂectante's,

142 590 365 646 ditione
394 588 580 661 ipsius
627 587 736 644 loci
791 588 1069 644 coenobiis
1101 589 1336 660 scripsit
1365 593 1422 646 et
1470 590 1789 658 interdixit,

140 677 446 745 haberent,
472 682 756 744 tenerent,
781 680 836 732 et
857 677 913 731 in
941 683 1220 750 perpetuo
1243 679 1480 750 perenni
1503 680 1636 749 jure
1658 696 1792 750 pos-

139 767 550 823 side‘rent.Nec
582 765 890 839 episcopus
918 771 1020 821 aut
1039 767 1485 823 archidiaconus
1516 769 1664 839 ejus,
1688 785 1791 824 seu

137 856 357 928 aliquis
387 854 854 920 clericorum,vel
886 856 1060 926 iudex
1093 856 1407 912 forensium
1441 873 1658 921 rerum,
1691 856 1792 912 ali-

137 949 280 1023 quid
315 946 426 1003 sibi
466 944 672 1000 exinde
701 943 1014 1000 vindicent.
1061 946 1324 1017 Denique
1368 946 1496 1017 jam
1545 945 1785 1018 quidam

137 1039 500 1096 emerserunt
522 1034 767 1104 audacia
787 1033 1128 1090 temeritatis
1148 1035 1654 1107 deccpti,dicentes
1675 1034 1789 1107 pri-

137 1133 366 1185 matum
411 1124 672 1180 locorum
719 1122 788 1178 ad
840 1139 902 1178 se
950 1123 1235 1194 pertinere
1277 1123 1784 1187 debere.Quorum

135 1217 620 1291 prmsumptuosae
647 1211 932 1284 superbire
965 1211 1267 1279 resistens,
1301 1228 1402 1284 per
1441 1211 1784 1284 descriptio-

135 1321 269 1364 nem
303 1302 678 1376 capitularem
713 1317 906 1356 coram
940 1301 1293 1373 quibusdam
1317 1300 1668 1373 primatibus
1696 1317 1783 1357 re-

133 1395 284 1470 galis
315 1391 513 1466 palatii
542 1396 598 1446 et
626 1390 806 1462 hujus
835 1390 1032 1462 patriae
1059 1407 1157 1446 eos
1183 1387 1327 1446 huic.
1350 1389 1475 1446 loco
1498 1390 1698 1463 subegi
1711 1394 1786 1458 ,et

133 1490 411 1542 conatum
445 1498 646 1538 eorum
670 1479 1005 1536 annihilavi.
1030 1479 1147 1534 Hoc
1168 1479 1343 1535 etiam
1377 1479 1659 1551 scriptum
1689 1496 1786 1552 po-

133 1574 310 1632 steris
340 1569 792 1642 relinquendum
841 1570 962 1624 fore
1003 1574 1196 1624 ratum
1230 1569 1386 1636 duxi,
1412 1573 1477 1623 ut
1524 1585 1626 1640 per
1673 1568 1783 1625 hoc

131 1663 490 1738 quandoque
519 1659 828 1715 resistatur
865 1658 1236 1713 inimicorum
1279 1657 1446 1713 malae
1475 1657 1780 1725 voluntati,

133 1760 189 1810 et
218 1753 332 1808 hoc
362 1750 678 1821 lnfringere
715 1747 1034 1802 volentium
1084 1747 1286 1819 iniquo
1335 1748 1588 1803 conatui.
1618 1748 1779 1814 Quod

130 1843 471 1916 quicunque
518 1835 732 1893 futuris
785 1835 1264 1936 temporibus‘vel
1313 1835 1659 1936 annihilare,
1691 1835 1781 1893 vel
1811 1870 1857 1936 Β

129 1932 446 2003 infringere
467 1926 1089 2000 praesumpserit,quod
1123 1926 1294 1991 absit,
1319 1925 1661 1981 auctoritate
1682 1927 1782 1982 Pa-

130 2022 258 2090 tris,
288 2025 345 2076 et
375 2017 526 2083 Filii,
557 2021 613 2071 et
640 2015 892 2087 Spiritus
943 2014 1130 2070 sancti
1179 2015 1490 2071 anathema
1537 2014 1629 2081 sit,
1665 2015 1780 2070 nisi

130 2112 311 2184 digna
340 2106 682 2182 pcenitentia
712 2104 1262 2176 resipuerit.Actum
1294 2108 1382 2160 est
1413 2121 1564 2159 anno
1589 2104 1777 2159 incar-

131 2198 389 2256 nationis
411 2195 721 2254 Dominicae
744 2193 1227 2266 octingentesimo
1254 2193 1577 2265 trigesimo,
1603 2211 1775 2262 nono,

126 2288 443 2347 indictione
474 2283 762 2351 secunda;
797 2281 1026 2354 imperii
1077 2287 1270 2338 autem
1323 2281 1592 2338 Ludovici
1624 2280 1778 2354 regis

127 2395 284 2437 anno
330 2375 616 2449 vigesimo
673 2376 854 2437 sexto,
901 2371 1248 2442 praesulatus
1307 2387 1538 2444 quoque
1595 2370 1778 2426 nostri

126 2485 283 2526 anno
313 2465 589 2521 vicesimo
615 2462 783 2518 tertio
803 2461 938 2534 (77),
962 2460 1021 2517 in
1045 2459 1287 2516 ecclesia
1317 2463 1529 2516 sanctas
1561 2461 1775 2528 Mariae,

125 2555 478 2614 duodecimo
510 2551 798 2608 Kalendas
833 2549 995 2614 Julii,
1028 2552 1310 2622 praesente
1341 2548 1652 2605 universali
1685 2567 1776 2622 sy-

123 2647 303 2702 nodo.
336 2645 456 2717 Ego
486 2641 805 2712 Folquinus
849 2656 917 2694 ex
956 2654 1244 2694 consensu
1275 2641 1333 2694 et
1363 2642 1644 2710 praecepto
1675 2639 1775 2694 do-

123 2735 272 2792 mini
308 2731 575 2790 Lucovici
605 2728 976 2802 imperatoris
1015 2727 1136 2782 haec
1171 2727 1496 2783 voluntarie
1529 2727 1776 2795 ﬁrmavi,

121 2830 179 2881 ct
231 2841 370 2881 cum
423 2819 734 2894 episcopali
789 2816 1264 2872 interminatione
1324 2815 1775 2888 suscripsi.Ego

121 2913 418 2970 Maximus
441 2909 889 2966 archidiaconus
911 2905 1256 2976 subscripsi.
1276 2905 1392 2978 Ego
1410 2907 1572 2978 Hugo
1595 2906 1776 2961 abbas

120 3001 472 3074 subscripsi.
522 2999 766 3069 Signum
837 2995 1109 3052 Adalardi
1184 2995 1476 3050 monachi.
1529 2989 1775 3068 Signum

118 3091 443 3150 Amalberti
495 3085 787 3143 monachi.
829 3085 1075 3158 Signum
1127 3084 1270 3139 Mori
1322 3083 1432 3156 (78)
1481 3084 1772 3140 monachi.

121 3183 373 3255 Signum
405 3177 630 3235 Henrici
655 3177 752 3248 [αι.
779 3174 997 3248 Unrici]
1033 3173 1542 3245 comitis.Signum
1565 3174 1774 3246 Odgini

121 3241 409 3328 advocati.
445 3241 692 3340 Signum
740 3241 1028 3320 Everwini
1075 3263 1301 3317 militis.
1326 3241 1571 3334 Signum
1602 3241 1770 3319 eam-
1803 3241 1846 3309 α

123 3360 194 3415 rii
228 3358 458 3415 militis.
481 3356 600 3428 Ego
631 3353 994 3410 Guntbertus
1025 3352 1135 3424 (79)
1163 3351 1336 3407 levita
1365 3357 1422 3406 et
1451 3352 1772 3408 monachus

115 3448 278 3522 jussi
310 3446 508 3504 domni
542 3442 808 3515 Folquini
852 3441 1117 3514 praesulis
1155 3441 1306 3497 banc
1343 3440 1606 3496 chartam
1637 3442 1775 3497 scri-

123 3538 217 3612 psi
250 3541 308 3594 et
335 3533 680 3606 subscripsi.

749 3618 817 3675 V.
843 3619 1153 3696 Exemplar.

197 3712 494 3785 Quidquid
523 3711 655 3785 (80),
688 3713 796 3766 etc.

122 3822 224 3879 VI.
257 3822 331 3878 De
359 3823 532 3876 morte
560 3817 814 3874 Lvdovici
854 3818 1018 3888 regis,
1050 3819 1100 3872 et
1129 3816 1394 3874 divisione
1436 3818 1594 3886 regni
1637 3818 1780 3872 inter

799 3891 943 3960 ﬁlios
973 3889 1108 3960 ejus.

199 3981 500 4039 Gloriosus
534 3983 726 4036 autem
760 3995 857 4034 rex
888 3976 1211 4032 Ludovicus
1242 3977 1558 4049 imperator
1583 3981 1780 4051 Augu-

128 4079 274 4140 stas,
324 4089 476 4127 anno
525 4066 943 4125 incarnationis
991 4066 1304 4122 Dominicze
1351 4067 1475 4133 840,
1511 4085 1645 4122 cum
1694 4084 1781 4122 re-

129 4165 373 4236 gnasset
404 4159 574 4216 annis
602 4175 776 4224 xxvu,
813 4156 1065 4212 decessit
1103 4173 1136 4210 a
1181 4155 1411 4211 saeculo.
1439 4158 1585 4212 Ante
1617 4157 1785 4228 cujus

132 4253 360 4309 obitum
403 4249 669 4305 mirabile
714 4247 994 4320 quiddam
1027 4249 1083 4300 et
1111 4245 1443 4300 inauditum
1491 4247 1700 4301 accidit
1727 4246 1785 4300 in

133 4358 286 4415 pago
314 4339 769 4395 Taruennicum.
800 4335 945 4391 Nam
988 4334 1115 4405 ipso
1148 4352 1322 4398 anno,
1358 4339 1486 4406 post
1530 4335 1788 4390 medium

133 4429 485 4488 Januarium
503 4425 922 4497 meridie,ignci
951 4424 1381 4478 umboncscum
1405 4424 1597 4478 sonitu
1620 4441 1791 4497 gran-

139 4519 198 4576 di
220 4519 292 4574 ab
311 4517 522 4572 retliere
541 4515 689 4587 lapsi
709 4519 862 4582 sunt,
877 4513 1204 4585 mirumque
1223 4512 1621 4585 spectaculum
1635 4512 1794 4569 omni

1903 595 2036 662 post
2062 609 2246 648 unum
2277 611 2521 661 annum,
2553 596 2807 653 maximo
2848 597 3044 671 praelia
3074 599 3227 656 inter
3255 617 3318 658 se
3347 604 3550 659 conﬁi-

1899 685 2108 736 xerunt
2137 682 2195 736 in
2227 699 2374 754 pago
2404 684 2900 754 Autisiodorense,
2933 687 2992 742 in
3026 676 3150 745 loco
3182 690 3284 762 qui
3312 696 3552 749 vocatur

1904 769 2306 826 Fontanetum.
2339 771 2403 828 In
2437 790 2552 844 quo
2585 769 3108 848 locobFranci,cum
3139 779 3414 837 omnibus
3443 769 3547 838 na-

1897 856 2156 914 tionibus
2170 857 2282 916 sibi
2301 862 2600 932 subjectis,
2618 870 2826 921 mutua
2842 881 2903 921 se
2919 868 3072 924 caede
3089 874 3542 942 prosternentes,

1897 947 1970 1000 ad
2007 946 2277 1003 ultimum
2313 949 2638 1008 Ludovicus
2661 956 2720 1008 et
2737 952 2997 1022 Carolus,
3022 955 3290 1013 Lothario
3320 957 3540 1032 fugato,

1895 1035 2261 1108 triumphum
2294 1039 2486 1112 adepti
2530 1045 2688 1096 sunt.
2721 1042 2857 1099 Post
2897 1043 3377 1104 eruentissimum
3403 1041 3542 1106 ivero

1894 1123 2180 1194 praelium,
2215 1143 2354 1198 pace
2383 1128 2537 1183 inter
2581 1145 2679 1185 eos
2726 1127 2900 1199 facta,
2922 1131 3247 1190 diviserunt
3295 1121 3450 1191 inter
3477 1151 3542 1193 se

1892 1211 2247 1271 Francorum
2269 1216 2602 1289 imperium.
2625 1219 2694 1274 Et
2715 1215 3025 1278 Lotharius
3053 1222 3291 1294 quidem
3317 1213 3543 1299 accepit

1893 1319 2140 1376 regnum
2181 1306 2578 1362 Romanorum
2610 1312 2669 1363 et
2707 1312 2889 1365 totam
2931 1309 3180 1379 Italiam,
3210 1316 3269 1368 et
3313 1303 3540 1386 partem

1892 1392 2147 1448 Francia:
2179 1393 2518 1450 orientalem
2550 1400 2849 1470 totamque
2879 1398 3261 1458 Proventiam.
3293 1403 3540 1461 Ludovi-

1893 1498 1997 1538 cus
2028 1499 2180 1549 vero,
2225 1487 2430 1555 praeter
2475 1485 2764 1554 Noricam,
2789 1503 2968 1559 quam
3026 1487 3299 1559 habebat,
3348 1493 3541 1550 tenuit

1892 1587 2072 1643 regna
2105 1588 2235 1644 quis
2265 1577 2428 1644 pater
2459 1591 2602 1630 suus
2633 1569 2717 1629 illi
2749 1576 3004 1645 dederat,
3029 1578 3088 1632 id
3129 1583 3218 1635 est
3261 1579 3540 1640 Alaman-

1891 1659 2071 1725 niam,
2097 1659 2459 1734 Turingiam,
2494 1664 2880 1734 Austrasiam,
2904 1667 3214 1724 Saxoniam
3243 1673 3300 1725 et
3325 1671 3537 1729 Avaru-

1893 1766 2044 1818 rum,
2070 1749 2126 1804 id
2162 1754 2250 1805 est
2293 1751 2636 1808 Hunnorum
2676 1768 2943 1826 regnum.
2967 1754 3206 1813 Carolus
3242 1748 3374 1814 vero
3422 1776 3544 1818 meq

1892 1838 2168 1894 dietatem
2191 1839 2442 1895 Francia:
2463 1840 2536 1896 ab
2558 1841 2884 1910 Occidente,
2906 1850 2962 1899 et
2981 1847 3163 1900 totam
3183 1845 3540 1922 Neustriam,

1890 1928 2249 1983 Britanniam
2281 1933 2338 1984 et
2367 1930 2684 1985 maximam
2735 1936 2958 2003 partem
3005 1933 3378 2007 Burgundiaa,
3421 1940 3534 1994 Go-

1889 2017 2052 2085 tiam,
2075 2017 2472 2086 Wasconiam,
2496 2019 2892 2090 Aquitaniam,
2918 2022 3189 2080 submoto
3220 2026 3374 2081 unde
3405 2025 3536 2099 Pip-

1888 2104 2047 2176 pino,
2067 2104 2186 2161 ﬁlio
2216 2105 2536 2178 Pippini,et
2566 2108 2623 2162 in
2655 2109 3010 2166 monasterio
3039 2111 3227 2167 sancti
3273 2113 3536 2172 Medardi

1888 2198 2145 2263 attonso;
2179 2195 2292 2250 ista
2322 2199 2516 2252 autem
2562 2197 3060 2268 periculosissima
3087 2200 3381 2260 discordia
3407 2203 3536 2261 sine

1887 2283 2086 2356 requie
2117 2284 2504 2357 quinquennii
2537 2291 2917 2358 occupaverat
2944 2292 3198 2360 tempus.

2009 2391 2130 2447 VII.
2163 2392 2236 2448 De
2268 2393 2625 2448 translatione
2653 2395 2831 2449 sancti
2855 2393 3155 2452 Audomari
3180 2396 3245 2453 de
3271 2399 3408 2455 villa

2533 2465 2600 2519 Li
2601 2465 2862 2538 gesburch
2873 2508 2884 2520 .

1956 2553 2075 2608 Sub
2105 2553 2213 2608 hac
2250 2555 2598 2624 tempestate
2627 2553 2958 2610 invenimus
2989 2554 3072 2610 ita
3101 2560 3443 2614 annotatum
3473 2558 3535 2616 in

1887 2641 2464 2697 decennovzenalibus
2513 2658 2801 2697 annorum
2852 2643 3164 2700 Dominicas
3194 2645 3534 2716 nativitatis,

1885 2731 2042 2803 quod
2071 2735 2160 2786 est
2203 2747 2499 2798 ncccxun,
2534 2731 2850 2787 indictione
2879 2749 2955 2798 v1,
2988 2733 3175 2790 sancti
3216 2735 3534 2792 Audomari

1885 2837 2096 2892 corpus
2127 2821 2197 2874 de
2225 2819 2362 2875 villa
2386 2820 2772 2892 Liegesburch
2806 2821 3054 2878 refertur
3083 2823 3172 2878 ad
3219 2823 3414 2881 lacum
3445 2825 3532 2882 Si-

1883 2913 2032 2964 tum.
2063 2908 2530 2980 Solemnl‘tasque
2570 2909 2728 2965 illius
2776 2910 3177 2969 translationis
3224 2912 3284 2968 in
3333 2930 3536 2972 mense

1882 2998 2058 3055 Junio
2087 2999 2288 3053 devote
2320 3014 2352 3053 a
2382 2998 2596 3069 populo
2640 2997 2964 3055 celebratur
3002 3001 3395 3070 Taruennico;
3431 3003 3534 3060 sed

1884 3087 2146 3160 plerique
2174 3086 2504 3159 ignorante
2535 3086 2872 3160 vulgaribus
2916 3105 3020 3160 pro
3051 3105 3168 3160 qua
3210 3106 3271 3146 re
3311 3094 3535 3148 statuta

1885 3178 1963 3232 sit
1995 3177 2052 3230 in
2085 3175 2375 3248 primitus.
2402 3176 2651 3247 Equum
2685 3179 2878 3231 autem
2911 3176 3164 3232 arbitror
3190 3194 3320 3236 esse
3349 3183 3406 3236 et
3435 3181 3535 3236 Ec-

1885 3267 2071 3322 clesiae
2104 3265 2422 3338 provenire,
2441 3264 2488 3320 si
2515 3281 2723 3320 causas
2750 3263 3302 3324 illiussolemnitatis
3331 3267 3394 3324 in
3422 3268 3534 3326 hoc

1883 3353 2374 3427 codice,quamvis
2395 3353 2951 3425 impolito,digeram
2971 3371 3261 3424 sermone,
3283 3357 3536 3414 maxime

1883 3464 2019 3502 cum
2047 3444 2292 3501 Tobiam
2323 3441 2565 3514 angelus
2596 3443 2928 3512 admoneat,
2952 3444 3152 3500 dicens
3176 3462 3189 3500 :
3227 3445 3401 3517 Opera
3429 3450 3537 3504 Do-

1883 3537 2026 3591 mini
2055 3549 2288 3590 narrare
2337 3540 2388 3588 et
2433 3533 2680 3603 conﬁteri
2709 3531 3072 3603 honoriﬁcum
3101 3537 3196 3590 est.
3231 3535 3332 3592 Est
3376 3536 3534 3592 enim

1885 3625 1944 3679 in
1975 3624 2086 3679 hoc
2141 3623 2314 3687 facto,
2346 3622 2396 3676 si
2428 3620 2712 3677 referatur
2764 3622 2934 3677 unde
2977 3622 3207 3678 Domini
3265 3622 3540 3681 laudetur

1823 3755 1830 3760 .
1886 3710 2340 3786 magniﬁcentia,
2375 3715 2431 3766 et
2473 3710 2629 3765 unde
2674 3709 2862 3783 ipsius
2911 3712 3099 3768 sancti
3148 3711 3540 3804 ampliﬁcatur

1889 3800 2228 3858 reverentia.
2252 3799 2570 3872 Aggrediar
2621 3815 2754 3872 ergo
2808 3799 3020 3870 dicere,
3053 3819 3169 3857 non
3229 3799 3358 3876 quis
3412 3804 3539 3877 ipse

1888 3907 2180 3964 praesumo
2211 3890 2450 3962 ﬁngere,
2478 3889 2579 3945 sed
2625 3906 2751 3961 quae
2782 3907 2815 3944 a
2843 3889 3174 3947 senioribus
3221 3891 3365 3948 mihi
3398 3893 3536 3949 coné

1890 3985 2006 4038 stat
2033 3979 2368 4035 intimatum
2399 3979 2538 4034 fore.

1961 4069 2108 4125 VIII.
2134 4068 2316 4140 Igitur
2344 4067 2509 4142 Hugo
2543 4068 2722 4123 abbas
2745 4069 2868 4139 jam
2900 4073 3277 4138 memoratus,
3301 4073 3540 4144 excepta

1895 4176 2072 4216 causa
2102 4174 2279 4229 quam
2315 4157 2620 4226 refero,vir
2647 4174 2751 4229 per
2790 4162 3000 4212 cuncta
3028 4157 3365 4229 laudabilis,
3388 4163 3546 4232 post-

1897 4264 2075 4322 quam
2095 4246 2286 4302 locum
2310 4245 2465 4301 hunc
2489 4264 2596 4302 sua
2611 4245 3023 4302 constitutione
3044 4246 3414 4304 laudabiliter
3432 4252 3551 4305 sta-

1898 4336 2107 4403 bilivit,
2130 4352 2246 4406 qua
2269 4338 2325 4389 et
2356 4335 2664 4391 canonicos
2683 4335 2872 4395 sancti
2902 4336 3215 4392 Audomari
3245 4338 3549 4400 monachis

1902 4425 2084 4485 sancti
2111 4423 2530 4489 Bertini,etiam
2554 4443 2656 4498 per
2676 4425 3124 4499 descriptionem
3146 4427 3549 4500 capitularem,

1897 4519 2056 4589 juste
2087 4513 2442 4585 subjugavit,
2475 4515 2948 4588 monachumque
2979 4517 3050 4572 ab
3081 4517 3325 4574 inferius
3357 4533 3554 4575 mona-

138 4606 356 4683 populo
387 4605 736 4660 detulerunt.
759 4604 1039 4658 Defuncto
1072 4606 1266 4657 autem
1309 4603 1580 4674 praedicto
1610 4603 1792 4675 impe-
1825 4617 1872 4680 Β
1904 4605 2149 4662 sterium
2181 4603 2252 4658 ad
2303 4603 2490 4657 sancti
2521 4604 2839 4660 Audomari
2873 4606 3200 4662 custodiam
3233 4607 3552 4680 deputavit,

139 4701 335 4754 ratore
365 4690 672 4761 Ludovico,
703 4693 857 4748 ﬁlius
885 4693 1012 4763 ejus
1046 4691 1376 4759 Lotharius,
1404 4692 1502 4764 qui
1536 4695 1667 4747 ante
1698 4693 1793 4748 ob-

141 4787 292 4842 itum
326 4785 509 4857 patris
551 4785 622 4839 ad
669 4783 1078 4854 imperatorem
1114 4784 1326 4835 unctus
1357 4784 1498 4848 erat,
1529 4781 1598 4837 de
1632 4781 1795 4838 Italia

139 4874 405 4945 veniens,
438 4872 838 4929 monarchiam
870 4876 1068 4926 tenere
1109 4869 1412 4942 gestiebat.
1447 4871 1556 4926 Sed
1589 4871 1796 4927 fratres

221 5017 334 5090 (77)
366 5015 781 5090 Hinccolllgas
813 5014 1163 5090 Folquinum
1187 5013 1309 5090 sedi
1341 5013 1798 5090 Morinensi_im-

146 5086 406 5165 positum
441 5089 638 5165 fuisse
684 5086 840 5165 anno
871 5086 995 5142 817.
1021 5086 1323 5165 Qonsentit
1365 5086 1645 5165 Joannes
1668 5088 1790 5165 lp.e-_

147 5157 273 5219 rius
306 5161 402 5232 qui
440 5160 702 5232 Folquini
734 5159 1240 5232 inaugurationem
1273 5158 1501 5229 reponit
1527 5157 1797 5213 Ludovici

145 5232 396 5304 Augusti
428 5249 578 5287 anno
610 5249 684 5286 1v.
851 5302 869 5304 _
988 5302 1015 5304 7_
1172 5301 1182 5304 _
1464 5302 1501 5304 η
1530 5271 1531 5275 η

222 5301 335 5371 (78)
367 5304 802 5376 Huchspectant
850 5301 1244 5376 Iper'iiuverba
1291 5318 1417 5372 cap.
1448 5302 1598 5376 _12_:u
1637 5301 1800 5372 Hugo

152 5377 334 5433 abbas
366 5372 619 5431 basilicis
649 5379 704 5428 S.
740 5372 931 5430 Maria
965 5374 1244 5429 aedituum
1277 5372 1578 5428 constituit
1607 5389 1804 5426 mona-

154 5449 330 5504 chum
365 5447 598 5503 nomine
642 5446 870 5501 Morum
899 5464 910 5500 :
937 5447 1037 5517 cui
1085 5446 1282 5501 Morus
1332 5449 1802 5517 posteancorpus

153 5522 214 5578 S.
236 5519 553 5576 Audomari
579 5520 804 5590 furatus
827 5523 915 5573 est
945 5514 999 5573 et
1032 5519 1090 5572 in
1121 5514 1419 5590 privilegio
1445 5515 1508 5570 B.
1535 5514 1802 5586 Folquini

155 5593 310 5649 inter
335 5595 515 5648 testes
547 5589 876 5646 ascribitur.
902 5611 931 5640 »

227 5665 341 5737 (79)
374 5663 764 5737 Guntbertum
798 5661 953 5737 hu_nc
973 5659 1194 5737 _laudat
1237 5660 1460 5732 lperius
1490 5660 1685 5737 cap._2_
1712 5657 1806 5737 his

156 5729 349 5816 verbis
383 5753 434 5794 :«
459 5735 579 5794 Sub
611 5733 816 5791 abbate
861 5731 1158 5808 Fridogiso
1190 5729 1457 5811 receptus
1497 5729 1596 5792 est
1622 5729 1717 5791 hic
1746 5729 1806 5792 in

480 5863 749 5943 PATBOL._
791 5859 1107 5930 CXXXVI.

1905 4693 2196 4751 diabolica
2217 4691 2429 4763 sagitta
2445 4691 2943 4766 jaculatus,cmpit
2961 4695 3284 4769 excogitare
3305 4695 3558 4768 qualiter

1905 4783 2091 4841 sancti
2121 4779 2434 4837 Audomari
2481 4796 2712 4851 corpus,
2739 4783 2909 4852 cujus
2941 4800 3049 4856 ope
3086 4788 3143 4840 et
3172 4784 3406 4852 auxilio,
3437 4801 3560 4842 una

1905 4891 2038 4930 cum
2085 4870 2272 4928 sodali
2316 4885 2424 4924 suo
2474 4867 3150 4937 Bcrtino,Taruennicus
3198 4872 3560 4947 gnbernatur

1906 5013 2261 5088 monachum
2307 5028 2450 5088 puer
2488 5009 2701 5088 nobilis
2734 5011 3120 5088 Gurlthertus,
3152 5015 3312 5073 clara
3355 5015 3559 5088 stirpe,

1907 5092 2077 5160 patre
2099 5084 2416 5160 Goitberto,
2447 5085 2631 5160 matre
2668 5098 2819 5160 vero
2841 5083 3168 5142 Ebertruda
3196 5083 3557 5160 progenitus.

1909 5154 2016 5222 Qui
2050 5156 2409 5230 Guntbertus
2456 5154 2512 5208 in
2533 5155 2880 5230 ‘juventute
2901 5171 3009 5230 sua
3039 5174 3073 5212 a
3102 5154 3264 5230 patre
3304 5154 3561 5215 Romam

1911 5232 2122 5284 ductus
2151 5232 2263 5304 _est,
2295 5227 2497 5298 ibique
2528 5225 2785 5304 S_._Petro
2831 5225 3170 5304 oblatus—et
3200 5229 3271 5285 ab
3304 5230 3560 5304 Eugenio

1913 5317 2075 5374 papa,
2119 5297 2426 5374 clericatus
2484 5297 2745 5374 ordinem
2777 5299 3064 5374 _su_scepit
3103 5315 3117 5352 ε
3163 5315 3338 5374 quem
3380 5297 3564 5374 pater

1912 5367 2120 5429 exinde
2150 5371 2391 5426 domum
2450 5369 2699 5434 rediens,
2730 5367 2827 5423 hic
2865 5367 2926 5422 in
2959 5367 3310 5426 monasterio
3369 5367 3563 5431 S'ithiu

1913 5445 1971 5500 S.
2008 5444 2173 5497 Petro
2205 5447 2522 5512 sanctoque
2554 5440 2783 5496 Bertino
2814 5439 3026 5512 obtulit
3054 5440 3467 5498 monachum.»

1985 5518 2096 5584 (80)
2128 5515 2257 5568 Haec
2301 5511 2523 5584 charta
2547 5513 2768 5568 eisdem
2799 5511 2988 5568 verbis
3017 5529 3084 5568 ac
3115 5512 3384 5584 superior
3431 5531 3565 5570 con-

1915 5581 2054 5653 stat,
2087 5585 2436 5659 nominibus
2474 5582 2698 5658 aliquot
2742 5583 2948 5659 dieque
2990 5600 3056 5642 ac
3101 5581 3354 5640 formula
3400 5584 3565 5645 ﬁnali

1915 5659 2202 5718 duntaxat
2232 5656 2494 5726 mutatis,
