4050 6392
494 371 673 448 Αῆτ

1586 357 1952 432 FOLQUINI
1998 357 2064 418 S.
2107 349 2429 420 BEBTINI
2472 351 2846 415 MONACHI.

3763 348 3930 412 1228

511 501 783 579 populus,
811 497 1180 565 Vermandis,
1213 497 1283 553 ad
1328 495 1516 552 sancti
1556 490 1817 559 Quintini
1861 491 2157 547 monaste-
2183 485 2243 557 Α
2271 485 2428 544 anxii
2459 490 2728 579 eventum
2759 485 3175 579 exspectabant
3202 481 3319 579 rei;
3351 480 3453 541 sed
3481 487 3796 579 postquam
3830 484 3934 579 da-

511 593 685 664 rium,
717 589 996 662 quoniam
1039 587 1149 643 hoc
1190 587 1389 658 ipsum
1419 582 1806 658 gubernabat,
1837 582 2034 653 posset
2062 579 2162 634 de-

508 683 658 739 ferre
678 676 1052 751 quantocius.
1078 676 1340 733 Metuens
1363 678 1562 730 tamen
1583 668 2016 727 animositatem
2047 665 2164 739 ple-

507 769 621 838 bis,
644 770 997 841 congregata
1023 762 1553 822 Vermandensium
1583 758 1960 817 multitudine
1978 757 2165 812 tentet

507 859 565 915 vi
593 857 953 924 abstrahere,
977 855 1028 913 si
1060 855 1256 912 forsan
1286 852 1673 926 impediretur
1695 866 1729 905 a
1750 846 1936 920 plebe.
1959 846 2163 901 Acces-

512 949 589 1005 sit
645 945 902 1012 interim,
938 949 999 1001 et
1031 943 1319 1001 monacho
1376 940 1653 1014 quodam,
1693 938 1852 994 Moro
1904 933 2162 1001 nomine,

514 1039 778 1105 exstante
803 1034 1070 1101 custode,
1088 1047 1318 1090 sacrum
1343 1029 1528 1087 sancti
1558 1026 1823 1101 praesulis
1847 1041 1912 1080 ac
1937 1020 2167 1096 patroni

514 1124 702 1184 nostri
748 1140 960 1197 corpus
1004 1137 1270 1189 sumens,
1290 1119 1492 1177 villam
1540 1132 1728 1190 usque
1776 1110 2166 1185 Liegesburch

518 1215 754 1281 nomine
772 1230 908 1271 cum
939 1229 1048 1270 sua
1066 1209 1392 1284 deportavit
1421 1204 1817 1265 multitudine.
1840 1202 1941 1259 Dei
1969 1204 2167 1259 autem

518 1303 884 1381 providentia
911 1304 1203 1374 operante,
1234 1299 1428 1359 triduo
1457 1296 1518 1353 in
1558 1294 1798 1369 praefata
1831 1291 1969 1348 villa
2001 1306 2171 1346 man-

519 1397 725 1465 serunt
752 1409 886 1450 cum
935 1394 1162 1448 sacrato
1212 1404 1468 1460 corpore.
1492 1384 1795 1441 Acciderat
1832 1381 2073 1449 interea,
2105 1382 2173 1435 ut

522 1482 836 1558 praeclarus
874 1481 1194 1541 Taruennae
1246 1475 1495 1535 civitatis
1552 1471 1765 1546 praesul
1826 1468 2168 1540 Folquinus,

520 1570 837 1647 episcoPali
873 1585 1053 1635 more,
1087 1564 1426 1641 parrochias
1454 1560 1731 1635 episcopii
1761 1560 1850 1615 sui
1882 1558 2170 1624 circuiret,

521 1666 607 1730 ut,
622 1660 812 1718 sicubi
840 1661 1044 1716 contra
1064 1659 1400 1713 sanctorum
1428 1664 1716 1708 canonum
1741 1651 1960 1703 statuta
1985 1661 2177 1717 agere-

497 1756 640 1819 .tur,
664 1749 933 1806 curiosus
952 1749 1155 1818 pastor
1175 1743 1520 1801 addisceret.
1543 1744 1601 1796 et
1626 1737 1729 1795 tali
1752 1736 1943 1794 studio
1966 1734 2173 1791 cellam

2269 581 2399 632 tum
2429 580 2519 632 est
2547 575 2755 642 oculis,
2777 574 3046 647 quamvis
3076 573 3298 647 procul,
3326 590 3561 630 cernere
3592 572 3932 630 multitudi-

2272 681 2405 721 nem
2455 664 2657 738 populi
2704 664 3091 733 adventantis,
3143 663 3454 737 protractis
3501 679 3931 737 campanarum

2274 752 2534 820 funibus,
2557 767 2758 807 vocem
2788 750 3158 808 laudantium
3191 768 3394 808 omnes
3425 752 3711 808 dederunt
3741 751 3801 808 in
3830 767 3933 808 ex-

2273 840 2465 897 celsis.
2515 841 2860 898 Antedictu
2901 844 3099 897 autem
3148 846 3348 897 custos
3394 839 3671 910 ecclesiae,
3703 841 3933 909 Morus,

2274 934 2417 986 tunc
2437 931 2509 986 ad
2532 946 2797 986 mensam
2820 930 3048 987 sederat
3067 931 3439 1003 epulaturus;
3464 934 3522 986 et
3545 929 3746 986 audito
3768 945 3935 987 cam-

2276 1034 2562 1092 panarum
2595 1019 2807 1083 senitu.
2841 1018 3238 1093 interrogabat
3268 1035 3394 1092 quae
3433 1023 3588 1076 esset
3615 1035 3796 1077 causa
3825 1037 3934 1093 pro

2276 1123 2394 1178 qua
2421 1106 2620 1180 populi
2665 1110 2829 1163 tanta
2856 1108 3215 1165 exsultarent
3243 1106 3439 1163 lzstita.
3458 1108 3814 1181 Dictumque
3843 1111 3938 1165 est

2276 1195 2362 1251 illi
2394 1214 2429 1252 a
2458 1197 2856 1266 narrantibus,
2878 1198 3033 1270 quod
3063 1201 3303 1254 sanctus
3331 1196 3700 1254 Audomarus
3730 1216 3767 1254 a
3794 1197 3934 1273 Fol-

2278 1285 2458 1357 quino
2481 1285 2755 1358 pontifice
2770 1290 2925 1343 esset
2945 1286 3244 1353 reductus,
3258 1289 3316 1343 et
3331 1286 3403 1342 ob
3419 1285 3530 1342 hoc
3549 1285 3752 1343 laetitia
3765 1290 3936 1343 tanta

2278 1377 2527 1430 cunctus
2556 1372 2871 1431 exsultaret
2912 1374 3184 1448 populus.
3209 1374 3369 1439 Quod
3402 1375 3644 1432 audiens
3675 1375 3933 1433 nimium

2277 1462 2571 1533 turbatus,
2587 1463 2734 1519 iram
2752 1463 2851 1519 Dei
2870 1464 3283 1521 reducentibus
3295 1464 3596 1521 confestim
3614 1468 3703 1521 est
3719 1464 3800 1521 im
3808 1480 3938 1538 prec

2279 1555 2464 1607 catus.
2484 1552 2600 1608 Nec
2621 1553 2761 1608 dum
2785 1553 2855 1609 ab
2877 1555 3005 1625 ejus
3025 1569 3123 1609 ore
3143 1551 3349 1609 illicita
3367 1553 3703 1610 exciderant
3729 1555 3931 1623 verba,

2280 1657 2413 1696 cum
2446 1644 2681 1713 repente
2710 1641 3030 1699 facietenus
3061 1642 3121 1698 in
3150 1645 3368 1699 terram
3390 1642 3525 1710 ruit,
3547 1646 3790 1715 totoque
3809 1660 3940 1701 cor-

2281 1745 2419 1802 pore
2450 1729 2699 1803 rigidus,
2726 1731 2999 1788 distentis
3029 1732 3426 1789 membrorum
3458 1731 3672 1801 nervis,
3696 1732 3940 1789 semivi-

524 1853 716 1912 usque
743 1832 1134 1893 Worumhold
1164 1832 1403 1898 dictam,
1428 1830 1523 1902 pia
1551 1827 1885 1886 curiositate
1913 1823 2173 1921 perveni-
2203 1855 2252 1921 Β
2285 1837 2392 1921 vus
2412 1819 2717 1921 emarcuit.
2742 1820 3086 1921 Sic
3114 1820 3388 1921 stupidus
3412 1822 3483 1877 ad
3504 1825 3783 1921 sanctum
3804 1822 3941 1879 Ber-

505 1898 872 1985 ‘ret:1nterea
892 1922 992 1980 ubi
1021 1921 1165 1978 inibi
1187 1922 1261 1977 ad
1293 1898 1559 1975 mensam
1576 1919 1813 1973 ventum
1835 1917 1943 1983 est,
1966 1914 2028 1969 in
2057 1929 2175 1985 qua

510 2014 878 2084 lautissima,
901 2012 986 2068 uti
1017 2014 1179 2068 tanto
1208 2006 1489 2081 pontifici,
1518 2005 1996 2078 praeparabantur
2013 2003 2177 2058 obse-

526 2105 683 2178 quia,
703 2103 883 2158 frater
900 2099 1088 2173 ipsius
1110 2098 1263 2156 beati
1281 2094 1549 2169 praesulis
1569 2093 1869 2160 advolitat,
1894 2092 2175 2147 nuntians

525 2208 698 2268 grave
727 2195 788 2248 et
816 2185 1268 2261 irrecuperabile
1292 2185 1513 2258 patriae,
1534 2184 1582 2241 si
1613 2182 2007 2256 perﬁceretur,
2023 2180 2175 2236 exci-

526 2284 687 2340 dium
714 2297 727 2337 :
754 2284 1025 2337 sanctum
1055 2276 1277 2335 scilicet
1295 2274 1694 2331 Audomarum
1724 2289 1793 2327 ex
1821 2268 2175 2326 monasterio

528 2388 634 2428 suo
664 2370 1049 2434 abstractum,
1072 2368 1156 2433 et,
1190 2363 1251 2419 ni
1295 2362 1410 2419 cito
1439 2365 1761 2429 succurrat,
1786 2360 1857 2415 ad
1905 2362 2175 2414 sanctum

527 2459 872 2526 Quintinum
896 2453 1248 2513 Vermandis
1272 2468 1458 2525 usque
1487 2449 1886 2506 deferendum.
1914 2448 2043 2503 Haec
2074 2464 2175 2503 au-

525 2549 692 2606 diens
722 2550 964 2609 sanctus
1008 2542 1239 2601 Domini
1285 2540 1578 2605 sacerdos,
1611 2536 1862 2595 nimium
1906 2536 2177 2593 turbatus

525 2637 883 2696 intrinsecus
912 2632 1167 2699 :«Vade,
1214 2629 1430 2702 inquit,
1482 2628 1550 2684 ad
1603 2628 1863 2694 fratrem,
1895 2628 1951 2681 et
1998 2624 2176 2682 totius

524 2724 807 2799 episcopii
838 2721 953 2779 mei
985 2718 1271 2793 populum
1311 2718 1438 2790 gira
1484 2714 1856 2782 curiosius,et
1883 2713 1978 2769 die
2005 2713 2176 2770 tertio

521 2815 681 2871 infra
708 2827 910 2868 muros
941 2810 1265 2865 Taruennaa
1296 2805 1460 2861 urbis
1490 2807 1703 2877 praesto
1732 2806 1855 2859 esto
1886 2818 2020 2858 cum
2051 2817 2176 2860 om-

526 2901 722 2971 nibus,
755 2904 814 2957 et
858 2913 965 2971 ego
1012 2912 1268 2969 praesens
1300 2910 1396 2951 ero
1428 2909 1561 2949 cum
1604 2891 1697 2948 his
1741 2909 1890 2965 quos
1921 2907 2174 2962 mecum,

523 2991 756 3049 Christo
786 2986 1131 3055 auxiliante,
1146 2982 1410 3041 detulero
1440 2983 1511 3039 de
1549 2981 1680 3038 istis
1709 2981 1998 3055 partibus.
2025 2982 2176 3039 Tum

523 3083 785 3151 domum,
819 3078 869 3134 si
898 3076 1037 3150 ipse
1070 3072 1289 3146 juverit
1341 3074 1600 3137 sanctus,
1634 3071 1706 3125 ad
1763 3069 2176 3127 excutiendum

514 3186 661 3227 eum
690 3166 1046 3225 omnimodis
1089 3179 1221 3220 sum
1265 3165 1574 3235 paratus.»
1609 3158 1713 3217 His
1740 3162 1936 3215 autem
1969 3175 2177 3217 secun-

2284 1907 2475 1964 tinum
2506 1913 2598 1965 est
2626 1909 2985 1981 deportatus,
3006 1909 3205 1982 ibique
3230 1910 3384 1982 quod
3403 1911 3756 1968 verboteuus
3774 1927 3938 1968 com-

2283 1997 2465 2067 misit,
2479 1996 2704 2054 diutino
2724 1997 3005 2071 languore
3024 1998 3313 2071 pmnituit.
3332 1998 3477 2055 Nam
3498 1999 3624 2056 visu
3648 2004 3706 2056 et
3726 1999 3939 2057 auditu

2284 2091 2642 2160 recuperato,
2686 2104 2863 2144 sensu
2922 2087 3003 2144 ita
3056 2088 3347 2144 finetenus
3406 2092 3495 2145 est
3549 2089 3840 2162 privatus,
3873 2092 3941 2147 ut

2283 2192 2589 2249 nunquam
2618 2180 2816 2248 posset
2836 2175 3293 2235 animadvertere
3324 2194 3440 2251 qua
3466 2176 3527 2234 in
3560 2182 3723 2251 parte
3746 2177 3938 2236 sancti

2282 2265 2599 2321 Audomari
2655 2266 3077 2322 monasterium
3114 2266 3407 2324 videretur
3462 2268 3718 2340 positum
3780 2283 3933 2325 esse.

2285 2354 2509 2426 Corpus
2537 2357 2731 2410 autem
2778 2354 2935 2411 beati
2978 2354 3297 2412 Audomari
3351 2355 3562 2428 praesul
3608 2356 3937 2429 Folquinus

2284 2446 2439 2498 terra
2481 2443 2824 2506 recondidit.
2856 2460 2927 2500 ne
2958 2461 2993 2500 a
3021 2444 3518 2517 subsequentibus
3547 2444 3716 2518 parili
3760 2448 3936 2504 modo

2285 2536 2484 2604 posset
2513 2532 2747 2588 auferri.
2781 2532 2919 2589 Post
2948 2532 3069 2590 haee
3098 2533 3280 2590 abbas
3306 2534 3472 2607 Hugo
3503 2552 3536 2590 a
3565 2534 3770 2591 Carolo
3803 2550 3938 2609 rege

2284 2622 2415 2693 [suo
2446 2622 2675 2693 nepote]
2704 2621 3082 2694 Aquitaniam
3122 2622 3362 2691 missus,
3395 2627 3633 2697 propter
3668 2625 3936 2697 ejusdem

2285 2710 2439 2783 regis
2471 2709 2833 2781 fidelitatem,
2858 2710 2989 2767 dolo
3030 2710 3262 2784 Pippini
3302 2711 3641 2769 interfectus
3680 2718 3771 2771 est
3799 2731 3940 2772 xvm

2285 2798 2410 2855 Kal.
2440 2798 2624 2866 Junii,
2664 2816 2816 2856 anno
2858 2798 3279 2857 incarnationis
3330 2800 3554 2858 Domini
3602 2804 3727 2873 844,
3763 2802 3940 2878 [regi-

2285 2888 2463 2945 minis
2516 2888 2608 2945 sui
2650 2888 2828 2960 hujus
2887 2888 2997 2946 loci
3057 2906 3209 2946 anno
3241 2889 3514 2963 decimo].
3544 2891 3683 2948 Erat
3738 2897 3941 2952 autem

2284 2976 2471 3034 isdem
2503 2977 2785 3049 Pippinus
2829 2994 3005 3051 quem
3056 2995 3236 3052 supra
3260 2978 3322 3036 in
3351 2981 3705 3038 monasterio
3749 2984 3941 3042 sancti

2284 3066 2544 3123 Medardi
2572 3070 2869 3123 attonsum
2902 3068 3370 3142 memoravi,qui,
3389 3069 3594 3126 exinde
3614 3087 3717 3143 per
3736 3072 3939 3145 fugam

2285 3155 2543 3228 elapsus,
2584 3155 2964 3228 Aquitaniam
3023 3160 3113 3214 est
3166 3173 3457 3228 reversus,
3486 3158 3686 3232 ibique
3729 3162 3939 3221 multis

700 3257 945 3314 verbum
974 3252 1134 3311 beati
1164 3226 1456 3325 pontificis
1480 3250 1588 3305 rite
1608 3248 1877 3321 peractis,
1902 3248 2067 3305 adest
2081 3248 2175 3305 die
2205 3226 2247 3295 Ο
2287 3226 2493 3300 diebus
2520 3226 2822 3317 fatigando
2857 3244 3057 3315 latuit;
3090 3250 3148 3302 et
3186 3251 3322 3319 post
3350 3226 3472 3304 haec
3500 3265 3535 3305 a
3562 3226 3937 3325 Damnulpho

525 3346 697 3405 tertia
728 3345 788 3403 in
838 3344 982 3401 urbe
1011 3343 1321 3399 Toruenna
1365 3338 1681 3394 multitudo
1730 3336 2178 3396 innumerabilis

528 3440 585 3494 et
612 3451 760 3509 pene
808 3436 945 3490 ante
993 3430 1202 3487 invisa.
1225 3430 1391 3486 Tunc
1439 3428 1709 3484 sacerdos
1756 3427 2008 3497 Domini,
2040 3443 2176 3484 cum

528 3524 691 3583 omni
721 3522 833 3579 hac
854 3518 1256 3589 multitudine,
1278 3517 1612 3589 insequitur
1640 3515 1981 3589 pradictum
2005 3516 2178 3573 abba-

524 3618 646 3670 tem
669 3627 803 3667 cum
827 3609 973 3677 suis,
998 3622 1185 3679 usque
1206 3606 1277 3662 ad
1295 3604 1493 3661 villam
1519 3605 1791 3678 superius
1812 3604 2176 3667 nominatam

527 3716 663 3758 cum
710 3696 871 3754 omni
919 3695 1309 3759 festinatione.
1343 3695 1415 3748 At
1465 3692 1551 3747 illi
1601 3692 1917 3766 gestientes
1964 3710 2176 3766 corpus

524 3791 796 3847 sanctum
822 3783 1129 3844 sustollere
1155 3783 1474 3856 fugamque
1504 3781 1669 3849 inire,
1696 3781 1855 3837 nulla
1884 3782 1995 3838 hoc
2024 3782 2175 3838 mul-

523 3876 773 3936 titudine
791 3891 1034 3948 prorsus
1052 3872 1326 3930 valebant
1345 3889 1377 3928 a
1398 3875 1553 3927 terra
1576 3869 1784 3927 levare.
1803 3870 2065 3942 Cumque
2095 3871 2174 3940 id,

520 3967 720 4024 addita
737 3964 929 4022 adhuc
946 3962 1155 4035 majori
1177 3960 1576 4029 multitudine,
1592 3962 1945 4017 conarentur
1956 3959 2049 4017 bis
2068 3964 2177 4017 ter.

519 4071 635 4129 que
665 4053 872 4129 levare,
898 4049 1287 4107 nihilominus
1317 4048 1402 4105 ita
1439 4049 1635 4104 manet
1685 4046 2019 4114 immotum,
2055 4048 2175 4105 acsi

518 4144 877 4218 quibusdam
908 4139 1206 4197 radicibus
1225 4141 1555 4195 terratenus
1584 4140 1879 4192 teneretur
1906 4136 2169 4195 affixum.

513 4235 677 4291 Tunc
708 4228 930 4305 absque
957 4222 1355 4287 retardatidne
1403 4226 1582 4282 ullius
1613 4226 1926 4293 commodi,
1950 4227 2172 4284 accele-

514 4327 647 4380 rant
677 4323 897 4395 fugam,
931 4318 1131 4389 relicto
1178 4333 1419 4391 corpore
1470 4315 1679 4373 sancti.
1711 4319 1925 4372 Beatus
1975 4320 2170 4387 autem

514 4410 836 4485 Folquinus
863 4410 1001 4465 dam
1034 4407 1150 4464 illis
1182 4406 1443 4479 fugiendi
1473 4404 1688 4474 locum,
1718 4404 2010 4479 accipiens
2040 4405 2168 4463 the-

512 4517 756 4559 saurum
795 4498 940 4554 illud
974 4497 1135 4554 omni
1182 4512 1326 4553 auro
1377 4493 1890 4567 pretiosissimum,
1923 4495 2166 4567 repetito

2287 3334 2543 3406 quodam
2574 3351 2677 3406 per
2704 3334 2882 3392 {idem
2912 3338 3001 3392 est
3029 3335 3329 3408 deceptus,
3346 3337 3830 3410 comprehensus,
3853 3357 3936 3398 re-

2284 3423 2459 3495 gique
2484 3422 2686 3481 Carolo
2707 3427 2793 3482 est
2820 3424 3128 3495 adductus,
3149 3428 3207 3482 et
3224 3425 3630 3499 Sylvanectum
3654 3434 3934 3503 perpetuo

2285 3513 2374 3565 est
2403 3509 2605 3566 exsilio
2636 3510 2972 3583 deputatus.

2747 3616 2839 3674 IX.
2866 3618 2943 3674 De
2961 3617 3233 3676 Adalardo
3255 3619 3468 3678 abbate.

2354 3723 2492 3780 Post
2518 3723 2821 3798 Hugonem
2843 3729 3036 3782 autem
3060 3726 3329 3783 abbatem
3364 3728 3821 3805 [duodecimum]
3842 3750 3936 3791 su-

2284 3827 2390 3883 pra
2419 3817 2832 3883 memoratum,
2864 3814 3045 3872 abbas
3088 3814 3341 3873 efﬁcitur
3378 3817 3705 3876 Adalardus
3733 3821 3797 3878 in
3828 3822 3932 3880 hoc

2284 3902 2546 3959 coenobio
2586 3902 2799 3973 Sithiu,
2834 3908 3038 3960 sancto
3070 3905 3237 3961 Petro
3288 3909 3346 3963 et
3392 3912 3594 3964 sancto
3638 3909 3872 3969 Bertino
3901 3930 3934 3970 a

2284 3996 2445 4063 potre
2476 3992 2744 4049 Hunroco
2775 3992 3037 4065 oblatus;
3082 3995 3183 4050 sed
3243 4000 3377 4068 post
3430 3998 3747 4056 canonieus
3803 4002 3930 4074 [sub

2284 4083 2606 4156 Fridogiso]
2648 4086 2738 4138 est
2782 4083 3040 4140 effectus.
3071 4084 3341 4157 Suscepit
3390 4090 3585 4143 autem
3636 4088 3931 4149 abbatiam

2282 4191 2435 4229 anno
2466 4172 2702 4245 praefato
2730 4189 2805 4227 xu
2838 4171 2961 4228 Kal.
2995 4174 3267 4246 Augusti.
3300 4172 3488 4247 Hujus
3539 4182 3734 4234 autem
3784 4179 3930 4253 regi-

2280 4262 2459 4319 minis
2507 4277 2659 4318 anno
2711 4276 2796 4330 ιιι,
2831 4260 2931 4334 qui
2991 4267 3115 4319 erat
3170 4280 3361 4322 annus
3415 4265 3591 4322 Verbi
3645 4267 3932 4326 incarnati

2277 4351 2401 4421 816,
2461 4350 2647 4407 sancti
2719 4350 2937 4406 Bertini
2990 4368 3201 4425 corpus
3271 4370 3306 4411 a
3373 4359 3574 4411 sancto
3645 4356 3931 4430 Folquino

2278 4440 2570 4513 episcopo,
2602 4443 2669 4496 ut
2706 4440 2910 4509 fertur,
2944 4442 3297 4498 transfertur
3342 4447 3400 4499 et
3446 4445 3783 4502 reconditur
3813 4464 3932 4507 xvn

2278 4529 2401 4586 Kal.
2432 4529 2699 4602 Augusti.
2720 4533 2784 4584 In
2816 4530 2985 4602 cujus
3017 4530 3153 4587 anni
3193 4535 3476 4605 tempore,
3504 4533 3583 4605 [et
3612 4536 3928 4611 curriculo]

513 4591 657 4691 calle
673 4606 808 4646 cum
829 4592 952 4697 tota
967 4585 1226 4697 glebigm
1249 4583 1650 4697 τιξυὶιιίιυάίηῗί
1668 4586 1933 4697 τθξρξξδξ
1943 4583 2013 4638 ad
2037 4601 2165 4697 Ρτος
2192 4600 2241 4667 D
2271 4583 2477 4676 iam;
2492 4583 2695 4675 aea.
2724 4583 3921 4697 gratas;marita;'53;;1113;:

512 4679 707 4752 prium
740 4677 895 4733 unde
916 4675 1102 4734 tultus
1133 4675 1321 4730 fuerat
1345 4674 1555 4730 locum.
1580 4673 1653 4728 At
1683 4671 1781 4727 ubi
1804 4675 2040 4727 ventum
2074 4677 2163 4730 est

510 4768 838 4832 Taruenna,
861 4766 933 4821 ad
966 4764 1209 4821 ﬂuvium
1233 4763 1389 4836 quod
1412 4763 1627 4823 dicitur
1656 4761 1811 4828 Leia,
1837 4761 2029 4817 omnis
2058 4779 2160 4835 po-

507 4857 631 4930 puli
660 4872 842 4929 supra
861 4858 1184 4910 memorata
1203 4852 1538 4921 multitudo,
1558 4853 1781 4922 absque
1802 4850 2000 4924 aliqua
2020 4869 2159 4908 cun-

504 4948 780 5015 ctatione,
840 4943 1090 5017 pedibus
1147 4942 1533 4998 transvadans
1601 4940 1863 4997 ﬂuminis
1923 4957 2157 5013 aquam,

500 5041 700 5095 exacto
749 5049 944 5106 amne,
977 5049 1083 5089 nec
1117 5032 1294 5087 unius
1348 5029 1517 5085 stillae
1569 5028 1783 5084 humor
1841 5028 1899 5084 in
1957 5047 2158 5085 eorum

500 5126 771 5201 apparuit
818 5123 1095 5197 tegmine.
1131 5119 1691 5193 Progredientesque
1724 5135 1825 5191 per
1869 5117 2162 5175 aristifcra

500 5232 772 5289 agrorum
804 5217 953 5280 sata,
988 5226 1179 5284 neque
1207 5208 1365 5265 enim
1396 5208 1578 5263 vitare
1628 5223 1695 5263 ea
1741 5210 2008 5278 poterant
2036 5211 2158 5264 tam

498 5321 810 5361 numerosa
826 5301 1088 5377 plebium
1110 5298 1508 5371 agmina,cum
1529 5294 1703 5352 veluti
1724 5295 1957 5352 tribulis
1973 5298 2155 5353 tonsa:

499 5394 654 5448 terra
680 5396 854 5449 tenus
897 5391 1281 5447 curvarentur
1309 5386 1502 5459 spicae,
1536 5388 1831 5442 transacta
1881 5384 2151 5441 multitu-

498 5478 655 5545 dine,
680 5480 759 5536 ita
788 5479 1115 5536 densabant
1158 5475 1373 5543 sulcos,
1399 5478 1465 5531 ut
1512 5478 1777 5547 patenter
1807 5488 2151 5546 agnosceres

498 5567 840 5641 protectoris
890 5569 1206 5625 adventum
1245 5566 1422 5623 etiam
1472 5564 1836 5638 congaudere
1885 5579 2142 5635 campos.

2271 4708 2594 4781 quennium
2625 4709 2879 4764 exoritur
2899 4709 3084 4765 fames
3112 4709 3495 4769 intolerabilis
3528 4712 3921 4787 nimium,quo

2270 4802 2532 4870 tempore
2559 4797 2917 4854 Guntbertus
2941 4815 3120 4871 supra
3140 4805 3521 4872 memoratus,
3546 4801 3606 4857 in
3630 4801 3921 4861 diaconati

2271 4886 2463 4943 adhuc
2494 4886 2694 4943 ordine
2725 4886 2973 4960 positus,
3003 4889 3073 4944 ad
3106 4890 3497 4962 praepositum
3524 4891 3803 4949 honorem
3834 4896 3923 4952 est

2271 4981 2520 5032 evectus.
2553 4976 2670 5032 Sub
2702 4994 2853 5033 anno
2875 4981 3072 5036 autem
3097 4978 3409 5036 Dominicw
3441 4981 3761 5038 nativitatis
3790 4983 3918 5053 853,

2270 5067 2455 5121 sancti
2512 5066 2661 5122 Petri
2704 5066 2948 5122 basilica
2994 5067 3125 5123 asili
3172 5073 3262 5125 est
3307 5075 3597 5143 cooperta,
3647 5087 3920 5145 annoque

2269 5153 2611 5227 insequente
2642 5156 2827 5212 sancti
2858 5156 3074 5212 Bertini
3097 5157 3342 5215 ecclesia
3362 5158 3606 5232 plumbo
3635 5165 3723 5217 est
3742 5164 3914 5220 tecta.

2267 5241 2628 5301 Guntbertus
2661 5261 2893 5317 quoque
2937 5261 3003 5302 eo
3051 5264 3225 5318 anno,
3258 5263 3317 5303 x1
3364 5248 3489 5306 Kal.
3522 5249 3808 5321 Januarii,
3843 5251 3913 5308 ad

2263 5333 2688 5405 presbyterium
2724 5338 2814 5392 est
2845 5341 3236 5394 consecratus.

2322 5459 2386 5515 X.
2420 5462 2727 5518 Praestaria
2754 5461 3019 5519 Adalardi
3040 5438 3259 5521 abbatis
3292 5464 3546 5538 Odgrimo
3565 5466 3847 5525 advocato.

2324 5567 2489 5622 Anno
2520 5583 2752 5640 quoque
2781 5567 3015 5625 Domini
3046 5570 3171 5638 854,
3199 5573 3257 5627 et
3285 5570 3589 5645 regiminis
3611 5574 3739 5646 jam
3770 5573 3912 5650 dicti

495 5655 889 5739 Utrorumque
918 5660 1113 5723 autem
1151 5655 1642 5717 monasteriorum
1673 5652 1866 5714 clerici
1897 5654 2140 5728 stantes,
2252 5655 2441 5718 Caroli
2470 5674 2585 5733 xxv,
2621 5661 2679 5716 et
2708 5657 3084 5737 eqiscopatns
3133 5659 3290 5721 beati
3332 5660 3604 5743 Folquini
3629 5679 3822 5741 mm,
3853 5670 3911 5740 et
