4050 6398
74 380 263 448 1228

1454 388 2113 459 CHARTULARIUM.

3351 394 3518 466 1330

72 516 385 590 regiminis
406 517 536 590 jam
561 518 702 575 dicti
729 518 1037 578 Adalardis
1061 520 1293 578 abbatis
1329 538 1385 578 x1
1419 521 1555 595 (81),
1587 538 1728 580 con-
1754 524 1811 593 Α
1911 548 1941 576 ‹‹
1969 526 2214 600 Signum
2260 528 2603 599 Amalberti,
2661 531 2889 589 decanl.
2955 530 3203 604 Signum
3241 530 3519 604 Bavonie,‘

73 606 252 662 cessit
296 606 485 664 isdem
534 607 718 664 abbas
764 626 870 682 per
924 609 1277 682 praetariam,
1336 610 1569 667 cuidam
1630 611 1735 667 ho-

72 696 221 751 mini
271 694 522 754 Odwino
578 700 801 754 terram.
835 714 1014 771 quam
1090 699 1377 756 habuerat
1434 699 1624 758 isdem
1671 700 1733 758 in

70 784 355 841 beneﬁcio
402 784 461 843 in
502 785 828 855 Caﬁtmere,
878 786 938 842 id
987 790 1078 843 est
1133 787 1382 845 bunaria
1431 806 1563 859 xxx,
1596 807 1732 847 cum

70 872 445 945 portiuncula
499 890 677 945 quam
726 874 912 931 isdem
983 876 1271 933 Odwinus
1301 878 1622 935 tradiderat
1659 881 1731 936 ad

70 962 497 1019 monasterium
552 963 744 1031 Sthiu,
794 964 855 1021 in
898 981 1047 1038 pago
1094 966 1447 1037 Bononensi,
1497 967 1555 1023 in
1605 967 1731 1024 loco

68 1057 454 1125 nuncnpante
501 1051 779 1126 Mighem,
805 1054 1054 1110 bunaria
1082 1072 1145 1111 III
1170 1073 1184 1124 ;
1218 1055 1278 1111 in
1310 1072 1378 1111 ea
1408 1055 1732 1123 ratione,ut

66 1141 241 1197 annis
271 1140 634 1214 singulis,ad
675 1142 1050 1199 festivitatem
1072 1144 1257 1200 sancti
1280 1144 1730 1214 Bertini,Nonas

68 1230 458 1303 Septembris,
490 1231 561 1287 de
583 1247 714 1287 cera
739 1231 965 1288 valente
994 1233 1209 1289 solidos
1236 1252 1274 1289 v
1309 1234 1617 1306 persolvat,
1664 1240 1731 1292 ut

64 1318 395 1393 specialiter
440 1318 639 1376 lumen
685 1321 757 1377 ad
801 1313 1004 1390 altare,
1058 1327 1190 1378 ante
1228 1324 1383 1395 quod
1414 1328 1578 1396 pater
1599 1326 1726 1397 jam

63 1408 202 1465 dicti
217 1408 448 1465 abbatis
459 1409 764 1467 Hunrocus
778 1409 1107 1468 tumulatus
1125 1413 1386 1469 noscitur
1399 1430 1544 1484 esse,
1560 1413 1725 1471 nullo

69 1514 334 1569 unquam
365 1496 518 1555 desit
546 1501 829 1571 tempore.

661 1632 753 1689 XI.
792 1635 1109 1707 Exemplar.

128 1765 184 1837 (5
210 1765 357 1837 Sept.
390 1764 542 1838 855.)
575 1786 605 1817 ι(
653 1765 996 1840 Quicunque
1041 1771 1293 1825 rectores
1341 1770 1721 1829 ecclesiarum

66 1852 163 1911 Dei
188 1854 357 1925 juste
378 1858 437 1910 et
457 1858 851 1926 competenter
887 1856 1177 1913 devotioni
1205 1858 1467 1916 ﬁdelium
1502 1878 1721 1918 annue-

60 1906 214 2011 se:
228 1906 434 2000 iis}.
461 1906 657 2000 £1133;
670 1906 983 2001 magis;
1000 1906 1403 2018 ’ῥ’ᾇιῖέιιξῖξὶέιῖ
1409 1906 1718 2020 ᾟυῖἰὲὲὶὶ,
1749 1906 1805 1976 Β

58 2033 279 2090 Idcirco
326 2031 535 2089 dilecto
588 2031 648 2088 in
705 2033 950 2090 Domino
999 2034 1118 2093 filio
1169 2035 1432 2095 Ecclesiae
1484 2044 1717 2112 nostrae,

56 2121 329 2190 Odwino,
348 2137 456 2194 ego
485 2120 547 2177 in
579 2122 678 2177 Dei
692 2123 929 2180 nomine
948 2124 1297 2195 Adalardus,
1318 2128 1500 2185 abbas
1521 2146 1721 2187 mona-

55 2210 216 2269 sterii
263 2210 482 2281 Sithiu,
540 2227 673 2267 cum
716 2228 1024 2270 ‘consensu
1057 2214 1305 2271 fratrum
1354 2222 1712 2288 nostrorum,

55 2304 381 2373 prastator.
413 2298 732 2357 Multorum
755 2300 962 2357 notitia
990 2306 1165 2375 patet,
1198 2305 1338 2376 quia
1367 2323 1553 2379 nuper
1582 2325 1716 2381 por-

53 2389 380 2447 tiunculam
410 2392 573 2445 tuam
587 2389 647 2445 in
684 2407 833 2463 pago
864 2391 1216 2462 Bononensi,
1241 2393 1300 2449 in
1330 2393 1454 2452 loco
1486 2414 1712 2454 nuncu-

52 2483 224 2552 pante
255 2479 534 2552 Mighem,
570 2479 791 2536 scilicet
820 2480 1069 2537 bunaria
1098 2496 1184 2552 ιιι,
1232 2484 1304 2539 ad
1330 2486 1583 2557 pretium
1616 2504 1713 2545 va-

51 2568 176 2625 lens
207 2567 394 2624 libras
416 2583 492 2637 IV,
525 2568 697 2625 nobis
720 2568 809 2625 vel
855 2570 928 2625 ad
982 2570 1387 2645 praescriptum
1419 2581 1714 2634 monaste-

50 2659 203 2715 rium
261 2655 568 2730 delegasti,
621 2660 955 2730 expetentes
998 2663 1062 2715 ut
1106 2664 1184 2729 te,
1233 2677 1369 2718 cum
1415 2680 1591 2720 uxore
1642 2682 1709 2723 ac

49 2746 250 2804 liberis
281 2763 401 2803 una
429 2762 563 2802 cum
595 2745 874 2802 beneficio
904 2752 1007 2803 tuo
1038 2748 1098 2805 in
1133 2749 1458 2821 Cafitmere,
1490 2752 1547 2808 id
1567 2759 1709 2812 sunt

49 2836 303 2893 bunaria
360 2852 471 2891 xxx
529 2850 594 2891 ac
639 2835 934 2909 mancipia
994 2853 1094 2906 xu,
1156 2838 1251 2895 his
1300 2842 1639 2901 nominibus
1688 2862 1703 2902 :

48 2923 484 2992 Ostarbaldum,
515 2923 947 2995 Gernhardum,
978 2926 1377 2998 Heribaldum,
1403 2929 1702 3005 Radburg,

47 3015 336 3089 Sigberta,
365 3012 664 3081 Thiobert,
696 3012 1062 3089 Strilleburg,
1111 3015 1365 3084 Withen,
1411 3019 1702 3089 Lolithan,

49 3104 452 3176 Liotburgam,
482 3102 931 3172 Winetbertan,‘
956 3103 1334 3173 Adalbertan,
1385 3108 1459 3163 ad
1506 3114 1702 3167 custo-

46 3195 205 3250 diam
238 3192 428 3249 sancti
457 3192 609 3248 Petri
647 3196 705 3247 et
728 3193 916 3248 sancti
967 3194 1206 3263 Bertini,
1256 3196 1701 3272 specialiterque

1841 615 2116 671 monachi
2146 620 2203 672 et
2230 618 2577 691 presbyteri.
2616 641 2645 669 »

1911 725 1939 753 «
1962 703 2322 762 Gunthertus
2353 707 2588 780 scripsit
2616 713 2675 765 et
2702 708 3075 784 subscripsit.
3104 729 3135 761 υ

1909 791 2029 849 ΧΗ.
2062 794 2137 849 De
2163 810 2466 852 successore
2496 798 2647 853 beato
2666 799 2933 871 Folquino
2952 799 3244 855 destinato.

1906 881 2054 945 Quia
2082 882 2263 956 igitur
2290 885 2649 943 mentionem
2679 886 2834 945 beati
2850 887 3130 961 ,Folquini
3162 884 3374 944 fecisse
3404 899 3505 944 me

1839 972 2102 1040 memini,
2135 972 2277 1029 libet
2306 975 2499 1032 adhuc
2527 993 2714 1033 unum
2744 979 2874 1048 ejus
2905 995 3054 1051 opus
3096 975 3193 1034 hic
3220 976 3506 1035 intexere.

1838 1061 1993 1132 quod
2024 1061 2213 1118 recolo
2245 1079 2338 1119 me
2366 1066 2691 1137 agnovisse,
2725 1067 3006 1123 Wicfrido
3067 1066 3346 1140 pontiﬁce
3367 1083 3509 1123 nar-

1840 1154 2024 1207 rante.
2046 1151 2261 1223 Longa,
2280 1152 2493 1226 inquit,
2527 1160 2825 1213 senectute
2847 1156 3263 1225 fessus,isdem
3292 1156 3501 1213 beatus

1837 1239 2084 1296 antistes
2128 1241 2471 1315 Folquinus,
2503 1245 2825 1318 utuptaqui
2844 1263 2915 1302 x1.
2943 1246 3005 1302 in
3025 1246 3363 1319 episcopatu
3380 1245 3500 1303 fere

1834 1333 2105 1402 pergerat
2133 1347 2375 1401 annum,
2410 1349 2543 1389 cum
2570 1334 2696 1404 jam
2728 1352 2842 1391 non
2862 1338 3061 1408 posset
3089 1333 3322 1408 publice
3352 1332 3497 1391 mis-

1834 1433 2035 1474 sarum
2076 1418 2361 1476 solemnia
2408 1422 2720 1492 celebrare,
2770 1424 3001 1498 cognito
3054 1424 3186 1497 hoc,
3240 1439 3340 1481 rex
3392 1421 3493 1482 illo

1834 1506 2026 1563 adhuc
2054 1507 2299 1577 vivente,
2326 1511 2480 1582 quod
2511 1516 2711 1569 contra
2731 1529 2982 1571 canones
3012 1516 3156 1583 erat,
3186 1526 3492 1570 successo-

1834 1612 1955 1651 rem
1989 1596 2040 1652 ei
2071 1597 2407 1671 episcOpum
2430 1599 2946 1669 destinavit.0uod
2977 1601 3223 1658 audiens
3251 1603 3493 1659 sanctus

1831 1684 2064 1756 praesul,
2098 1690 2304 1754 semet,
2338 1687 2656 1761 episcopali
2673 1705 2853 1758 more,
2882 1688 3226 1763 praeparavit
3253 1688 3325 1744 ad
3347 1686 3494 1746 cele-

1831 1771 2160 1830 brationem
2178 1775 2392 1844 missae,
2408 1780 2464 1835 et
2487 1793 2661 1834 omne
2686 1778 3032 1851 mysterium
3048 1774 3490 1850 supplantatore

1828 1865 2078 1932 astante,
2114 1862 2376 1935 implevit
2406 1865 2839 1922 strenuissime.
2870 1867 2945 1924 At
2988 1864 3090 1939 ubi
3122 1868 3365 1922 ventum
3395 1866 3490 1923 est

1830 1951 1902 2006 ad
1933 1950 2211 2021 dandam,
2246 1952 2330 2008 uti
2381 1954 2639 2027 episcopi
2692 1970 2821 2012 mos
2851 1958 2959 2025 est,
3000 1952 3489 2025 benedictionem,

1827 2054 1992 2095 verso
2037 2040 2258 2110 ordine,
2316 2040 2561 2114 protulit
2608 2042 2726 2099 illis
2768 2042 3261 2101 maledictionem.
3300 2044 3375 2098 At
3404 2041 3491 2100 illi

1828 2128 2060 2201 trepidi,
2094 2145 2250 2201 cum,
2282 2130 2561 2188 ascensis.
2588 2130 2908 2204 equitibus,
2948 2131 3022 2187 ad
3042 2129 3279 2205 propria
3306 2143 3488 2204 cupe-

1826 2220 1956 2273 rent
1984 2218 2209 2287 reverti,
2243 2218 2303 2275 in
2336 2219 2525 2276 media
2557 2219 2654 2277 via
2691 2220 3099 2293 supplantator
3126 2219 3384 2293 episcopi
3411 2219 3485 2277 de

1824 2321 1976 2378 equo
2008 2306 2211 2379 lapsus
2261 2308 2404 2364 elisa
2451 2309 2690 2378 cervice,
2725 2308 2999 2381 spiritum
3042 2307 3275 2367 efﬂavit
3302 2307 3432 2365 vitm
3461 2325 3477 2379 ;

1822 2411 2143 2468 omnesque
2175 2401 2274 2469 qui
2304 2413 2439 2453 cum
2470 2397 2570 2453 illo
2604 2402 2900 2464 venerant,
2946 2397 3100 2455 infra
3128 2411 3350 2454 annum
3377 2411 3484 2454 va-

1821 2483 1927 2541 riis
1956 2484 2223 2542 cladibus
2251 2485 2611 2559 eXpirarunt,
2633 2490 2689 2542 et
2708 2486 2808 2556 ita,
2836 2502 2973 2544 cum
2993 2485 3106 2543 sibi
3127 2484 3479 2558 conjunctis,

1820 2572 2054 2645 culpam
2088 2572 2199 2630 luit
2228 2574 2620 2647 improbitatis
2652 2574 2727 2632 ob
2756 2579 3004 2633 reatum.

1889 2662 2042 2717 XIII.
2074 2665 2151 2719 De
2177 2663 2393 2719 decessu
2416 2664 2657 2736 ejusdem
2686 2664 2831 2721 beati
2851 2664 3152 2738 pontiﬁcis.

1886 2751 2071 2823 Igitur
2099 2752 2443 2811 adveniente
2469 2752 2791 2809 vocationis
2824 2770 2942 2810 sua:
2970 2756 3253 2827 tempore,
3284 2752 3476 2811 isdem

1814 2840 2022 2897 beatus
2049 2840 2329 2913 pontifex,
2362 2841 2634 2914 quamvis
2652 2841 2911 2916 longzevo
2932 2845 3272 2916 gravaretur
3290 2840 3498 2909 senio,

1813 2929 2091 3002 episcOpii
2141 2931 2233 2985 sui
2280 2930 2618 3001 parrochias
2665 2931 2912 2989 circuire
2943 2931 3214 2989 decrevit.
3248 2929 3475 2988 Bonam

1820 3016 1972 3073 hanc
2000 3018 2284 3074 virtutum
2316 3035 2560 3074 suarum
2598 3019 3168 3076 consummationem
3202 3020 3453 3076 credens

1816 3110 1884 3162 ut
1914 3105 2180 3163 Ecclesiae
2236 3105 2409 3175 ﬁlios,
2444 3108 2491 3163 si
2525 3107 2736 3163 alicubi
2793 3124 2828 3163 a
2870 3107 3215 3165 matrissuae
3253 3108 3477 3181 gremio

1812 3200 2106 3252 errassent
2135 3195 2783 3265 deviando,secundum
2808 3212 3100 3254 canonum
3130 3199 3325 3253 statua
3350 3195 3475 3269 ple-

48 3286 117 3341 ad
150 3283 356 3351 altare,
388 3298 583 3339 coram
614 3298 731 3354 quo
762 3298 972 3355 corpus
1022 3284 1303 3357 genitoris
1334 3286 1517 3343 nostri
1543 3288 1703 3345 Hun-
1734 3278 1778 3347 C
1816 3288 2026 3354 ctento,
2059 3285 2130 3341 ad
2156 3285 2423 3341 eamdem
2464 3285 2783 3355 reduceret,
2807 3284 2932 3343 suis
2961 3284 3476 3358 praedicationibus

47 3374 165 3431 roci
194 3371 529 3445 requiescit,
563 3372 674 3427 sub
719 3388 895 3428 sensu
919 3370 1231 3429 luminario
1257 3378 1563 3433 annuatim
1596 3396 1701 3435 no-

47 3462 506 3534 stramejusque
535 3458 963 3533 eleemosynam
986 3462 1300 3532 reddendo,
1335 3466 1703 3523 conﬁrmare-

47 3570 199 3609 mus.
230 3550 410 3608 Juxta
451 3548 649 3622 itaque
672 3550 1011 3623 petitionem
1055 3554 1241 3620 tuam,
1293 3569 1386 3609 res
1420 3558 1701 3629 utrasque

45 3640 442 3707 concedimus,
474 3643 596 3695 tam
626 3639 732 3695 tibi
763 3655 943 3712 quam
976 3641 1138 3696 uxori
1161 3643 1273 3696 tua:
1305 3646 1361 3698 et
1386 3642 1521 3700 ﬁliis
1555 3645 1696 3715 tuis,

45 3732 154 3789 sub
185 3731 297 3787 hoc
328 3746 506 3786 sensu
536 3727 940 3802 possidendas,
967 3734 1035 3785 ut
1063 3728 1123 3785 in
1174 3731 1482 3789 festivitate
1511 3736 1698 3791 sancti

44 3819 284 3889 Bertini,
316 3818 497 3875 Nonis
536 3817 916 3890 Septembris,
977 3819 1048 3875 de
1105 3836 1236 3875 cera
1292 3820 1520 3878 valente
1559 3823 1699 3879 soli-

43 3911 149 3966 dos
177 3925 215 3965 v
244 3912 299 3964 et
332 3906 642 3963 dimidium
668 3907 1032 3979 persolvetis,
1065 3912 1185 3964 tam
1212 3925 1316 3980 pro
1346 3911 1523 3967 rebus
1553 3928 1700 3984 prae-

43 3997 279 4072 scriptis
311 4013 488 4070 quam
506 4013 611 4069 pro
640 3996 934 4069 capitibus
956 3998 1189 4066 vestris,
1213 3998 1271 4053 id
1293 4003 1403 4066 est,
1433 4018 1468 4055 u
1490 4000 1699 4058 diebus

45 4084 596 4153 mundbordalibus,
628 4082 978 4158 nullumque
1010 4085 1166 4142 aliud
1196 4086 1503 4145 servitium
1533 4090 1699 4148 vobis

45 4180 404 4252 imponatur.
435 4175 599 4242 Quod
631 4173 681 4230 si
713 4174 991 4247 quislibet
1022 4176 1239 4246 fecerit,
1273 4177 1362 4233 vel
1401 4196 1433 4233 a
1462 4181 1699 4251 praefato

47 4272 251 4324 sancto
279 4264 407 4323 loco
437 4263 774 4322 abstrahere
796 4265 1124 4333 tentaverit,
1150 4266 1294 4322 iram
1318 4266 1418 4322 Dei
1441 4268 1702 4342 omnipo-

48 4355 225 4412 tentis
252 4358 310 4411 et
339 4352 525 4411 sancti
552 4353 705 4409 Petri
740 4352 1046 4426 sanctique
1084 4354 1302 4410 Bertini
1333 4355 1611 4414 incurrat.
1641 4358 1700 4414 Si

49 4460 334 4503 conamen
364 4443 614 4517 impium
646 4459 763 4502 non
791 4442 1072 4500 omiserit.
1107 4444 1177 4499 Et
1213 4444 1334 4500 haec
1378 4447 1701 4518 praestaria,

50 4551 233 4592 manu
261 4536 462 4590 nostra
484 4533 849 4605 fratrumque
867 4533 1342 4606 roboratajﬁrma
1365 4540 1703 4607 permaneat

48 4641 183 4681 cum
213 4620 592 4695 stipulatione
619 4621 888 4678 subnixa.
1022 4622 1025 4625 ’

119 4735 148 4764 α
193 4713 405 4769 Actum
452 4708 640 4766 Sithiu
690 4712 1066 4780 monasterio,
1121 4711 1182 4768 in
1232 4713 1475 4770 basilica
1515 4713 1703 4770 sancti

47 4801 289 4870 Bertini,
313 4799 495 4856 Nonis
526 4800 822 4872 Septemb.
862 4799 923 4855 in
955 4800 1266 4859 festivitate
1310 4801 1517 4875 ipsius,
1551 4820 1703 4860 anno

45 4909 137 4948 xxv
168 4892 452 4963 regnante
500 4889 714 4945 domno
763 4887 986 4957 Carolo,
1036 4889 1155 4945 ﬁlio
1205 4891 1480 4947 Ludovici
1518 4892 1705 4965 impe-

52 4979 285 5038 ratoris.

121 5092 152 5122 ‹‹
182 5068 300 5142 Ego
328 5066 675 5134 Adalardus,
708 5066 913 5137 abbas,
940 5069 1175 5142 propria
1205 5086 1384 5125 manu
1411 5070 1660 5126 ﬁrmavi.

123 5181 152 5211 «
183 5159 305 5231 Ego
352 5157 732 5225 Gunthertus,
796 5161 1081 5232 peccator,
1141 5159 1507 5231 praepositus,
1568 5160 1707 5215 sub-

55 5246 285 5322 scripsi.

126 5410 239 5485 (81)
258 5382 629 5485 Charta-ipsa,
646 5410 1030 5482 quaeinferius
1042 5411 1342 5480 referetur,
1358 5411 1493 5468 data
1504 5416 1594 5469 est
1604 5412 1709 5485 No-

56 5482 145 5541 nis
202 5482 548 5554 Septembris,
596 5498 743 5554 anno
789 5500 884 5541 xxv
938 5488 1205 5553 regnante
1259 5484 1453 5541 domno
1493 5484 1709 5553 Carolo,

56 5555 96 5612 i.
130 5571 182 5611 e.
204 5555 241 5610 5
262 5552 417 5625 Sept.
449 5555 574 5625 855.
607 5552 752 5625 Huic
783 5554 952 5611 unice
996 5552 1371 5612 instrumenti
1412 5560 1560 5612 notae
1604 5552 1711 5613 caeé

57 5631 193 5697 teraa
226 5624 375 5711 quas
404 5624 501 5688 hic
531 5624 852 5711 Folquinus
883 5627 1133 5704 conjecit
1158 5627 1311 5692 male
1340 5630 1637 5705 aptantur.

1812 3372 2190 3431 exhortando.
2224 3374 2351 3430 Tali
2396 3378 2591 3431 autem
2642 3374 2836 3432 studio
2883 3373 3106 3447 talique
3141 3373 3468 3449 devotione,

1809 3465 1882 3519 ad
1913 3463 2219 3520 ecclesiam
2251 3462 2309 3518 in
2344 3463 2666 3537 Mempisco
2678 3462 3294 3531 sitam,Hicclesbecke
3314 3480 3469 3521 nun-

1809 3556 2102 3625 cupatam,
2136 3552 2232 3625 pia
2253 3552 2502 3609 accessit
2528 3551 2884 3609 curiositate.
2944 3551 3093 3609 Inibi
3122 3556 3319 3609 autem
3350 3566 3469 3611 non

1808 3642 1909 3698 diu
1939 3657 2330 3709 commorans,
2364 3656 2499 3697 cum
2522 3641 2649 3713 jam
2681 3641 2963 3714 cogitaret
2987 3641 3217 3709 reverti,
3236 3640 3468 3699 viribus

1808 3730 2066 3804 corporis
2096 3730 2268 3802 coepit
2297 3734 2531 3802 repente
2558 3730 2821 3799 destitui,
2843 3730 3307 3805 mgritudineque
3335 3732 3466 3789 cor-

1806 3821 1991 3893 porali
2024 3819 2274 3894 fatigari.
2308 3820 2473 3875 Tunc
2499 3819 2829 3877 convocatis
2853 3818 3178 3894 discipulis,
3211 3836 3312 3877 eos
3342 3830 3472 3878 oms

1806 3909 2094 3982 nipotenti
2110 3908 2351 3964 Domino
2364 3909 2805 3979 commendans,
2830 3908 3088 3965 animam
3119 3907 3261 3965 ccslo
3279 3908 3469 3965 reddi-

1808 4000 1894 4055 dit
1922 4002 2258 4055 sanctorum
2288 3996 2533 4053 coetibus
2563 3997 3036 4055 consociandam.
3081 3996 3342 4054 Transiit
3369 4013 3476 4056 au.

1807 4092 1925 4143 tem
1959 4088 2019 4143 in
2052 4085 2451 4160 suprascripta
2469 4084 2624 4155 villa,
2649 4103 2803 4143 anno
2828 4085 3248 4143 incarnationis
3272 4085 3465 4143 Domi-

1812 4177 1953 4234 nicae
2011 4178 2140 4248 855,
2187 4174 2503 4231 indictione
2543 4192 2628 4244 ιιι,
2681 4174 2826 4232 feria
2881 4190 2968 4246 III,
3030 4176 3513 4248 vesperascente

1811 4267 1910 4340 qui
1943 4270 2069 4323 erat
2100 4282 2292 4322 annus
2313 4263 2537 4337 praefati
2565 4264 2721 4338 regis
2750 4263 2940 4322 Caroli
2985 4279 3058 4321 xv
3089 4263 3225 4338 (83),
3258 4267 3317 4321 et
3346 4264 3476 4338 epi-

1810 4360 2086 4429 scopatus
2126 4354 2316 4428 ipsius
2368 4354 2523 4411 beati
2575 4353 2843 4427 prmsulis
2886 4372 2958 4411 XL
3005 4352 3140 4427 (82),
3177 4370 3314 4411 xvui
3341 4351 3473 4410 Kal.

1810 4445 2094 4503 Januarii.
2147 4445 2470 4518 Rogaverat
2527 4447 2722 4500 autem
2780 4442 2969 4500 isdem
3025 4443 3319 4517 pontifex,
3378 4444 3474 4509 ut,

1811 4534 1996 4591 sicubi
2018 4534 2204 4590 exitus
2256 4534 2383 4606 ejus
2424 4533 2745 4601 accederet,
2767 4530 3150 4606 corpusillius
3181 4532 3253 4588 ad
3278 4531 3473 4589 Sithiu

1733 4649 1781 4716 Β
1813 4623 2260 4695 monasterium,
2293 4622 2354 4678 in
2385 4620 2630 4678 basilica
2659 4620 2843 4678 sancti
2874 4620 3113 4689 Bertini,
3140 4623 3473 4694 portaretur

1814 4712 2259 4768 tumulandum.
2293 4711 2576 4768 Defuncto
2594 4714 2789 4768 autem
2810 4709 2930 4780 illo,
2959 4726 3094 4766 cum
3115 4709 3311 4766 clerici
3341 4709 3473 4782 ejus

1814 4806 2138 4874 quaererent
2154 4800 2586 4873 qualiterillum
2603 4801 2672 4856 ad
2697 4799 3101 4873 supradictum
3119 4798 3315 4856 locum
3340 4815 3474 4873 por-

1813 4896 1937 4947 tare
1966 4889 2316 4962 potuissent,
2350 4890 2410 4945 in
2436 4890 2567 4963 ipsa
2589 4893 2776 4960 nocte,
2802 4890 2975 4946 ﬂante
3002 4892 3175 4945 vento
3207 4886 3472 4958 australi,

1814 4979 2006 5036 omnis
2037 4977 2141 5034 illa
2172 4994 2456 5049 aquarum
2509 4977 2921 5036 indimetibilis
2954 4976 3320 5052 profunditas
3358 4990 3479 5049 qua

1816 5068 2071 5141 cingitur
2099 5066 2289 5122 Sithiu
2321 5066 2537 5136 insula,
2569 5067 2651 5123 ita
2683 5067 3028 5142 congelavit,
3054 5071 3145 5138 ut,
3178 5081 3350 5122 mane
3377 5080 3477 5121 ex-

1816 5156 2052 5231 sequias
2100 5154 2287 5212 sancti
2324 5156 2583 5228 corporis
2617 5157 3032 5228 deferentibus,
3065 5153 3476 5212 ﬁrmissimum

1818 5263 1971 5320 aqua
1980 5259 2249 5319 gressum
2264 5259 2368 5316 per
2386 5244 2633 5316 glaciem
2646 5246 2927 5318 preberet
2940 5245 3251 5304 eunctibus
3264 5261 3281 5316 ;
3295 5242 3478 5317 quod,

1888 5416 2001 5485 (82)
2032 5414 2231 5487 Meuse
2261 5412 2562 5470 Decembri
2584 5414 2837 5487 855,jam
2862 5417 3135 5474 currebat
3163 5431 3355 5473 annus
3381 5428 3478 5473 xvi

1819 5488 2006 5546 Caroli
2039 5486 2223 5543 Calvi.

1892 5560 2003 5634 (83)
2036 5556 2281 5634 Emend.
2330 5559 2397 5634 ut
2418 5554 2647 5634 videtur
2673 5574 2891 5634 xxxix.“
2914 5558 3156 5634 Constat
3184 5557 3479 5634 siquidem

1821 5627 2323 5703 ex'su'perioribus
2349 5632 2415 5703 (ε,
2442 5628 2533 5697 55,
2558 5632 2708 5703 ctu,
2741 5629 2802 5699 4)
2833 5627 3003 5703 illum
3016 5630 3102 5703 ῥα
3132 5627 3335 5692 sedem
3364 5629 3482 5691 Μο-

1822 5698 2121 5786 rinea'sgm
2149 5698 2526 5770 sublimitum
2548 5698 2731 5771 t‘uisSe
2754 5716 2915 5768 anno
2942 5698 3073 5768 817.
