4050 6382
93 413 256 474 1233

1487 419 2136 490 GHARTULARIUM.

3357 429 3516 494 {234

91 551 252 604 terra
282 548 487 606 arabili
520 547 768 607 bunaria
795 552 1038 620 XXXV,de
1059 551 1218 626 sylva
1249 552 1476 611 minuta
1496 555 1746 614 bunaria
1775 556 1830 624 Α
1858 559 2227 620 hebdomada
2255 578 2296 619 II
2325 560 2449 620 dies
2469 565 2544 632 ;et
2565 560 2674 621 illa;
2694 559 2961 638 ingenuae
2991 560 3219 621 feminea
3242 567 3516 637 unaquael

94 657 170 695 VI.
206 640 499 712 Mancipia
527 658 645 696 VIII.
672 641 822 697 Bavo
848 642 1024 698 habet
1054 660 1330 700 mansum
1363 662 1495 700 cum
1529 663 1665 702 casa
1690 651 1748 703 et

91 729 227 786 aliis
255 730 531 798 castitiis;
566 731 635 784 de
662 736 827 802 prato
861 732 1108 788 bunaria
1153 751 1185 787 v
1226 739 1280 789 et
1308 735 1639 801 dimidium,
1675 738 1745 790 de

89 825 250 875 terra
282 820 487 874 arabili
519 820 768 875 bunaria
796 839 924 876 XLVI
950 827 1005 876 et
1028 823 1437 889 diinidiIIm,de
1463 825 1618 897 sylva
1641 826 1746 879 mi-

89 914 235 965 nuta
270 909 518 965 bunaria
547 928 666 965 VIII.
700 910 990 982 Mancipia
1021 913 1238 966 XIV.Isti
1273 931 1625 986 unaquaque
1648 914 1744 970 he-

88 999 384 1054 bdomada
417 999 635 1054 faciunt
665 1017 704 1054 II
737 1000 877 1055 dies.
903 1001 958 1054 Si
990 1019 1105 1055 non
1139 1001 1743 1075 caballicant,sepiunt

84 1090 286 1161 virgas
315 1107 371 1142 V.
408 1092 465 1143 et
495 1089 552 1142 in
586 1091 938 1144 monasterio
983 1089 1134 1144 inter
1172 1107 1374 1145 omnes
1431 1093 1623 1162 virgas
1661 1100 1736 1149 Iv.

88 1178 384 1233 Lodberta
418 1176 590 1232 habet
640 1176 698 1231 in
745 1177 952 1246 Solem,
991 1179 1372 1250 pertinentem
1409 1181 1477 1234 ad
1513 1184 1736 1248 Attona,

93 1267 439 1340 precariam
472 1284 510 1332 ι,
547 1267 700 1322 unde
732 1265 900 1321 solvit
930 1267 1182 1322 solidum
1218 1287 1254 1323 ι.

157 1356 400 1412 XXILIn
431 1355 852 1428 Botniggahem
875 1356 1148 1410 Bertrada
1178 1355 1353 1412 habet
1384 1357 1557 1412 aliam
1583 1359 1736 1414 unde

83 1445 256 1500 debet
287 1461 473 1500 arare.

151 1535 350 1590 XXIII.
389 1534 450 1590 In
503 1533 924 1607 Berningabem
976 1535 1168 1604 habet,
1211 1534 1364 1589 inter
1411 1535 1627 1608 sylvam
1679 1541 1736 1594 et

81 1629 301 1680 terram
336 1623 636 1691 arabilem,
671 1623 921 1679 bunaria
951 1622 1083 1695 plns
1114 1643 1203 1679 XL.

148 1716 350 1770 XXIV.
387 1714 450 1769 In
485 1713 834 1786 Beingahem
870 1713 1006 1768 villa
1035 1713 1209 1768 habet
1239 1713 1733 1783 ecclesiam,indo-

79 1803 428 1860 minicatum
459 1820 730 1858 mansum
762 1819 895 1860 cum
926 1801 1276 1870 castitiis;de
1297 1807 1460 1874 prato
1483 1805 1731 1860 bunaria

1857 667 1969 722 que
2018 652 2154 706 facit
2200 651 2534 708 ladmonem
2583 653 2918 709 dimidium.
2959 654 3044 709 Ad
3097 653 3232 710 host
3275 669 3511 711 carrum

1856 741 2188 795 dimidium.
2222 744 2306 796 Ad
2338 741 2535 797 vineas
2583 760 2747 798 carra
2790 761 2872 809 III,
2904 742 3066 798 Facit
3095 743 3508 815 unusquisque

1855 830 1924 884 de
1955 830 2124 884 brace
2155 831 2349 885 modia
2375 849 2428 897 X,
2463 832 2533 885 de
2567 831 2752 886 farina
2805 829 3000 886 modia
3050 848 3138 898 VI;
3197 829 3389 902 pullos
3418 849 3501 902 III,

1853 935 1960 973 ova
1986 937 2040 973 X.
2070 923 2218 974 Sunt
2246 918 2326 974 ibi
2369 919 2583 974 lunarii
2632 937 2784 987 XXIV,
2837 919 3138 974 luminarii
3186 937 3321 976 XLII.
3375 919 3504 977 Sol-

1851 1011 1995 1062 vunt
2015 1009 2176 1063 inter
2199 1025 2403 1064 omnes
2432 1008 2650 1064 solidos
2681 1026 2778 1063 XII.
2814 1007 3201 1064 Praebendarii
3234 1011 3374 1066 sunt
3420 1008 3502 1064 ibi

1849 1112 1924 1149 VI.
1958 1096 2141 1152 Habet
2171 1097 2248 1152 ibi
2280 1097 2556 1152 seditium
2589 1115 2634 1164 I;
2663 1097 2798 1152 inde
2829 1096 2999 1170 solvit
3029 1096 3283 1152 solidum
3303 1113 3342 1152 ι.
3363 1097 3498 1153 Wa-

1848 1183 2008 1256 lager
2036 1185 2213 1240 habet
2233 1187 2480 1241 bunaria
2510 1204 2569 1255 II,
2609 1190 2734 1241 arat
2766 1184 3080 1242 bunarium
3130 1203 3169 1240 ι.
3206 1184 3496 1244 Molendi-

1848 1291 1990 1329 num
2024 1293 2075 1340 I;
2111 1275 2282 1330 solvit
2312 1276 2507 1331 modia
2536 1293 2664 1332 XXX.
2699 1274 2916 1330 Camha
2963 1291 3012 1341 I;
3065 1273 3239 1330 solvit
3276 1273 3495 1330 solidos

1845 1365 2360 1435 IV.Megenhardus
2381 1365 2556 1420 habet
2586 1364 2833 1420 bunaria
2863 1381 2922 1419 III
2949 1367 3006 1419 et
3037 1363 3491 1430 dimidium,eol-

1842 1453 1926 1508 vit
1956 1453 2211 1508 solidum
2243 1472 2259 1508 ι
2288 1452 2907 1509 dimidium.Homines
2929 1452 3030 1524 qui
3053 1451 3276 1512 faciunt
3298 1467 3339 1508 II
3364 1453 3490 1510 dies

1841 1541 1900 1596 in
1931 1559 2104 1609 anno,
2141 1546 2279 1599 sunt
2306 1560 2516 1598 XXXVII.
2549 1541 2652 1598 Ille
2683 1543 2872 1613 major
2899 1541 3077 1598 habet
3119 1557 3324 1602 casum
3353 1557 3488 1600 cum

1842 1631 2117 1699 castitiis;
2150 1633 2222 1687 de
2251 1635 2407 1687 terra
2433 1630 2683 1687 bunaria
2709 1647 2824 1686 XXII
2843 1629 3024 1700 ;sylva
3053 1630 3281 1698 minuta
3308 1631 3490 1688 buna-

1838 1721 1926 1776 ria
1951 1739 2057 1790 VII;
2087 1720 2383 1793 mancipia
2412 1737 2486 1775 Iv.
3033 1771 3038 1778 .

1908 1811 2051 1865 XXI.
2084 1815 2150 1864 In
2184 1809 2608 1882 Bumingahem
2639 1807 2818 1865 habet
2847 1824 3124 1864 mansum
3153 1817 3287 1865 cum
3307 1808 3486 1865 casti~

77 1912 165 1961 ιν,
224 1895 298 1948 de
346 1899 501 1949 terra
550 1892 752 1947 arabili
801 1891 1049 1948 bunaria
1079 1908 1205 1959 CXX.
1238 1893 1308 1947 de
1337 1892 1497 1964 Sylva
1521 1910 1727 1965 grossa
1754 1928 1803 1993 B
1835 1899 1964 1967 tiis;
1997 1900 2067 1954 de
2097 1902 2250 1954 terra
2271 1897 2516 1953 bunaria
2536 1897 2709 1963 xv,de
2731 1895 2891 1968 sylva
2913 1895 3142 1954 minuta
3161 1895 3408 1954 bunaria
3423 1912 3482 1953 ι.

78 1983 328 2039 bunaria
357 2001 432 2038 XL
457 1983 527 2036 ad
562 1981 914 2053 saginandos
945 1998 1147 2052 porcos
1178 1999 1270 2044 XX.
1302 1982 1372 2036 de
1417 1982 1576 2054 sylva
1616 1983 1722 2038 mi-

77 2078 216 2127 nuta
245 2071 499 2127 bunaria
531 2088 580 2125 c.
616 2072 884 2126 Mansum
917 2087 1050 2125 XVIII
1077 2074 1133 2124 et
1158 2070 1469 2125 dimidium
1494 2088 1595 2142 per
1617 2072 1721 2127 bu-

76 2161 238 2216 naria
267 2165 437 2236 XII,et
466 2159 562 2214 ille
593 2159 872 2214 dimidius
904 2175 1006 2230 per
1037 2160 1281 2214 bunaria
1303 2177 1357 2213 VI
1385 2176 1516 2214 cum
1541 2161 1722 2216 servis

75 2267 147 2316 XI,
182 2252 288 2323 qui
322 2251 546 2305 faciunt
577 2266 636 2316 ιιι
669 2249 791 2304 dies
837 2248 895 2302 in
945 2247 1336 2316 hebdomada;
1382 2249 1602 2304 ancillae
1634 2267 1719 2319 Ix;

72 2339 205 2394 facit
230 2339 541 2395 ladmones
586 2356 662 2394 IX.
713 2337 821 2392 Alii
876 2338 1112 2409 ingenui
1167 2338 1384 2393 faciunt
1436 2355 1475 2392 II
1507 2338 1629 2393 dies
1663 2337 1721 2394 in

72 2430 465 2486 hebdomada.
499 2433 554 2484 et
585 2429 654 2484 de
686 2427 956 2500 ingenuis
989 2427 1218 2482 feminis
1247 2445 1282 2481 χ
1313 2427 1554 2482 veniunt
1596 2427 1718 2482 lad-

71 2537 277 2576 mones
307 2538 362 2575 V.
393 2519 478 2574 Ad
508 2517 704 2573 vineas
733 2534 899 2571 carra
946 2533 1000 2570 IV
1045 2521 1102 2571 et
1148 2516 1480 2570 dimidium.
1530 2515 1719 2571 Unus-

73 2611 327 2682 quisque
357 2611 427 2664 de
454 2611 623 2665 brace
655 2611 821 2679 parat
847 2605 1042 2662 modia
1065 2623 1120 2673 X,
1155 2606 1224 2660 de
1257 2606 1443 2662 farina
1470 2623 1555 2670 VI;
1589 2603 1715 2675 pul-

70 2700 156 2757 los
187 2716 392 2768 III,ova
418 2715 511 2754 xx.
546 2696 780 2753 Lunarii
809 2713 924 2758 XXI.
955 2696 1103 2750 Sunt
1125 2693 1202 2749 ibi
1237 2694 1615 2766 praebendarii
1639 2711 1714 2761 VI,

70 2788 376 2846 luminarii
405 2804 494 2844 XC.
520 2786 764 2843 Solvunt
795 2784 947 2838 inter
977 2800 1181 2838 omnes
1209 2782 1421 2838 libram
1452 2782 1716 2851 I,solidos

69 2898 121 2935 V.
158 2881 428 2950 Brunger
455 2877 634 2931 habet
663 2874 911 2929 bunaria
939 2891 1015 2938 VI,
1047 2877 1172 2927 arat
1198 2873 1510 2927 bunarium
1543 2871 1714 2927 diIni-

68 2969 237 3025 dium
270 2985 308 3022 ι.
346 2963 529 3039 Megel
561 2965 739 3020 habet
768 2962 1084 3019 bunarium
1117 2979 1152 3026 I,
1176 2967 1232 3016 et
1253 2961 1718 3026 dimidium,erat

66 3057 403 3114 dimidium.
440 3057 746 3127 Megenger
787 3052 962 3107 habet
1009 3051 1255 3106 bunaria
1294 3069 1353 3118 ιι,
1388 3055 1513 3106 arat
1543 3049 1714 3104 dimi-

67 3149 258 3204 dium.
292 3147 442 3202 Bavo
473 3144 649 3199 habet
679 3141 926 3198 bunaria
956 3158 1030 3208 Iv,
1064 3139 1234 3195 solvit
1277 3141 1548 3195 denarios
1593 3157 1710 3194 νιιι.

68 3237 483 3294 Gundebertus
540 3233 716 3288 habet
762 3230 1012 3286 bunaria
1060 3246 1141 3296 III,
1196 3233 1321 3284 arat
1365 3228 1615 3284 bunaria
1654 3246 1712 3296 II,

1823 1989 2069 2046 Mansos
2099 2005 2140 2043 ιι
2170 1991 2228 2044 et
2256 1986 2568 2043 dimidium
2601 2002 2704 2057 per
2734 1984 2987 2041 bunaria
3013 1988 3176 2051 xu,et
3200 1984 3296 2040 ille
3311 1985 3484 2042 dimi-

1834 2078 1968 2132 dius
2017 2093 2119 2148 per
2168 2076 2418 2132 bunaria
2445 2092 2518 2130 VI.
2554 2073 2832 2130 Resident
2861 2073 2921 2128 in
2953 2073 3218 2132 eisservi
3260 2090 3344 2140 III,
3377 2073 3479 2145 qui

1833 2167 1970 2222 facit
1989 2167 2045 2221 in
2069 2165 2437 2220 hebdomada
2455 2163 2579 2220 dies
2598 2180 2655 2219 III
2676 2161 2924 2234 ;ipsique
2941 2161 3306 2234 perserviunt
3324 2165 3476 2218 totos

1831 2254 1964 2310 illos
1995 2253 2343 2310 mansos.Ad
2377 2253 2574 2308 vineas
2605 2267 2836 2308 carrum
2868 2251 3201 2308 dimidium.
3234 2250 3478 2308 Faciunt

1831 2345 1901 2399 de
1932 2345 2102 2400 brace
2132 2342 2359 2409 modis;
2394 2339 2619 2413 puellos
2651 2355 2712 2407 II,
2747 2356 2852 2397 ova
2879 2338 3183 2398 XX..Habet
3207 2338 3476 2396 ibi‘luna-

1830 2450 1923 2488 res
1953 2431 2397 2499 XIII,luminaria
2423 2429 2722 2485 x.Solvunt
2750 2428 2902 2484 inter
2932 2443 3135 2485 omnes
3167 2427 3386 2484 solidos
3407 2442 3474 2498 II,

1829 2522 2096 2577 denarios
2128 2519 2472 2576 II.Homines
2502 2518 2604 2590 qui
2627 2518 2848 2574 faciunt
2868 2534 2907 2573 II
2929 2517 3054 2573 dies
3072 2517 3131 2572 in
3153 2533 3306 2574 anno
3332 2520 3472 2572 sunt

1828 2628 1900 2666 Iv.
1936 2611 2085 2665 Sunt
2115 2610 2194 2664 ibi
2226 2607 2473 2664 bunaria
2499 2623 2612 2664 XIV.
2645 2606 2901 2662 Veniunt
2940 2606 3012 2662 ad
3060 2606 3367 2665 incensam
3399 2605 3470 2661 de

1826 2699 2147 2754 formaticis
2179 2689 2369 2768 pensas
2401 2700 2607 2752 X.Item
2641 2697 2710 2751 de
2739 2694 3002 2751 bunariis
3029 2711 3108 2750 VII
3134 2694 3376 2752 veniunt
3399 2693 3470 2751 de

1827 2787 2147 2842 formaticis
2175 2803 2367 2858 pensas
2400 2803 2498 2841 VII.
3451 2839 3454 2842 .

1898 2877 2121 2932 XXVII.
2173 2876 2234 2930 In
2287 2874 2680 2946 Pupurmisga
2725 2871 2864 2928 villa
2918 2871 3095 2927 habet
3127 2870 3470 2940 ecclesiam,

1825 2984 1958 3022 cum
1990 2964 2255 3020 bunariis
2283 2980 2454 3031 XVIII;
2492 2979 2765 3019 mansum
2797 2979 2834 3030 I,
2861 2959 3367 3028 indominicatum;
3400 2961 3472 3018 de

1823 3061 1976 3112 terra
2009 3052 2212 3110 arabili
2262 3053 2512 3108 bunaria
2558 3068 2746 3118 CLVIII,
2787 3051 2854 3106 de
2909 3047 3070 3121 sylva
3115 3065 3323 3122 grossa
3360 3049 3468 3106 ﬂa-

1823 3146 2038 3218 ginana
2092 3146 2147 3197 et
2209 3141 2434 3196 minuta
2492 3141 2674 3196 mixta
2723 3138 2971 3195 bunaria
3005 3153 3161 3204 CCCC,
3194 3137 3267 3193 ad
3311 3137 3466 3209 sagi-

1824 3234 2048 3290 nandos
2097 3247 2301 3304 porcos
2352 3246 2441 3284 nc.
2496 3230 2733 3285 Mansos
2787 3244 2939 3284 XLVII
2987 3230 3043 3282 et
3087 3225 3398 3283 dimidium
3447 3242 3463 3282 :

68 3328 244 3383 Omes
275 3326 534 3381 decanus
564 3323 739 3378 habet
768 3319 1015 3376 bunaria
1054 3335 1137 3385 III,
1193 3323 1318 3374 arat
1372 3318 1619 3373 bunaria
1651 3335 1712 3372 II.
1746 3295 1788 3362 (ἶ
1824 3340 1893 3379 ex
1942 3323 2034 3378 his
2081 3339 2115 3376 X
2165 3321 2432 3374 constant
2478 3317 2746 3373 bunariis
2788 3334 2942 3385 XXIV,
2974 3316 3232 3388 itemque
3272 3333 3309 3370 X
3355 3315 3464 3372 bu-

65 3414 356 3472 Lanfredh
389 3412 565 3468 habet
595 3412 664 3466 de
694 3415 849 3465 terra
875 3408 1125 3465 bunaria
1142 3422 1274 3462 XXXI
1297 3411 1351 3462 et
1375 3406 1708 3474 dimidium,

67 3507 138 3562 de
169 3505 334 3578 sylva
363 3503 588 3558 minuta
614 3499 862 3555 bunaria
891 3514 954 3554 III
973 3497 1286 3568 ;mancipia
1313 3513 1413 3550 XIII
1435 3501 1580 3563 ;arat
1603 3496 1710 3550 bu-

63 3597 236 3653 naria
265 3613 326 3663 II,
359 3592 533 3650 solvit
563 3590 780 3648 solidos
812 3588 1166 3661 II.Engelger
1196 3589 1381 3656 major
1413 3587 1589 3641 habet
1611 3585 1712 3640 bu-

64 3686 238 3742 naria
263 3685 334 3740 de
362 3688 518 3739 terra
544 3697 680 3736 XLIII
711 3685 766 3735 et
797 3677 1129 3740 dimidium,
1161 3677 1231 3731 de
1281 3675 1441 3748 sylva
1485 3674 1712 3729 minuta

64 3774 320 3832 bunaria
345 3790 410 3840 X;
445 3768 736 3841 mancipia
759 3786 848 3822 XX-
881 3769 1022 3823 Item
1047 3765 1196 3820 alius
1228 3763 1584 3836 Engelgerus
1616 3763 1712 3818 ha-

63 3867 162 3921 bet
190 3879 396 3920 casum
427 3878 559 3916 cum
591 3857 868 3924 castitiis;
903 3857 973 3912 de
1002 3860 1155 3911 terra
1204 3853 1408 3909 arabili
1465 3852 1712 3907 bunaria

65 3971 204 4022 XLII,
237 3954 308 4008 de
339 3951 498 4024 sylva
529 3948 758 4004 minuta
785 3945 1117 4012 xbunaria;
1153 3941 1446 4014 mancipia
1473 3957 1572 3996 VII.
1610 3941 1709 3996 Isti

65 4047 236 4101 erant
265 4041 512 4096 bunaria
539 4035 1037 4107 Iv,unusquisque
1067 4038 1125 4088 et
1153 4033 1387 4104 sepiunt
1409 4032 1601 4103 virgas
1617 4048 1707 4088 xv.

66 4130 500 4190 Gundelbertus
528 4127 701 4182 habet
731 4124 978 4180 bunaria
996 4140 1097 4190 XL;
1135 4121 1273 4176 inde
1301 4119 1473 4175 solvit
1494 4118 1711 4175 solidos

65 4240 144 4289 VI,
173 4225 234 4276 et
261 4233 624 4290 unaquaeque
653 4212 1022 4270 hebdomada
1050 4229 1088 4267 II
1111 4212 1320 4276 dies,et
1349 4209 1524 4264 habet
1546 4227 1708 4264 Inan-

69 4311 224 4383 cipia
251 4327 333 4366 III.
364 4306 725 4363 Molendinos
758 4320 853 4370 III;
883 4303 954 4357 de
1003 4318 1118 4355 uno
1147 4300 1389 4355 veniunt
1419 4298 1613 4353 modia
1644 4314 1708 4364 C;

72 4402 143 4456 de
174 4398 404 4465 aliis,de
433 4391 1040 4465 unoquoque,modios
1074 4407 1169 4454 LX;
1203 4394 1259 4444 et
1290 4387 1386 4442 ille
1415 4387 1592 4440 unius
1614 4387 1714 4441 dat

72 4489 267 4562 pullos
297 4504 388 4554 XX,
419 4502 523 4541 ova
551 4499 646 4549 CC;
676 4481 757 4536 illi
793 4479 910 4548 alii,
945 4479 1353 4551 unusquisque
1386 4475 1580 4548 pullos
1618 4493 1710 4542 xv,

72 4597 180 4636 ova
210 4595 262 4633 C.
297 4575 556 4648 Badager
585 4571 790 4628 habuit
832 4568 1302 4640 indepraecariam
1353 4584 1392 4634 ι,
1444 4565 1552 4620 hoc
1604 4569 1710 4631 est,

1819 3412 2001 3469 nariis
2033 3428 2126 3475 XX,
2159 3408 2414 3478 itemque
2463 3423 2498 3460 X
2544 3406 2811 3462 bunariis
2858 3423 2958 3474 XV;
3011 3405 3099 3460 illi
3129 3403 3230 3460 alii
3259 3418 3464 3460 omnes

1822 3520 1924 3574 per
1968 3498 2213 3556 bunaria
2263 3512 2384 3562 XIII,
2436 3498 2492 3550 et
2548 3493 2644 3549 ille
2700 3493 2980 3550 dimidius
3039 3492 3292 3550 bunaria
3341 3508 3461 3550 VIII.

1822 3591 2098 3647 Resident
2148 3588 2208 3642 in
2269 3584 2352 3640 eis
2410 3583 2558 3639 servi
2615 3599 2690 3650 IV,
2735 3582 2958 3637 faciunt
2987 3583 3048 3637 in
3098 3581 3468 3639 hebdomada

1821 3698 1879 3736 III
1921 3680 2065 3735 dies.
2097 3674 2331 3731 Ancillas
2380 3690 2436 3728 Iv
2487 3671 2626 3728 facit
2674 3669 2948 3726 camsiles
2979 3687 3052 3727 Iv.
3082 3669 3194 3726 Alii
3224 3669 3466 3744 ingenui

1820 3769 2042 3824 faciunt
2072 3783 2110 3820 II
2135 3764 2194 3818 in
2227 3761 2594 3818 hebdomada
2621 3759 2781 3826 dies;
2833 3763 2888 3813 et
2934 3757 3047 3814 illae
3087 3757 3468 3830 ingenumfe-

1820 3857 2013 3924 minae,
2046 3854 2216 3910 solvit
2241 3865 2604 3922 unaqumque
2635 3847 2906 3904 denarios
2927 3847 3304 3903 IV.Lunarem
3338 3847 3466 3903 nul-

1820 3946 1974 4011 lum;
2007 3940 2355 3998 luminarios
2381 3955 2640 3994 CLXXXIV.
2668 3937 2808 3992 Inde
2837 3935 3080 3991 veniunt
3109 3933 3272 3990 librae
3303 3949 3466 4004 11,80-

1819 4035 1924 4090 lidi
1981 4049 2144 4088 XXIII.
2196 4031 2388 4086 Haeres
2437 4027 2575 4083 carii
2639 4043 2749 4082 CIX.
2811 4023 3083 4080 Veniunt.
3123 4021 3298 4078 solidi
3350 4037 3465 4079 XIV.

1820 4122 2043 4179 denarii
2087 4136 2189 4176 VII.
2224 4119 2302 4174 De
2351 4122 2506 4172 terra
2552 4113 2787 4180 censali,
2838 4112 2898 4167 in
2949 4110 3123 4167 cultis
3176 4109 3467 4169 etinfru-

1821 4211 2040 4269 ctuosis
2072 4207 2338 4264 bunariis
2368 4220 2544 4262 CXVIII
2575 4203 2815 4259 veniunt
2843 4201 3118 4257 incensus
3148 4199 3219 4255 de
3252 4199 3468 4255 forma-

1821 4302 1955 4357 ticis
2004 4315 2195 4370 pensas
2244 4311 2371 4364 XXI;
2424 4311 2600 4350 aucas
2644 4309 2776 4348 XXV.
2825 4291 2910 4346 Ad
2959 4289 3094 4345 host
3139 4303 3336 4344 carros
3383 4302 3465 4356 II;

1823 4391 1895 4447 ad
1925 4389 2123 4443 vineas
2152 4401 2348 4440 carros
2380 4399 2444 4439 II.
2471 4383 2590 4438 Illae
2621 4398 2678 4439 Iv
2707 4379 2930 4438 ancillis
2960 4380 3170 4450 parant
3197 4377 3268 4433 de
3297 4376 3470 4433 brace

1825 4478 2020 4534 modia
2047 4493 2101 4530 X.
2136 4472 2555 4544 Unusquisque
2604 4469 2796 4544 pullos
2841 4485 2904 4536 II,
2955 4485 3060 4524 ova
3107 4485 3162 4522 x.
3194 4470 3260 4522 In
3299 4465 3469 4521 tertio

1827 4583 1980 4624 anno
2011 4579 2249 4636 porcum
2284 4577 2302 4617 I
2333 4560 2557 4616 valente
2587 4560 2857 4616 denarios
2891 4574 2965 4616 IV.
3002 4557 3103 4613 Ille
3151 4558 3338 4628 major
3372 4555 3473 4610 ha"-

75 4682 355 4724 mansum
386 4683 433 4732 I;
460 4643 538 4718 de
567 4667 724 4717 terra
753 4659 1000 4724 bunaria
1026 4675 1184 4725 XLIV;
1218 4655 1512 4727 mancipia
1537 4655 1716 4710 II.lsti
1749 4662 1794 4727 Ι)
1826 4658 1922 4712 bet
1969 4651 2260 4723 mancipia
2311 4665 2386 4704 IV.
2440 4654 2517 4704 De
2567 4649 2834 4704 bunariis
2881 4665 2919 4703 x
2957 4646 3200 4704 veniunt
3239 4645 3309 4700 de
3357 4643 3473 4700 mel

74 4760 245 4822 arant
271 4753 522 4810 bunaria
551 4748 1042 4820 Iv,unusquisque
1061 4751 1119 4801 et
1135 4746 1372 4818 sepiunt
1391 4745 1584 4816 virgas
1622 4761 1714 4813 xv;

74 4852 132 4906 et
161 4849 222 4902 in
255 4848 452 4901 aestate
483 4841 621 4898 facit
650 4839 774 4894 dies
803 4855 916 4904 XVI,
949 4840 1006 4891 et
1034 4835 1318 4907 colligunt
1357 4834 1669 4888 bunarium
1701 4850 1718 4888 ι

73 4941 130 4994 et
160 4933 556 4998 dimidium,et
585 4929 809 4984 ducunt
839 4926 911 4981 ad
937 4923 1386 4990 monasterium;
1420 4927 1477 4977 et
1507 4922 1578 4977 ad
1603 4938 1720 4977 mo-

74 5023 403 5082 nasterium
435 5019 672 5092 sepiunt
701 5017 852 5072 inter
873 5031 1076 5071 omnes
1105 5013 1298 5085 virgas
1329 5012 1571 5079 III;dant
1591 5010 1718 5083 pul-

77 5116 167 5173 los
198 5131 260 5182 II,
289 5129 397 5168 ova
424 5128 479 5166 X.

150 5201 317 5259 XXV.
350 5205 416 5254 In
447 5198 650 5254 Coiaco
699 5195 876 5251 habet
921 5191 1227 5250 ecclesiam
1276 5207 1414 5245 cum
1459 5189 1723 5244 bunariis

79 5311 248 5361 XVIII;
285 5287 576 5360 mancipia
606 5303 663 5342 II.
694 5285 773 5340 De
805 5281 1134 5338 luminariis
1160 5279 1378 5336 solidos
1413 5297 1487 5333 III.
1515 5278 1721 5333 Casam

81 5380 564 5439 indominicatam
592 5393 725 5431 cum
758 5373 886 5429 aliis
913 5370 1268 5439 castitiis;de
1294 5372 1456 5441 prato
1481 5366 1727 5423 bunaria

83 5491 173 5540 XL,
208 5473 279 5526 de
305 5473 461 5523 terra
487 5464 694 5522 arabili
724 5462 972 5518 bunaria
1014 5477 1138 5524 CLX,
1172 5460 1241 5514 de
1291 5457 1452 5530 sylva
1500 5455 1728 5510 minuta

85 5560 334 5618 bunaria
361 5573 528 5613 xxxv.
561 5555 765 5610 Mansa
784 5568 876 5606 XXI
908 5568 1009 5622 per
1037 5547 1519 5604 bunaria.x.Sunt
1541 5545 1597 5598 in
1645 5545 1729 5599 eis

86 5651 234 5709 servi
266 5667 357 5715 XV,
389 5646 488 5720 qui
520 5645 739 5701 faciunt
767 5643 826 5696 in
857 5638 1226 5694 hebdomada
1255 5637 1377 5692 dies
1409 5633 1728 5690 III.Ancillzn

86 5759 166 5799 VII
196 5738 417 5796 faciunt
438 5735 740 5792 ladmones
770 5746 871 5787 VII.
901 5728 1013 5783 Alii
1038 5725 1405 5799 ingenui,qui
1433 5724 1651 5781 faciunt
1674 5723 1732 5779 in

1828 4743 2060 4802 sextarii
2095 4757 2182 4797 III.
2214 4738 2504 4795 Godobert
2533 4737 2885 4794 caballarius
2937 4737 3115 4793 habet
3155 4749 3353 4791 casam
3390 4732 3478 4788 in-

1829 4832 2240 4891 dominicatam
2273 4843 2408 4883 cum
2443 4826 2573 4881 aliis
2605 4827 2884 4894 castitiis;
2917 4827 2990 4882 de
3042 4829 3200 4881 terra
3228 4821 3479 4880 bunaria

1829 4937 2051 4986 LXXXVI,
2113 4918 2274 4992 sylva
2325 4914 2552 4970 minuta
2597 4914 2849 4969 bunaria
2905 4929 2995 4983 IV;
3058 4911 3352 4984 mancipia
3395 4925 3472 4967 VI.

1830 5012 2106 5069 Mortbert
2135 5004 2484 5064 caballarius
2515 5002 2692 5058 habet
2741 5019 2940 5058 casam
2989 4999 3475 5059 indominioatam

1831 5119 1964 5158 cum
2013 5099 2143 5155 aliis
2193 5093 2469 5160 castitiis;
2523 5095 2678 5146 terra
2724 5091 2974 5146 bunaria
3022 5108 3117 5156 XX,
3161 5089 3322 5162 sylva
3367 5087 3478 5146 mi-

1831 5193 1976 5247 nuta
2005 5185 2255 5244 bunaria
2277 5198 2353 5240 XII
2386 5185 2442 5238 et
2471 5178 2816 5246 dimidium;
2849 5178 3144 5250 mancipia
3185 5186 3242 5233 Χ.
3276 5177 3482 5234 Mansa

1831 5297 1890 5336 Iv
1941 5296 2042 5350 per
2086 5273 2336 5331 bunaria
2383 5286 2486 5327 XII.
2538 5267 2816 5324 Resident
2861 5267 2922 5322 in
2976 5267 3061 5322 eis
3108 5266 3347 5340 ingenui
3378 5265 3482 5338 qui

1834 5367 1981 5424 nihil
2035 5364 2192 5420 aliud
2252 5361 2389 5417 facit
2449 5376 2549 5432 per
2605 5360 2794 5412 totum
2825 5372 3068 5423 annum,
3100 5355 3230 5412 nisi.
3265 5369 3308 5412 II
3357 5355 3483 5410 dies

1833 5457 1893 5512 in
1924 5453 2312 5511 hebdomada.
2342 5450 2450 5506 Dat
2481 5445 2889 5518 unusquisque
2921 5459 3124 5500 eorum
3176 5442 3406 5515 pullum
3441 5457 3483 5513 I,

1837 5563 1944 5603 ova
1971 5563 2024 5600 v.
2059 5543 2156 5598 Isti
2193 5545 2381 5605 arant,
2418 5537 2826 5609 unusquisque
2858 5532 3169 5589 bunarium
3220 5546 3240 5585 ι
3287 5535 3345 5586 et
3373 5531 3488 5587 col-

1838 5635 2032 5708 ligant
2065 5649 2112 5698 I;
2146 5635 2200 5685 et
2231 5627 2557 5684 caballicat.
2593 5627 2670 5680 De
2713 5629 2866 5680 terra
2913 5620 3129 5678 censali
3170 5619 3487 5708 bunarium

1839 5705 1920 5780 XII
1953 5721 2193 5779 veniunt
2223 5719 2293 5775 de
2320 5716 2433 5773 mel
2470 5715 2703 5772 sextarii
2735 5711 3110 5772 II.Porcarius
3139 5724 3294 5767 unus
3310 5705 3488 5764 habet
