4050 6418
3684 414 3862 478 {240

433 565 758 628 Munninio.
793 563 1056 637 Stipatus
1096 563 1290 636 itaque
1325 563 1724 627 multitudine,
1774 576 1909 615 cum
1943 558 2071 630 ipso
2103 557 2158 623 Α
2193 572 2332 612 auro
2363 556 2815 628 margaritisque
2846 552 3088 609 mirifice
3116 551 3456 626 insignitam
3492 551 3627 625 (87).
3651 552 3856 622 Hujus

433 655 775 730 crepusculo
799 671 860 711 se
889 672 992 728 per
1013 653 1171 710 illam
1196 653 1547 726 pertransire
1570 649 2073 714 animadverteret,
2188 651 2382 702 autem
2416 651 2579 718 pater
2609 647 2934 711 Hunrocus,
2985 660 3134 715 quos
3165 659 3346 714 supra
3371 642 3656 698 memoria
3686 642 3856 698 exci-

441 746 636 804 subito
668 760 730 800 se
761 743 820 799 in
851 748 1007 799 terra
1045 743 1210 814 jecit.
1257 743 1523 813 Cumque
1555 739 1812 795 adversis
1845 736 1975 793 telis
2007 736 2079 790 ab
2189 736 2294 802 dit,
2326 736 2384 790 in
2418 734 2770 790 monasterio
2801 733 2992 788 Sithiu
3026 748 3253 788 comam
3304 731 3512 802 capitis
3543 733 3852 804 deposuit,

437 834 694 892 inimicis
716 832 1371 889 ducentibustondendo
1395 835 1700 902 cogeretur
1721 829 2078 897 utsurgeret,
2193 825 2722 897 monachicumque
2757 822 3049 888 habitum,
3075 823 3219 893 jugo
3251 837 3313 876 se
3343 820 3559 876 Christi
3591 821 3854 876 submit-

437 929 494 981 et
517 923 616 979 ille
646 925 1226 995 seprotestareturse
1249 912 2083 984 nullomodovelle,sedmagis
2191 920 2341 979 tens,
2393 913 2758 985 desumpsit;
2819 916 2875 966 et
2919 912 3057 982 quia
3085 927 3279 966 comes
3319 915 3442 966 erat
3491 911 3852 977 ditissimus,

432 434 590 500 1-239
1494 424 1864 501 FOLQUINI
1907 424 1974 488 S.
2017 420 2337 486 BERTINI
2380 420 2765 486 MONACHI.

437 1011 584 1070 inibi
621 1028 723 1084 pro
745 1009 969 1067 Christo
1000 1013 1293 1082 oppetere,
1327 1007 1547 1062 crebris
1579 1006 1916 1060 lancearum
1952 1002 2083 1056 fun-

441 1101 733 1158 ctionibus
765 1100 1086 1173 perfossus,
1132 1116 1249 1154 uno
1301 1113 1435 1153 cum
1468 1094 1771 1167 sanguinis
1804 1091 2086 1147 effusione

442 1191 698 1247 animam
726 1188 933 1244 afﬂans
961 1187 1190 1243 Christo
1222 1186 1443 1242 libavit.

441 1297 792 1355 XXXVII.De
810 1283 1209 1350 restaufatione
1223 1291 1557 1355 monasterii,
1593 1293 1644 1344 et
1670 1289 1734 1344 de
1767 1288 1939 1344 illa-vso
1959 1302 2091 1340 casu

777 1429 780 1434 ,
941 1365 1228 1436 cujusdam
1266 1363 1624 1435 carpentarii.

516 1459 654 1514 Post
699 1453 1059 1512 discriminis
1126 1452 1347 1524 przsfati
1397 1450 1826 1513 liberationem,
1886 1447 2091 1502 fratres

445 1548 712 1620 ejusdem
745 1544 990 1602 caenobii
1014 1543 1443 1607 convenientes,
1467 1536 1860 1594 communiter
1887 1538 2094 1589 tracta-

445 1640 653 1694 verunt
684 1638 749 1690 ut
777 1637 929 1689 tecta
949 1630 1330 1687 ecclesiarum
1355 1632 1810 1697 caeterarumque
1833 1624 1896 1678 of
1897 1623 2092 1677 [icina-

448 1742 580 1782 rum
612 1723 864 1796 pleniter
912 1719 1280 1776 resarcirent.
1315 1717 1500 1784 Quod,
1543 1715 1695 1770 sicut
1725 1730 1962 1769 summa
1994 1712 2092 1766 dc-

446 1813 678 1870 votione
699 1815 788 1867 est
801 1809 1162 1876 inchoatum,
1186 1807 1270 1862 ita
1287 1805 1540 1862 velocius
1563 1821 1737 1876 quam
1758 1802 2091 1874 putabatur,

450 1907 566 1960 Deo
597 1901 926 1972 adjuvante,
959 1897 1350 1969 pulcherrime
1381 1899 1470 1949 est
1522 1893 1876 1964 perfectum;
1911 1889 2090 1945 eccle-

452 1992 657 2064 siaque
678 1987 863 2046 sancti
879 1986 1094 2042 Bertini
1118 1984 1417 2040 celerrime
1440 1983 1748 2050 estextitit,
1765 1980 1912 2035 miro
1928 1995 2100 2051 opere

452 2080 695 2154 plumbo
709 2080 999 2150 cooperta,
1029 2075 1128 2130 sed
1153 2077 1209 2129 et
1240 2071 1451 2128 turilla
1483 2070 1671 2143 ipsius
1699 2070 1856 2124 mira:
1879 2068 2102 2140 magni-

450 2167 675 2226 tudinis
706 2163 1108 2234 mirabilisque
1130 2162 1380 2230 fabrica,
1406 2160 1761 2215 studuerunt
1791 2157 2096 2213 mdiﬁcare.

452 2258 632 2330 Cujus
652 2253 955 2328 longitudo
977 2251 1352 2307 consistentis
1377 2250 1434 2304 in
1456 2253 1671 2304 terram
1694 2247 1964 2318 aequabat
1981 2243 2102 2300 alti-

452 2347 717 2404 tudinem
731 2341 1008 2399 culminis
1027 2339 1281 2396 ecclesite
1299 2339 1392 2394 cui
1418 2355 1482 2394 su
1492 2337 1929 2410 perponendum
1945 2337 2070 2389 erat
2085 2350 2096 2387 :

455 2451 562 2493 nec
609 2435 866 2500 mirum;
901 2430 1145 2502 tristega
1193 2429 1349 2484 enim
1394 2427 1524 2500 (hoc
1581 2429 1670 2481 est
1708 2423 2101 2480 tricameratio

454 2523 663 2598 ipsius)
682 2521 870 2577 tribus
896 2518 1200 2576 ordinibus
1219 2517 1372 2572 facta
1393 2519 1577 2581 erant,
1601 2517 1840 2585 excepta
1869 2527 2105 2566 summa

456 2611 809 2670 claxendice.
836 2610 1036 2680 Itaque
1071 2605 1326 2662 ecclesias
1358 2603 1729 2676 suppositum
1748 2618 1881 2656 cum
1903 2601 2105 2655 trium-

456 2701 627 2775 phale
640 2705 853 2755 sanctas
877 2695 1067 2752 crucis
1089 2688 1671 2766 desupererigcretUr
1687 2691 2105 2762 signum,unus

459 2789 778 2855 artiﬁcum,
820 2784 1054 2841 nomine
1099 2785 1326 2850 Bertus,
1361 2787 1524 2837 stans
1555 2781 1824 2852 desuper,
1860 2777 2108 2850 arripuit

460 2877 765 2946 malleum,
779 2872 1014 2947 etquasi
1030 2870 1500 2945 gratulabundus
1521 2887 1621 2942 pro
1638 2866 2108 2941 apprOpinquata

460 2983 610 3041 pene
637 2961 1144 3021 consummatione
1175 2963 1296 3015 tam
1319 2958 1453 3014 miri
1484 2957 1695 3030 operis,
1728 2957 1909 3012 ictum
1930 2955 2106 3013 veluti

455 3049 751 3129 jactanter
768 3051 1002 3124 longius
1025 3051 1256 3105 incaute
1271 3048 1436 3120 jecit,
1457 3048 1579 3111 sed,
1613 3046 1760 3102 eheu
1779 3047 1789 3102 l
1815 3045 2108 3102 resiliente

462 3149 589 3202 roto
620 3148 677 3201 et
711 3141 1030 3216 quatiente,
1064 3139 1343 3194 vacillans
1375 3137 1740 3210 pedibusque
1787 3135 2106 3202 lubricans,

464 3235 535 3292 de
565 3238 730 3290 tanta
757 3230 1094 3297 altitudine,
1124 3244 1379 3300 praeceps
1405 3231 1559 3282 terra
1579 3231 1750 3281 tenus
1770 3224 1945 3280 venit.
1975 3221 2107 3288 Sed,

2193 1002 2549 1058 haereditatis
2573 1020 2691 1058 suae
2709 1001 3025 1056 maximam
3047 1004 3271 1072 partem
3294 1000 3530 1071 praefato
3554 1005 3861 1057 monaste-

2196 1094 2281 1147 rio
2312 1097 2400 1148 est
2446 1091 2710 1163 largitus.
2755 1091 2836 1144 Ex
2865 1089 3082 1162 quibus
3133 1105 3250 1144 una
3279 1092 3368 1144 est
3411 1087 3572 1154 villa,
3622 1088 3858 1145 Hunela

2197 1181 2628 1252 dictam,quam
2643 1195 2709 1235 eo
2735 1183 2934 1234 tenore
2966 1177 3339 1244 contradidit,
3364 1181 3430 1231 ut
3450 1182 3648 1233 custos
3672 1177 3858 1234 eccle-

2199 1270 2297 1326 siae
2331 1270 2401 1324 ad
2433 1285 2606 1340 quem
2638 1285 2766 1323 eam
2790 1267 3237 1334 tradidit,annis
3271 1265 3540 1339 singulis,
3574 1269 3857 1339 postejus

2197 1359 2326 1414 vitaa
2367 1359 2697 1424 decessum,
2751 1359 2812 1412 in
2861 1357 2990 1428 ejus
3039 1356 3510 1412 anniversarium
3569 1357 3854 1423 annuale,

2200 1448 2407 1502 exinde
2438 1447 2720 1502 fratribus
2743 1450 3092 1518 praepararet
3117 1445 3485 1518 obsequium.
3518 1447 3624 1512 Qui
3649 1449 3859 1517 postea

2200 1537 2346 1604 inibi
2376 1537 2708 1603 defunctus,
2760 1552 2956 1591 coram
3003 1534 3186 1591 altare
3217 1533 3405 1590 sancti
3439 1533 3757 1600 Laurentii,
3790 1535 3856 1590 in

2203 1626 2444 1681 sinistra
2469 1631 2631 1696 parte
2679 1624 3154 1696 ingredientium,
3198 1628 3287 1679 est
3317 1624 3617 1689 humatus,
3652 1623 3858 1679 Idibus

2204 1714 2568 1778 Novembris;
2592 1713 2836 1784 ipsoque
2853 1712 2947 1768 die
2978 1729 3093 1784 quo
3123 1717 3180 1767 et
3210 1711 3494 1768 festivitas
3523 1711 3861 1768 translatio-

2206 1804 2298 1859 nis
2328 1804 2514 1858 sancti
2548 1802 2815 1874 Folquini
2847 1807 2906 1858 et
2937 1801 3122 1856 sancti
3154 1801 3359 1857 Briccii
3391 1801 3678 1873 depositio
3710 1800 3862 1857 cele-

2205 1894 2427 1959 bratur,
2457 1892 2599 1948 satis
2629 1891 2977 1958 lautissima,
3011 1890 3095 1945 uti
3127 1890 3388 1946 custodis
3422 1907 3592 1962 posse
3623 1894 3731 1958 est,
3767 1907 3858 1946 re-

2209 1981 2377 2036 fectio
2399 1981 2705 2036 hactenusi
2730 1980 3006 2036 fratribus
3031 1980 3355 2035 exhibetur.
3381 1981 3595 2036 Eodem
3621 1996 3862 2053 quoque

2208 2076 2489 2142 tempore,
2512 2071 2723 2142 Zoppo,
2748 2069 3018 2137 vicarius,
3043 2068 3223 2123 simili
3243 2068 3526 2141 exemplo,
3559 2069 3619 2124 in
3650 2070 3860 2124 eodem

2210 2159 2564 2215 monasterio
2587 2163 2878 2223 attonsus,
2901 2157 3174 2221 monachi
3193 2157 3460 2214 habitum
3482 2162 3571 2214 est
3584 2159 3857 2231 adeptus.

2406 2247 2638 2304 XXXIX.
2675 2253 2751 2304 De
2779 2247 3068 2320 Hum/‘rido
3097 2249 3340 2319 episcopo
3369 2255 3419 2303 et
3448 2248 3658 2303 abbate.

2286 2339 2419 2394 Post
2449 2342 2695 2393 mortem
2728 2337 3098 2408 quoquejam
3129 2336 3268 2391 dicti
3302 2336 3530 2392 abbatis
3558 2337 3857 2405 Adalardi,

2212 2428 2414 2482 eodem
2434 2443 2585 2481 anno
2602 2427 2731 2498 (88),
2748 2425 3114 2492 Humfridus;
3136 2425 3533 2481 Taruanensis
3545 2425 3860 2498 episcopus

2213 2521 2270 2570 et
2301 2515 2659 2570 Prumiensis
2693 2514 3029 2570 monasterii
3073 2513 3419 2582 monachus,
3442 2518 3601 2571 totus
3633 2514 3773 2571 cleri
3803 2520 3864 2570 et

2214 2603 2416 2676 populi
2442 2605 2693 2676 optione,
2719 2603 3016 2659 abbatiam
3040 2603 3350 2675 regendam
3376 2604 3632 2675 suscepit
3658 2603 3860 2660 Idibus

2215 2693 2684 2760 Martii,tantum
2728 2696 2964 2764 propter
3014 2707 3274 2748 amorem
3323 2695 3380 2747 et
3420 2693 3690 2748 timorem
3733 2692 3856 2749 Dei.

2214 2785 2350 2839 Erat
2382 2783 2566 2838 isdem
2597 2782 3072 2854 Humfridus,qui
3111 2781 3280 2837 beato
3322 2780 3602 2853 Folquino
3634 2797 3864 2839 succes-

2219 2877 2374 2928 serat
2403 2873 2462 2926 in
2485 2872 2845 2944 episcopatu,
2880 2871 2967 2926 vir
2996 2871 3155 2926 omni
3182 2871 3440 2926 bonitate
3464 2875 3520 2925 et
3553 2872 3864 2929 sanctitate

2217 2961 2484 3017 refertus.
2521 2961 2686 3016 Rexit
2716 2964 2911 3016 autem
2941 2959 3092 3015 hanc
3121 2961 3529 3015 tantummodo
3561 2977 3665 3032 per
3693 2961 3863 3017 bien-

2218 3051 2404 3106 nium.
2429 3051 2547 3106 Sub
2571 3066 2688 3122 quo
2719 3050 2960 3121 quidam
2983 3047 3398 3122 Megenfridus,
3419 3064 3452 3102 a
3477 3054 3644 3121 patre
3675 3050 3865 3106 Ruod-

2215 3139 2415 3195 waldo
2464 3138 2721 3204 oblatus,
2767 3137 3018 3192 efﬁcitur
3065 3136 3430 3205 monachus;
3475 3153 3611 3193 eum
3661 3155 3777 3210 quo
3807 3144 3866 3194 et

2219 3226 2650 3300 portiunculam
2684 3242 2802 3281 sua:
2827 3224 3198 3297 preprietatis
3230 3225 3286 3280 in
3321 3242 3468 3298 pago
3500 3225 3858 3294 Bononensi,

465 3323 683 3382 mirum
716 3322 894 3390 dictu,
916 3299 1244 3375 mirabilius
1275 3315 1514 3381 miratu,
1559 3313 1783 3370 nullam
1812 3312 2107 3369 lassionem
2139 3299 2181 3366 C
2220 3299 2280 3372 in
2310 3316 2435 3372 loco
2467 3319 2842 3388 nuncupante
2863 3314 3450 3388 Diorwaldingatum,
3475 3315 3534 3370 id
3564 3321 3656 3372 est
3682 3316 3861 3372 buna—

462 3431 696 3488 passus,
721 3411 863 3484 quin
887 3409 1062 3465 etiam
1096 3405 1320 3462 risibile
1339 3409 1396 3461 et
1428 3404 1736 3476 plausibile
1759 3417 2107 3474 responsum

463 3499 928 3566 occurrentibus,
952 3501 1007 3553 et
1030 3512 1241 3568 aquam
1266 3493 1378 3549 sibi
1410 3509 1512 3565 pro
1536 3491 1955 3548 refocillatione
1978 3493 2110 3547 offe-

462 3591 749 3657 rentibus,
773 3587 903 3644 sine
930 3585 1148 3641 doloris
1181 3583 1468 3638 anxietate
1498 3580 1761 3653 protulit,
1813 3581 2014 3637 dicens
2044 3598 2106 3638 se

454 3679 679 3752 jugiter
709 3677 902 3749 potius
958 3673 1104 3730 velle
1151 3673 1311 3728 sitim
1358 3671 1491 3726 vino
1540 3670 1889 3742 restringere
1930 3687 2105 3742 quam

463 3785 637 3841 aqua,
669 3782 774 3822 nec
805 3763 998 3820 oblato
1029 3766 1167 3817 tunc
1196 3777 1363 3834 egere
1405 3759 1640 3830 limphte
1683 3757 1926 3830 liquore.
1949 3759 2105 3814 Arti-

461 3858 601 3913 ﬁces
623 3858 840 3922 autem,
865 3853 974 3907 hac
1005 3851 1076 3906 de
1099 3866 1296 3915 causa,
1321 3850 1534 3904 nedum
1550 3847 1816 3902 dicamus
1840 3846 2102 3915 animati,

458 3962 663 4002 verum
711 3947 770 4000 et
824 3941 1104 4010 roborati,
1149 3938 1488 3994 inchoatum
1537 3953 1686 4008 opus
1736 3935 2107 4008 expleverunt

461 4037 798 4092 constantes
829 4037 887 4088 et
916 4030 1032 4086 laeti
1058 4047 1070 4097 ;
1121 4045 1228 4085 nec
1258 4027 1479 4084 exstitit
1509 4026 1754 4082 dubium
1785 4025 1894 4082 alis
1925 4026 2102 4082 inter-

459 4123 792 4183 cessionum
821 4120 978 4177 beati
1022 4119 1206 4192 patris
1251 4116 1491 4184 Bertini,
1524 4115 1617 4171 cui
1660 4115 1913 4185 servivit,
1948 4115 2103 4172 hunc

461 4212 643 4270 fuisse
673 4213 1070 4284 deportatum.

699 4299 984 4357 XXXVIII.
1015 4301 1091 4355 De
1131 4305 1304 4354 morte
1332 4295 1596 4352 Adalardi
1626 4295 1859 4352 abbatis.

531 4391 714 4466 Igitur
733 4390 826 4446 his
852 4388 1115 4462 expletis,
1132 4402 1284 4442 anno
1298 4384 1610 4441 Dominicae
1633 4383 1954 4440 nativitatis
1974 4386 2099 4452 861,

457 4481 696 4540 abbatia
716 4481 843 4552 jam
876 4478 1030 4534 dicto
1054 4474 1534 4549 Hulgoniablata,
1567 4474 1781 4529 iterum
1811 4473 2101 4530 Adalardo

456 4574 546 4628 est
575 4569 803 4626 reddita
829 4584 928 4624 vm
974 4565 1097 4623 Kal.
1144 4563 1412 4637 Augusti,
1462 4579 1616 4618 anno
1666 4563 1829 4635 regni
1876 4564 2100 4635 praefati

2218 3407 2305 3462 ria
2334 3423 2431 3473 xu,
2473 3411 2541 3460 ut
2592 3405 2750 3460 filius
2793 3407 2920 3476 ejus
2967 3420 3156 3476 supra.
3188 3408 3546 3462 memoratus
3595 3405 3858 3462 debitum

2218 3497 2610 3552 monasticum
2646 3496 2703 3550 in
2751 3495 2907 3549 victu
2938 3492 3271 3566 vestituque
3319 3493 3462 3550 inibi
3510 3494 3727 3552 habere
3765 3496 3859 3552 de-

2215 3585 2397 3641 heret.

2376 3673 2737 3729 XL.Traditio
2769 3673 3047 3728 Rodwaldi
3074 3672 3138 3727 de
3165 3672 3702 3745 Diorwaldingatum

2286 3764 2413 3836 (864
2443 3765 2525 3818 vel
2553 3763 2702 3834 865.)
2736 3784 2765 3812 «
2817 3763 2878 3816 In
2911 3761 3140 3817 Christo
3190 3761 3405 3818 domno
3436 3767 3492 3816 et
3543 3765 3855 3820 venerabili

2215 3853 2364 3926 patri
2397 3852 2722 3918 Humfrido,
2757 3851 3027 3923 episcopo
3059 3855 3230 3922 atque
3279 3851 3474 3906 abbati
3517 3854 3857 3910 monasterii

2215 3944 2399 3999 sancti
2431 3941 2601 4008 Petri,
2652 3941 2933 3996 vocabulo
2966 3940 3180 4006 Sithiu,
3231 3944 3689 4014 sanctorumque
3720 3960 3857 4000 con-

2215 4033 2504 4088 fessorum
2532 4031 2848 4087 Audomari
2875 4034 3048 4102 atque
3079 4029 3314 4085 Bertini.
3351 4030 3486 4103 Ego,
3519 4030 3577 4085 in
3619 4030 3721 4086 Dei
3751 4050 3854 4088 no-

2214 4123 2392 4190 mine,
2427 4119 3125 4187 Roudwaldus,traditor,
3161 4119 3425 4191 perhanc
3449 4120 3724 4192 paginam
3747 4127 3858 4178 tra-

2214 4210 2472 4275 ditionis,
2506 4210 2671 4266 trado
2721 4209 2794 4264 ad
2841 4209 3146 4280 prmfatum
3198 4209 3622 4265 monasterium
3671 4211 3853 4266 sancti

2208 4300 2362 4357 Petri
2394 4297 2823 4372 portiunculam
2856 4297 3228 4370 proprietatis
3261 4315 3401 4355 meae
3422 4298 3480 4354 in
3504 4315 3651 4371 pago
3674 4301 3850 4357 Bono-

2212 4390 2398 4453 nensi,
2432 4389 2491 4443 in
2522 4388 2646 4444 loco
2678 4393 3053 4459 nuncupante
3083 4386 3856 4463 Diorwaldingatum,super

2210 4479 2581 4535 ﬂuviolum...
2603 4477 2714 4549 (89)
2734 4477 3138 4532 bunariaxnet
3150 4477 3530 4549 mancipiaiv,
3550 4494 3618 4533 ea
3630 4480 3855 4536 ratione

2210 4575 2275 4624 ut
2304 4568 2460 4623 filius
2492 4583 2659 4622 meus
2699 4566 3114 4639 Megenfridus,
3165 4567 3428 4637 quandiu
3465 4567 3764 4634 advixerit,
3797 4569 3852 4624 in

456 4659 610 4732 regis
641 4656 831 4714 Caroli
859 4675 953 4712 xxx
986 4655 1116 4728 (86),
1167 4654 1269 4711 sed
1315 4670 1430 4709 non
1472 4652 1643 4720 hanc,
1686 4652 1797 4708 nisi
1850 4652 2098 4708 triennio
2131 4667 2177 4734 D
2211 4659 2336 4730 ipso
2367 4657 2623 4713 caanobio
2655 4655 2921 4711 debitum
2953 4655 3348 4710 monasticum
3398 4656 3456 4710 in
3491 4660 3654 4711 vestu
3678 4658 3852 4712 vesti-

455 4751 590 4823 post
634 4747 777 4813 haec,
829 4747 995 4816 rexit.
1039 4746 1205 4800 Anno
1268 4757 1523 4813 namque
1570 4759 1644 4808 ιν,
1702 4742 1854 4813 apud
1915 4743 2100 4798 sancti
2208 4749 2392 4817 tuque
2423 4744 2670 4817 pleniter
2717 4743 2994 4798 obtineat.
3027 4744 3130 4799 Est
3161 4749 3357 4800 autem
3384 4743 3583 4816 petitio
3615 4761 3764 4812 mea,
3793 4752 3856 4802 ut

451 4835 706 4895 Amandi
737 4833 1158 4891 monasterium
1181 4837 1488 4905 aegrotans.
1514 4829 1689 4886 exivit
1712 4830 2006 4886 hominem
2031 4849 2095 4887 ιιι
2206 4835 2394 4906 ipsam
2420 4837 2634 4888 terram
2658 4832 3149 4902 quandiuvixero,
3173 4833 3244 4888 ad
3272 4849 3446 4888 usum
3469 4834 3851 4890 fructuarium

452 4927 650 4986 Nonas
673 4923 993 4990 Februarii,
1026 4922 1126 4994 qui
1156 4925 1280 4977 erat
1312 4937 1503 4976 annus
1535 4919 1848 4975 Dominicm
1883 4921 2094 4975 nativi-
2203 4921 2537 4980 censualem
2571 4926 2818 4989 teneam,
2843 4920 3073 4977 solvens
3104 4920 3230 4976 Kal.
3265 4921 3609 4978 Novembris
3651 4939 3849 4980 mona-

448 5017 559 5075 tati
588 5017 719 5084 864,
768 5012 1153 5086 sepultusque
1198 5014 1286 5067 est
1314 5009 1374 5064 in
1405 5009 1607 5064 eodem
1647 5010 2000 5065 monasterio
2031 5009 2090 5065 in
2203 5013 2328 5069 chis
2351 5012 2477 5083 jam
2509 5010 2646 5066 dicti
2699 5009 3035 5066 monasterii
3083 5011 3311 5083 argenti
3361 5009 3586 5068 solidos
3606 5029 3682 5081 II;
3711 5013 3846 5086 ipsi-

447 5107 655 5180 cripta,
689 5102 1048 5162 intrantibus
1090 5102 1150 5157 in
1199 5100 1379 5155 latere
1422 5097 1682 5154 sinistro.
1727 5099 1828 5154 Hic
1871 5105 2088 5168 autem,

448 5195 602 5252 inter
647 5194 874 5266 reliqua
920 5191 1163 5247 donaria
1210 5205 1336 5260 qum
1379 5187 1518 5242 huic
1547 5203 1711 5243 sacro
1741 5187 1866 5242 loco
1897 5188 2088 5243 Sithiu

448 5279 1260 5353 concessit,deditquamdam
1280 5276 1539 5333 casulam
1562 5274 1752 5332 colore
1772 5294 2087 5350 purpureo,

522 5389 632 5459 (86)
665 5389 934 5444 Fortasse
963 5385 1343 5459 rectius_xx_u.

522 5455 633 5530 (87)
663 5460 800 5538 Post
829 5459 1152 5538 insignitam
1183 5456 1397 5538 legitur
1444 5455 1502 5537 in
1531 5455 1852 5538 cod.hAud.:
1887 5479 1924 5538 «_
1956 5457 2089 5538 Quae

449 5526 638 5610 usque
665 5526 1028 5610 ad‘tempora
1057 5526 1266 5610 domui
1286 5526 1557 5610 .{t‘ntonini
1581 5526 2090 5610 chergis,.huj.us

444 5599 559 5656 loci
590 5600 836 5665 abbatis,
869 5599 1202 5655 conservata
1238 5599 1364 5662 fuit,
1398 5603 1461 5653 ut
1494 5605 1694 5669 postea
1725 5601 1940 5655 mentio
1971 5601 2087 5654 cla-

448 5672 572 5727 rius
603 5669 728 5726 ﬂcri
775 5671 1026 5742 poterit,
1055 5671 1281 5725 volente
1331 5670 1580 5742 Christo,
1629 5671 1737 5742 sub
1766 5687 1879 5742 quo
1910 5672 2089 5742 hujus

447 5743 673 5816 pagina:
696 5741 1215 5813 scriptor,Alardus
1229 5745 1512 5812 peccator,
1536 5741 1801 5798 habitum
1820 5741 2090 5800 monaChi

2201 5119 2314 5174 que
2345 5106 2475 5173 post
2495 5116 2693 5156 meum
2725 5099 2975 5169 obitum,
3001 5100 3268 5155 eamdem
3296 5104 3514 5156 terram
3546 5101 3616 5156 ad
3641 5101 3850 5160 utilita-

2198 5197 2314 5248 tem
2349 5189 2664 5261 propriam,
2699 5190 2824 5244 sine
2854 5189 2973 5244 ulla
3003 5191 3438 5258 contrarietate,
3462 5190 3762 5263 recipiant.
3785 5192 3844 5248 Si

2201 5281 2331 5354 quis
2357 5295 2509 5346 vero,
2544 5278 2698 5350 quod
2722 5279 2989 5334 futurum
3004 5294 3134 5334 esse
3167 5296 3281 5335 non
3308 5280 3500 5349 credo,
3527 5280 3576 5335 si
3599 5296 3702 5354 ego
3723 5281 3845 5354 ipse

2199 5393 2258 5443 et
2286 5385 2662 5458 professionis
2684 5385 2957 5458 sumpsit,
2990 5385 3085 5458 illi
3102 5385 3357 5441 serviens
3388 5387 3446 5441 in
3475 5386 3838 5458 capellanum

2199 5456 2320 5537 pr_(_i_
2361 5457 2498 5537 anni
2560 5457 2895 5537 praesentis,
2943 5458 3016 5537 ab
3073 5456 3478 5537 incarnatione
3525 5456 3838 5516 Salvatoris

2201 5528 2496 5585 millesimi
2529 5528 2985 5599 quingentesimi
3015 5529 3172 5596 noni,
3206 5529 3514 5587 curriculo.
3548 5553 3578 5580 »

2270 5602 2381 5672 (88)
2413 5603 2576 5655 Anno
2607 5601 2730 5653 864.

2270 5673 2381 5742 (89)
2412 5672 2645 5727 Vacuus
2675 5675 2763 5726 est
2793 5672 3048 5728 nominis
3081 5671 3270 5729 locus.
