4050 6386
165 431 321 495 1241

1547 421 2194 489 CHARTULARIUM.

3421 422 3576 486 1242

163 567 348 640 (quod
381 563 557 639 absit)
589 567 690 623 aut
717 563 876 622 ullus
906 564 977 622 de
1008 563 1337 622 haeredibus
1389 565 1489 620 aut
1533 560 1820 634 prohaere-
1849 556 1906 625 Α
1934 563 1991 615 et
2018 560 2194 618 aliam
2225 566 2443 619 terram
2475 560 2754 619 arabilem
2785 565 2842 618 et
2872 563 3128 634 pratum,
3157 560 3575 616 bunariaxxxu

162 657 342 714 dibus
391 656 556 725 meis,
603 673 702 711 seu
750 655 1028 728 quislibet
1083 659 1410 720 extraneus,
1462 653 1597 707 huic
1640 650 1816 705 tradi-

159 747 306 802 tioni
332 745 694 801 calumniam
723 745 1007 810 intulerit,
1041 744 1428 815 distringente
1453 741 1613 807 fisco,
1647 740 1820 794 libra-

162 851 296 891 rum
328 852 441 890 xxx
473 834 763 890 solutione
796 832 1080 888 multetur
1107 850 1120 900 ;
1156 849 1260 887 nec
1293 831 1368 887 sit
1397 831 1552 901 quod
1611 829 1821 900 repetit

160 921 469 990 evindicet,
505 922 605 978 sed
647 922 768 976 hac
825 920 1059 975 traditio
1113 920 1272 975 omni
1332 925 1592 991 tempore
1651 918 1821 972 ﬁrma

162 1015 506 1086 permaneat
534 1027 666 1066 cum
701 1009 1076 1081 stipulatione
1098 1009 1364 1064 subnixa.

237 1124 266 1152 ‹‹
310 1102 522 1157 Actum
577 1099 769 1154 Sithiu
831 1098 1206 1165 monasterio,
1257 1099 1317 1153 in
1367 1095 1610 1153 ecclesia
1665 1095 1818 1150 beati

162 1189 319 1246 Petri
351 1187 618 1262 apostoli,
652 1205 804 1243 anno
829 1205 980 1254 xxvx,
1014 1191 1292 1260 regnante
1345 1187 1560 1242 domno
1617 1184 1818 1240 Carolo

170 1295 537 1441 regesoignum
570 1365 919 1422 Roudwaldi
951 1365 1050 1437 qui
1084 1365 1234 1420 hanc
1262 1364 1636 1420 traditionem
1688 1363 1822 1418 fecit

159 1457 555 1528 ﬁrmavitque.
1089 1505 1092 1510 .

233 1569 262 1597 ‹‹
289 1546 536 1622 Signum
568 1543 900 1600 Trudberti.
935 1543 1181 1615 Signum
1209 1541 1504 1608 Hucberti,
1535 1540 1814 1597 advocati.

160 1635 414 1708 Signum
447 1632 725 1706 Adalgisi.
759 1632 1005 1705 Signum
1038 1632 1341 1688 Guntardi.
1376 1631 1622 1702 Signum
1659 1629 1818 1686 Hild-

165 1724 338 1780 mari.
375 1723 620 1796 Signum
654 1721 980 1794 Regemari.
1011 1721 1256 1793 Signum
1289 1720 1538 1776 Folradi.
1574 1720 1820 1790 Signum

159 1811 436 1868 Folmari.
469 1813 714 1882 Signum
747 1809 1119 1866 Vuillebaldi.

1928 657 1984 708 et
2013 653 2362 721 dimidium;
2391 654 2540 710 etde
2567 652 2725 724 sylva
2746 652 2943 724 fagina
2970 653 3221 708 bunaria
3240 670 3317 708 vn
3336 653 3578 708 etdimi-

1928 742 2090 796 dium
2119 761 2131 809 ;
2167 743 2422 814 itemque
2447 743 2506 796 in
2539 741 2648 798 alio
2682 741 2806 797 loco
2837 746 3214 814 nuncupante
3249 742 3574 808 Quertliaco

1926 831 2013 886 vel
2046 833 2254 887 Broma
2276 832 2394 887 sive
2417 831 2730 886 Minthiaco
2763 832 3012 887 bunaria
3037 849 3110 886 xx
3142 832 3198 886 in
3223 847 3371 903 pago
3388 831 3574 887 Bono-

1929 922 2094 976 ncnsi
2129 938 2306 992 super
2335 921 2506 976 ﬂuvio
2538 921 2716 987 Elna;
2749 925 2804 975 et
2823 921 3117 992 mancipia
3136 938 3250 986 x1x,
3270 920 3364 976 his
3395 921 3578 976 nomi-

1929 1010 2150 1066 nibus:
2185 1011 2430 1078 Thiodo,
2476 1009 2772 1075 Hathalec,
2828 1010 3167 1081 Regenfeth,
3225 1009 3574 1082 Waldburg,

1928 1099 2503 1171 Edeborg,Guodlia,
2529 1099 2852 1170 Sigebertb.
2890 1100 3188 1171 lludborg,
3228 1099 3573 1167 Hirmelind,

1930 1189 2286 1260 Irmengard,
2315 1187 2646 1261 Hildegard,
2681 1187 3026 1259 Engelgard,
3051 1189 3356 1260 Liodgard,
3390 1189 3576 1244 Tane-

1926 1295 2111 1346 wara,
2145 1277 2514 1342 Vodolherta,
2550 1278 2729 1346 Betto,
2764 1276 3100 1342 Thiodfred,
3136 1276 3415 1332 Ruotbolf
3442 1278 3573 1348 (9|).

1928 1367 2058 1422 Haec
2087 1366 2283 1422 omnia
2304 1367 2374 1421 ad
2405 1364 2808 1438 praescriptum
2839 1366 3257 1421 monasterium
3316 1365 3579 1439 legaliter

1927 1457 2217 1510 tradimus
2231 1454 2885 1527 atquetransﬁrmamus
2909 1455 3320 1527 perpetualiter
3339 1456 3410 1512 ad
3439 1473 3577 1528 pos-

1930 1545 2338 1601 sidendum.Et
2358 1549 2658 1616 propterea
2677 1544 3003 1616 expetimus
3025 1561 3058 1600 a
3087 1544 3251 1600 vobis
3281 1562 3372 1600 res
3394 1545 3580 1601 eccle-

1930 1636 2030 1689 site
2061 1639 2262 1690 vestras
2284 1635 2342 1689 in
2368 1633 2489 1689 loco
2523 1638 2896 1705 nuncupante
2931 1633 3179 1705 Upbem,
3201 1635 3262 1690 in
3292 1651 3439 1708 pago
3470 1636 3577 1690 Bo-

1931 1723 2200 1788 nonensi,
2234 1739 2411 1794 super
2442 1722 2683 1777 ﬂuvium
2715 1722 3088 1778 Helicbruma
3115 1739 3421 1779 :mansum
3444 1741 3579 1780 cum

1931 1829 2068 1869 casa
2095 1818 2151 1868 et
2183 1811 2315 1868 aliis
2331 1817 2388 1867 et
2419 1811 2687 1877 castitiis,
2721 1811 3199 1883 interqueipsum
3227 1829 3501 1878 mansum
3525 1819 3583 1870 et

230 1925 260 1952 ι‹
294 1903 413 1974 Ego
438 1899 811 1969 Holdbertus,
844 1899 1126 1954 diaconus
1152 1902 1210 1954 et
1241 1897 1583 1964 monachus,
1611 1896 1817 1968 scripsi
1849 1930 1897 1996 Β
1931 1907 2148 1958 terram
2183 1901 2463 1957 arabilem
2497 1906 2552 1955 et
2583 1905 2838 1972 pratum,
2871 1899 3120 1955 bunaria
3150 1920 3178 1956 c
3206 1905 3263 1956 et
3300 1917 3343 1956 ιι
3369 1919 3383 1969 ;
3415 1907 3472 1957 et
3523 1903 3582 1958 in

159 1995 220 2046 et
241 1989 588 2060 subscripsi.
625 2011 654 2038 »

597 2078 738 2132 XLI.
776 2082 855 2133 De
885 2078 1146 2132 Hilduino
1178 2077 1388 2132 abbate.

230 2168 405 2240 (866.)
434 2167 696 2240 Itemque
715 2169 850 2238 post
876 2166 1014 2231 haac,
1044 2182 1195 2220 anno
1227 2164 1650 2221 incarnationis
1710 2165 1814 2220 Do-

164 2257 394 2314 mimicae
421 2257 550 2323 .866,
584 2255 826 2312 Carolus
853 2273 951 2311 rex
999 2255 1302 2311 Humfrido
1334 2255 1627 2310 abbatiam
1686 2269 1820 2310 cum

165 2346 447 2402 dedecore
478 2346 768 2411 auferens,
811 2344 1105 2408 Hilduino,
1150 2343 1451 2411 canonico,
1507 2359 1695 2415 nuper
1752 2343 1822 2397 de

1930 1990 2043 2047 alio
2065 1991 2188 2047 loco
2223 1994 2600 2062 nuncupante
2630 1989 2877 2044 Wileria
2913 1989 2972 2043 in
3026 1989 3154 2060 ipso
3201 2006 3369 2062 pago,
3411 1993 3586 2062 juxta

1927 2079 2272 2152 praedictum
2306 2079 2561 2134 rivulum
2595 2078 2905 2136 bunariax
2937 2082 2995 2134 et
3023 2095 3123 2133 vm
3153 2094 3291 2134 cum
3323 2079 3585 2151 ipsorum

1928 2169 2189 2226 locorum
2222 2168 2432 2241 perviis
2466 2168 2744 2241 legitimis
2773 2173 2830 2224 et
2848 2168 3273 2240 wadriscapis;
3330 2172 3386 2224 et
3417 2185 3583 2225 man-

1930 2258 2080 2329 cipia
2094 2276 2199 2313 xxx
2211 2263 2379 2314 etvm
2397 2257 2490 2313 his
2504 2257 2839 2314 nominibus
2863 2258 3199 2322 :Asbertus,
3226 2256 3587 2345 Hilbewara,

1932 2347 2317 2412 Grimbertus,
2352 2346 2677 2419 Egelwara,
2709 2347 3098 2411 Ostoibertus,
3150 2346 3356 2402 Radlia
3413 2345 3585 2402 Geld-

168 2433 429 2490 Lotharii
463 2433 758 2489 senioratu
792 2433 862 2487 ad
896 2451 958 2489 se
1003 2450 1301 2500 converso,
1349 2433 1529 2499 dedit,
1590 2437 1825 2504 propter
1931 2453 2115 2501 wara,
2151 2436 2456 2503 Liodrada,
2491 2436 2763 2506 Ereprad,
2813 2435 3162 2504 Stillewara,
3219 2433 3585 2504 Harduinus,

175 2523 360 2580 libras
389 2539 503 2578 xxx
533 2522 680 2592 auri,
708 2539 806 2577 xm
838 2521 1142 2578 Kal.Julii.
1195 2523 1322 2589 Qui,
1357 2526 1420 2576 ut
1470 2521 1660 2589 credo,
1702 2520 1826 2575 loco
1935 2526 2239 2597 Hildborg,
2299 2525 2505 2592 Immo,
2558 2525 2924 2597 Thegenrad,
2985 2523 3320 2596 Megelind,,
3375 2523 3584 2593 Alfrec,

173 2611 334 2680 huic,
357 2613 482 2683 jam
506 2628 648 2684 pene
679 2611 943 2681 deciduo,
967 2612 1219 2666 donatus
1241 2628 1274 2666 a
1301 2610 1569 2677 Domino,
1593 2615 1828 2680 excepto
1937 2615 2215 2680 Folclind,
2249 2614 2516 2680 Adalind,
2541 2615 2677 2669 item
2711 2613 3021 2685 Megelind,
3068 2611 3413 2685 Regenlind,
3469 2613 3586 2668 Me-

174 2703 392 2757 domno
425 2701 681 2764 Bertino,
715 2700 816 2772 qui
839 2701 1064 2771 primus
1095 2700 1274 2770 hujus
1305 2697 1415 2754 loci
1447 2703 1702 2754 structor
1732 2715 1828 2753 ex-

174 2790 349 2858 stitit,
383 2787 648 2844 omnium
681 2789 1173 2859 praedecessorum
1224 2804 1467 2843 suorum
1526 2793 1694 2842 actus
1751 2787 1832 2842 ita

169 2896 417 2936 suorum
432 2876 908 2950 compensatione
925 2877 1265 2943 annullavit,
1288 2882 1350 2931 ut
1367 2877 1595 2943 merito,
1609 2877 1832 2947 absque

180 2967 381 3041 aliqua
410 2966 724 3033 oblivione,
748 2982 958 3021 nomen
989 2966 1115 3036 ejus
1140 2966 1198 3022 in
1225 2965 1504 3021 saeculum
1535 2965 1690 3037 apud
1724 2982 1830 3020 nos

169 3057 461 3114 habeatur
497 3056 558 3111 in
608 3054 1032 3111 benedictione.
1085 3055 1277 3111 Fallor
1321 3055 1436 3111 nisi
1491 3055 1601 3110 hoc
1658 3054 1834 3110 etiam

174 3150 471 3202 testantur
500 3149 674 3201 cartaa
717 3162 863 3216 quas,
899 3145 1010 3200 sub
1041 3145 1169 3215 ejus
1229 3149 1490 3216 tempore
1539 3145 1721 3207 factae,
1779 3148 1836 3198 et

180 3236 311 3307 ejus
346 3235 543 3291 labore
565 3234 885 3305 acquisitae,
909 3234 1036 3305 jam
1065 3233 1160 3290 hic
1191 3238 1330 3288 sunt
1357 3233 1700 3289 inserendas.

247 3343 418 3397 XLII.
506 3303 742 3396 Traditio
823 3303 1093 3395 Heriberti
1197 3340 1260 3395 de
1369 3341 1668 3395 Camranz'a
1777 3343 1826 3394 et
1857 3303 1899 3369 Ο

839 3413 1168 3481 Quertliaco.

241 3505 410 3558 Anno
467 3517 725 3573 namque
785 3501 1088 3574 regiminis
1134 3500 1225 3556 sui
1283 3519 1347 3566 ιι,
1405 3518 1464 3556 ιιι
1542 3500 1831 3556 Kalendas

176 3591 539 3665 Septembris
573 3591 707 3662 (90),
737 3591 976 3663 quidam
999 3589 1104 3656 vir,
1138 3590 1479 3646 Heribertus
1495 3591 1749 3658 nomine,
1774 3595 1830 3646 et

177 3682 389 3752 conjux
416 3681 546 3751 ejus
579 3679 934 3752 Megesinda,
959 3696 1093 3735 cum
1124 3678 1260 3734 ﬁliis
1281 3679 1626 3734 Ellemberto
1655 3683 1830 3750 atque

184 3768 504 3843 Egilberto,
537 3769 903 3824 tradiderunt
936 3768 1172 3839 praafato
1199 3769 1413 3823 domno
1435 3765 1730 3835 IIilduino,
1756 3768 1827 3822 ad

176 3875 328 3931 opus
361 3857 719 3916 monasterio
749 3856 840 3912 sui
873 3856 1086 3921 Sithiu,
1115 3873 1206 3910 res
1236 3855 1611 3926 proprietatis
1637 3872 1755 3910 Sllti’.
1771 3857 1828 3910 in

175 3947 304 4003 loco
338 3950 715 4019 nuncupante
740 3945 1140 4017 Campaniam,
1169 3944 1228 3998 in
1258 3960 1404 4018 pago
1423 3944 1827 4009 Tarwanensi,

173 4041 231 4093 et
257 4037 318 4092 in
347 4035 463 4092 alia
492 4035 615 4092 loco
634 4038 1010 4107 nuncupante
1059 4032 1407 4100 Quertliaco,
1448 4031 1535 4088 vel
1597 4033 1825 4101 Broma,

180 4125 300 4182 sive
327 4124 646 4181 Minthiaco
675 4141 689 4192 ;
723 4123 1079 4195 expetiitque
1111 4139 1211 4194 per
1240 4121 1577 4192 praecariam
1604 4137 1693 4176 res
1713 4138 1831 4177 mo-

179 4214 421 4270 nasterii
452 4212 676 4286 praefati
705 4210 1170 4278 abbatis,inloco
1194 4208 1825 4281 nuncupanthpbem,

179 4303 243 4360 in
273 4318 422 4376 pago
450 4301 799 4369 Bononensi,
834 4300 922 4356 vel
956 4299 1200 4356 Vuilerae
1225 4300 1283 4354 in
1307 4300 1433 4371 ipso
1457 4313 1624 4370 pago,
1658 4298 1717 4352 in
1762 4316 1828 4354 eo

176 4396 400 4458 tenore,
435 4395 500 4446 ut
531 4391 736 4447 ambas
767 4407 860 4446 res
891 4389 1136 4444 traditas
1159 4392 1214 4444 et
1238 4391 1536 4460 praeeatas,
1562 4387 1700 4441 dum
1734 4387 1829 4442 ad-

175 4481 444 4548 viverint,
476 4483 740 4536 tenerent
769 4479 880 4536 sub
913 4495 1093 4534 censu
1126 4477 1279 4532 infra
1307 4476 1543 4548 scripto.

607 4569 800 4624 XLIII.
826 4569 1089 4640 Exempla
1113 4566 1373 4639 ejusdem.

1936 2704 2241 2769 teadrodh,
2276 2705 2662 2768 Mumbertus,
2696 2703 2992 2768 Hincmar,
3030 2701 3296 2766 Rotsind,
3355 2701 3588 2774 Megen-

1940 2809 2143 2866 guara,
2167 2791 2513 2859 Tbiodsind,
2538 2790 2835 2854 Irmelind,
2869 2789 3209 2856 Lodwinus,
3262 2789 3589 2862 Ehgelbild,

1943 2880 2284 2945 lrmenbild,
2368 2881 2726 2953 Erkenbrog,
2813 2880 3178 2952 Megensind,
3239 2879 3590 2947 Markwara,

1943 2971 2222 3040 Frunger,
2260 2969 2541 3037 ldwinus,
2559 2969 2874 3034 Folcwara,
2891 2968 3202 3040 Trasborg,
3240 2967 3556 3040 Regenlind
3575 2986 3588 3036 ;

1942 3057 2132 3125 nobis,
2164 3062 2283 3112 tam
2318 3056 2461 3112 mihi
2491 3074 2669 3129 quam
2699 3055 3000 3126 etconjugi
3021 3072 3162 3112 mea:
3176 3055 3590 3127 Megensindaa,

1942 3146 2029 3202 vel
2061 3145 2354 3217 praadietis
2387 3144 2522 3200 filiis
2553 3143 2961 3212 nostris,velsi
2979 3143 3147 3200 nobis
3166 3143 3397 3200 duobus
3413 3143 3592 3200 simul

1945 3234 2420 3290 convenientibus
2452 3234 2608 3290 Deus
2637 3233 2828 3290 adhuc
2860 3233 3074 3288 liberos
3123 3232 3366 3301 dederit,
3405 3233 3591 3288 ambas

1938 3340 2031 3379 res
2064 3324 2431 3396 praescriptas,
2465 3326 2586 3377 tam
2617 3338 2716 3378 eas
2746 3338 2895 3393 quas
2925 3321 3195 3376 dedimus
3234 3337 3412 3393 quam
3459 3320 3590 3377 illas

1939 3430 2085 3484 quas
2102 3412 2445 3483 expetimus,
2463 3412 2630 3467 nobis
2643 3411 2918 3476 omnibus
2933 3409 3307 3481 prescriptis,
3328 3410 3591 3482 quandiu

1938 3502 2010 3557 ad
2019 3501 2351 3568 vixerimus,
2361 3517 2462 3573 per
2473 3500 2807 3572 praecariam
2818 3499 3148 3556 concedatis
3161 3499 3232 3554 ad
3247 3498 3481 3554 usitand
3491 3515 3590 3554 um

1939 3608 2005 3646 ac
2036 3588 2462 3646 meliorandum
2489 3607 2502 3657 ;
2527 3607 2595 3645 ea
2619 3589 2847 3644 ratione
2875 3593 2959 3657 ut,
2991 3588 3160 3644 annis
3183 3587 3452 3660 singulis,
3515 3589 3588 3643 ad

1940 3679 2312 3736 festivitatem
2343 3679 2531 3734 sancti
2563 3678 2803 3748 Bertini,
2829 3696 2956 3752 quas
2987 3684 3077 3735 est
3096 3678 3277 3733 Nonis
3325 3679 3588 3750 Septem-

1939 3769 2081 3832 bris,
2117 3768 2339 3823 solidos
2368 3783 2433 3824 ιιι
2451 3768 2510 3824 in
2526 3785 2770 3824 censum
2791 3767 3197 3840 persolvamus
3214 3766 3589 3822 monachisin

1938 3857 2065 3930 ipso
2099 3858 2449 3913 monasterio
2477 3857 2593 3913 Deo
2626 3857 3072 3922 famulantibus,
3101 3861 3157 3914 et
3180 3859 3311 3928 post
3361 3856 3586 3912 obitum

1940 3951 2206 4002 nostrum
2229 3947 2501 4013 duorum,
2534 3945 2638 4002 ﬁlii
2671 3947 2854 4001 nostri
2879 3945 3098 4001 solidos
3155 3963 3208 4013 ν,
3270 3945 3328 4000 in
3379 3945 3584 4001 eadem

1939 4036 2249 4091 festivitate
2281 4034 2633 4107 persolvant,
2662 4035 2937 4107 ipsasque
2959 4033 3016 4088 in
3040 4033 3198 4090 nullo
3243 4033 3590 4106 naufragare

1940 4129 2294 4197 praesumant
2321 4140 2451 4191 res;
2486 4123 2608 4186 sed,
2643 4127 2776 4194 post
2796 4128 3132 4195 nostrorum
3165 4121 3431 4177 omnium
3464 4121 3585 4177 dis-

1939 4231 2193 4282 cessum,
2227 4214 2385 4286 ipsas
2406 4229 2520 4278 res,
2552 4216 2672 4266 tam
2705 4228 2853 4283 quas
2907 4212 3198 4267 tradimus
3249 4227 3428 4282 quam
3486 4227 3585 4267 eas

1940 4318 2088 4374 quas
2120 4301 2439 4374 acepimus,
2485 4299 2755 4358 monachi
2787 4300 3010 4377 przefati
3066 4299 3404 4356 monasterii
3451 4315 3586 4354 cum

1940 4392 2099 4447 omni
2130 4390 2584 4448 enneboratione
2615 4389 2913 4462 recipiant.
2947 4389 3007 4444 Si
3057 4387 3158 4461 qui
3216 4405 3369 4456 vero,
3428 4389 3585 4461 quod

1939 4481 2202 4536 futurum
2227 4497 2342 4536 non
2376 4480 2567 4547 credo,
2595 4478 2644 4535 si
2686 4483 2928 4534 nosmet
2971 4477 3108 4550 ipsi,
3156 4482 3258 4533 aut
3312 4476 3590 4550 quislibet

1939 4573 2268 4638 extraneus,
2284 4569 2420 4624 huic
2435 4567 2734 4624 traditioni
2765 4567 3085 4640 frangendo
3117 4567 3440 4635 tentaverit,
3459 4565 3587 4622 auri

247 4659 342 4733 (28
369 4661 499 4716 Nov.
531 4660 658 4714 867.
693 4661 710 4728 )
741 4681 768 4709 «
801 4656 1131 4712 Venerabili
1163 4656 1222 4711 in
1246 4655 1492 4711 Domino
1515 4653 1666 4709 Patri
1707 4653 1826 4709 Hil-
1855 4674 1900 4739 D
1938 4657 2144 4712 uncias
2171 4675 2245 4712 xx
2275 4658 2499 4730 argenti
2522 4657 2904 4730 ponderaxxx
2920 4656 3277 4729 praescriptis
3309 4656 3586 4712 fratribus

177 4749 380 4824 duino,
412 4748 611 4812 abbati
643 4747 982 4803 monasterii
1014 4746 1202 4802 sancti
1233 4745 1408 4810 Petri,
1429 4743 1709 4800 vocabulo
1731 4743 1821 4799 Si-

172 4837 328 4908 thiu,
363 4837 461 4893 ubi
505 4853 748 4909 corpora
771 4835 983 4892 Christi
1005 4834 1236 4890 Domini
1267 4834 1664 4890 confessorum
1708 4834 1824 4888 Au-

171 4927 399 4983 domari
431 4931 604 4998 atque
635 4924 853 4981 Bertini
883 4923 1276 4995 requiescunt,
1310 4939 1438 4990 nos,
1484 4923 1543 4977 iu
1590 4922 1691 4978 Dei
1722 4939 1824 4978 no-

171 5017 353 5086 mine,
386 5015 724 5074 Heribertus
755 5018 814 5068 et
842 5016 1055 5085 conjux
1077 5029 1207 5068 mea
1226 5011 1584 5083 Megesinda,
1599 5027 1824 5067 necnon

169 5108 230 5162 et
258 5103 366 5160 filii
397 5104 582 5160 nostri
606 5103 996 5160 Ellembertus
1028 5107 1202 5174 atque
1231 5099 1583 5174 Egilbertus,
1607 5101 1825 5172 pariter

172 5194 488 5251 traditores
518 5197 575 5250 et
603 5197 968 5267 precatores.
996 5190 1309 5246 Tradimus
1338 5189 1537 5262 itaque
1567 5189 1639 5244 ad
1687 5206 1824 5261 pra-

171 5285 460 5356 scriptum
492 5281 914 5339 monasterium
944 5279 1132 5336 sancti
1160 5278 1312 5334 Petri
1332 5295 1423 5334 res
1445 5277 1818 5350 proprietatis

175 5376 387 5429 nostrae
417 5370 677 5444 legitime
708 5386 1013 5444 possessas
1043 5368 1100 5424 in
1135 5385 1284 5443 pago
1315 5368 1700 5436 Taruanensi,
1757 5367 1819 5424 in

169 5461 296 5518 loco
326 5465 702 5535 nuncupante
731 5459 1110 5532 Campaniam
1136 5475 1148 5514 :
1170 5474 1444 5514 mansum
1467 5472 1602 5512 cum
1618 5461 1822 5512 casaet

171 5551 303 5607 aliis
328 5551 574 5607 castitiis
597 5555 652 5607 et
677 5550 965 5620 arboreta,
999 5553 1072 5616 et,
1106 5549 1257 5604 inter
1303 5548 1498 5620 ipsum
1547 5562 1819 5602 mansum

383 5658 616 5731 Legitur
645 5674 698 5714 ιν
729 5655 853 5713 Kal.
887 5656 1157 5712 Decemb.
1191 5656 1252 5711 in
1284 5655 1487 5712 charta
1506 5655 1655 5727 ipsa,
1689 5671 1817 5726 quae

239 5746 339 5784 aui
369 5746 456 5784 ur.

167 5745 456 5802 sequitur.

1932 4748 2168 4799 coactus
2199 4745 2476 4812 exsolvat,
2513 4761 2615 4812 nec
2648 4744 2888 4816 repetita
2917 4744 3204 4800 evindicet
3236 4762 3250 4812 ;
3304 4745 3405 4800 sed
3464 4744 3587 4801 hinc

1932 4831 2168 4887 traditio
2197 4833 2368 4888 ﬁrma
2400 4839 2736 4905 permaneat
2755 4850 2890 4889 cum
2913 4832 3286 4906 stipulatione
3313 4833 3582 4902 subnixa,

2004 4943 2032 4971 «
2064 4922 2274 4975 Actum
2306 4921 2366 4976 in
2395 4922 2748 4978 monasterio
2780 4923 2966 4978 sancti
2998 4920 3171 4992 Petri,
3199 4922 3354 4993 quod
3391 4921 3584 4978 Sitbiu

1930 5013 2188 5068 vocatur.
2223 5025 2273 5063 Iv
2303 5008 2594 5066 Kalendas
2625 5011 2978 5080 Decembris,
3013 5027 3163 5067 anno
3185 5027 3360 5068 xxvm
3395 5009 3583 5066 Caroli

1933 5098 2088 5172 regis
2117 5097 2221 5152 ﬁlii
2254 5097 2550 5154 Ludovici.

2007 5210 2034 5239 «
2059 5188 2305 5261 Signum
2342 5187 2622 5242 lleriberti
2652 5193 2708 5244 et
2738 5190 3160 5262 Megesindanae
3173 5188 3574 5246 etEllemberti

1927 5281 1985 5334 et
2029 5275 2336 5350 Egelberti,
2399 5275 2498 5347 qui
2548 5276 2700 5332 hanc
2753 5280 3069 5336 traditione
3120 5296 3255 5336 cum
3305 5279 3586 5352 praecaria

1930 5368 2212 5423 fecerunt.
2737 5431 2744 5434 _
3214 5439 3218 5443 _

2000 5480 2027 5507 «
2059 5455 2302 5530 Signum
2322 5452 2927 5526 Vulframni.8ignum
2943 5456 3315 5530 Eigelramni.
3333 5459 3581 5532 Signum

1929 5546 2265 5602 Frideberti.
2325 5544 2567 5617 Signum
2631 5542 2915 5598 Rodfridi.
2966 5546 3214 5618 Signum
3285 5548 3579 5615 liucberti,

2001 5643 2113 5725 (91)
2146 5651 2434 5725 Mancipia
2462 5668 2598 5709 xvm
2627 5652 3038 5708 tantummodo
3071 5655 3471 5714 nominantur.
