4050 6396
425 417 584 486 1243

1492 415 1859 492 FOLQUINI
1902 416 1969 481 S.
2014 412 2333 483 BEB'I‘INI
2373 415 2751 484 MONACHI.

3673 423 3850 487 12M

425 554 708 617 advocati.
730 553 976 629 Signum
1007 553 1300 613 Ricuardi.
1335 552 1583 628 Signum
1612 551 1923 611 Foldberti.
1981 549 2067 608 Si-
2092 552 2153 620 Α
2183 556 2307 608 erat
2336 569 2527 610 annus
2559 553 2871 612 Dominicas
2902 553 3322 615 incarnationis
3350 557 3476 628 869,
3536 555 3844 631 gloriosus

425 662 606 721 gnum
637 644 897 713 Boronis,
917 644 1143 702 decani.

491 757 522 787 «
551 736 669 808 Ego
702 733 1394 806 Grimbaldus,diaconus
1419 736 1474 789 et
1495 731 1839 799 monachus,
1859 729 2070 803 scripsi

421 827 478 881 et
510 822 854 896 subscripsi.
889 846 919 874 »

418 921 614 977 XLIV.
640 921 875 977 Traditio
906 921 1146 978 Lzodrz'ci
1189 922 1255 977 de
1310 921 1568 977 Mekerias
1623 928 1675 975 et
1731 917 2067 990 Heingasete.

485 1021 703 1077 Eodem
716 1037 947 1093 quoque
966 1020 1077 1086 die,
1097 1019 1183 1075 vir
1195 1020 1454 1091 quidam,
1489 1017 1793 1074 Liodricus
1807 1016 2066 1074 nomine:

416 1110 662 1167 tradidit
683 1111 919 1183 praefato
953 1109 1149 1166 abbati
1182 1107 1454 1164 Hilduino
1508 1124 1627 1163 rem
1676 1105 2067 1178 possessionis

416 1218 557 1267 suae,
584 1201 644 1255 in
676 1199 800 1257 loco
833 1203 1209 1271 nuncupante
1242 1197 1546 1265 Mekerias,
1580 1200 1638 1252 et
1668 1196 1727 1250 in
1771 1193 1883 1250 alio
1941 1194 2066 1251 loco

418 1293 794 1362 nuncupante
825 1288 1192 1360 Heingasele;
1225 1286 1577 1359 expetiitque
1595 1302 1698 1358 per
1728 1285 2063 1357 prmcariam

416 1381 652 1437 easdem
684 1395 796 1448 res,
828 1394 961 1434 cum
994 1376 1112 1433 alia
1143 1381 1295 1432 terra
1318 1374 1659 1431 monasterii
1682 1373 1875 1430 Sithiu
1901 1390 2066 1429 voca-

414 1468 552 1525 bulo
582 1466 1103 1539 Vualdringahem,
1140 1466 1197 1520 in
1229 1465 1386 1520 hunc
1427 1465 1690 1520 modum.

982 1554 1147 1611 XLV.
1179 1554 1493 1626 Exemplar.

486 1647 580 1719 (28
608 1647 738 1701 Νυυ.
771 1646 921 1713 867.)
944 1666 972 1695 ‹‹
990 1648 1209 1699 Domno
1222 1641 1539 1698 venerabili
1557 1639 1847 1708 Hilduino,
1867 1640 2062 1696 abbati

414 1735 487 1792 de
514 1733 865 1791 monasterio
895 1731 1083 1788 sancti
1138 1730 1291 1787 Petri
1341 1734 1795 1802 sanctorumque
1851 1729 2060 1785 Christi

411 1824 814 1881 oonfessorum
852 1820 1167 1878 Audomari
1201 1822 1373 1891 atque
1402 1819 1639 1886 Bertini,
1662 1818 1939 1875 vocabulo
1971 1818 2059 1874 Si-

410 1914 562 1971 thiu.
597 1930 703 1986 ego
733 1911 795 1967 in
826 1910 925 1967 Dei
956 1908 1211 1965 nomine.
1244 1908 1544 1965 Liodricus
1576 1907 1838 1977 traditor,
1881 1906 2059 1963 simul
2089 1922 2139 1988 Β

386 2008 471 2061 «ει
500 2004 799 2077 praecator.
835 2001 993 2056 Dono
1023 1998 1203 2071 igitur
1220 1996 1689 2069 donatumquein
1709 2003 2058 2069 perpetuum

409 2108 539 2150 esse
566 2090 693 2148 volo
722 2088 1005 2162 legaliter,
1039 2103 1142 2161 per
1178 2087 1459 2144 festucam
1518 2089 1577 2142 et
1627 2086 2056 2159 andelaginem,

408 2198 531 2239 rem
565 2178 936 2254 proprietatis
966 2194 1106 2233 meae
1134 2175 1195 2231 in
1226 2175 1352 2232 loco
1365 2175 2056 2248 nuncupanteMekerias,

408 2272 471 2338 in
498 2286 647 2344 pago
679 2270 1091 2335 Terwanense,
1121 2265 1275 2321 infra
1303 2264 1690 2338 Mempiscum
1717 2283 1730 2321 :
1782 2281 2055 2319 mansum

407 2376 544 2417 cum
574 2375 732 2425 easa,
764 2362 839 2424 et,
871 2357 1025 2413 inter
1044 2356 1238 2428 ipsum
1253 2371 1527 2410 mansum
1552 2358 1608 2409 et
1630 2359 1846 2409 terram
1861 2354 2057 2409 arabi-

404 2432 547 2518 lem,
572 2447 887 2504 bunarium
918 2463 937 2501 1
965 2448 1021 2500 et
1041 2443 1334 2516 jornalem
1365 2460 1418 2513 ις
1452 2447 1509 2499 et
1530 2443 1589 2498 in
1620 2442 1731 2498 alio
1756 2442 1881 2499 loco
1905 2460 2055 2498 nun-

407 2542 655 2610 cupante
682 2534 1045 2609 Heingasele,
1077 2534 1138 2589 in
1168 2550 1318 2606 pago
1348 2532 1767 2605 suprascripto,
1799 2532 1871 2587 de
1900 2535 2057 2589 terra

406 2626 656 2684 bunaria
684 2643 739 2693 v,
765 2641 942 2697 super
972 2623 1213 2678 ﬂuvium
1245 2626 1422 2689 Isera,
1454 2638 1572 2676 una
1611 2638 1743 2676 cum
1790 2620 2053 2693 ipsorum

402 2715 667 2772 locorum
681 2714 892 2787 perviis
904 2711 1185 2785 legitimis
1198 2716 1253 2766 et
1263 2711 1412 2766 Wad
1421 2710 1684 2781 riscapis.
1710 2711 1779 2764 Et
1792 2715 2053 2783 propter-

404 2821 475 2861 ea
500 2802 746 2875 expetivi
771 2801 938 2858 vobis
962 2817 1086 2857 rem
1116 2800 1369 2856 ecclesiae
1400 2804 1626 2867 vestrae,
1671 2799 1781 2855 hoc
1822 2804 1929 2867 est,
1992 2800 2052 2855 in

402 2892 531 2949 loco
563 2893 899 2962 nuncupata
927 2888 1445 2961 Vualdringahem,
1490 2887 1551 2942 in
1606 2904 1755 2962 pago
1814 2890 2051 2945 Tarwa-

402 2981 593 3050 nensi,
629 2996 805 3052 super
833 2978 1075 3035 ﬂuvium
1101 2977 1308 3051 Dilgia,
1336 2994 1608 3034 mansum
1641 2995 1775 3034 cum
1805 2996 1959 3047 casa,
1997 2983 2054 3035 et

401 3071 553 3127 inter
582 3070 780 3143 ipsum
812 3083 1086 3125 mansum
1103 3070 1159 3123 et
1177 3072 1393 3123 terram
1407 3066 1686 3123 arabilem
1710 3068 1797 3124 vel
1819 3072 2051 3140 pratum

399 3158 650 3216 bunaria
678 3175 757 3214 xu
787 3161 845 3215 et
874 3156 1205 3221 dimidium,
1237 3172 1355 3212 una
1385 3172 1518 3212 cum
1541 3156 1754 3229 perviis
1773 3157 2052 3231 legitimis

401 3254 459 3305 et
484 3247 893 3320 wadriscapis,
924 3251 1045 3302 tam
1079 3245 1223 3300 mihi
1255 3262 1433 3317 quam
1494 3249 1552 3301 et
1588 3247 1849 3318 conjuge
1907 3262 2048 3302 meae

397 3338 783 3412 Aldgudanaa,
812 3336 903 3392 vel
935 3334 1071 3392 ﬂliis
1101 3334 1318 3390 nostris
1341 3334 1634 3401 Liudrico,
1695 3334 2044 3404 Grimberto,

399 3426 757 3495 Rocbodoni,
804 3424 1158 3498 Odgudanse,
1218 3422 1512 3490 Hiltrudze,
1576 3422 1867 3479 Bertrudas
1911 3424 2046 3496 (92),

399 3516 658 3590 quandiu
691 3514 1082 3571 advixerimus
1112 3512 1184 3568 ad
1214 3511 1593 3568 excolendum
1619 3515 1676 3568 et
1704 3512 2045 3569 usitandum

396 3604 486 3662 vel
518 3602 982 3660 ameliorandum
1006 3605 1203 3657 tenere
1233 3601 1551 3657 debeamus
1570 3618 1584 3668 ;
1602 3603 1661 3656 et
1682 3604 1766 3668 ut,
1789 3601 1859 3656 ad
1892 3601 2048 3657 festi-

396 3692 641 3750 vitatem
673 3690 857 3747 sancti
879 3689 1119 3755 Bertini,
1153 3706 1280 3761 quae
1311 3692 1402 3744 est
1424 3688 1607 3744 Nonis
1663 3688 2042 3760 Septembris,

399 3782 572 3839 annis
604 3778 875 3852 singulis,
911 3782 1016 3850 ego
1047 3782 1103 3833 et
1131 3778 1343 3849 conjux
1360 3792 1508 3844 mea,
1536 3792 1639 3849 pro
1658 3781 1849 3833 Vestro
1879 3779 2050 3835 bene-

398 3870 551 3939 ﬂcio,
581 3869 852 3925 denarios
880 3885 937 3923 vr
958 3868 1029 3923 ad
1043 3867 1383 3940 praedictum
1407 3866 1828 3922 monasterium
1852 3884 2047 3923 mona-

396 3961 523 4017 chis
554 3958 697 4014 inibi
714 3962 826 4014 Deo
845 3956 1268 4012 famulantibus
1287 3954 1675 4011 transsolvere
1696 3956 2041 4026 debeamus;

395 4048 501 4106 ﬁlii
530 4052 728 4105 autem
761 4046 968 4115 nostri,
994 4049 1127 4118 post
1156 4060 1262 4101 nos
1291 4042 1545 4100 solidum
1595 4061 1613 4099 ι
1670 4044 1892 4101 solvere
1945 4046 2042 4101 de-

394 4139 592 4207 beant,
621 4137 897 4210 ipsasque
925 4152 1018 4191 res
1040 4138 1160 4190 tam
1188 4150 1287 4190 eas
1316 4151 1464 4205 quas
1513 4133 1806 4203 dedimus,
1865 4151 2044 4207 quam

392 4227 526 4285 illas
557 4243 705 4299 quas
734 4225 1084 4298 expetimus,
1115 4240 1221 4279 nec
1248 4224 1387 4278 dare
1417 4238 1521 4278 nec
1545 4223 1792 4279 vendere
1830 4240 1935 4280 nec
1982 4225 2043 4280 in

393 4316 557 4374 nullo
586 4314 935 4387 naul‘ragare
963 4316 1306 4386 potestatem
1339 4309 1700 4380 habeamus;
1761 4312 1861 4369 sed
1914 4317 2046 4385 post

392 4408 663 4462 nostrum
695 4403 963 4460 omnium
975 4400 1422 4469 obitum,amba3
1436 4415 1528 4456 res
1553 4416 1687 4455 cum
1707 4402 1866 4457 omni
1893 4419 2044 4458 ame-

390 4494 716 4564 lioratione,
777 4509 810 4548 a
856 4489 1161 4546 monachis
1219 4487 1634 4563 perpetualiter
1680 4490 2042 4562 possidendas

2178 642 2498 699 Taruennee
2529 642 2778 700 civitatis
2803 642 3390 717 praesulHumt‘ridus
3438 647 3713 721 migravit
3761 648 3844 705 ad

2180 730 2516 801 Dominum,
2560 749 2663 789 vm
2719 734 2860 790 Idus
2914 734 3105 791 Martii
3161 740 3220 792 et
3274 735 3649 809 episcopatus
3705 738 3844 810 ejus

2181 837 2334 876 anno
2364 837 2471 890 xv;
2501 821 2595 877 cui
2627 822 2686 878 in
2744 823 3134 896 episcopalem
3182 824 3522 882 cathedram
3580 827 3844 883 sucessit

2178 911 2458 978 Acardus,
2489 927 2605 969 xvu
2638 911 2762 967 Kal.
2795 913 3081 982 Octobris,
3108 914 3437 971 ordinatus.
3466 918 3633 972 Anno
3687 933 3840 988 quo-

2181 1016 2295 1072 que
2314 1000 2598 1070 insecuto,
2620 1001 2852 1058 siccitas
2874 1005 3157 1077 magnain
3175 1021 3377 1062 mense
3394 1006 3610 1062 accidit
3627 1007 3659 1063 J
3664 1024 3700 1062 u
3710 1006 3838 1075 nio,

2178 1091 2237 1145 et
2264 1091 2525 1162 usquein
2552 1090 2744 1147 medio
2759 1093 3042 1165 Augusto,
3067 1098 3123 1149 et
3152 1093 3451 1166 postvenit
3465 1094 3838 1152 locustarum

2175 1177 2483 1235 innumera
2525 1180 2863 1247 multitudo,
2917 1180 3127 1238 virides
3184 1182 3397 1239 herbas
3451 1200 3841 1258 annonaeque

2176 1273 2607 1325 oonsumentes.
2640 1269 2985 1325 Nortmanni
3017 1287 3270 1343 quoque,
3294 1273 3497 1328 eodem
3520 1290 3694 1342 anno,
3720 1276 3841 1331 An-

2175 1357 2412 1429 degavis
2468 1358 2830 1430 perveniunt,
2889 1359 3224 1433 multosque
3280 1361 3570 1434 puniunt:
3631 1364 3735 1419 sed
3798 1381 3837 1419 ε.

2175 1446 2413 1503 Francis
2443 1446 2689 1516 obsessi,
2722 1448 2874 1505 datis
2904 1448 3230 1522 obsidibus,
3252 1466 3316 1506 se
3337 1467 3569 1523 quoque
3585 1451 3827 1508 dedere.

2245 1554 2461 1611 XLVII.
2498 1556 3154 1700 Communicatlgodmni
3179 1557 3392 1613 abbatis
3422 1558 3678 1615 Hilduini
3704 1568 3758 1616 et

2905 1644 2934 1682 ο
2997 1647 3028 1683 r
3091 1646 3129 1685 ι.

2905 1644 3129 1685 οαινιαι.

2242 1717 2414 1785 (875.)
2443 1716 2579 1772 Post
2607 1716 2731 1772 haec
2751 1722 2969 1783 autem,
3021 1734 3174 1774 anno
3234 1718 3457 1790 praefati
3506 1719 3659 1792 regis
3718 1722 3834 1776 Ca-

2170 1804 2276 1860 roli
2299 1823 2466 1873 xxxv,
2500 1805 2721 1878 placuit
2751 1806 3023 1879 praedicto
3056 1807 3254 1864 abbati
3284 1807 3583 1878 Hilduino,
3609 1813 3669 1865 et
3697 1809 3837 1866 cni-

2168 1894 2307 1951 dam
2337 1894 2459 1951 viro
2489 1895 2819 1963 Hrodfrido,
2852 1900 2918 1952 ut
2946 1912 3039 1953 res
3068 1912 3270 1953 eorum
3301 1896 3453 1954 inter
3481 1915 3543 1954 se
3566 1915 3835 1955 commu-

2168 1985 2400 2054 tarent;
2464 1986 2619 2056 quod
2664 1988 2721 2041 et
2774 1985 3052 2054 fecerunt,
3104 1987 3431 2044 secundum
3482 1987 3639 2044 hunc
3696 2004 3828 2046 mo-

2170 2072 2334 2128 dum.

2239 2161 2489 2218 XLVIII.
2524 2162 2615 2233 (l6
2644 2161 2802 2217 Mart.
2824 2164 2951 2219 875.
2983 2165 3003 2230 )
3033 2186 3063 2214 «
3098 2164 3160 2220 In
3194 2165 3432 2221 nomine
3462 2166 3691 2223 Domini
3725 2184 3829 2223 no-

2167 2250 2274 2307 stri
2300 2251 2440 2307 Jesu
2470 2249 2706 2307 Christi.
2740 2250 2963 2307 Placuit
2993 2255 3168 2324 atque
3197 2253 3634 2312 convenitinter
3651 2271 3826 2312 vene-

2165 2339 2410 2395 rabilem
2440 2340 2633 2395 virum
2668 2339 3033 2406 Hilduinum,
3049 2341 3319 2397 abbatem
3341 2344 3687 2400 monasterii
3706 2346 3825 2401 Sit-

2165 2428 2267 2483 hiu
2300 2427 2452 2484 santi
2500 2428 2674 2497 Petri,
2727 2429 2827 2483 ubi
2884 2433 3220 2486 sanctorum
3278 2432 3595 2488 Audomari
3645 2437 3823 2505 atque

2164 2518 2379 2574 Bertini
2414 2534 2657 2590 corpora
2686 2522 2959 2590 pausant,
2977 2523 3282 2576 etomnem
3307 2522 3824 2595 congregationem

2163 2606 2350 2680 ipsius
2381 2607 2743 2677 monasterii,
2766 2611 2823 2663 et
2842 2607 2993 2664 inter
3020 2610 3337 2682 quemdam
3369 2611 3674 2668 hominem
3713 2629 3823 2670 no-

2164 2696 2322 2753 mine
2351 2697 2739 2768 Hrott‘ridum,
2760 2701 2823 2752 ut
2851 2699 3140 2770 quasdam
3172 2716 3264 2756 res
3319 2700 3431 2755 sibi
3490 2705 3822 2774 opportune

2161 2789 2626 2854 commutarent;
2659 2786 3054 2859 feceruntque.
3087 2787 3256 2843 Dedit
3276 2788 3471 2861 itaque
3502 2790 3818 2862 praedictus

2160 2874 2508 2930 venerabilis
2541 2874 2743 2941 abbas,
2773 2892 2843 2931 ex
2871 2880 3033 2948 parte
3062 2878 3401 2933 monasterii
3431 2878 3544 2945 sui,
3577 2880 3817 2951 praefato

2164 2962 2551 3030 Hrotfrido,in
2581 2963 2705 3020 loco
2740 2969 3076 3037 nuncupata
3108 2966 3403 3035 Stratsele,
3432 2984 3608 3041 super
3641 2968 3818 3027 ﬂuvio

2159 3052 2391 3124 Wiopa,
2423 3052 2484 3107 in
2506 3069 2654 3125 pago
2671 3054 3080 3110 Tarwanense.
3104 3054 3259 3111 intra
3280 3056 3664 3129 Mempiscum
3685 3075 3817 3115 cur-

2160 3140 2324 3197 tilem
2354 3141 2412 3196 id
2440 3145 2553 3211 est,
2582 3157 2718 3197 cum
2740 3142 3023 3210 castitiis;
3056 3147 3134 3211 et,
3152 3144 3306 3200 inter
3324 3145 3519 3218 ipsum
3542 3147 3810 3203 curtilem

2162 3233 2220 3285 et
2249 3234 2482 3302 pratum
2516 3247 2584 3287 ac
2611 3234 2828 3287 terram
2859 3231 3161 3302 arabilem,
3195 3234 3444 3291 bunaria
3466 3253 3573 3303 XL;
3630 3240 3689 3292 et
3740 3236 3813 3292 de

2163 3319 2324 3392 sylva
2351 3319 2600 3376 bunaria
2627 3337 2684 3388 x,
2716 3337 2834 3376 una
2846 3320 3532 3394 cumipsorumlocorum
3555 3342 3813 3383 commu-

2158 3409 2295 3479 niis,
2328 3409 2539 3482 perviis
2570 3409 2849 3483 legitimis
2877 3414 2935 3467 et
2961 3412 3368 3485 wadriscapis.
3407 3415 3496 3482 Et,
3528 3431 3559 3471 e
3584 3420 3811 3485 contra,

2155 3498 2217 3554 in
2248 3498 2783 3571 compensationem
2813 3498 3062 3557 istarum
3084 3517 3302 3569 rerum,
3319 3503 3480 3559 dedit
3495 3505 3811 3576 praedictus

2157 3587 2245 3644 vir
2270 3588 2602 3644 Hrotfridus
2635 3589 2872 3660 praefato
2902 3590 3219 3647 venerabili
3267 3591 3484 3661 abbati,
3546 3610 3616 3650 ex
3671 3612 3811 3667 pro-

2155 3676 2402 3750 prietate
2426 3692 2553 3745 sua,
2587 3675 2647 3732 in
2679 3675 2805 3734 loco
2827 3683 3207 3753 nuncupante
3222 3682 3566 3750 Crumbeke,
3581 3684 3641 3739 in
3659 3701 3807 3758 pago

2156 3758 2571 3831 Tarwanense,
2604 3767 2759 3823 intra
2788 3766 3199 3841 Mempiscum,
3223 3788 3401 3843 super
3421 3772 3666 3829 ﬂuvium
3690 3773 3808 3831 Fle-

2154 3859 2339 3925 terna,
2372 3854 2611 3911 curtiles
2636 3872 2677 3911 ιι
2702 3872 2835 3913 cum
2867 3857 3114 3915 castitiis
3141 3876 3156 3927 ;
3189 3864 3246 3915 et
3265 3859 3416 3916 intra
3452 3861 3613 3934 ipsos
3668 3880 3805 3919 cur-

2152 3943 2287 4000 tiles
2316 3948 2374 4000 et
2404 3948 2636 4016 pratum
2666 3961 2733 4001 ac
2762 3949 2979 4002 terram
3011 3947 3292 4004 arabilem
3311 3949 3560 4006 bunaria
3595 3968 3761 4009 vam
3786 3972 3799 4024 ;

2153 4037 2211 4090 et
2239 4034 2311 4089 de
2340 4032 2500 4106 sylva
2528 4034 2776 4091 bunaria
2804 4052 2902 4103 vn,
2933 4039 2991 4092 et
3010 4037 3303 4109 jornalem
3334 4056 3353 4095 ι
3380 4043 3438 4095 et
3463 4040 3798 4111 dimidium,

2152 4139 2272 4179 una
2301 4138 2435 4178 cum
2461 4121 2725 4197 ipsorum
2755 4123 3017 4180 locorum
3038 4127 3412 4193 communiis,
3438 4128 3652 4202 perviis
3670 4130 3803 4206 legi-

2150 4211 2313 4268 timis
2343 4217 2402 4268 et
2428 4212 2837 4286 wadriscapis.
2871 4212 2945 4270 Ut
2993 4218 3190 4271 autem
3245 4216 3368 4272 haec
3420 4221 3800 4277 commutatio

2152 4301 2324 4357 ﬂrma
2352 4306 2709 4373 permaneat,
2741 4304 2889 4359 duas
2928 4303 3203 4376 epistolas
3253 4322 3372 4364 una
3414 4310 3611 4365 tenere
3668 4327 3802 4366 con-

2153 4389 2400 4463 scriptas
2427 4390 2550 4446 ﬁeri
2573 4391 2971 4460 decreverunt,
3004 4396 3070 4449 ut
3098 4395 3254 4467 quod
3276 4395 3387 4451 sibi
3410 4402 3805 4471 competenter

2152 4479 2531 4553 legaliterque
2559 4482 2932 4538 contulerunt
2960 4483 3208 4541 firmiter
3245 4489 3503 4555 teneant,
3557 4492 3805 4561 postque

392 4580 907 4655 recipianturﬂac
935 4595 1072 4652 ergo
1100 4577 1361 4647 traditio,
1392 4593 1528 4635 cum
1553 4578 1848 4650 precaria,
1874 4580 2046 4636 firma
2155 4570 2376 4641 praafati
2413 4570 2689 4626 Hroti‘ridi
2718 4575 2775 4627 et
2802 4571 3057 4629 ﬂliorum
3084 4574 3213 4645 ejus
3239 4575 3568 4646 decessum,
3619 4578 3802 4634 ambas

392 4668 811 4745 perpetualiter
836 4670 1193 4740 permaneat,
1226 4666 1603 4739 stipulatione
1631 4666 1899 4723 subnixa.

464 4782 495 4811 «
525 4760 735 4815 Actum
766 4755 1106 4813 monasterii
1133 4755 1345 4823 Sithiu,
1374 4755 1437 4810 in
1467 4754 1714 4813 ecclesia
1734 4756 1922 4813 sancti
1949 4757 2047 4813 Pe-

390 4849 490 4919 tri,
522 4865 587 4905 ιιι
615 4846 742 4905 Kal.
772 4845 1128 4915 Decembris,
1160 4862 1313 4902 anno
1352 4862 1526 4902 xxvm
1554 4843 1743 4903 Caroli
1801 4845 2040 4919 gloriosi

389 4954 766 5103 reElgignum
799 5022 1050 5084 Liodrici
1078 5024 1179 5098 qui
1211 5023 1363 5081 hanc
1391 5022 1767 5081 traditiodem
1789 5024 1947 5081 fecit.

444 5139 491 5179 a
518 5117 762 5192 Signum
790 5112 1586 5189 Suitgeri.SignumErmari.
1609 5112 1855 5186 Signum
1878 5112 2042 5171 Liod-

385 5209 948 5371 be:tlllegenharius,
981 5272 1307 5352 monachus
1337 5295 1394 5349 et
1415 5291 1738 5366 presbyter,
1772 5289 2032 5364 scripsit,

384 5388 445 5440 et
472 5385 838 5460 subscripsit.
868 5408 898 5438 »

384 5471 577 5530 XLVI.
632 5475 705 5531 De
748 5476 898 5533 obitu
952 5474 1238 5547 Humfridz'
1288 5474 1526 5546 episcopi
1579 5475 1633 5530 et
1678 5471 2034 5529 multitudine

1024 5546 1374 5603 loeustarum.

457 5631 631 5708 (870.)
650 5633 815 5690 Anno
847 5636 1043 5692 autem
1071 5634 1310 5709 gloriosi
1331 5635 1486 5710 regis
1509 5633 1697 5694 Caroli
1733 5650 1867 5704 xxx,
1927 5633 2031 5707 qui

456 5730 574 5804 (92)
598 5728 801 5803 Suppl.
826 5733 908 5786 ut.

2074 4655 2121 4720 D
2152 4675 2246 4714 res
2276 4659 2348 4714 ad
2362 4659 2703 4731 praedictum
2728 4661 2969 4717 redeant
2988 4663 3429 4721 monasterium.
3452 4664 3606 4722 Illud
3627 4667 3800 4724 etiam

2154 4746 2419 4803 ﬁrmitati
2443 4748 2746 4816 addentes,
2779 4754 2864 4817 ut,
2883 4750 2933 4807 si
2954 4751 3066 4825 ipsi
3079 4756 3180 4808 aut
3191 4769 3559 4813 successores
3575 4770 3797 4828 eorum,

2149 4852 2253 4893 seu
2284 4836 2563 4909 quislibet
2585 4842 2916 4908 extraneus,
2949 4840 3088 4898 huic
3119 4844 3502 4900 commutioni
3541 4848 3601 4902 et
3655 4863 3797 4919 prae-

2149 4926 2314 4982 caria;
2345 4926 2634 4984 contraire
2662 4930 3120 5002 praesumpserit,
3151 4931 3254 5003 qui
3290 4931 3415 5004 pari
3466 4950 3575 4990 suo
3633 4933 3795 4992 litem

2148 5013 2432 5085 intulerit,
2467 5016 2595 5073 auri
2626 5018 2829 5074 uncias
2859 5035 2895 5073 x
2919 5024 3155 5077 coactus
3185 5021 3461 5092 exsolvat,
3482 5027 3540 5079 et
3573 5040 3683 5080 sua
3708 5039 3794 5080 rc-

2148 5103 2351 5176 petitio
2378 5104 2572 5162 inanis
2599 5106 2829 5164 existat.
2859 5108 2990 5165 Haec
3005 5125 3137 5166 vero
3156 5110 3360 5168 charta
3380 5110 3551 5168 ﬁrma
3572 5130 3795 5186 perma-

2147 5196 2302 5260 neat,
2335 5194 2710 5268 stipulatione
2731 5197 2998 5255 subnixa.

2223 5304 2245 5334 ι
2279 5285 2488 5339 Actum
2514 5285 2705 5343 Sithiu
2747 5289 3099 5344 monasterio
3122 5288 3372 5361 publice,
3406 5306 3608 5349 mense
3638 5292 3789 5349 Mar-

2144 5370 2244 5439 tio,
2279 5373 2372 5428 die
2399 5391 2516 5441 xvr,
2551 5392 2702 5431 anno
2732 5394 2880 5432 xxxv
2909 5377 3093 5434 Caroli
3125 5379 3299 5451 regis.
3568 5382 3589 5395 ‘

2214 5483 2243 5513 (ι
2275 5461 2521 5536 Signum
2554 5465 2854 5537 Hrotfridi,
2879 5467 3150 5539 quihanc
3171 5469 3625 5527 commutatione
3656 5487 3786 5528 cum

2140 5551 2417 5623 prmoaria
2448 5552 2583 5608 fecit
2612 5553 3000 5628 ﬂrmavitque.
3528 5610 3535 5616 .

2211 5661 2242 5692 ‹‹
2270 5639 2513 5714 Signum
2530 5642 2899 5702 Theidstorni
2922 5645 3167 5722 Signum
3183 5647 3784 5722 Berengarii.8ignum
