4050 6382
244 404 435 496 ίιειδ

1658 428 2302 496 CHARTULARIUM.

3504 424 3681 509 ’4246

273 536 751 642 Enoch.8ignum
772 563 1919 639 Vulfradi.SignumAdolbaldi.Signum
1950 567 2006 634 Α
2034 564 2379 623 fecissemus
2408 565 2944 644 auctoritatem,per
2963 571 3115 630 hanc
3136 574 3304 646 illud,
3331 596 3465 639 cum
3499 586 3684 641 omni-

272 654 534 715 Albuini.
557 657 805 731 Signum
825 654 1133 712 Vuilharii.
1157 653 1401 728 Signum
1421 653 1923 724 Odberti,advoca-

274 748 342 805 ti.
374 748 621 821 Signum
653 745 987 841 Godoberti.
1134 833 1148 841 .
1217 836 1227 841 Δ
1366 836 1375 841 Δ
1624 830 1638 841 .
1879 829 1891 841 ⁸

350 838 516 910 «Ego
538 834 968 909 Megenharius,
996 833 1299 907 presbyter
1327 836 1384 890 et
1414 830 1759 898 monachus,
1780 830 1923 887 scri-

278 926 370 1001 psi
402 930 459 983 et
486 924 830 997 subscripsi.
860 945 887 974 »

493 1013 681 1071 XLIX.
714 1014 787 1068 De
813 1014 961 1084 fame
983 1015 1033 1067 et
1058 1011 1373 1084 pestilenta:
1404 1010 1710 1066 hominum.

353 1105 525 1179 (884.)
572 1104 636 1160 In
667 1103 794 1175 ipso
827 1118 979 1157 anno
1008 1101 1137 1170 (874
1182 1102 1335 1157 facta
1363 1107 1450 1156 est
1497 1100 1682 1155 fames
1713 1113 1928 1171 magna

280 1199 339 1252 et
370 1192 693 1250 mortalitas
722 1190 1030 1247 hominum
1062 1205 1164 1262 per
1206 1188 1600 1261 pestilentiam
1640 1186 1928 1261 permaxi-

281 1301 401 1341 ma.
420 1282 633 1339 Vinum
652 1285 845 1337 autem
868 1280 1054 1336 extitit
1069 1279 1464 1347 abundanter;
1492 1292 1760 1349 annoque
1774 1276 1928 1330 inse-

254 1372 255 1375 “
282 1378 442 1443 cuto,
461 1372 614 1445 ignis
629 1371 839 1445 globus
851 1368 1164 1436 maximus,
1178 1369 1238 1424 in
1252 1384 1462 1424 auroro
1480 1366 1614 1435 diei,
1630 1366 1700 1422 de
1718 1364 1931 1421 aethere

282 1466 376 1520 est
403 1461 627 1535 lapsus,
650 1460 908 1532 itemque
941 1457 1111 1516 stella
1140 1461 1396 1515 cometes
1425 1454 1697 1533 apparuit
1723 1453 1930 1511 xrldus

282 1551 469 1611 Junii.
515 1608 518 1610 γ

354 1652 367 1657 ‘
498 1638 710 1697 XLIX‘.
745 1637 1003 1694 Traditito
1032 1635 1316 1694 Rodwaldz'
1345 1635 1409 1691 de
1433 1635 1714 1690 Flitmum.

358 1728 668 1787 Residente
697 1726 915 1783 interea
958 1725 1195 1799 praefato
1226 1722 1539 1781 venerabili
1571 1722 1781 1778 abbate
1810 1718 1932 1776 Hil-

287 1818 539 1877 duinoin
553 1816 907 1874 monasterio
927 1813 1141 1882 Sithiu,
1156 1813 1214 1869 in
1232 1810 1475 1869 ecclesia
1496 1809 1680 1867 sancti
1695 1807 1931 1877 Bertini,

288 1925 444 1967 anno
458 1908 821 1981 m,regnante
834 1903 1084 1977 glorioso
1099 1918 1233 1976 rege
1242 1900 1445 1958 Carolo
1457 1918 1609 2001 anno
1620 1898 1932 2009 fxvm(33),
1964 1942 2013 2009 Β

287 1999 381 2056 vir
409 1996 649 2071 quidam
674 1994 942 2063 illustris,
968 1991 1329 2050 Rodwaldus
1341 1989 1597 2058 nomine,
1621 1990 1798 2044 frater
1810 1986 1933 2042 Me-

290 2085 562 2162 genfridi,
578 2085 748 2156 cujus
778 2080 1050 2155 superius
1075 2081 1186 2137 sub
1204 2078 1507 2135 Humfrido
1540 2077 1749 2134 abbate
1772 2089 1936 2130 men-

290 2175 511 2233 tionem
543 2173 673 2242 feci,
705 2187 907 2229 secum
938 2170 1106 2243 caepit
1144 2167 1395 2242 cogitare
1433 2172 1498 2224 ut
1533 2164 1935 2223 haereditatem

292 2262 887 2324 suaminterinfantes
905 2277 1043 2316 suos
1055 2258 1333 2314 divideret
1347 2274 1361 2325 ;
1376 2257 1532 2329 quod
1554 2259 1612 2312 et
1623 2255 1940 2312 fecit.lnter

294 2354 440 2413 alios
462 2357 680 2421 autem,
695 2349 941 2408 deditad
970 2352 1240 2406 sanctum
1273 2346 1705 2419 Bertinum,pro
1724 2344 1825 2400 filii
1844 2343 1937 2400 sui

292 2443 419 2501 loco
446 2440 812 2517 Megenfridi,
835 2454 1009 2511 quem
1024 2436 1169 2493 inibi
1183 2440 1315 2492 ante
1329 2433 1684 2491 monachum
1704 2433 1935 2502 fecerat,

293 2532 355 2589 in
388 2530 687 2598 Flitmum,
720 2544 995 2586 mansum
1021 2543 1040 2583 ι
1071 2542 1206 2581 cum
1237 2541 1359 2581 uno
1385 2540 1549 2579 servo
1581 2526 1637 2579 et
1668 2539 1844 2580 uxore
1885 2526 1941 2579 et

296 2622 458 2693 ﬁliis,
489 2637 682 2678 coram
718 2617 925 2676 multis
956 2615 1227 2673 testibus.

369 2708 764 2779 Grimbaldus,
813 2706 1095 2763 diaconus
1126 2707 1184 2760 et
1224 2701 1570 2770 monachus,
1611 2700 1849 2774 scripsit
1885 2704 1943 2757 et

298 2797 672 2874 subscripsit.

300 2908 365 2964 L.
392 2905 787 2982 Deprivitegio
815 2901 1002 2982 _Ca_rolz'
1038 2901 1183 2982 regis
1215 2901 1279 2956 in
1305 2897 1945 2982 securitatemgmsteriz’

380 2970 585 3046 Sith'iu,
615 2985 667 3033 et
695 2970 760 3032 [te
788 2975 1049 3039 theloneo,
1082 2977 1320 3044 tempore
1347 2970 1602 3026 Hitduim'
1630 2970 1860 3024 abbatis.

370 3066 543 3139 (874.)
584 3060 751 3123 Anno
804 3078 1036 3137 quoque
1062 3059 1224 3133 regni
1267 3059 1505 3133 gloriosi
1545 3057 1699 3131 regis
1749 3055 1943 3113 Caroli

298 3173 489 3222 xxxiv,
524 3153 625 3227 qui
655 3157 780 3210 erat
808 3168 999 3208 annus
1032 3149 1354 3205 nativitatis
1386 3147 1617 3204 Domini
1648 3146 1772 3217 873,
1800 3145 1942 3201 resi-

300 3248 472 3303 dente
502 3244 707 3301 eodem
754 3257 887 3314 rege
935 3239 995 3295 in
1046 3238 1231 3295 sancti
1272 3237 1533 3302 Quintini
1564 3234 1939 3304 monasterio,

2032 653 2144 711 bus
2174 655 2247 711 ad
2279 672 2342 712 se
2362 656 2812 730 pertinentibus,
2831 661 2941 717 sub
2964 668 3164 722 nostra
3185 669 3683 734 constitueramus

2032 744 2367 802 defensione
2384 750 2443 802 et
2470 749 2877 806 mundeburdo
2896 756 3073 825 atque
3104 756 3497 819 immunitatis
3514 765 3686 823 tutio-

2034 849 2361 901 ne,necnon
2382 852 2586 893 omnes
2608 838 2785 896 cellas
2796 843 2853 895 et
2874 840 3042 899 villas
3065 861 3169 901 seu
3195 852 3432 906 caeteras
3452 868 3681 923 posses-

2035 922 2251 993 siones,
2285 940 2411 996 quzs
2434 925 2494 979 in
2528 925 2886 997 quibuslibet
2910 931 3077 1005 pagis
3108 938 3165 990 et
3189 922 3501 998 territoriis
3530 943 3685 1001 infra

2035 1010 2316 1068 ditionem
2349 1014 2513 1087 regni
2540 1016 2721 1071 nostri
2742 1019 3094 1091 consistunt,
3127 1028 3192 1080 ut
3221 1042 3326 1083 nec
3349 1044 3456 1085 nos
3487 1048 3678 1106 neque

2035 1101 2490 1173 prmdecessores
2514 1105 2693 1160 nostri
2719 1107 3000 1166 divideret
3014 1115 3114 1167 aut
3130 1112 3189 1168 in
3216 1115 3361 1172 alios
3385 1135 3528 1177 usus
3550 1101 3685 1178 obn-

2035 1193 2301 1261 verteret,
2337 1194 2519 1264 utque
2562 1193 2785 1251 familia
2831 1198 3097 1270 ejusdem
3131 1207 3473 1263 monasterii
3505 1210 3683 1268 nullis

2036 1277 2377 1335 hominibus
2410 1281 2675 1343 foderum
2705 1284 2884 1355 darct,
2906 1288 3085 1361 regali
3120 1294 3465 1353 auctoritote
3486 1298 3683 1355 decre-

2036 1383 2308 1423 veramus
2333 1386 2347 1437 ;
2380 1375 2585 1441 petens
2610 1376 2674 1429 ut
2704 1376 2969 1433 eamdem
2985 1384 3247 1438 nostram
3277 1386 3683 1444 auctoritatem

2039 1472 2146 1512 suo
2174 1473 2407 1530 quoque
2428 1460 2663 1517 nomine
2676 1466 2968 1539 renovarij
2976 1466 3306 1527 uberemus.
3323 1472 3440 1530 Nos
3463 1473 3686 1550 itaque,

2041 1545 2113 1600 ob
2145 1560 2406 1603 amorem
2436 1547 2698 1606 divinum
2721 1557 2780 1608 et
2798 1557 3176 1614 reverentiam
3194 1563 3532 1621 earumdem
3555 1545 3687 1623 san;

2041 1636 2289 1705 ctorum,
2324 1637 2732 1697 auctoritatem
2751 1646 3013 1701 nostram
3032 1646 3185 1705 circa
3196 1652 3470 1709 eumdem
3491 1653 3685 1713 locum

2042 1724 2304 1779 renovari
2335 1726 2697 1797 censuimus,
2721 1735 2779 1787 et
2807 1747 2875 1788 ea
2904 1749 3030 1806 quas
3062 1735 3180 1792 illic
3203 1738 3436 1798 decreta
3459 1742 3689 1801 fuerant

2041 1812 2313 1883 praesenti
2362 1814 2537 1871 etiam
2576 1820 2920 1877 auctoritate
2978 1825 3546 1899 roborare.Proinde,
3579 1832 3687 1890 hos

2042 1903 2275 1957 nostros
2295 1903 2519 1976 regales
2541 1906 2735 1978 apices
2766 1908 2891 1966 ﬁeri
2912 1912 3229 1986 jussimus,
3262 1934 3366 1990 per
3392 1935 3541 1991 quos
3561 1938 3691 1979 suc-

2045 2005 2306 2047 cessores
2328 1998 2560 2051 nostras
2586 1997 3244 2071 admonemus,ut,sicut
3265 2009 3540 2079 pracdicto
3562 2027 3691 2068 mo-

2045 2079 2298 2136 nasterio
2320 2083 2738 2156 concessimus,
2770 2086 2852 2144 ita
2888 2088 2975 2144 illi
3015 2096 3207 2149 ratum
3241 2100 3299 2151 et
3327 2097 3537 2155 stabile
3560 2115 3690 2172 per-

2045 2182 2282 2226 manere
2311 2172 2682 2245 permittant;
2700 2180 2769 2233 ut
2788 2176 3012 2236 nullam
3044 2180 3387 2241 divisionem
3410 2185 3471 2242 in
3490 2202 3690 2244 mona-

2022 2258 2224 2314 sterio
2257 2263 2356 2316 aut
2385 2260 2517 2319 aliis
2548 2279 2650 2319 seu
2699 2267 2920 2325 caeteris
2959 2271 3438 2341 possessionibus
3478 2276 3692 2333 faciant

2048 2350 2145 2402 aut
2178 2346 2367 2406 facere
2384 2350 2745 2423 permittant,
2774 2356 2949 2412 autin
2964 2356 3109 2415 alios
3132 2377 3275 2417 usus
3292 2366 3690 2437 retorqueant.

2046 2435 2157 2527 Sed
2186 2440 2243 2491 et
2268 2436 2379 2527 hoc
2410 2455 2513 2513 per
2539 2440 2648 2498 hos
2685 2443 2911 2517 regales
2940 2448 3135 2520 acipes
3168 2435 3486 2510 sancimus
3517 2458 3693 2527 atque

2049 2523 2439 2596 decernimus,
2472 2532 2538 2584 ut
2558 2529 2757 2587 nullus
2780 2533 2963 2605 judex
2991 2536 3262 2609 publicus
3283 2544 3385 2596 aut
3415 2523 3695 2614 quislibet

2051 2614 2454 2686 exjudiciaria
2505 2623 2815 2691 potestate,
2856 2622 2917 2679 in
2969 2624 3214 2685 ecclesia
3261 2633 3363 2686 aut
3412 2631 3556 2687 locis
3600 2630 3693 2688 vel

2050 2703 2208 2777 agris
2224 2722 2324 2762 seu
2342 2706 2584 2780 reliquis
2605 2712 3079 2782 possessionibus
3089 2717 3311 2787 praefati
3334 2720 3693 2790 monasterii,

2051 2808 2199 2865 quas
2231 2796 2511 2853 moderno
2541 2801 2802 2872 tempore
2823 2803 2985 2874 juste
3026 2809 3083 2860 et
3122 2805 3388 2879 legaliter
3412 2810 3694 2881 possidet,

2050 2880 2139 2937 vel
2170 2899 2297 2955 quae
2324 2885 2597 2960 deinceps
2621 2888 2682 2945 in
2705 2890 2809 2961 jus
2837 2908 2904 2947 ac
2933 2892 3330 2953 dominatione
3350 2880 3542 2970 ipsius
3561 2915 3699 2956 san-

2052 2970 2130 3025 cti
2160 2970 2272 3027 loci
2303 2974 2552 3032 voluerit
2580 2976 2766 3049 pietas
2798 2980 2996 3038 divina
3024 2999 3236 3056 augere
3267 2986 3341 3042 ad
3364 3004 3573 3044 causas
3595 2990 3698 3061 ju-

2053 3059 2292 3116 diciario
2362 3080 2523 3120 more
2572 3066 2912 3136 audiendas,
2971 3070 3062 3127 vel
3105 3072 3266 3128 freda
3321 3079 3423 3131 aut
3470 3059 3697 3134 hannos

2053 3149 2495 3221 exigendos,aut
2514 3155 2852 3213 mansiones
2870 3158 2959 3214 vel
2984 3165 3219 3232 paratas
3248 3162 3565 3235 faciendos,
3599 3170 3702 3223 aut

2052 3236 2318 3295 foderum
2340 3241 2712 3316 exigendum,
2745 3249 2846 3302 aut
2864 3246 3242 3320 fidejussores
3271 3251 3581 3324 tollendos,
3597 3260 3699 3312 aut

298 3334 443 3392 adiit
464 3336 591 3407 jam
605 3333 796 3389 dictus
810 3313 991 3386 abbas
1014 3327 1327 3385 Hilduinus
1346 3327 1472 3399 jam
1487 3326 1710 3415 dictum
1725 3340 1943 3415 regem,
1976 3313 2019 3382 C
2056 3325 2327 3384 homines
2356 3330 2547 3402 ipsius
2590 3313 2935 3392 monasterii
2965 3313 3086 3393 tam
3113 3338 3401 3411 ingenuos
3420 3313 3599 3415 quam
3644 3348 3702 3401 et

300 3422 607 3498 postulans
638 3426 704 3477 ut
733 3421 888 3477 sicut
915 3416 1383 3475 antecessoribus
1400 3414 1523 3471 suis
1551 3412 1950 3487 ipsevelante—

304 3506 567 3571 cesSores
590 3511 713 3582 ;sui
742 3524 929 3582 reges,
961 3524 1064 3580 per
1088 3504 1306 3579 regalia
1328 3502 1647 3578 privilegia,
1667 3502 1946 3559 securita-

300 3608 422 3662 tem
444 3598 785 3661 monasterii
805 3596 994 3655 Sithiu
1017 3596 1424 3660 condonasset,
1454 3592 1538 3649 ita
1556 3592 1732 3649 etiam
1764 3608 1870 3647 suo
1886 3590 1948 3647 in

298 3700 567 3768 tempore
596 3692 917 3747 renovaret.
948 3686 1127 3758 Cujus
1140 3683 1404 3758 petitioni
1427 3699 1525 3739 rex
1542 3699 1829 3748 annuens,
1858 3680 1947 3736 di-

298 3782 552 3857 ligenter
580 3776 949 3852 aditnplevit;
990 3774 1388 3847 superaddens
1416 3771 1592 3828 etiam
1631 3771 1786 3844 quod
1817 3769 1947 3826 aliis

298 3873 526 3935 nimius
569 3869 956 3933 concesserat,
1017 3862 1255 3920 mercati
1310 3859 1531 3917 scilicet
1584 3859 1944 3930 theloneum,

300 3961 478 4020 sicuti
501 3958 759 4032 idipsum
775 3952 1143 4029 privilegium
1169 3967 1304 4007 cum
1335 3949 1720 4023 impressione
1743 3949 1946 4006 annuli

299 4050 538 4125 regalis,
568 4050 818 4105 testatur
848 4045 909 4100 in
936 4043 1095 4141 hunc
1127 4042 1391 4141 modum.
1541 4132 1551 4141 ι
1677 4132 1687 4141 ι
1728 4128 1740 4141 ⁸
1809 4128 1846 4141 ῃ
1890 4128 1902 4141 ⁸

373 4141 463 4197 LI.
497 4140 608 4211 (t2.
640 4136 769 4193 Feb.
800 4135 952 4203 874.)
974 4155 1004 4184 ‹‹
1038 4133 1103 4189 In
1133 4129 1367 4187 nomine
1392 4132 1607 4186 sanctas
1639 4132 1697 4185 et
1725 4128 1940 4184 indivi-

300 4232 428 4288 duze
441 4210 746 4285 Trinitatis
764 4221 1004 4280 Carolus
1026 4219 1213 4294 gratia
1244 4218 1345 4275 Dei
1386 4235 1502 4275 rex.
1522 4217 1578 4273 Si
1593 4235 1792 4291 preces
1813 4217 1948 4275 ﬁde-

301 4320 449 4378 lium
462 4321 795 4375 nostrorum
828 4314 1027 4370 devote
1047 4308 1214 4365 nobis
1236 4306 1648 4364 famulantium
1669 4308 1743 4365 ad
1791 4311 1950 4380 opta-

301 4414 430 4466 tum
462 4408 755 4471 effectum,
803 4401 986 4459 solitae
1015 4396 1396 4470 benignitatis
1419 4396 1787 4465 liberalitate,
1820 4414 1948 4471 per-

304 4496 504 4554 venire
535 4490 930 4557 concedimus,
982 4484 1208 4560 regium
1247 4487 1304 4539 et
1346 4484 1566 4539 avitum
1613 4488 1948 4542 nostrorum

303 4582 508 4661 procul
537 4580 715 4639 dubio
746 4593 969 4636 morem
1000 4589 1357 4632 exercemus.
1390 4573 1752 4661 Quapropter
1781 4591 1952 4631 nove-

2057 3431 2252 3472 servos
2264 3416 2831 3493 distringendos,nec
2845 3422 3445 3494 ullas,redhibitiones
3470 3436 3572 3487 aut
3591 3431 3702 3488 illi-

2058 3502 2203 3560 citas
2233 3506 2564 3565 occasiones
2586 3510 2987 3583 requirendas.
3012 3514 3131 3572 ullo
3162 3533 3422 3591 unquam
3439 3522 3701 3593 tempore

2058 3591 2283 3666 ingredi
2315 3598 2550 3667 audeat,
2588 3599 2677 3656 vel
2725 3616 2793 3658 ea
2817 3618 2947 3675 quis
2977 3620 3158 3678 supra
3213 3612 3536 3665 memerata
3563 3591 3703 3665 sunt

2053 3683 2293 3756 penitus
2334 3690 2599 3744 exactare
2645 3696 2991 3763 praesumat;
3037 3695 3140 3751 sed
3170 3693 3343 3753 liceat
3382 3703 3701 3756 memorato

2056 3772 2252 3828 abbati
2284 3774 2526 3847 suisque
2542 3781 2982 3838 successoribus
3003 3800 3097 3839 res
3126 3785 3388 3856 praedicti
3408 3791 3701 3844 monaste-

2055 3861 2148 3929 rii,
2174 3863 2282 3920 vel.
2337 3865 2490 3923 sicut
2526 3867 2587 3923 in
2627 3874 2914 3943 praecepto
2957 3874 3111 3945 quod
3156 3875 3445 3932 avunculo
3503 3881 3701 3935 nostro

2056 3950 2287 4025 Hugoni
2342 3957 2761 4027 concessimus,
2819 3960 3168 4031 continetur,
3232 3979 3368 4019 cum
3427 3965 3702 4023 omnibus

2055 4040 2236 4098 fredis
2273 4047 2375 4098 aut
2406 4044 2619 4101 bannis
2658 4046 2771 4103 sibi
2826 4050 3139 4120 concessis,
3173 4052 3285 4107 sub
3311 4052 3704 4114 immunitatis

2057 4134 2271 4186 nostris
2301 4132 2655 4202 defensione,
2676 4135 2873 4207 quieto
2904 4138 3105 4195 ordine
3144 4141 3463 4212 possidere.
3482 4142 3702 4201 Merca-

2057 4223 2185 4275 tum
2217 4236 2451 4293 quoque
2472 4223 2629 4279 omni
2660 4228 2941 4298 tempore,
2972 4227 3033 4283 in
3063 4228 3157 4285 die
3184 4228 3445 4299 Veneris,
3478 4248 3703 4305 praeno-

2058 4308 2280 4365 minato
2320 4314 2521 4367 sancto
2569 4311 2695 4370 loco
2734 4316 3155 4388 concessimus,
3214 4323 3279 4375 ut
3320 4320 3605 4393 quidquid
3636 4336 3705 4378 ex

2058 4397 2186 4470 ipso
2217 4404 2471 4456 mercato
2504 4399 2625 4457 sive
2653 4402 2921 4461 districto
2934 4410 3109 4479 atque
3137 4408 3332 4465 banno
3361 4409 3585 4482 acquiri
3599 4427 3701 4483 po-

2059 4490 2191 4555 test,
2224 4488 2296 4544 ad
2355 4488 2673 4548 luminaria
2708 4491 2971 4566 ipsorum
3010 4501 3349 4555 sanctorum
3386 4499 3704 4557 Audomari

2060 4581 2234 4649 atque
2264 4577 2481 4634 Bertini
2512 4580 2828 4651 perveniat,
2860 4587 2940 4653 et,
2971 4585 3151 4642 semel
3182 4586 3241 4642 in
3292 4602 3466 4656 anno,
3502 4593 3703 4646 custos

304 4659 382 4732 rit
410 4672 676 4730 omnium
725 4666 989 4724 fidelium
1030 4666 1243 4723 sanctae
1274 4661 1376 4718 Dei
1407 4659 1673 4717 Ecclesiae
1721 4667 1948 4720 nostro-
1979 4685 2027 4752 Ι)
2059 4665 2303 4724 ecclesia
2361 4667 2639 4725 fratribus
2687 4669 2875 4742 ipsius
2933 4673 3122 4730 sancti
3173 4674 3286 4731 loci
3328 4675 3703 4733 refectionem

304 4778 577 4837 rumque,
644 4764 767 4816 tam
825 4754 1188 4830 presentium
1250 4753 1542 4837 quamet
1590 4750 1945 4820 futurorum,

303 4836 616 4919 industria,
642 4847 781 4922 quia
808 4841 1158 4903 venerabilis
1182 4840 1365 4897 abbas
1385 4836 1949 4908 Hilduinus,ﬁdelis-

304 4942 494 5000 simus
523 4942 740 5003 noster,
772 4940 948 5008 atque
980 4928 1381 4988 ministerialis
1412 4932 1613 4984 noster
1648 4926 1946 4999 librarius,

307 5032 492 5090 abbas
522 5028 742 5087 scilicet
787 5019 1127 5081 monasterii
1159 5017 1373 5085 Sithiu,
1406 5016 1505 5072 siti
1541 5016 1599 5073 in
1628 5034 1778 5091 pago
1806 5020 1948 5076 Tar-

303 5119 592 5188 wanensi,
608 5103 937 5175 constructi
950 5113 1011 5168 in
1035 5110 1317 5167 honorem
1336 5106 1519 5164 sancti
1541 5105 1951 5181 Petri,aposto-

304 5211 498 5269 lorum
520 5194 830 5281 principis,
856 5202 916 5258 in
948 5217 1064 5274 quo
1096 5214 1339 5272 corpora
1363 5198 1697 5252 sanctorum
1730 5197 1951 5254 confes-

305 5314 508 5359 sorum
539 5291 852 5353 Audomari
905 5295 1080 5362 atque
1110 5285 1329 5345 Bertini
1382 5283 1674 5341 tumulata
1704 5301 1952 5341 noscun-

306 5394 406 5446 tur
434 5391 647 5446 nostraa
675 5381 933 5439 innotuit
963 5376 1277 5450 majestati,
1311 5373 1563 5448 qualiter
1594 5374 1949 5446 jamdudum

306 5482 570 5550 tempore
617 5468 1060 5547 pradecessoris
1121 5468 1213 5524 sui
1287 5461 1638 5521 venerabilis
1690 5464 1951 5537 Hugonis

307 5560 847 5634 abbatis,avunculi
865 5558 1070 5626 nostri,
1103 5557 1292 5612 eidem
1323 5550 1950 5611 monasterionostram

2059 4755 2265 4812 exinde
2295 4756 2542 4826 tribuat;
2579 4762 2871 4830 quatenus
2901 4760 3064 4833 ipsos
3094 4779 3293 4821 servos
3324 4765 3447 4835 Dei,
3469 4766 3570 4838 qui
3593 4765 3705 4821 ibi-

2058 4844 2191 4900 dem
2219 4844 2334 4901 Deo
2366 4845 2747 4913 famulantur,
2774 4864 2879 4920 pro
2911 4850 3080 4907 nobis
3104 4868 3173 4908 ac
3207 4853 3408 4927 regina
3451 4857 3508 4910 et
3537 4852 3699 4927 prole

2059 4937 2279 5007 nostra,
2307 4934 2396 4992 vel
2427 4935 2603 4992 etiam
2628 4952 2733 5010 pro
2759 4938 3074 4997 stabilitate
3104 4941 3287 4998 totius
3317 4942 3481 5016 regni
3517 4943 3704 4999 nostri

2060 5038 2095 5077 a
2141 5022 2259 5079 Deo
2315 5024 2486 5082 nobis
2524 5025 2791 5083 concessi
2833 5030 3009 5101 atque
3055 5030 3458 5098 conservandi,
3481 5031 3708 5105 jugiter

2058 5109 2290 5168 Domini
2325 5112 2784 5171 misericordiam
2814 5132 3049 5174 exorare
3078 5118 3344 5176 delectet.
3376 5120 3446 5176 Et
3487 5124 3554 5176 ut
3584 5119 3703 5177 haec

2058 5201 2374 5258 auctoritas
2400 5204 2617 5262 nostris
2667 5205 2997 5280 futurisque
3033 5207 3424 5281 temporibus,
3456 5208 3705 5266 Domino

2058 5292 2416 5363 protegente,
2447 5293 3442 5366 valeatinconvulsamanere,manu
3470 5297 3707 5371 propria

2061 5380 2262 5435 subter
2281 5396 2409 5435 eam
2431 5382 3140 5459 ﬁrmavimus,annulique
3161 5386 3345 5444 nostri
3376 5386 3708 5459 impressio-

2060 5484 2131 5524 ne
2163 5468 2451 5541 assignari
2470 5472 2788 5541 jussimus.

2132 5580 2161 5609 «
2192 5557 2436 5631 Signum
2466 5558 2652 5615 Caroli
2683 5561 3038 5634 gloriossimi
3070 5565 3243 5639 regis.

380 5674 492 5749 (93)
540 5672 755 5749 Parum
801 5661 1397 5749 convenitnyildpi‘n‘in
1413 5659 1640 5719 abbatis
1686 5676 1877 5720 annus
1898 5679 1973 5735 iv,
2001 5663 2102 5738 qui
2131 5664 2191 5723 in
2224 5682 2259 5722 a
2286 5664 2423 5724 Chr.
2456 5665 2568 5724 S69
2596 5665 2685 5724 vel
2734 5667 2843 5724 870
2885 5670 3113 5743 incidit,
3144 5691 3279 5733 cum
3325 5672 3512 5733 Caroli
3553 5673 3709 5749 regis

308 5764 363 5807 a.
384 5733 597 5815 ‘xxvm,
621 5741 722 5817 qui
754 5744 843 5799 est
870 5737 1005 5797 Chr.
1038 5736 1144 5793 867
1172 5733 1260 5791 vel
1292 5734 1417 5790 868.
