4050 6390
394 372 551 457 1247

1457 380 1829 456 FOLQUINI
1872 380 1940 448 Β.
1983 382 2305 450 BERTINI
2347 387 2730 454 MONACHI.

3642 386 3810 454 1248

469 531 499 563 ‹‹
529 510 791 580 Gammo,
824 506 1106 586 notarius,
1151 512 1223 570 ad
1253 511 1436 572 vicem
1468 515 1701 573 Goizeni
1747 535 2026 593 recogno-
2055 520 2114 590 Α
2146 524 2317 581 rebus
2337 542 2482 598 quas
2505 526 2576 581 ad
2596 542 2734 583 suos
2750 542 2896 583 usus
2918 522 3209 583 hactenus
3227 523 3803 599 possederunt;qua-

390 599 473 655 vit
497 604 554 656 et
582 600 951 672 subscripsit.

463 711 492 739 «
526 692 669 744 Data
698 705 740 745 ιι
771 690 909 745 Idus
942 691 1259 764 Februarii,
1280 692 1595 750 indictione
1626 714 1682 752 v1
1716 696 1846 768 (94),
1880 713 2032 752 anno

387 794 558 834 xxxxv
582 779 744 851 regni
777 779 979 835 nostri.
1013 784 1069 836 et
1100 780 1157 837 in
1182 784 1551 839 successione
1584 786 1841 840 Lotharii
1880 787 2031 858 regie

387 883 539 922 (ΠΙΠο
570 884 644 921 IV.
986 888 997 897 ‘

465 978 484 1006 α
519 958 725 1012 Actum
758 958 1289 1024 SanctoQuintino.
1326 983 1354 1010 ››

649 1046 761 1102 LlI.
795 1048 866 1102 De
893 1050 1146 1104 unctione
1177 1048 1359 1105 Caroli
1391 1052 1760 1122 imperatoris.

451 1136 623 1209 (875.)
654 1136 791 1191 Post
819 1136 961 1206 haec,
995 1139 1254 1207 Carolus,
1290 1157 1385 1195 rex
1432 1141 1809 1197 occidentalis
1843 1143 2028 1197 Fran-

383 1223 509 1292 ciaa,
540 1242 694 1280 anno
722 1225 890 1282 Verbi
926 1227 1209 1283 incarnati
1239 1229 1363 1297 877,
1414 1230 1656 1285 Romam
1688 1231 1845 1286 venit
1891 1249 2027 1286 cum

381 1313 641 1369 donariis
672 1314 899 1382 multis;
932 1316 1177 1388 ipsoque
1209 1318 1302 1373 die
1335 1318 1546 1375 natalis
1577 1320 1802 1375 Domini
1835 1320 1893 1374 in
1924 1320 2029 1376 im-

378 1394 974 1474 peratorem‘electus,
1017 1410 1073 1459 et
1101 1422 1135 1460 a
1163 1406 1389 1463 Joanne
1440 1425 1591 1481 papa
1622 1414 2021 1477 consecratus,

376 1491 604 1547 Italiam
636 1493 948 1565 regendam
996 1496 1274 1567 suscepit.
1332 1499 1455 1563 Quo
1502 1497 1562 1553 in
1595 1498 1901 1555 Franciam
1937 1516 2025 1555 re-

376 1597 564 1649 verso,
598 1581 944 1651 Ludovicus,
992 1584 1171 1639 frater
1216 1586 1344 1656 ejus
1389 1603 1487 1641 rex
1516 1586 1813 1643 orientalis
1850 1589 2023 1643 Fran-

377 1669 498 1738 cim,
532 1670 844 1726 defunctus
876 1674 983 1727 est.
1011 1673 1174 1727 Tunc
1194 1673 1436 1730 Carolus
1463 1676 1797 1747 imperator,
1822 1678 2025 1749 Aquis-

374 1759 542 1831 grani
574 1759 858 1830 palatium
881 1775 1151 1833 pergens,
1186 1763 1361 1817 etiam
1384 1763 1653 1819 Rhenum
1671 1783 1857 1837 usque
1888 1783 2021 1821 cum

376 1846 629 1902 exercitu
656 1847 936 1918 pervenit.
969 1849 1079 1904 Sed
1124 1851 1470 1922 Ludovicus,
1510 1870 1688 1926 nepos
1722 1856 1871 1926 ejus,
1905 1856 2020 1910 col-

374 1933 539 1991 lectis
570 1935 951 1992 orientalibus
983 1937 1218 1994 Francis
1245 1944 1302 1995 et
1319 1940 1667 2008 Saxonibus,
1689 1948 1895 2015 patruo
1928 1944 2023 1999 ob-

372 2024 527 2079 viam
576 2024 750 2090 venit,
820 2025 1164 2098 Renumque
1225 2042 1359 2083 cum
1408 2031 1661 2085 exercitu
1726 2033 2020 2103 pervenit;

372 2112 740 2185 transitoque
779 2111 897 2189 illo,
931 2114 991 2169 in
1018 2114 1157 2171 villa
1175 2117 1538 2183 Anderniaca
1567 2137 1824 2193 pugnam
1858 2121 2020 2189 iniit;

371 2202 682 2257 etvictores
703 2201 943 2258 extitere
959 2203 1289 2275 orientales,
1311 2206 1767 2264 occidentalibus
1783 2210 2018 2283 fugatis.

370 2293 490 2346 Hoc
520 2294 816 2363 patratum
848 2296 939 2348 est
966 2311 1062 2349 vm
1096 2294 1231 2350 Idus
1263 2295 1498 2367 Aprilis.

444 2380 585 2436 L1H.
624 2381 987 2453 Privilegium
1018 2384 1205 2509 θανοιὲ
1241 2386 1587 2457 imperatoris
1617 2387 1682 2444 (lc
1721 2388 1947 2444 Turrin-

971 2483 981 2491 -
1100 2472 1169 2509 aa
1209 2473 1295 2509 om

971 2483 981 2491 -
1100 2472 1295 2526 ganem

439 2539 542 2596 His
553 2539 636 2596 ita
655 2541 923 2612 peractis,
940 2544 1126 2615 rogati
1154 2545 1305 2615 praed
1318 2546 1407 2600 icti
1427 2547 1780 2604 venerabilis
1794 2541 2021 2606 abbatis

368 2627 649 2696 Hilduini,
682 2631 971 2686 concessit
1010 2631 1163 2687 idem
1198 2651 1295 2689 rex
1328 2633 1567 2690 Carolus
1603 2637 1674 2691 ad
1725 2643 2017 2694 monaste-

369 2716 524 2772 rium
547 2716 760 2785 Sithiu,
794 2718 867 2773 ad
889 2736 1035 2775 usus
1059 2722 1502 2795 monachorum,
1538 2724 1598 2779 in
1622 2723 1758 2780 villa
1779 2727 2019 2783 Turrin-

368 2803 603 2877 gabem,
637 2821 910 2861 mansum
958 2807 1469 2878 indominieatum,
1498 2829 1632 2867 cum
1663 2814 2016 2885 appenditiis

370 2909 498 2965 quae
529 2893 589 2948 in
624 2893 802 2966 regali
844 2894 1144 2970 privilegio
1176 2898 1652 2967 denominantur,
1686 2903 1838 2974 quod
1869 2921 2013 2977 prae-

367 2982 524 3036 fatus
553 2980 889 3053 imperator,
917 2984 989 3039 ob
1020 2986 1285 3042 eamdem
1317 3004 1577 3058 causam,
1603 2990 1726 3046 fieri
1750 2991 1932 3064 jussit
1953 2992 2008 3049 in

368 3069 489 3126 hac
513 3068 669 3131 dicta
696 3087 760 3128 se
790 3070 1124 3131 habentem.

956 3163 1094 3219 LIV.
1130 3166 1428 3238 Exemplar

2146 613 2277 670 liter
2306 633 2409 688 pro
2444 620 2642 672 nostra
2671 621 2727 671 et
2757 614 3027 688 conjugis
3062 619 3236 687 atque
3278 614 3461 688 prolis
3484 613 3796 670 incolumi-

2141 708 2279 771 tate,
2315 709 2370 759 et
2400 705 2578 761 totius
2610 705 2838 776 imperii
2874 722 2907 760 a
2938 704 3053 760 Deo
3093 705 3265 760 nobis
3289 704 3589 760 commissi
3612 707 3792 774 statu,

2141 810 2240 849 eos
2272 793 2513 850 liberius
2536 811 2771 849 exorare
2792 793 3235 866 delectet,atque
3257 797 3339 860 ut,
3364 794 3436 849 ob
3455 794 3783 850 remedium

2134 884 2259 953 jam
2291 883 2428 937 dicti
2463 883 2723 938 Hilduini
2759 883 3006 948 abbatis,
3034 883 3347 939 Dominum
3389 883 3792 939 indesinenter

2140 971 2448 1042 deprecare
2496 971 2789 1025 studeant.
2822 971 2888 1024 Et
2919 974 2980 1025 ut
3003 970 3112 1025 hoc
3142 986 3245 1041 per
3275 970 3475 1025 omnia
3500 956 3791 1042 tempora

2140 1059 2548 1115 inviolabiliter
2568 1063 2957 1127 conservetur,
2986 1075 3163 1115 manu
3197 1059 3436 1130 propria
3464 1059 3666 1114 subter
3694 1058 3791 1113 lir-

2138 1148 2452 1219 mavimus,
2487 1151 2546 1203 et
2575 1147 2791 1202 annulo
2824 1151 3021 1202 nostro
3054 1144 3659 1219 insignirijussimus.

2210 1237 2300 1292 «Si
2308 1235 3121 1309 gnumCaroli,gloriosissimi
3136 1236 3505 1308 imperatoris
3516 1236 3763 1308 Augusti
3776 1279 3791 1292 .

2211 1347 2237 1375 «
2268 1325 2665 1393 Audacherus,
2696 1324 2978 1394 notarius,
3014 1325 3085 1380 ad
3119 1324 3300 1380 vicem
3321 1323 3604 1393 Gauzlini,
3630 1341 3794 1380 reco-

2136 1413 2331 1487 gnovit
2364 1418 2421 1468 et
2451 1413 2822 1485 subscripsit.

2206 1526 2234 1553 ‹‹
2269 1502 2473 1557 Datam
2499 1519 2532 1557 v
2563 1501 2689 1556 Kal.
2739 1501 2902 1571 Julii,
2945 1500 3263 1558 indictione
3292 1518 3348 1568 x,
3388 1517 3540 1557 anno
3570 1517 3789 1564 XXXVIII

2134 1592 2294 1663 regni
2330 1591 2528 1647 domni
2561 1590 2749 1646 Caroli
2798 1590 3173 1663 imperatoris
3219 1589 3279 1646 in
3312 1590 3554 1646 Francia
3582 1594 3639 1647 et
3669 1592 3788 1647 im-

2133 1682 2276 1754 perii
2309 1674 2588 1737 secundo.

2205 1796 2232 1822 «
2268 1773 2477 1826 Actum
2506 1769 2787 1826 Pontione
2815 1768 3052 1841 palatio.
3088 1790 3115 1819 ››

2136 1860 2247 1916 LV.
2281 1862 2358 1916 De
2386 1861 2536 1915 obitu
2565 1859 2819 1914 Hilduini
2836 1859 3083 1932 abbatis,
3117 1863 3169 1915 et
3200 1858 3263 1914 de
3308 1860 3582 1932 exsequiis
3612 1863 3667 1915 et
3694 1876 3785 1916 se-

2758 1930 2985 2001 pultura
3012 1931 3148 2002 ejus.

2206 2020 2421 2076 Relatis
2452 2020 2630 2092 igitur
2653 2019 3066 2075 traditionibus
3087 2036 3215 2092 quae
3237 2020 3347 2076 sub
3371 2019 3784 2076 amantissimo

2132 2111 2339 2166 abbate
2370 2109 2643 2164 Hilduino
2676 2113 2815 2164 sunt
2838 2108 3155 2180 acquisitac,
3182 2108 3471 2164 incumbit
3488 2110 3615 2181 jam
3634 2112 3788 2167 tem-

2130 2217 2241 2272 pus
2264 2200 2474 2255 rel‘erre
2488 2214 2662 2270 quem
2689 2197 3004 2252 terminum
3030 2195 3609 2269 habueritpresentis
3624 2197 3782 2255 vitae.

2129 2291 2456 2360 Ant-equam
2471 2286 2745 2360 incipiam
2760 2285 3050 2341 calamum
3069 2286 3513 2358 ponere,horreo
3527 2287 3785 2344 tremula

2129 2380 2219 2434 vix
2252 2395 2429 2433 manu
2453 2376 2755 2450 attingere,
2789 2374 3067 2447 quoniam
3100 2381 3231 2447 post
3253 2374 3428 2445 hunc,
3462 2392 3633 2432 nemo
3659 2375 3786 2433 cle-

2129 2469 2382 2524 ricorum
2418 2465 2629 2522 similis
2653 2464 2935 2520 successit
2967 2466 3024 2519 in
3058 2464 3221 2519 nulla
3253 2464 3510 2520 bonitate
3535 2484 3547 2534 ;
3568 2465 3781 2539 inipso

2128 2574 2383 2630 namque
2424 2556 2552 2611 vita
2584 2555 2854 2623 termino,
2893 2555 3149 2611 ostendit
3196 2570 3373 2627 quam
3408 2552 3778 2612 dilectionem

2126 2644 2813 2716 consecrassetpraedicto
2845 2642 2991 2699 loco.
3026 2642 3286 2715 Denique
3317 2658 3470 2698 anno
3501 2644 3781 2698 incarna-

2123 2736 2303 2792 tionis
2349 2733 2663 2790 Dominicae
2694 2733 2818 2801 877,
2845 2732 2942 2805 qui
2975 2736 3099 2788 erat
3140 2748 3331 2788 annus
3363 2731 3587 2805 praefati
3617 2732 3776 2806 regis

2124 2824 2311 2882 Caroli
2331 2840 2521 2880 xxxvn
2538 2822 2742 2895 (95),et
2758 2821 3007 2893 impcriii
3029 2822 3292 2893 ejusdem
3320 2838 3378 2886 ιι,
3402 2821 3462 2875 in
3484 2820 3776 2878 Garisiaco

2121 2914 2298 2987 regali
2334 2911 2548 2986 palatio
2578 2912 2762 2968 isdem
2795 2910 3087 2982 gloriosus
3111 2908 3291 2965 abbas
3323 2909 3639 2966 Hilduinns
3665 2911 3771 2967 de-

2121 3004 2297 3060 cessit
2324 3020 2357 3058 a
2387 3000 2618 3069 saeculo,
2654 3017 2807 3055 anno
2830 2998 3132 3072 regiminis
3153 2999 3338 3055 suixn
3351 2998 3481 3069 (96),
3514 3014 3595 3054 v11
3625 2999 3766 3056 Idus

2119 3093 2303 3150 Junii.
2345 3092 2567 3163 Corpus
2597 3092 2791 3145 autem
2825 3089 2974 3160 ejus,
3006 3088 3159 3144 sicut
3188 3091 3244 3143 et
3268 3088 3395 3160 ipse
3423 3087 3623 3151 vivens
3654 3104 3762 3161 po-

2119 3181 2456 3248 stulaverat,
2490 3178 2561 3234 ad
2615 3182 2887 3234 sanctum
2920 3176 3220 3232 Bertinum
3270 3180 3359 3231 est
3385 3175 3765 3232 translatum.

439 3246 534 3319 (27
561 3249 690 3305 Jun.
721 3249 872 3322 877.)
901 3272 929 3302 ‹‹
972 3252 1035 3307 In
1069 3254 1306 3311 nomine
1346 3258 1559 3311 sanctae
1604 3262 1662 3312 et
1700 3257 2008 3315 individua:

2133 3270 2372 3325 Veniens
2403 3246 2595 3324 autem
2651 3266 2958 3333 Atrebatis,
2991 3264 3048 3320 in
3083 3264 3267 3321 sancti
3296 3264 3531 3321 Vedasti
3564 3282 3771 3323 mona-

367 3336 690 3393 Trinitatis.
724 3336 985 3412 Carolus,
1035 3338 1301 3414 ejusdem
1326 3344 1427 3400 Dei
1450 3345 1877 3419 omnipotentis
1899 3349 2010 3403 mi-

364 3424 701 3498 sericordia,
732 3426 1053 3500 imperator
1079 3432 1402 3504 Augustus.

437 3535 466 3565 ‹‹
499 3513 560 3573 Si
589 3513 735 3571 locis
766 3516 960 3573 divino
991 3518 1145 3574 culti
1164 3522 1514 3593 mancipatis
1545 3524 2007 3582 emolumentum

362 3601 685 3672 imperialis
713 3602 1079 3662 celsitudinis
1097 3607 1461 3676 exhibemus,
1484 3617 1541 3667 et
1571 3613 1642 3667 ad
1666 3621 2007 3685 praesentem

361 3689 543 3746 vitam
576 3689 807 3747 facilius
823 3693 1283 3767 transigendam,
1311 3702 1367 3753 et
1388 3699 1458 3754 ad
1490 3700 1750 3757 futuram
1781 3703 2010 3761 felicius

364 3777 746 3835 obtinendam
771 3779 880 3835 hoc
899 3782 1070 3837 nobis
1090 3785 1367 3856 prodesse
1398 3788 1617 3860 absque
1634 3791 1812 3848 dubio
1838 3795 2012 3849 conﬁ-

362 3864 580 3921 dimus.
614 3866 849 3923 Noverit
879 3868 1061 3943 igitur
1092 3874 1653 3933 omniumlldelium
1677 3886 1890 3936 sancte
1909 3883 2010 3938 Dei

362 3954 621 4010 Ecclesia
649 3960 1124 4032 nostrorumque,
1172 3967 1290 4018 tam
1340 3967 1714 4037 praesentium
1747 3987 1923 4043 quam
1955 3975 2012 4028 et

363 4043 718 4115 futurorum,
744 4045 1054 4118 industria,
1081 4052 1382 4123 quoniam,
1416 4071 1521 4127 per
1538 4058 2007 4130 deprecationem

360 4130 643 4205 Hilduini,
689 4137 1037 4194 venerabilis
1080 4141 1328 4210 abbatis,
1382 4146 1759 4203 concedimus
1805 4155 2009 4208 sancto

359 4221 596 4278 Bertino
627 4226 684 4279 et
709 4223 990 4284 fratribus
1010 4227 1230 4286 ibidem
1257 4233 1499 4289 Domino
1522 4235 2009 4309 militantibus,ac

361 4326 503 4367 suos
523 4328 689 4381 usus,
714 4312 774 4369 in
808 4331 956 4388 pago
985 4318 1288 4387 Ternensi,
1320 4321 1379 4379 in
1410 4320 1552 4378 villa
1580 4325 2007 4401 Turringahem

358 4414 637 4457 mansum
658 4401 1170 4480 indominicatum,
1189 4413 1264 4478 et,
1290 4410 1445 4467 inter
1474 4412 1695 4485 sylvam
1714 4420 1771 4471 et
1790 4422 2007 4475 terram

359 4488 611 4546 bunaria
641 4507 752 4560 LIV,
785 4496 843 4549 et
888 4497 1183 4570 mancipia
1202 4514 1325 4567 xm,
1355 4504 1415 4556 et
1444 4517 1651 4558 mansa
1691 4506 1923 4562 servilia
1952 4526 2009 4564 ιν

359 4578 727 4667 Ρᾳινλιιιηαιέὶα
754 4597 857 4639 vm
877 4600 891 4650 ;
912 4588 971 4639 et
996 4585 1057 4641 in
1086 4588 1589 4663 Monelvingahem
1608 4592 1855 4651 bunaria
1872 4614 2002 4667 xxx,

360 4665 434 4720 ad
458 4665 582 4736 jam
617 4666 842 4725 dictum
865 4687 1137 4730 mansum
1161 4677 1509 4748 pertinentia
1533 4697 1546 4748 ;
1574 4685 1631 4735 et
1660 4682 1720 4737 in
1754 4665 2004 4742 Belrimo

357 4753 611 4838 bunaria
630 4760 787 4821 xv,et
805 4758 864 4813 in
889 4759 1161 4820 Menteka
1178 4766 1429 4823 bunaria
1442 4784 1565 4836 vm,
1589 4773 1646 4825 et
1668 4771 1727 4825 in
1748 4772 2005 4832 Vertune

357 4842 609 4935 bunaria
622 4845 925 4905 xxx.Unde
944 4849 1055 4907 hoc
1072 4858 1281 4910 nostra;
1303 4856 1632 4915 altitudinis
1651 4867 2002 4935 praeceptum

357 4933 485 5027 fieri
516 4936 573 4990 et
602 4938 943 4995 memoratis
970 4940 1248 5000 fratribus
1265 4948 1456 5003 sancti
1481 4947 1702 5004 Bertini
1733 4933 2001 5027 darijus-

353 5021 545 5081 simus
570 5041 584 5097 ;
607 5038 714 5098 per
743 5029 899 5100 quod
927 5032 1301 5106 praecipimus
1323 5038 1495 5108 atque
1516 5021 1910 5112 jubemus,ut,
1929 5045 2001 5101 ab

354 5112 641 5171 hodierna
658 5114 753 5172 die
775 5120 832 5173 et
852 5119 1147 5195 deinceps,
1170 5124 1476 5196 praedictas
1497 5142 1589 5182 res
1611 5127 1671 5183 in
1695 5145 1834 5186 suos
1860 5148 2004 5189 usus

355 5206 681 5275 assumant,
713 5209 773 5261 et
814 5208 1023 5266 exinde
1071 5211 1281 5285 agendi
1335 5213 1675 5284 hujusmodi
1705 5215 2001 5276 licentiam

355 5288 609 5346 habeant
636 5298 695 5349 et
723 5298 1074 5356 eternaliter
1106 5301 1478 5376 disponendi,
1507 5303 1660 5359 sicut
1687 5309 1745 5361 et
1773 5324 1842 5364 ex
1871 5308 2002 5367 aliis

362 5400 730 5528 a.(g#l)LFOPt.
775 5408 1004 5486 legend.
1038 5417 1229 5474 indici.
1259 5435 1360 5491 vn,
1392 5434 1521 5490 quae
1553 5418 1820 5476 convenit
1867 5437 2001 5479 cum

576 5542 831 5629 Eegcn‘d,
854 5571 1050 5629 xxviii,
1081 5565 1147 5616 ut
1173 5562 1419 5618 videtur.

433 5614 543 5684 (96)
576 5614 1071 5686 Fortelehendum
1092 5614 1155 5688 ἐπὶ
1181 5614 1533 5689 {Hilduinns
1569 5632 1861 5693 siquidem
1880 5640 1998 5693 regi

433 5654 542 5684 ὶννΙ
576 5654 599 5669 ι
621 5654 1071 5686 νιυνιῠιιῠιιιιυω
1097 5654 1155 5688 XI
1181 5654 1194 5687 ζ
1222 5654 1533 5689 mlaulnus
1569 5654 1618 5689 Sl
1666 5654 1861 5691 ιιιαθιῐι
1880 5654 1941 5693 re

360 5700 497 5745 men
526 5693 870 5749 monasterii
902 5696 1211 5760 Sithiensis
1242 5709 1579 5779 susceperat
1606 5654 1677 5763 ii?
1702 5704 1839 5762 Jun.

2036 4632 2083 4698 D

2120 3358 2298 3415 sterio
2331 3374 2447 3413 una
2478 3355 2841 3430 pernoctavit
2869 3359 3056 3423 nocte,
3099 3358 3275 3427 atque
3307 3370 3492 3409 unum
3517 3352 3769 3427 pallium

2120 3448 2263 3504 satis
2293 3444 2787 3520 pretiosissimum
2817 3462 2921 3518 pro
2952 3442 3051 3500 illo
3081 3443 3225 3499 inibi
3254 3446 3342 3499 est
3362 3443 3587 3499 datum.
3613 3445 3765 3500 Tan-

2112 3528 2252 3593 dem
2285 3538 2355 3592 ad
2386 3535 2574 3591 Sithiu
2599 3538 2963 3606 perventum,
2987 3532 3131 3589 satis
3155 3524 3441 3588 luctuosis
3457 3534 3762 3605 exsequio-

2119 3643 2249 3681 rum
2298 3622 2614 3696 ejulatibus
2664 3620 3150 3689 concelebratum,
3184 3622 3243 3676 in
3288 3619 3535 3677 ecclesia
3576 3622 3767 3678 sancti

2117 3713 2360 3784 Bertini,
2391 3717 2595 3768 contra
2636 3712 2824 3767 sancti
2855 3710 3089 3767 Martini
3139 3709 3321 3766 altare
3365 3710 3761 3782 capitaneum,

2118 3807 2207 3859 est
2235 3801 2617 3858 tumulatum.
2667 3802 2855 3873 Atque
2903 3801 3058 3857 inter
3086 3805 3294 3856 cratera
3331 3798 3593 3868 donaria,
3625 3800 3766 3858 huic

2118 3908 2284 3948 sacro
2314 3891 2438 3946 loco
2469 3889 2714 3963 pallium
2747 3891 3061 3962 quemdam
3094 3889 3380 3945 concessit
3407 3886 3766 3962 pretiosissi-

2119 3998 2307 4049 mum,
2340 3995 2703 4052 cappamque
2735 3978 2885 4035 nivei
2915 3978 3126 4035 coloris
3160 3978 3357 4034 rubeis
3386 3977 3761 4036 intersertam

2116 4068 2421 4125 volucrum
2435 4069 2660 4141 figuris,
2677 4068 3080 4140 cortinamque
3098 4068 3170 4124 de
3188 4066 3365 4140 pallio
3387 4067 3570 4140 pretio
3591 4067 3766 4126 raris-

2118 4157 2657 4215 Simam.Gloriosus
2671 4162 2864 4213 autem
2879 4157 2955 4211 im
2963 4162 3193 4229 perator
3202 4155 3657 4228 Carolus,ipsius
3669 4157 3767 4214 ab-

2117 4246 2268 4302 batis
2288 4246 2460 4302 ﬁdem
2475 4245 2940 4318 obsequiumque
2958 4261 3375 4313 rememorans,
3390 4244 3767 4319 privilegium

2118 4336 2415 4410 quoddam
2441 4336 2568 4407 ipso
2593 4339 2794 4391 sancto
2820 4335 2944 4390 loco
2963 4335 3252 4391 concessit
3275 4352 3289 4404 ;
3312 4334 3374 4389 in
3398 4332 3511 4407 quo
3534 4335 3767 4391 ordina-

2115 4425 2334 4481 tionem
2358 4424 2718 4495 monasterii,
2744 4424 2895 4480 sicut
2914 4424 3114 4480 vivens
3136 4423 3468 4496 expetierat,
3488 4427 3620 4496 post
3634 4423 3763 4496 ejus

2118 4518 2364 4570 mortem
2388 4513 2545 4587 regia
2566 4514 3225 4587 auctoritate,disposuit
3242 4512 3302 4568 in
3316 4513 3471 4569 hunc
3493 4512 3758 4569 modum.

2117 4604 2253 4660 LVI.
2289 4604 2651 4675 Privilegium
2699 4603 2883 4659 Caroli
2928 4605 3275 4676 imperatoris
3303 4603 3370 4658 de
3408 4602 3762 4675 dispositione

2722 4692 2885 4765 hujus
2917 4693 3021 4748 loci
3050 4693 3163 4766 (97)

2186 4782 2278 4851 (2O
2312 4784 2447 4837 Jun.
2493 4781 2645 4849 877.)
2676 4802 2703 4830 ‹‹
2740 4780 2803 4835 In
2837 4781 3073 4836 nomine
3116 4785 3330 4837 sanctae
3361 4783 3419 4836 et
3448 4779 3762 4849 individua:

2115 4868 2421 4927 Trinitatis
2450 4869 2708 4937 Carolus,
2742 4869 3007 4940 ejusdem
3032 4871 3129 4925 Dei
3163 4869 3762 4943 omnipotentismise-

2116 4960 2388 5026 ricordia,
2415 4959 2735 5031 imperator
2767 4960 3084 5031 Augustus.
3118 4959 3235 5029 (98)
3264 4956 3483 5015 Priscis
3533 4958 3677 5015 locis
3706 4962 3765 5016 et

2116 5049 2177 5105 in
2208 5050 2311 5115 eis,
2345 5064 2448 5120 pro
2496 5047 2677 5103 totius
2726 5046 2995 5103 Ecclesiae
3041 5052 3255 5104 sanctae
3281 5051 3458 5117 statu,
3507 5044 3623 5103 Deo
3655 5046 3762 5103 mi-

2113 5138 2444 5206 litantibus,
2471 5136 2728 5192 debitam
2773 5153 2973 5192 curam
3015 5142 3073 5193 et
3100 5138 3499 5203 defensionem
3530 5138 3762 5210 impen-

2118 5229 2313 5283 dimus
2335 5244 2348 5295 ;
2372 5227 2743 5298 profuturum
2778 5226 2946 5282 nobis
2977 5227 3049 5282 ad
3083 5230 3425 5299 praesentem
3452 5225 3633 5282 vitam
3671 5224 3759 5282 fe-

2111 5314 2299 5369 liciter
2317 5312 2498 5368 transi
2506 5312 2756 5386 gendam
2775 5317 2832 5368 et
2853 5313 3132 5383 futuram,
3152 5314 3267 5371 Deo
3287 5313 3761 5387 opitulante,om-

2110 5430 2240 5485 Vid.
2275 5446 2454 5487 supra
2482 5445 2532 5484 c.
2565 5429 2655 5483 41.

2204 5502 2298 5570 97)
2328 5500 2477 5556 Edit.
2508 5500 2571 5572 in
2605 5500 2744 5557 Gall.
2779 5500 2978 5558 Christ.
3010 5518 3141 5560 nov.
3176 5507 3319 5559 tom.
3345 5503 3443 5572 III,
3476 5502 3756 5558 instrum.

2112 5571 2372 5653 col;
2402 5576 2459 5653 et
2490 5571 2666 5653 Scrip:
2698 5573 2897 5653 ζθναηςξἶ
2927 5577 3070 5630 tom.
3104 5575 3252 5631 VIII.
3286 5571 3436 5649 pag.’
3458 5575 3578 5631 664.

2182 5645 2299 5715 (98)
2328 5644 2542 5701 Omiss.
2572 5644 2806 5699 videtur
2836 5645 2914 5701 Si.
