4050 6388
234 382 394 447 1249

1614 384 1765 449 CHA
1775 387 2232 456 RTULARIUM
2243 438 2257 455 .

3480 394 3647 465 1250

234 517 475 573 nimodo
504 532 622 573 non
656 514 1020 575 dubitamus.
1046 516 1323 575 Noverint
1351 519 1546 592 itaque
1579 537 1784 578 omnes
1815 522 1886 577 ﬁ-
1916 529 1971 595 Α
1999 524 2279 583 humatus
2313 528 2491 599 jacet,
2541 530 2786 585 contirm
2801 547 2992 587 amus.
3046 529 3429 590 Decernimus
3464 536 3641 593 etiam

235 605 396 663 deles
415 606 1024 663 sanctaeDeiEcclesiae
1044 612 1101 664 et
1129 608 1339 676 nostri,
1366 614 1682 681 praesentes
1713 616 1888 684 atque

234 695 439 763 futuri,
472 695 613 768 quia
661 696 1009 752 venerabilis
1053 697 1143 752 vir
1172 697 1506 765 Ailduinus,
1549 699 1730 755 abbas
1772 718 1887 755 coc-

234 784 394 842 nobii
426 784 613 840 sancti
644 786 795 841 Petri
848 787 1003 858 quod
1049 792 1293 842 vocatur
1350 787 1565 854 Sithiu,
1601 789 1702 843 ubi
1752 806 1890 845 con-

236 875 528 930 fessorum
560 873 773 930 Christi
803 875 1120 930 Audomari
1173 880 1349 948 atque
1400 876 1618 932 Bcrtini
1650 894 1891 950 corpora

236 963 409 1019 beata
446 962 640 1035 quiete
670 963 967 1031 fruuntur,
1001 963 1338 1020 cclsitudini
1375 970 1586 1020 nostra:
1620 967 1890 1038 frequen-

236 1048 469 1106 tissime
499 1050 816 1122 suggessit,
849 1051 1120 1106 eumdem
1156 1057 1425 1108 sanctum
1454 1052 1669 1123 locum,
1692 1070 1889 1109 rerum

237 1154 485 1194 suarum
505 1137 894 1194 diminutione
915 1138 1164 1195 nimium
1180 1140 1493 1213 periclitari
1514 1160 1527 1210 ;
1554 1159 1890 1199 memorans

239 1228 545 1301 Hugonem
575 1227 965 1283 venerabilem
995 1228 1289 1296 abbatem,
1319 1231 1617 1301 quondam
1652 1230 1889 1286 ordina-

236 1317 462 1373 tionem
493 1315 651 1372 illius
683 1315 871 1373 sancti
902 1316 1013 1373 loci
1041 1323 1465 1390 competentem
1479 1321 1892 1376 summadevo-

236 1406 397 1462 tione
445 1405 758 1477 disponere
805 1405 1061 1462 voluisse
1107 1410 1165 1462 et
1211 1407 1473 1480 cmpisse,
1535 1410 1657 1478 sed,
1704 1412 1891 1465 morte

238 1498 623 1568 praeventum,
673 1511 793 1550 non
846 1495 1206 1568 perfecisse;
1259 1512 1320 1551 se
1362 1515 1516 1568 vero,
1571 1498 1892 1570 praedeces-

238 1585 394 1642 soris
418 1582 833 1639 benevolentiae
868 1584 1179 1652 haeredem,
1215 1585 1549 1643 humillima
1589 1588 1891 1643 devotione

239 1678 307 1729 ut
338 1673 719 1746 perﬁceretur
747 1689 1006 1730 exorare.
1043 1675 1159 1730 Nos
1205 1675 1421 1747 itaque,
1445 1677 1570 1746 jam
1603 1676 1742 1732 dicti
1773 1676 1891 1731 cari

240 1762 431 1819 nostri
454 1760 734 1832 Hilduini,
756 1762 1093 1835 nuperrime
1125 1763 1403 1831 defuncti,
1438 1765 1761 1838 supplicem
1793 1767 1891 1821 de-

241 1851 536 1907 votionem
567 1854 624 1906 et
654 1851 941 1906 sinceram
983 1868 1123 1926 erga
1166 1870 1272 1908 nos
1305 1853 1478 1909 ﬁdem
1510 1854 1888 1925 obsequium-

244 1956 361 2013 que
375 1938 791 1995 multimodum
806 1940 1463 2015 recolentes,ipsiusque
1480 1943 1893 2016 supplicationi

243 2029 306 2085 in
325 2029 663 2085 memoratis
680 2034 1026 2097 annuentes,
1051 2031 1418 2088 decernimus
1432 2032 1893 2088 auctoritateim-

247 2117 559 2191 peratoria,
593 2121 657 2173 ut
689 2117 748 2172 in
773 2120 1129 2175 monasterio
1153 2120 1339 2176 sancti
1363 2121 1533 2189 Petri,
1566 2122 1666 2177 ubi
1688 2123 1892 2178 beatus

247 2206 869 2280 Bertinusrequiescit,
890 2207 1006 2264 Deo
1029 2209 1406 2279 famulantes,
1440 2211 1512 2265 ad
1539 2215 1758 2267 statum
1783 2210 1893 2269 loci

250 2297 441 2355 sancti
485 2295 679 2365 istius,
727 2295 833 2353 has
878 2314 971 2353 res
1016 2298 1309 2371 deinceps,
1362 2299 1488 2355 sine
1536 2299 1716 2356 ullius
1770 2317 1894 2356 mo-

247 2387 422 2444 lestia
475 2385 565 2441 vel
615 2386 1029 2453 diminutione,
1079 2388 1437 2459 contineant,
1489 2388 1786 2445 videlieet:
1822 2391 1894 2445 ad

250 2492 525 2533 mansum
543 2475 885 2535 monasterii
909 2475 1344 2547 dominicalem,
1378 2477 1737 2548 vaccaritias,
1762 2496 1894 2534 cum

252 2566 430 2639 sylvis
455 2565 884 2637 adjacentibus,
908 2565 968 2620 in
985 2566 1423 2638 Widingaham,
1457 2567 1893 2640 Wolingaham,

250 2653 726 2728 Vumpingaham
759 2671 892 2709 cum
917 2654 1242 2723 Limchold,
1265 2656 1551 2712 Hilsferod
1576 2658 1898 2712 cumLard~

252 2745 437 2801 bruca
481 2746 538 2800 et
583 2743 808 2810 Gravia,
855 2744 1177 2813 Hirnethol,
1232 2744 1653 2814 Dakinhahem,
1686 2747 1899 2802 -Gruo-

253 2835 538 2907 nonberg,
573 2850 704 2890 cum
728 2834 950 2889 caeteris
999 2834 1343 2906 adjacentiis
1370 2836 1747 2892 etterritoriis
1775 2853 1898 2892 car-

254 2923 655 2997 pentariorum
683 2940 720 2977 v
747 2921 894 2977 inibi
918 2923 1249 2994 jacentibus
1275 2942 1288 2989 ;
1320 2928 1377 2979 et
1405 2923 1570 2979 villas
1587 2925 1694 2980 has
1720 2926 1902 2982 :Vue-

258 3012 1898 3083 sarinium,Tarnenna,Coiacus,Aiskinium,Aldomhem,

257 3103 464 3168 Gisna,
495 3101 682 3167 Scala,
715 3101 1217 3165 Thorbodashcm,
1252 3102 1787 3175 Pupurningahem,
1822 3109 1898 3175 et,

255 3192 317 3248 in
336 3191 607 3257 Marisco,
658 3189 1101 3263 Buoningahem
1142 3209 1155 3260 ;
1191 3191 1394 3258 Rccca,
1429 3208 1560 3247 cum
1593 3193 1898 3264 sedilibus,

1999 630 2243 686 qumque
2266 633 2297 671 a
2318 620 2582 690 tempore
2596 618 2852 692 praecelsi
2867 620 3146 692 genitoris
3177 623 3382 694 nostri,
3416 623 3643 681 collatis

1998 703 2334 760 devotornm
2372 708 2442 762 ad
2476 725 2676 764 eorum
2708 711 3323 767 commemorationem
3350 711 3644 769 celebran-

1998 791 2154 860 dam,
2189 794 2374 849 eidem
2405 800 2604 852 sancto
2637 797 2785 866 loco,
2832 803 3120 854 certarum
3155 800 3641 874 delegationibus,

1999 897 2102 951 per
2128 883 2363 938 easdem
2414 885 2829 942 conﬁrmatum
2880 892 2988 956 est,
3022 890 3346 944 secundum
3378 888 3642 961 ipsorum

2000 967 2419 1041 delegationem
2436 978 2492 1029 et
2506 973 2958 1032 ecclesiasticam
2975 978 3644 1047 sanctionem,maneant

2000 1058 2257 1114 stabilita
2304 1065 2361 1116 et
2407 1079 2533 1134 quas
2566 1064 2626 1118 in
2658 1066 3033 1136 postmodum
3067 1067 3268 1121 eodem
3300 1064 3499 1123 tenore
3530 1067 3642 1123 Do-

2000 1146 2143 1201 mini
2159 1147 2476 1205 Salvatoris
2491 1151 2781 1207 addiderit
2801 1152 3128 1209 clementia.
3153 1154 3481 1211 Statuimus
3502 1173 3642 1228 quo-

2000 1251 2112 1307 que
2144 1242 2208 1291 ut
2238 1237 2295 1292 in
2327 1239 2528 1294 eodem
2561 1241 2916 1297 monasterio
2946 1259 3230 1297 numerus
3266 1244 3639 1301 Lmonacho-

2000 1341 2154 1390 rum,
2206 1327 2528 1384 secundum
2579 1329 3053 1386 constitutionem
3104 1320 3303 1387 domui
3361 1332 3642 1406 genitoris

2000 1414 2204 1481 nostri,
2254 1421 2532 1488 perpetuo
2576 1422 2773 1474 tenere
2821 1425 3081 1475 servetur
3121 1438 3132 1489 ;
3192 1425 3250 1477 et
3294 1421 3641 1494 praepositus

2000 1502 2307 1575 cmterique
2335 1506 2748 1563 ministeriales
2793 1526 3167 1582 nequaquam
3218 1511 3383 1579 ﬁant,
3429 1510 3543 1569 nisi
3573 1528 3643 1568 ex

1999 1590 2145 1662 ipsis
2176 1593 2477 1660 fratribus,
2513 1612 2613 1666 per
2643 1595 2980 1652 electionem
3024 1615 3226 1653 eorum
3266 1602 3321 1654 et
3349 1615 3640 1657 consensu

2002 1680 2251 1736 abbatis.
2303 1682 2568 1738 Habeant
2610 1683 2791 1755 igitur
2838 1703 3040 1742 omnes
3090 1688 3181 1743 res‘
3250 1688 3640 1762 praescriptas,

2000 1767 2288 1840 imperiali
2339 1772 2682 1828 auctoritate
2717 1774 3034 1843 rohoratas,
3088 1781 3378 1848 quatenus
3408 1779 3642 1835 eosdem

2005 1858 2100 1912 Dei
2150 1858 2401 1914 famulos
2449 1877 2553 1932 pro
2597 1862 2765 1916 nobis
2812 1880 2877 1916 ac
2926 1865 3173 1938 conjuge
3216 1864 3304 1921 vel
3334 1864 3494 1938 prole
3527 1870 3644 1922 sta-

2005 1950 2185 2018 tuque
2202 1947 2431 2018 imperii
2456 1950 2659 2018 nostri,
2688 1951 2914 2006 Domini
2933 1953 3393 2011 misericordiam
3408 1955 3646 2012 uberius

2006 2052 2244 2091 exorare
2274 2036 2539 2092 delectet.
2575 2037 2635 2091 Et
2672 2043 2734 2092 ut
2765 2038 2885 2093 hazc
2917 2041 3294 2097 auctoritatas
3322 2060 3426 2114 per
3448 2044 3647 2100 omnia

2003 2129 2271 2196 tempora
2308 2120 2724 2182 inviolabiliter
2767 2133 3158 2197 conservetur,
3201 2147 3378 2186 manu
3411 2132 3648 2206 pr0pria

2004 2214 2207 2270 subter
2245 2213 2633 2282 ﬁrmavimus,
2684 2221 2744 2271 et
2794 2217 2995 2271 annuli
3030 2219 3212 2274 nostri
3259 2218 3646 2292 impressione

2004 2302 2275 2375 insigniri
2296 2303 2612 2373 jussimus.

2077 2414 2105 2441 ‹‹
2140 2392 2387 2464 Signum
2418 2391 2604 2449 Caroli
2636 2393 3041 2466 gloriosissimi
3077 2396 3465 2470 imperatoris.

2080 2501 2108 2530 «
2147 2480 2464 2552 Audatber,
2517 2483 2801 2549 notarius,
2852 2485 2921 2540 ad
2973 2485 3154 2541 vicem
3209 2485 3443 2543 Gosleni
3488 2504 3644 2544 reco-

2007 2585 2079 2641 gn
2089 2569 2221 2624 ovit.

2079 2682 2106 2708 «
2142 2658 2285 2713 Data
2315 2677 2391 2714 xu
2427 2660 2549 2728 Kal,
2584 2660 2745 2732 Julii,
2781 2680 2933 2719 anno
2966 2680 3155 2720 xxxvn
3202 2663 3336 2738 (99),
3369 2669 3648 2739 regnante

2009 2748 2222 2804 domno
2252 2748 2475 2815 Carolo,
2507 2750 2856 2823 imperiique
2885 2752 3149 2823 ejusdem
3180 2771 3241 2809 ιι.

2081 2860 2109 2887 ‹‹
2141 2824 2350 2892 Actum
2377 2838 2436 2893 in
2469 2838 2824 2911 Compendio
2844 2840 3058 2912 palatio
3086 2841 3400 2915 imperiali,
3433 2843 3526 2899 die
3553 2859 3652 2899 XIV

2010 2930 2142 2999 post
2173 2930 2420 2981 mortem
2453 2927 2674 2999 praefati
2706 2929 3009 2985 abbatis.»

2296 3015 2456 3070 LVII.
2493 3016 2561 3071 De
2592 3021 2764 3072 morte
2794 3016 2978 3073 Caroli
3000 3020 3365 3090 imperatoris.

2084 3104 2253 3177 (877.)
2289 3105 2581 3172 Postliaec,
2613 3107 2816 3161 eodem
2849 3124 3023 3176 anno,
3056 3107 3295 3163 Carolus
3333 3109 3651 3181 imperator

2014 3194 2258 3249 Romam
2292 3210 2598 3266 properare
2629 3195 2848 3263 volens,
2875 3200 3004 3267 post
3036 3196 3299 3252 medium
3331 3196 3551 3254 Julium
3576 3198 3647 3254 de

255 3281 320 3337 in
343 3279 550 3348 furnis,
584 3283 642 3335 et
661 3280 832 3350 juxta
862 3279 1115 3335 Merkisa
1143 3284 1235 3348 ;et
1265 3281 1442 3336 Locm
1477 3282 1548 3336 ad
1582 3282 1851 3339 Sentinas
1880 3303 1893 3353 ;
1927 3268 1969 3335 C
2013 3282 2253 3337 Francia
2281 3281 2390 3337 iter
2419 3283 2684 3355 arripuit,
2721 3287 2777 3339 et
2806 3282 2865 3338 in
2898 3282 3123 3339 Italiam
3174 3285 3432 3355 veniens,
3476 3287 3654 3359 Papia

253 3369 317 3427 in
345 3368 668 3425 Calmontis
721 3384 953 3440 quoque
1000 3368 1158 3438 villa,
1203 3370 1458 3442 exceptis
1503 3370 1596 3425 bis
1640 3388 1764 3442 quas
1797 3373 1897 3428 be-

251 3458 525 3516 neﬁciata
556 3458 804 3525 fuerant,
858 3474 1197 3513 mansorum
1247 3460 1616 3516 medietatem
1658 3466 1715 3516 et.
1739 3478 1901 3517 man-

252 3548 541 3622 cipiorum
586 3565 600 3616 ;
631 3546 932 3603 vinearum
962 3543 1158 3604 autem
1191 3549 1317 3603 dum
1350 3553 1544 3621 partes
1585 3568 1597 3619 ;
1625 3568 1898 3607 mansum

251 3636 742 3693 indominicatum
796 3653 929 3691 cum
984 3638 1250 3693 bunariis
1280 3656 1336 3692 x.
1370 3639 1518 3693 Sunt
1547 3656 1778 3711 quoque
1816 3641 1900 3695 fa-

254 3726 436 3783 mulis
484 3726 823 3782 monasterii
853 3743 965 3780 cxu
1018 3726 1103 3780 huc
1147 3726 1293 3781 villa:
1329 3728 1615 3799 deputatae
1656 3729 1897 3797 Kelmis,

254 3814 625 3888 Atquinium,
675 3813 1053 3885 Beingahem,
1105 3830 1237 3868 cum
1272 3814 1582 3881 territorio,
1634 3815 1693 3870 in
1724 3817 1900 3872 Bum-

257 3904 620 3978 mingahem,
672 3901 1117 3974 Sinningahem,
1175 3902 1700 3975 Okkaningahem;
1746 3910 1802 3960 et
1840 3905 1899 3960 in

257 3997 426 4050 vetus
459 3992 879 4049 monasterium
913 3991 1316 4063 piscationem,
1350 3992 1501 4047 sicut
1534 3998 1591 4048 et
1621 3994 1898 4051 anterius.

257 4084 365 4139 His
410 4082 585 4137 rebus
638 4081 971 4151 adjicimus,
1023 4081 1092 4136 ad
1143 4081 1360 4135 victum
1402 4081 1670 4153 fratrum,
1702 4082 1899 4139 villam

207 4181 227 4196 ‘
256 4172 495 4229 nomine
512 4169 885 4243 Liegesborh,
937 4186 1068 4225 cum
1117 4170 1276 4225 omni
1322 4170 1653 4243 integritate
1679 4189 1806 4241 sua,
1838 4176 1905 4228 ut

256 4261 397 4318 olim
425 4260 553 4325 fuit,
591 4259 845 4332 exceptis
876 4258 1200 4315 cavallariis
1233 4260 1444 4316 tribus.
1476 4261 1559 4315 Ad
1600 4262 1900 4317 kamaram

256 4351 527 4418 fratrum,
576 4349 636 4403 in
682 4347 979 4411 vestiario.
1030 4348 1341 4420 adjicimus
1374 4349 1733 4406 Krokashem
1766 4367 1900 4406 cum

253 4439 619 4507 Westkerda,
668 4443 725 4493 et
771 4455 907 4493 cum
947 4438 1301 4511 appenditiis
1331 4456 1370 4508 ;'
1396 4443 1454 4494 et
1486 4439 1546 4494 in
1575 4439 1900 4495 Gelwalda-

254 4531 441 4600 storp,
492 4525 801 4583 ecclesiam
851 4531 908 4582 et
938 4527 1136 4583 vineas
1169 4532 1223 4583 et
1255 4545 1462 4583 mansa
1504 4545 1584 4586 xu
1633 4546 1765 4584 cum
1798 4527 1900 4585 ho-

2013 3370 2241 3426 obviam
2271 3370 2477 3425 habuit
2505 3371 2788 3427 Joannem
2822 3388 3055 3444 papam.
3103 3372 3391 3445 Vcnitque
3417 3374 3649 3430 Carolo-

2011 3476 2482 3531 mannus,nepos
2512 3459 2720 3528 Caroli,
2746 3477 2878 3516 cum
2906 3460 3107 3517 multis
3130 3461 3393 3518 millibus
3406 3461 3648 3519 bellato-

2010 3565 2141 3603 rum
2174 3549 2245 3603 de
2276 3548 2541 3621 Bajoaria
2570 3552 2625 3604 et
2657 3548 2896 3622 reliquis
2935 3549 3359 3606 Germanorum
3394 3551 3649 3607 orienta—

2009 3636 2186 3705 libus,
2219 3637 2724 3693 contradiccnsilli
2757 3638 2935 3694 Italiae
2969 3655 3236 3712 regnum.
3266 3640 3493 3696 Etcum
3527 3658 3643 3697 non

2010 3725 2249 3781 haberet
2271 3728 2495 3799 copiam
2514 3727 2752 3783 Carolus
2784 3744 2880 3783 rex
2902 3728 3210 3807 resistendi
3251 3745 3435 3802 papae,
3469 3731 3650 3786 dona—

2010 3815 2113 3870 riis
2144 3816 2327 3870 sancti
2382 3806 2530 3872 Petri
2564 3817 3006 3886 commendatis,
3041 3806 3312 3874 reversus
3340 3822 3451 3884 est,
3484 3818 3650 3874 inﬁr-

2012 3909 2343 3976 matusque,
2377 3905 2531 3961 intra
2556 3905 2727 3978 Alpes
2749 3905 2890 3962 obiit
2920 3923 2981 3961 III
3002 3906 3196 3962 Nonas
3217 3906 3501 3962 Octobris.
3537 3907 3647 3962 Cu-

2002 3994 2105 4065 jus
2136 4009 2347 4065 corpus
2369 3992 2671 4051 militesxv
2696 3994 2902 4050 diebus
2940 3995 3300 4050 aromatibus
3331 3994 3659 4069 conditum,

2010 4083 2282 4148 ferentes,
2315 4099 2447 4137 cum
2498 4082 2718 4149 foetore,
2767 4088 3000 4156 propter
3039 4082 3309 4150 calorem,
3342 4100 3649 4157 gravaren-

2008 4174 2126 4239 tur,
2177 4170 2463 4226 miserunt
2513 4171 2570 4225 in
2615 4172 3193 4228 tonnam-vinariam
3222 4171 3367 4228 alios
3396 4188 3471 4227 xv
3500 4171 3644 4229 dies.

2008 4259 2287 4314 Tamdem
2333 4258 2514 4314 nimio
2559 4260 2759 4317 foetore
2791 4261 3012 4333 gravati
3061 4261 3219 4335 (nam
3269 4262 3341 4317 ad
3374 4264 3644 4318 sanctum

2008 4347 2350 4420 Dyonisium
2391 4365 2524 4403 eum
2541 4351 2853 4406 transferre
2867 4351 3455 4424 cupierant),demum
3485 4349 3647 4417 victi,

2008 4437 2068 4492 in
2102 4437 2456 4492 monasterio
2504 4437 2792 4495 Nontuato
2824 4440 3195 4514 Burgundize,
3228 4439 3384 4512 quod
3433 4438 3653 4494 dicitur

2010 4529 2278 4581 sanctum
2310 4524 2669 4597 Marcellum,
2723 4528 3097 4600 sepelierunt.
3133 4526 3459 4583 Ludovicus
3488 4525 3648 4581 ﬁlius

256 4615 557 4683 minibus;
600 4615 741 4671 item
799 4615 859 4669 in
886 4615 1136 4684 Kasello,
1170 4616 1326 4672 ultra
1373 4617 1662 4684 Rhenum,
1694 4635 1902 4675 mansa
1929 4641 1977 4707 D
2008 4615 2157 4687 ejus,
2191 4613 3146 4707 rexconstituiturinCompendio
3176 4614 3397 4689 palatii.

256 4704 532 4762 similiter
575 4722 653 4761 xu
696 4722 709 4774 ;
763 4704 821 4759 in
869 4705 1146 4774 Frekena,
1199 4723 1405 4762 mansa
1452 4725 1507 4774 x,
1536 4725 1667 4763 cum
1714 4713 1899 4766 matre

254 4793 520 4861 ecclesia,
552 4798 610 4851 et
656 4793 944 4850 decimam
993 4793 1114 4850 illic
1160 4796 1515 4862 ordinatam,
1549 4814 1682 4852 cum
1716 4797 1901 4853 homi-

261 4882 479 4952 nibus;
510 4882 571 4939 in
603 4882 886 4938 Daventre
935 4886 1127 4955 portu,
1173 4901 1379 4940 mansa
1404 4901 1485 4939 vn
1519 4903 1532 4953 ;
1568 4886 1640 4941 ad
1672 4892 1899 4959 portam

256 4975 479 5041 autem,
532 4975 665 5028 ante
696 4971 847 5029 fores
888 4972 1163 5041 ecclesim,
1197 4974 1565 5029 vaccoritiam
1600 4993 1732 5030 cum
1767 4977 1901 5033 hor-

253 5061 418 5131 tulo;
464 5065 542 5129 et,
592 5062 653 5117 in
705 5062 1047 5129 Loconesse,
1102 5080 1309 5118 mansa
1344 5080 1445 5129 v11,
1479 5079 1611 5118 cum
1645 5065 1768 5121 suis
1799 5084 1899 5139 ap-

254 5151 535 5225 penditiis
546 5155 604 5207 et
620 5152 951 5224 mancipiis.
971 5152 1352 5208 Territorium
1368 5169 1599 5225 quoque
1611 5157 1666 5208 et
1680 5153 1898 5225 vineas,

254 5255 405 5312 quas
458 5239 773 5313 praedictus
818 5240 999 5296 abbas
1043 5240 1377 5310 Hilduinus,
1431 5258 1499 5295 ex
1547 5243 1900 5314 proprietate

254 5345 386 5398 sua,
420 5329 479 5383 in
510 5328 1128 5402 pagoVermandense,
1162 5329 1219 5384 in
1250 5327 1374 5384 loco
1408 5333 1902 5402 nuncupatolleb-

253 5416 521 5487 bencurt,
572 5417 764 5474 eidem
814 5417 1193 5484 monasterio,
1234 5433 1338 5490 pro
1389 5416 1644 5472 remedio
1695 5419 1901 5474 animae

254 5521 397 5578 suae,
448 5505 715 5576 contulit,
775 5508 848 5563 ad
897 5505 1214 5562 luminaria
1262 5506 1450 5579 ipsius
1494 5505 1748 5563 ecclesiae
1800 5508 1901 5564 ubi

2433 4702 2622 4757 LVIII.
2656 4705 2729 4759 De
2759 4706 2984 4761 Folcone
3012 4706 3223 4761 abbate.

2082 4794 2248 4865 (878.)
2272 4792 2563 4849 Successit
2590 4792 2825 4847 interim
2851 4793 3205 4850 Hilduinoin
3224 4794 3457 4850 abbatia
3484 4791 3650 4849 Folco

2009 4883 2344 4950 canonicus,
2374 4898 2411 4934 v
2441 4881 2578 4935 Idus
2624 4881 2942 4950 Februarii,
2993 4882 3299 4939 Dominica
3340 4901 3380 4950 ι,
3412 4880 3471 4937 in
3503 4898 3649 4953 qua-

2009 4971 2359 5045 dragesima,
2410 4968 2676 5041 rexitque
2723 4969 2876 5024 hanc
2906 4986 3008 5042 per
3038 4971 3501 5042 quatriennium.
3533 4969 3652 5025 Sub

2008 5063 2177 5134 cujus
2196 5064 2474 5132 tempore,
2499 5058 2758 5114 ambitus
2791 5058 3009 5113 castelli
3043 5059 3196 5115 circa
3227 5058 3649 5117 monasterium

2009 5151 2197 5207 sancti
2227 5148 2443 5205 Bertini
2469 5153 2558 5203 est
2589 5148 2912 5214 dimensus,
2947 5152 3004 5202 et
3035 5164 3137 5219 per
3168 5148 3498 5205 ministeria
3528 5148 3647 5204 dis—

2006 5241 2263 5296 tributus
2293 5257 2306 5308 ;
2332 5239 2430 5294 sed
2462 5237 2729 5310 pluribus
2760 5236 2934 5292 rebus
2966 5236 3361 5305 obstantibus,
3388 5254 3505 5294 non
3537 5241 3646 5305 est,

2009 5331 2320 5402 perfectus.
2355 5328 2543 5399 Hujus
2576 5344 2728 5383 anno
2759 5324 2966 5399 primo,
2999 5325 3423 5381 monasterium
3459 5326 3648 5383 sancti

2010 5418 2159 5474 Petri
2183 5422 2238 5473 et
2258 5416 2444 5472 sancti
2469 5416 2707 5484 Bertini,
2727 5417 2855 5489 jam
2879 5415 2999 5472 vice
3019 5413 3200 5470 altera
3215 5430 3249 5470 a
3267 5414 3647 5471 Nortmannis

2010 5512 2101 5565 est
2120 5506 2425 5563 incensum
2447 5523 2484 5563 v
2510 5505 2797 5563 Kalendas
2827 5504 3094 5581 Augusti,
3126 5506 3184 5561 et
3210 5501 3479 5580 ecclipsis
3505 5502 3648 5569 solis

325 5682 440 5771 (99)
469 5685 573 5746 Hic
588 5685 823 5747 initium
845 5684 1008 5766 regni
1029 5684 1219 5749 Caroli
1235 5685 1391 5748 Calvi
1416 5688 1770 5767 sumeudum
1808 5692 1919 5775 est,
1937 5691 2005 5754 ut
2030 5688 2283 5763 videtur,
2316 5685 2389 5746 ad
2419 5702 2571 5748 anno
2600 5685 2727 5750 840.
