4050 6386
358 371 532 435 1251.

1422 355 1790 429 FOLQUINI
1835 358 1903 419 S.
1945 348 2268 419 BERTINI
2311 350 2692 417 MONACHI.

3605 344 3777 407 1282

356 506 567 578 quarta
587 499 742 556 facta
761 499 851 552 est
873 491 1120 550 Kalend.
1155 490 1496 550 Novembris
1538 490 1708 563 (100),
1740 506 1792 546 ιν
1836 489 1999 557 feria,
2030 488 2089 557 Α
2115 486 2330 578 delicet
2355 490 2416 544 et
2434 487 2650 578 conjux
2676 500 2827 553 mea,
2857 484 2999 551 Ava,
3030 478 3264 578 ﬁliique
3296 477 3481 578 nostri
3510 481 3569 535 et
3604 476 3762 547 ﬁlia,

358 593 503 649 hora
534 606 614 657 ιχ,
648 591 705 643 et
728 582 1053 641 mortalitas
1069 581 1376 637 hominum
1390 584 1447 635 et
1474 595 1748 653 pecorum
1762 595 1996 651 magna.

359 676 687 738 Ludovicus
736 678 955 739 autem,
1010 670 1167 726 ﬁlius
1197 669 1386 725 Caroli
1425 667 1815 741 imperatoris,
1849 684 2002 724 anno

360 766 527 840 regni
557 762 920 822 suisecundo
934 760 1183 816 necdum
1205 757 1451 831 expleto,
1476 757 1621 813 obiit
1648 756 2002 830 Compendio

356 856 590 931 palatio,
620 871 657 909 ν
683 853 819 908 Idus
867 848 1103 923 Aprilis,
1134 865 1288 904 anno
1325 845 1743 902 incarnationis
1771 846 2002 901 Domini

353 946 480 1003 879.
518 942 735 999 Deinde
782 939 887 995 ﬁlii
938 940 1067 1009 ejus
1116 937 1443 993 Ludovicus
1479 940 1535 992 et
1577 934 2001 991 Carlomannus

353 1049 600 1108 regnum
620 1031 748 1103 ejus
771 1029 925 1085 inter
950 1044 1012 1084 se
1044 1026 1421 1099 dispertiunt.
1456 1024 1647 1080 Isdem
1677 1027 1887 1085 autem,
1906 1040 2004 1079 rex

354 1122 681 1181 Ludovicus
709 1119 769 1174 in
802 1133 950 1190 pago
998 1115 1260 1171 Vimiaco
1306 1130 1442 1170 cum
1471 1112 1849 1169 Nortmannis
1879 1111 2000 1167 bel-

350 1213 476 1269 lum
506 1225 737 1284 gerens,
788 1204 1159 1278 triumphum
1202 1207 1292 1259 est
1330 1203 1602 1275 adeptus,
1634 1206 1693 1257 et
1722 1218 1837 1257 non
1870 1204 2002 1273 post

354 1301 541 1358 multo
571 1298 737 1366 obiit,
789 1314 846 1353 ιιι
880 1296 1075 1351 Nonas
1105 1292 1377 1366 Augusti,
1412 1308 1564 1347 anno
1608 1289 1840 1347 Domini
1869 1290 1996 1345 881.

353 1389 637 1464 Regnavit
678 1402 863 1443 annos
908 1402 968 1453 ιι,
991 1399 1223 1439 menses
1264 1398 1346 1438 ιιι.
1386 1381 1488 1438 Cui
1520 1396 1620 1437 rex
1652 1380 1997 1446 Suavorum,

351 1478 509 1535 ﬁlius
532 1474 803 1535 Ludovici
847 1473 999 1546 regis
1029 1471 1392 1535 Noricorum,
1424 1468 1527 1542 qui
1556 1473 1682 1526 erat
1710 1467 1866 1524 ﬁlius
1894 1469 2000 1524 Lu-

352 1567 563 1635 dovici,
599 1564 703 1623 ﬁlii
725 1562 914 1621 Caroli
935 1560 1153 1633 magni,
1189 1559 1293 1615 ﬁlii
1318 1557 1571 1631 Pippini,
1595 1556 1998 1613 monarchiam

350 1657 532 1714 totius
562 1654 793 1728 imperii
825 1654 1181 1709 Francorum
1212 1652 1271 1704 et
1296 1648 1695 1703 Romanorum
1727 1646 1998 1712 assumit,

349 1763 502 1801 anno
530 1744 703 1801 Verbi
753 1739 1041 1798 incarnati
1064 1739 1188 1793 885.
1212 1739 1378 1792 Anno
1411 1738 1607 1791 autem
1635 1736 1824 1807 primo
1847 1752 1991 1808 prte-

350 1835 452 1891 fati
484 1834 638 1924 regis
668 1828 1061 1924 Carlomanni,
1093 1826 1464 1924 Hinc‘marus,
1497 1823 1878 1924 archiprmsul
1895 1824 2073 1924 lle-PB

351 1918 876 1986 mensisEoclesiae,
900 1916 1075 1984 obiit;
1099 1914 1191 1970 cui
1211 1913 1398 1983 Folco,
1425 1914 1552 1985 jam
1572 1913 1768 1970 dictus
1786 1913 2021 1982 abbas,“

353 2013 413 2068 in
460 2010 666 2066 ordine
720 2004 1021 2063 successit.
1070 2004 1211 2077 (Suo
1265 2006 1462 2058 autem
1505 2006 1786 2074 tempore.
1818 2001 1876 2056 id
1906 2006 1997 2059 est

348 2117 501 2157 anno
519 2096 916 2169 octuagesimo
931 2094 1127 2149 minus
1144 2089 1999 2165 quinto(iOi),Balduinus,pri-

347 2208 483 2246 mus
505 2188 687 2244 Fland
697 2202 895 2243 rarum
910 2180 1303 2249 comes,solvit
1318 2180 1582 2237 debitum
1601 2180 1826 2249 mortis,
1844 2184 1999 2253 post-

349 2295 526 2352 quam
550 2277 659 2334 sub
681 2274 948 2331 habitum
974 2271 1247 2328 monachi
1270 2270 1614 2341 aliquandiu
1643 2270 1702 2325 in
1734 2269 1995 2325 coenobio

350 2366 538 2424 sancti
555 2362 1042 2428 Bertinivixisset,
1066 2360 1205 2432 Ejus
1227 2373 1438 2415 carnea
1478 2356 1758 2414 mollesin
1789 2359 1994 2414 eodem

350 2454 613 2512 ccenobio
642 2456 808 2509 terrae
840 2451 1155 2506 mandatur
1194 2465 1210 2515 ;
1238 2464 1337 2503 cor
1372 2463 1506 2503 vero
1537 2450 1596 2503 et
1624 2446 1905 2504 intestina
1934 2448 1994 2503 in

348 2542 650 2601 Blandivio
681 2539 867 2599 sancti
898 2538 1073 2603 Petri,
1104 2537 1163 2591 in
1181 2536 1383 2591 Ganda
1433 2536 1787 2592 monasterio
1810 2535 1992 2609 sunt.)

794 2626 930 2686 LIX.
964 2628 1037 2683 De
1084 2625 1312 2695 Rodul/‘o
1340 2624 1550 2681 abbate.

418 2723 620 2793 Itaque
656 2717 899 2775 Folcone
932 2716 1004 2772 ad
1057 2714 1624 2787 archiepiscopatum
1651 2712 1990 2783 sublimato,

351 2809 642 2869 Rodulfus
685 2806 981 2863 abbatiam
1025 2804 1285 2876 suscepit
1316 2803 1376 2858 in
1418 2803 1621 2859 eodem
1653 2820 1827 2858 anno.
1862 2803 1989 2873 Cui,

355 2917 510 2957 anno
523 2897 714 2971 primo
731 2893 917 2952 Caroli
932 2893 1088 2966 regis
1104 2892 1424 2948 Suavorum
1442 2891 1614 2961 (102),
1629 2892 1869 2964 quidam
1881 2893 1989 2963 vir,

352 2989 616 3047 Rodinus
646 2983 904 3051 nomine,
938 2980 1200 3048 tradidit,
1220 2981 1295 3037 ad
1324 2996 1502 3037 usum
1532 2982 1867 3038 monasterii
1899 2981 1992 3039 sui

348 3078 564 3145 Sithiu,
598 3092 690 3131 res
736 3071 1110 3147 proprietatis
1154 3087 1293 3140 suae,
1345 3086 1450 3143 per
1473 3070 1672 3127 omnia
1708 3071 1769 3128 in
1800 3071 1990 3145 ipsius

350 3165 684 3226 traditionis
737 3167 897 3219 carta
938 3161 1176 3230 inserta,
1209 3176 1336 3233 qua
1368 3160 1477 3216 sub
1513 3160 1623 3217 hoc
1672 3164 1873 3219 tenore
1902 3167 1991 3221 est

348 3260 520 3315 facta.

681 3342 791 3400 LX.
826 3340 1063 3399 Traditio
1092 3339 1301 3396 Ridini.
1342 3339 1657 3411 Exemplar.

420 3436 475 3509 )8
506 3434 648 3507 Sept.
682 3433 832 3501 883.)
863 3455 891 3482 «
921 3429 1167 3487 Domino
1217 3434 1420 3486 sancto
1450 3432 1507 3484 et
1533 3428 1848 3485 venerabili
1879 3430 1991 3486 Ro-

347 3525 535 3593 dulfo,
560 3521 757 3579 abbati
780 3521 851 3576 de
874 3518 1227 3576 monasterio
1252 3518 1437 3574 sancti
1454 3517 1603 3579 Petri
1625 3523 1991 3576 sanctorum-

349 3631 465 3687 que
507 3613 911 3668 confessorum
959 3608 1171 3663 Christi
1203 3606 1521 3663 Audomari
1547 3611 1721 3679 atque
1753 3608 1991 3677 Bertini,

350 3719 478 3775 ego,
512 3701 573 3755 in
608 3698 705 3754 Dei
737 3697 996 3764 nomine,
1040 3695 1303 3751 Rodinus
1348 3695 1594 3750 traditor
1635 3700 1810 3768 atque
1841 3714 1992 3770 prse-

348 3796 531 3848 cator.
565 3787 755 3844 Trado
784 3785 981 3857 itaque
1010 3800 1102 3839 res
1133 3783 1504 3856 proprietatis
1534 3800 1676 3839 mete
1724 3786 1796 3840 ad
1844 3803 1995 3858 prae-

350 3880 639 3952 scriptum
671 3874 1114 3942 monasterium,
1148 3872 1207 3929 in
1239 3889 1387 3946 pago
1420 3873 1865 3947 Pontivo,super
1892 3877 1996 3933 ﬂu-

349 3970 513 4026 vium
541 3965 760 4035 Alteiae,
793 3966 854 4021 in
884 3963 1024 4020 villa
1051 3980 1178 4036 qua;
1205 3961 1418 4019 dicitur
1447 3962 1715 4019 Remmia
1746 3980 1760 4020 :
1810 3965 1992 4023 eccle-

349 4057 500 4116 siam
514 4073 693 4113 unam
704 4060 1053 4129 etmansum
1065 4051 1553 4109 indominicatum
1568 4068 1702 4109 cum
1720 4055 1990 4126 castitiis,

349 4152 428 4216 et,
460 4146 614 4203 inter
659 4145 855 4219 ipsum
904 4158 1179 4199 mansum
1231 4158 1299 4197 ac
1345 4144 1560 4198 terram
1592 4143 1874 4201 arabilem
1903 4145 1992 4202 vel

348 4240 585 4310 pratum
628 4235 748 4292 sive
792 4232 1036 4306 sylvam,
1084 4248 1292 4287 mansa
1334 4249 1387 4287 XI
1428 4249 1442 4301 ;
1490 4231 1745 4304 itemque
1792 4232 1851 4289 in
1887 4235 1992 4291 Ca-

347 4324 529 4393 thrin,
563 4324 623 4380 in
653 4324 857 4382 eodem
887 4336 1036 4395 pago
1065 4320 1466 4388 Ambianensi,
1498 4320 1560 4376 in
1609 4321 1764 4379 Sana
1792 4324 1990 4394 Terra,

348 4414 409 4470 in
439 4414 564 4471 loco
586 4412 687 4486 qui
708 4415 947 4468 vocatur
969 4409 1249 4481 Rosieria,
1275 4426 1549 4467 mansum
1569 4427 1704 4467 cum
1721 4411 1990 4482 castitiis,

350 4520 468 4559 una
496 4519 631 4559 cum
662 4502 927 4575 ipsorum
956 4497 1219 4555 locorum
1233 4498 1607 4566 communiis,
1626 4500 1838 4572 perviis
1856 4501 1994 4574 legi-

2113 577 2221 633 hoc
2254 580 2392 631 sunt
2417 576 2505 630 :in
2532 592 2679 649 pago
2696 570 3197 638 Ambianensis,in
3230 571 3386 626 Sana
3414 568 3614 635 Terra,
3632 583 3763 639 qua

2113 665 2327 721 dicitur
2344 661 2741 730 Rusticavilla,
2766 666 2824 718 et
2836 661 3128 727 Roserias,
3152 674 3427 716 mansum
3449 654 3767 714 indomini-

2112 759 2309 811 catum
2333 757 2408 823 et,
2442 753 2595 809 inter
2614 752 2810 825 ipsum
2842 767 3119 807 mansum
3148 753 3207 806 et
3236 753 3451 804 terram
3476 744 3762 802 arabilem

2110 842 2199 899 vel
2214 847 2468 915 pratum,
2493 857 2700 898 mansa
2718 858 2794 895 xu
2817 858 2830 909 ;
2852 839 2910 894 in
2935 837 3159 904 Contla,
3182 834 3764 904 mansum1;inHun-

2111 930 2430 999 duncurth,
2484 946 2760 986 mansum
2811 928 3302 984 indominicatum
3333 930 3390 982 et
3436 940 3759 992 mansax;

2112 1021 2250 1076 item
2299 1020 2359 1075 in
2403 1036 2551 1093 pago
2597 1017 3039 1084 Kamaracensi,
3089 1015 3149 1072 in
3196 1014 3356 1072 Finis
3408 1030 3617 1070 mansa
3647 1030 3757 1081 1v;

2109 1114 2167 1167 et
2216 1108 2512 1181 mancipia
2540 1109 2664 1165 haac
2692 1124 2704 1165 :
2736 1107 2987 1175 Adoher,
3029 1105 3374 1163 Folcardum
3422 1108 3480 1159 et
3510 1119 3757 1160 uxorem

2108 1215 2277 1255 suam
2309 1198 2622 1265 Odernam,
2671 1214 2804 1253 cum
2848 1196 3174 1252 infantibus
3202 1194 3328 1251 suis
3355 1210 3368 1248 :
3400 1192 3752 1248 Gerbertum

2108 1289 2539 1355 Abbonessum,
2574 1286 2929 1342 Rudoricum
2954 1285 3246 1358 Sigerum,
3266 1281 3614 1351 Rikardum,
3645 1282 3755 1339 Ba-

2109 1376 2538 1444 kalerum,cum
2568 1376 2759 1432 tribus
2782 1374 3046 1447 reliquis.
3079 1373 3188 1429 Pro
3210 1373 3338 1445 ipso
3354 1388 3585 1444 quoque
3612 1387 3757 1427 usu-

2109 1466 2450 1534 fructuario,
2467 1465 2638 1523 annis
2658 1463 3129 1538 singulis,Nonis
3144 1460 3526 1535 Septembris,
3558 1477 3665 1533 ego
3695 1463 3757 1517 et

2110 1556 2323 1627 conjux
2352 1571 2483 1611 mea
2512 1554 2729 1611 solidos
2776 1551 3181 1627 persolvamus
3219 1568 3291 1620 v;
3324 1553 3457 1623 post
3480 1553 3753 1606 nostrum

2106 1663 2242 1702 vero
2273 1646 2522 1716 obitum,
2552 1643 2656 1699 filii
2685 1643 2871 1700 nostri
2904 1641 3123 1700 solidos
3166 1659 3221 1697 Vl
3252 1638 3604 1713 persolvant.
3639 1638 3755 1696 Sed

2107 1738 2241 1807 post
2270 1739 2538 1791 nostrum
2568 1732 2832 1789 omnium
2862 1733 3113 1801 obitum,
3146 1731 3332 1787 ambas
3364 1746 3457 1786 res
3479 1728 3754 1802 superius

2107 1823 2441 1893 nominatae,
2487 1839 2622 1879 cum
2671 1822 2831 1879 omni
2879 1819 3280 1878 melioratione
3327 1823 3385 1876 et
3413 1816 3752 1891 superposi-

2105 1912 2282 1980 tione,
2317 1912 2388 1968 ad
2439 1929 2589 1985 opus
2620 1912 2867 1968 fratrum
2896 1911 2957 1966 in
3013 1910 3219 1967 eodem
3250 1907 3603 1966 monasterio
3636 1907 3752 1964 Do-

2106 2002 2266 2057 mino
2298 2001 2732 2070 famulantium,
2758 2002 2979 2073 absque
3010 1999 3191 2055 ullius
3216 1997 3651 2067 contrarietate,
3667 2013 3755 2053 re-

2106 2091 2420 2163 cipiantur,
2452 2090 2671 2163 quibus
2699 2095 2755 2146 et
2777 2107 2990 2147 census
3018 2087 3293 2163 persolvit
3316 2087 3482 2157 (103).
3527 2087 3588 2143 Si
3620 2086 3755 2159 quis

2105 2180 2306 2247 etiam,
2334 2179 2489 2252 quod
2516 2179 2729 2236 futuris
2752 2183 3058 2246 testamur,
3090 2176 3141 2234 si
3169 2194 3277 2233 nos
3307 2175 3421 2249 ipsi
3459 2180 3561 2232 aut
3589 2174 3755 2233 illius

2105 2269 2255 2341 (104)
2287 2269 2357 2324 de
2388 2268 2717 2324 haeredibus
2746 2267 2835 2323 vel
2869 2266 3305 2340 probaeredibus
3354 2282 3459 2323 seu
3474 2264 3755 2338 qualibet

2104 2362 2378 2413 extranea
2403 2373 2672 2429 persona,
2706 2356 2840 2413 huic
2868 2361 3077 2413 nostra
3127 2355 3425 2412 traditioni
3464 2354 3753 2412 centraire

2105 2450 2207 2502 aut
2251 2446 2569 2520 infringere
2620 2446 2944 2515 tentaverit,
2992 2446 3120 2503 auri
3164 2445 3346 2503 libras
3387 2464 3489 2511 xu,
3521 2446 3751 2519 argenti

2104 2535 2362 2608 pondera
2389 2553 2521 2603 xxx,
2556 2541 2812 2605 coactus,
2845 2535 3121 2605 exsolvat,
3139 2540 3197 2593 et
3217 2536 3371 2609 quod
3395 2535 3604 2609 repetit
3628 2552 3749 2593 non

2104 2625 2440 2693 evindicet;
2485 2626 2584 2682 sed
2637 2624 2759 2682 haec
2804 2626 3047 2694 traditu,
3095 2641 3232 2681 cum
3281 2623 3563 2698 prmcaria
3615 2641 3747 2694 sua,

2102 2715 2273 2771 ﬁrma
2301 2719 2663 2787 permaneat,
2691 2730 2826 2771 cum
2859 2713 3238 2786 stipulatione
3263 2713 3533 2770 subnixa.

2173 2826 2202 2855 «
2234 2805 2443 2860 Actum
2473 2802 2534 2859 in
2561 2802 2913 2860 monasterio
2962 2802 3175 2871 Sithiu,
3209 2802 3270 2857 in
3292 2801 3537 2859 ecclesia
3559 2802 3749 2859 sancti

2100 2892 2273 2963 Petri,
2325 2910 2527 2950 anno:
2573 2892 2762 2950 Caroli
2814 2892 3011 2966 magni
3056 2891 3446 2965 imperatoris,
3495 2909 3551 2948 νι
3601 2892 3743 2950 Idus

2100 2983 2482 3056 Septembris.

2172 3095 2201 3124 «
2226 3073 2471 3145 Signum
2488 3071 2718 3140 Rodini,
2748 3071 3013 3145 quihanc
3025 3071 3421 3141 traditionem,
3441 3087 3575 3128 cum
3594 3087 3743 3145 prs:-

2102 3163 2261 3220 caria
2289 3160 2562 3219 ﬁrmavit.
2744 3164 2751 3169 '

2176 3276 2205 3305 α
2238 3252 2486 3324 Signum
2501 3249 2739 3308 Albrici.
2756 3250 3001 3325 Signum
3013 3249 3331 3306 Vuadbarii
3341 3292 3354 3306 .
3374 3250 3618 3324 Signum
3629 3254 3745 3310 An-

2103 3342 2290 3402 selmi.
2311 3342 2560 3414 Signum
2578 3340 2883 3398 Guntardi.
2912 3340 3159 3412 Signum
3171 3339 3432 3413 Odgrini,
3455 3342 3742 3400 advocati.

2078 3434 2347 3517 Signum
2380 3429 2720 3498 Thiodradi,
2748 3428 2988 3486 scavini.
3015 3429 3263 3501 Signum
3281 3428 3597 3487 Adalwini.

2174 3544 2203 3574 «
2234 3521 2631 3590 Grimbaldus,
2646 3519 2919 3576 sacerdos
2932 3522 2989 3575 et
3019 3517 3362 3587 monachus,
3386 3518 3665 3596 etscripsi
3684 3525 3747 3579 et

2101 3610 2447 3683 subscripsi.
2478 3632 2507 3660 »

2172 3701 2305 3757 LXI.
2344 3698 2580 3755 Traditio
2602 3699 2849 3770 Odgrini,
2880 3714 3004 3753 cum
3030 3700 3306 3770 prxcarz’a
3334 3696 3398 3753 de
3418 3699 3669 3757 Hammo.

2171 3788 2344 3861 (877.)
2376 3792 2519 3844 Item
2552 3805 2705 3844 anno
2736 3804 2798 3843 ιιι
2826 3786 3087 3860 praedicti
3119 3787 3271 3860 regis
3300 3786 3508 3853 Caroli,
3533 3788 3740 3862 Odgri-

2103 3897 2238 3947 nus,
2289 3879 2601 3934 advocatus
2634 3878 2761 3949 jam
2819 3875 2958 3931 dicti
3009 3876 3345 3933 monasterii
3382 3876 3590 3947 Sithiu,
3624 3882 3745 3936 tra-

2102 3968 2249 4025 didit
2277 3967 2466 4024 eidem
2516 3966 2642 4023 loco
2670 3965 3066 4022 haereditatem
3105 3983 3295 4034 suam,
3345 3965 3405 4022 in
3436 3968 3560 4024 loco
3591 3985 3743 4025 nun-

2103 4062 2313 4132 cupato
2340 4056 2607 4123 Hamma,
2653 4072 2833 4128 super
2879 4055 3053 4111 ﬂuvio
3101 4055 3467 4126 Marsbeccaa,
3497 4056 3558 4113 in
3588 4074 3738 4130 pago

2103 4145 2440 4220 Mempisco.
2460 4144 2623 4201 Unde
2647 4148 2705 4201 et
2720 4143 2887 4218 petiit
2905 4143 3094 4200 eidem
3115 4144 3311 4200 abbati
3326 4161 3431 4217 per
3468 4146 3745 4218 precaria

2102 4252 2195 4292 res
2226 4234 2564 4292 monasterii
2615 4233 2727 4302 sui,
2761 4232 2819 4288 in
2852 4231 3054 4288 villula
3084 4250 3211 4306 quas
3255 4234 3471 4290 dicitur
3502 4235 3695 4292 Sithiu
3726 4254 3740 4305 ;

2102 4324 2259 4398 quod
2291 4323 2419 4380 sine
2449 4340 2614 4379 mora
2642 4322 2915 4390 obtinuit,
2932 4322 3258 4378 secundum
3279 4322 3431 4380 hanc
3456 4323 3742 4382 chartam.

2669 4411 2832 4468 LXII.
2863 4412 3175 4484 Exemplar.

2174 4503 2260 4572 (11
2294 4502 2422 4574 Apr.
2453 4501 2606 4572 887.)
2637 4524 2666 4551 «
2716 4500 2936 4557 Dilecto
2962 4499 3023 4556 in
3069 4500 3297 4557 Christo
3326 4499 3447 4557 ﬁlio
3476 4501 3746 4561 Ecclesia

349 4592 534 4659 timis,
556 4588 944 4663 wadriscapis
969 4607 983 4657 ;
1004 4592 1060 4646 et
1077 4587 1372 4661 mancipia
1390 4605 1483 4656 xx,
1503 4588 1597 4645 bis
1616 4590 1955 4648 nominibus
1980 4608 1994 4648 :
2025 4600 2073 4665 Ι)
2104 4590 2385 4664 Odgrino,
2408 4589 2715 4654 Rodulfus,
2740 4589 2929 4662 gratia
2945 4588 3068 4656 Dei,
3099 4588 3283 4645 abbas
3297 4590 3367 4646 de
3388 4592 3745 4650 monasterio

348 4679 722 4737 Anastasium
746 4695 878 4734 cum
903 4694 1079 4734 uxore
1099 4694 1208 4734 sua
1222 4680 1281 4734 et
1298 4676 1864 4735 infantibusillorum
1897 4698 1951 4738 v1
1975 4700 1990 4751 ;

346 4768 643 4826 Adalrada
653 4784 787 4823 cum
807 4767 1131 4823 infantibus
1144 4767 1375 4822 duobus
1399 4784 1413 4823 :
1448 4766 1827 4837 Gerlandum,
1860 4769 1996 4826 Hal-

349 4857 597 4925 dolfum,
634 4854 1122 4922 Folcombertum,
1154 4856 1587 4923 Theodradum,
1611 4857 1991 4926 Rodbertum,

348 4945 716 5014 Restaldum,
749 4944 1094 5012 Civiredam,
1130 4943 1486 5011 Rainildam,
1512 4946 1891 5002 Austrudam.
1927 4948 1995 5003 Et

347 5037 469 5094 haec
501 5037 719 5105 omnia,
754 5039 819 5092 ut
849 5051 1029 5107 supra
1055 5032 1278 5089 dictum
1310 5036 1418 5100 est,
1465 5033 1535 5088 ad
1569 5036 1993 5093 monasterium

340 5128 469 5199 jam
500 5127 725 5184 dictum
758 5125 923 5182 trado
954 5123 1218 5197 legaliter
1239 5126 1413 5194 atque
1431 5124 1765 5179 transﬁrmo
1796 5141 1996 5198 perpe-

353 5220 454 5271 tuo
486 5215 864 5287 possidenda,
897 5229 965 5271 ea
992 5212 1215 5270 ratione
1262 5215 1344 5282 ut,
1378 5215 1505 5268 tum
1533 5212 1693 5283 ipsas
1723 5230 1814 5270 res
1847 5231 1994 5287 quas

350 5302 720 5376 trado,quam
743 5308 801 5361 et
820 5305 979 5376 ipsas
997 5320 1143 5375 quas
1157 5300 1676 5374 expecto,ecclesiae
1698 5306 1900 5360 vestra:
1932 5302 1991 5360 in

352 5391 711 5462 precariam,
765 5410 869 5466 pro
893 5392 1174 5449 beneﬁcio
1205 5394 1396 5447 vestro
1428 5390 1734 5464 accipiam,
1773 5408 1879 5466 ego
1907 5394 1993 5449 vi-

424 5500 552 5584 (100
595 5514 752 5569 Corri
807 5517 1133 5587 .quartoKal
1170 5516 1504 5573 Novembris.
1526 5517 1563 5573 i.
1597 5535 1647 5573 e.
1670 5518 1990 5576 2900tobr.

424 5513 572 5659 (401)
604 5584 650 5641 Ι.
681 5532 1533 5659 e._g75.pbitusveroBalduini
1564 5590 1637 5649 ad
1651 5592 1990 5650 annum879

390 5583 572 5668 .09!)
604 5584 650 5641 Ι.
681 5583 1533 5668 e..875.pbitusveroBalduini
1564 5590 1637 5649 ad
1651 5592 1992 5650 annum879

348 5656 583 5724 videtur
602 5656 1012 5722 remittendus.

2101 4680 2296 4736 Sancti
2341 4680 2515 4748 Petri,
2557 4678 2835 4734 vocabulo
2863 4677 3074 4746 Sithiu,
3103 4678 3204 4735 ubi
3248 4696 3489 4752 corpora
3530 4680 3745 4739 Christi

2105 4770 2506 4826 confessorum
2540 4766 2857 4824 Audomari
2896 4771 3070 4840 atque
3101 4768 3317 4824 Bertini
3348 4770 3743 4842 requiescunt.

2105 4858 2296 4915 omnis
2328 4861 2555 4914 caterva
2571 4857 2994 4913 monachorum
3017 4857 3236 4913 ibidem
3249 4859 3743 4917 conversantium.

2104 4947 2497 5004 Plurimorum
2530 4962 2628 5002 ore
2656 4950 2922 5003 versatur
2964 4946 3404 5019 multorumque
3438 4947 3497 5003 in
3539 4949 3748 5006 notitia

2105 5037 2372 5104 habetur,
2408 5034 2755 5108 qualitertu,
2790 5034 2882 5091 his
2914 5035 3143 5104 diebus,
3169 5034 3745 5108 legalitertradidisti

2109 5143 2201 5183 res
2232 5124 2603 5199 prOprietatis
2632 5128 2745 5181 tuae
2766 5125 2838 5180 ad
2856 5130 3126 5181 nostrum
3154 5125 3576 5182 monasterium
3606 5126 3747 5183 :hoo

2101 5220 2210 5282 est,
2243 5216 2303 5271 in
2335 5214 2458 5271 loco
2483 5217 2859 5287 nuncupante
2900 5214 3169 5282 Hamma,
3197 5230 3374 5287 super
3394 5215 3570 5271 ﬂuvio
3600 5215 3750 5273 Mar-

2102 5305 2298 5372 sbeke,
2333 5304 2391 5359 in
2425 5319 2573 5376 pago
2604 5302 2941 5376 Mempisco,
2970 5302 3218 5359 bunaria
3233 5316 3430 5372 χχχιιι,
3462 5321 3581 5361 una
3609 5321 3747 5363 cum

2102 5394 2311 5467 perviis
2343 5392 2622 5465 legitimis
2660 5409 2726 5448 ac
2768 5392 3195 5465 wadriscapis;
3229 5397 3284 5450 et
3315 5397 3622 5467 propterea
3648 5411 3747 5453 ex-

2172 5520 2320 5591 (102)
2346 5521 2412 5574 A.
2446 5516 2668 5591 scilicet
2695 5517 2820 5591 883.

2167 5588 2317 5667 (193)
2349 5591 2517 5667 Forte
2549 5588 2779 5667 legend.
2805 5590 3159 5667 persoluetur.

2169 5592 2293 5662 (103
2349 5592 2517 5647 Forte
2549 5592 2756 5662 legend

2169 5592 2323 5756 (104$
2353 5660 2572 5747 Corrig.
2594 5660 2762 5723 ullus.
