4050 6386
202 362 362 436 1283

1585 364 2229 438 CHARTULARIUM.

3447 375 3610 443 1254-

204 504 404 580 petisti
430 521 466 562 a
492 503 663 562 nobis
691 518 786 562 res
810 500 1067 561 ecclesias
1099 505 1350 559 nostras:
1382 501 1491 559 hoc
1530 505 1690 573 sunt,
1739 503 1850 560 bu-
1879 507 1936 575 Α
1963 505 2151 562 LXVI.
2185 510 2266 563 De
2321 505 2510 580 eclipsi
2536 503 2687 577 solis,
2735 511 2788 565 et
2814 506 3073 566 adventu
3103 509 3607 573 Nordmannorum.

206 595 373 653 naria
421 613 471 666 L,
506 594 764 668 jacentia
819 593 880 650 in
926 591 1128 650 villula
1185 609 1312 666 quae
1362 591 1577 648 dicitur
1632 593 1849 663 Sithiu,

205 691 384 760 super
415 684 590 741 ﬂuvio
618 682 904 758 Agniona,
963 699 1070 739 nos
1101 698 1356 756 quoque,
1407 683 1562 754 quod
1615 685 1718 738 tua
1744 681 1854 738 fuit

205 773 432 849 petitio,
476 772 637 847 ipsas
687 790 778 829 res
824 772 1050 840 ambas,
1102 776 1222 827 tam
1277 786 1376 827 eas
1421 787 1569 843 quas
1617 770 1849 838 dedisti,

203 871 326 922 tam
359 881 459 920 eas
491 880 639 935 quas
670 879 704 919 a
736 861 905 918 nobis
937 859 1224 934 expetisti,
1258 860 1635 916 concedimus
1662 860 1769 916 tibi
1797 863 1854 916 et

171 953 372 1011 ‘uxori
404 959 510 1010 tua
538 951 859 1019 Bertlianae,
893 967 996 1007 seu
1037 949 1177 1006 ﬁliis
1203 949 1434 1016 vestris,
1468 950 1539 1006 ad
1589 948 1851 1006 excolen-

205 1045 349 1100 dum
380 1046 439 1100 et
483 1040 994 1111 ,emeliorandum:
1029 1043 1106 1108 et,
1156 1039 1309 1094 sicut
1337 1039 1630 1107 convenit,
1682 1037 1852 1094 nobis

207 1133 380 1191 annis
406 1129 676 1205 singulis,
709 1130 780 1186 ad
812 1129 1183 1186 festivitatem
1203 1127 1391 1183 sancti
1412 1127 1652 1196 Bertini,
1672 1124 1852 1183 Nonis

207 1219 595 1296 Septembris,
609 1218 865 1276 solidum
891 1236 910 1274 ι
929 1217 1253 1292 persolvere
1265 1215 1574 1285 studeatis,
1590 1219 1648 1272 et
1673 1214 1854 1272 aliubi

207 1313 371 1386 ipsas
401 1326 493 1367 res
514 1325 620 1366 nec
641 1309 778 1364 dare
807 1323 914 1364 nec
943 1307 1190 1365 vendere
1217 1323 1326 1363 nec
1355 1309 1719 1363 commutare
1749 1319 1856 1360 nec

208 1403 466 1460 alienare
495 1402 841 1474 postetatem
870 1397 1170 1465 habeatis;
1203 1397 1328 1465 sed,
1373 1400 1438 1452 ut
1477 1395 1703 1452 dictum
1742 1397 1852 1460 est,

210 1490 474 1567 quandiu
501 1487 782 1555 vixeritis,
814 1504 919 1560 pro
935 1489 1134 1543 nostro
1155 1484 1434 1542 beneficio
1465 1483 1813 1557 possideatis
1839 1499 1852 1551 ;

209 1600 277 1640 ac
310 1583 443 1654 post
471 1582 729 1636 vestrum
757 1575 1022 1633 omnium
1048 1574 1296 1646 obitum,
1322 1574 1462 1648 ipsae
1483 1589 1578 1630 res
1598 1571 1857 1646 praescri-

209 1676 344 1746 ptas,
377 1686 512 1726 cum
543 1667 705 1724 omni
735 1664 1196 1732 emelioratione,
1227 1681 1262 1719 a
1292 1663 1463 1720 nobis
1487 1662 1574 1719 vel
1631 1677 1858 1718 succes-

207 1761 448 1819 soribus
478 1756 696 1815 nostris
722 1757 793 1812 ad
827 1755 1123 1828 integrum
1155 1752 1516 1827 recipiantur
1542 1751 1602 1807 in
1651 1767 1856 1824 perpe-

207 1857 382 1908 tuum
404 1845 790 1923 possidendas.
822 1844 954 1946 Ilaec
987 1860 1124 1918 ergo
1150 1841 1477 1946 ‘praastaria
1504 1841 1676 1897 ﬁrma
1726 1855 1856 1913 per-
1888 1880 1936 1946 B

191 1945 468 2012 'maneat,
502 1955 637 1996 cum
669 1933 1045 2010 stipulatione
1075 1932 1345 1989 subnixa.

285 2054 315 2084 «
348 2032 557 2088 Actum
587 2025 779 2084 Sitbiu
812 2021 1167 2080 monasterio
1208 2021 1460 2096 publice,
1508 2020 1568 2077 in
1616 2018 1860 2077 basilica

211 2119 414 2179 Sancti
445 2117 597 2176 Petri
627 2112 874 2190 apostoli
901 2129 970 2170 ιιι
1003 2112 1142 2168 Idus
1185 2110 1426 2184 Aprilis,
1477 2127 1629 2168 anno
1679 2124 1740 2166 ιιι
1777 2124 1862 2164 re-

211 2214 431 2286 gnante
459 2207 673 2264 domno
705 2202 907 2261 Carolo
937 2201 1290 2275 imperatore
1319 2201 1384 2276 in,
1413 2199 1656 2258 Francia
1685 2196 1854 2271 (105),

213 2305 425 2376 nepote
455 2295 664 2355 Caroli.

288 2375 317 2446 ξι
348 2391 468 2464 Ego
494 2383 801 2452 Rodulfus,
835 2381 1038 2453 abbas,
1070 2379 1307 2454 propria
1334 2395 1515 2435 manu
1546 2375 1794 2434 firmavi.
1829 2396 1857 2425 ››

212 2482 404 2541 LXIII.
438 2480 512 2536 De
538 2477 712 2532 morte
741 2472 926 2529 Caroli
973 2471 1118 2542 regis
1149 2471 1200 2525 et
1253 2469 1590 2524 successione
1639 2465 1855 2523 Odonis.

289 2569 461 2646 (888.)
493 2567 629 2624 Post
679 2563 800 2620 haec
825 2564 1020 2616 autem
1067 2557 1310 2614 Carolus
1339 2573 1456 2646 rex,
1505 2553 1734 2646 imperii
1766 2553 1859 2610 sui

215 2644 371 2724 anno
399 2677 476 2729 Iv,
509 2652 761 2713 decessit
791 2669 824 2707 a
852 2647 1101 2718 saeculo;
1135 2646 1229 2704 cui
1277 2644 1517 2719 quidam
1549 2645 1691 2716 Odo,
1740 2660 1858 2700 non

213 2767 288 2809 ex
315 2748 475 2823 regia
504 2745 707 2818 stirpe,
740 2738 1023 2799 successit
1050 2737 1112 2793 in
1143 2753 1342 2810 regno.
1402 2735 1666 2823 Namque
1693 2735 1862 2790 dece-

215 2822 496 2897 dentibus
523 2828 999 2905 imperatoribus,
1030 2823 1400 2881 Carlomanni
1441 2822 1599 2878 ﬁlius
1628 2824 1859 2878 tantum

215 2931 279 2987 in
312 2925 479 2986 cunis
501 2919 785 2980 remansit
812 2934 958 2991 puer
978 2913 1241 2975 Carolus.
1264 2913 1335 2969 de
1358 2929 1472 2984 quo
1498 2927 1632 2968 cum
1657 2910 1860 2967 Franci

216 3016 648 3092 desperassent,
680 3009 988 3084 praefatum
1021 3003 1281 3060 Odonem
1314 3018 1518 3092 super
1546 3017 1608 3057 se
1665 3015 1861 3074 regem

218 3091 508 3172 statuunt,
541 3117 694 3159 anno
725 3095 957 3156 Domini
977 3093 1081 3150 888
1111 3092 1280 3166 (106).
1312 3091 1376 3147 Ιιι
1407 3091 1578 3163 cujus
1609 3106 1762 3146 anno
1778 3105 1864 3146 se-

217 3198 434 3263 cundo,
469 3190 656 3250 sancti
682 3185 896 3244 Bertini
919 3181 1337 3241 monasterium
1362 3182 1754 3253 atempestate
1775 3182 1866 3235 est

219 3290 514 3362 dejectum
541 3298 635 3338 xvx
665 3275 789 3336 Kal.
820 3272 1140 3362 Februarii.

223 3357 410 3436 Lilv.
464 3369 764 3428 Prwstarz'o
821 3361 1086 3420 IIucbaldz'
1127 3360 1382 3417 monachi
1411 3357 1477 3415 de
1529 3357 1864 3414 Hildincurt.

294 3464 512 3523 Eodem
543 3475 716 3526 anno,
748 3454 936 3510 isdem
973 3451 1156 3508 abbas
1210 3446 1496 3506 Bodultus
1555 3446 1860 3516 concessit,

215 3574 321 3632 per
349 3549 732 3628 prastariam,
752 3541 1072 3607 Huchaldo,
1103 3539 1388 3596 monacho
1408 3535 1653 3593 coenobii
1674 3535 1862 3632 sancti

217 3623 490 3711 .Ama-ndi,
519 3637 718 3696 villam
751 3630 1091 3689 monasterii
1122 3627 1215 3685 sui
1233 3627 1446 3696 Sithiu,
1471 3626 1531 3681 in
1549 3641 1697 3699 pago
1715 3623 1862 3680 Ver-

218 3733 562 3797 mandense,
580 3724 956 3796 nuncupante
976 3716 1197 3774 Hildini
1219 3717 1474 3786 Curtem,
1491 3731 1624 3771 cum
1644 3712 1861 3769 villulis

218 3825 289 3882 ad
313 3821 580 3880 eamdem
611 3809 1063 3891 pertinentibus.
1087 3807 1265 3880 Cujus
1288 3805 1599 3879 praestariaa
1620 3801 1754 3860 talis
1775 3805 1865 3860 est

216 3913 443 3972 charta.

699 3991 860 4051 LXV.
893 3987 1188 4061 Exemplar
1217 3984 1385 4059 (107).

215 4095 432 4152 Notum
456 4103 586 4146 esse
614 4083 911 4150 volumus,
973 4076 1223 4152 qualiter
1278 4073 1527 4131 dilectus
1575 4071 1865 4130 confrater

218 4186 420 4241 noster
448 4173 886 4251 Ilugbaldus,ex
906 4165 1167 4226 coenobio
1185 4164 1323 4222 almi
1343 4161 1636 4251 pontiﬁcis
1654 4162 1866 4251 Aman-

219 4273 278 4329 di
312 4249 662 4328 confessoris
695 4263 765 4318 ad
817 4255 1203 4316 erudiendum
1256 4253 1540 4310 domuum
1589 4249 1862 4306 abbatem

220 4359 566 4424 Rodulfum,
597 4351 885 4411 seniorem
918 4350 1211 4413 nostrum,
1244 4341 1595 4399 concedente
1621 4355 1687 4396 ac
1719 4355 1864 4412 prae-

221 4451 472 4526 cipiente
500 4441 779 4502 Gauzlino
819 4437 1084 4511 ejusdem
1114 4431 1244 4526 loci-
1273 4430 1501 4526 abbate,
1561 4427 1865 4485 omnibus-

221 4518 351 4616 quae
381 4539 596 4595 sancta
624 4531 784 4589 illius
815 4520 1281 4600 congregationis
1312 4518 1589 4616 fratribus
1615 4532 1866 4616 consen-

2031 596 2197 652 Anno
2227 595 2512 669 posthaec
2563 597 2755 666 tertio,
2811 598 3079 672 ecclipsis
3118 599 3261 656 solis
3317 601 3471 658 facta
3516 605 3607 659 est

1958 699 2095 740 xvm
2125 683 2414 741 Kalendas
2429 685 2806 757 Septembris,
2826 686 2968 743 hora
2990 688 3266 758 secunda,
3295 693 3352 745 et
3371 689 3607 748 siccitas

1963 789 2179 845 magna
2209 773 2267 829 in
2299 789 2501 830 mense
2558 774 2730 843 Maio,
2781 775 2957 832 Junio
3013 781 3070 833 et
3126 775 3304 845 Julio,
3334 782 3392 835 et
3437 779 3626 837 stella-

1961 865 2217 917 cometes
2247 863 2538 936 apparuit.
2573 864 2787 921 Eodem
2837 883 3010 932 anno,
3066 866 3124 922 id
3157 871 3247 924 est
3294 868 3604 925 Dominicze

1962 949 2287 1006 nativitatis
2317 951 2441 1021 891,
2472 953 2564 1008 die
2590 953 2909 1021 Dominico,
2941 959 3074 1028 post
3105 971 3340 1026 nonam,
3382 957 3596 1031 pagani

1960 1043 2122 1106 sunt,
2138 1054 2241 1110 per
2264 1041 2470 1097 merita
2491 1046 2828 1098 sanctorum
2849 1043 3163 1100 Audomari
3186 1049 3361 1117 atque
3381 1045 3602 1102 Bertini

1963 1131 2018 1182 et
2049 1127 2342 1201 Folquini,
2377 1129 2552 1188 occisi
2573 1147 2707 1186 cccx
2733 1133 2790 1186 in
2813 1131 3374 1207 Widingahammoa
3393 1134 3607 1192 Castel-

1961 1214 2137 1273 lionis
2169 1222 2505 1275 sanctorum
2539 1221 2986 1293 praedictorum;
3046 1223 3311 1296 sequenti
3369 1241 3604 1297 quoque

1963 1304 2283 1376 Dominico,
2305 1308 2564 1378 meridie,
2589 1310 2745 1365 venit
2765 1311 3050 1368 exercitus
3073 1311 3334 1385 reliquus
3355 1329 3606 1386 pagano-

1963 1410 2094 1450 rum
2127 1395 2396 1468 ampliori
2426 1397 2800 1456 multitudine
2828 1401 2901 1456 ad
2931 1400 3236 1458 castellum
3266 1407 3602 1460 sanctorum

1965 1483 2374 1556 praedictorum
2401 1503 2413 1553 ;
2447 1491 2502 1542 et
2529 1494 2932 1560 pugnaverunt
2961 1508 2996 1545 a
3033 1489 3273 1547 meridie
3304 1507 3494 1565 usque
3527 1494 3601 1550 ad

1961 1589 2291 1645 vesperum,
2305 1591 2360 1631 v1
2379 1575 2574 1632 Nonas
2595 1576 2753 1640 Maii,
2778 1581 2834 1633 et
2855 1577 3000 1634 nihil
3023 1578 3468 1652 prmvaluerunt.
3486 1581 3600 1639 Sed

1965 1661 2163 1735 aliqua
2194 1680 2330 1736 pars
2359 1663 2592 1721 illorum
2624 1665 2860 1722 intravit
2893 1665 3197 1726 ecclesiam
3251 1671 3437 1726 sancti
3466 1671 3602 1728 Ber-

1964 1751 2074 1807 tini
2120 1751 2323 1825 ibique
2352 1754 2484 1809 caeci
2514 1755 2698 1810 effecti
2729 1759 2869 1811 sunt
2909 1771 2989 1811 xu
3012 1757 3140 1826 viri,
3189 1761 3248 1814 et
3274 1758 3482 1814 vexilla
3510 1776 3606 1816 eo-

1966 1856 2098 1896 rum
2117 1839 2177 1897 in
2211 1840 2385 1898 aliam
2420 1841 2670 1916 figuram
2703 1847 2930 1900 mutata
2958 1849 3136 1915 sunt;
3184 1846 3339 1918 quod
3367 1846 3602 1905 libellus

1970 1928 2382 1987 miraculorum
2413 1932 2597 1987 sancti
2632 1932 2847 1988 Bertini
2878 1933 3247 2005 apertissime
3266 1939 3534 1993 testatur.

1967 2035 2180 2092 LXVII.
2261 2037 2508 2105 Qualiter
2535 2037 2734 2100 ,abbas
2808 2036 3075 2110 Rodat/us
3142 2039 3287 2110 apud
3339 2041 3610 2098 Atrebati:

2531 2111 2801 2177 aegrotans
2821 2109 3036 2164 abierit.

2037 2196 2210 2270 (892.)
2247 2196 2479 2266 Deinde,
2514 2213 2666 2253 anno
2724 2200 2855 2270 post
2905 2197 3027 2255 hinc
3062 2196 3261 2268 altero,
3321 2199 3608 2260 Rodulfus

1966 2285 2149 2341 abbas
2171 2287 2325 2358 apud
2346 2287 2684 2355 Attrebatis,
2702 2286 2760 2342 in
2784 2287 2992 2344 diebus
3018 2293 3352 2346 octavarum
3372 2289 3605 2348 Domini

1966 2374 2312 2448 sanguinem
2344 2375 2640 2443 minuans,
2674 2392 2712 2431 ιι
2743 2375 2938 2432 Nonas
2966 2377 3254 2447 Januarii,
3288 2378 3442 2436 circa
3473 2396 3600 2437 me-

1967 2464 2126 2520 diam
2155 2468 2404 2532 noctam,
2438 2464 2744 2520 brachium
2777 2465 2903 2536 ejus
2933 2466 3106 2538 coepit
3139 2469 3481 2541 turgescens
3507 2469 3602 2526 in-

1969 2552 2130 2622 ﬂari;
2158 2551 2560 2626 paulatimque
2583 2553 2778 2610 dolore
2807 2555 2878 2610 ad
2902 2555 3218 2628 praecordia
3234 2562 3599 2630 properante,

1969 2641 2114 2699 obiit
2142 2641 2235 2698 die
2259 2640 2683 2712 illuscescente,
2709 2660 2860 2700 anno
2888 2644 3118 2700 Domini
3168 2645 3292 2703 892.
3325 2646 3452 2703 Non
3482 2647 3605 2704 haec

1970 2736 2169 2788 autem
2201 2731 2318 2788 dixi
2350 2735 2416 2787 ut
2443 2735 2704 2788 astruam
2734 2731 2957 2789 lunaris
2996 2731 3152 2807 globi
3207 2751 3520 2792 numerum
3549 2740 3610 2794 et

1969 2821 2561 2886 cursum,secundum
2577 2838 2998 2893 supervacuam
3011 2823 3405 2880 mundialium
3417 2825 3648 2898 sapien-

1968 2910 2132 2978 tiam,
2167 2926 2202 2965 a
2225 2909 2572 2965 Christianis
2601 2926 2730 2966 esse
2759 2911 3212 2984 observandum,
3244 2929 3310 2968 ac
3350 2913 3420 2982 si,
3454 2915 3610 2986 quod

1970 2999 2134 3055 nefas
2165 3002 2253 3054 est
2277 2997 2454 3054 etiam
2485 2999 2677 3056 dicere
2705 3003 2763 3055 et
2793 2999 3070 3056 horribile
3101 3001 3304 3057 auditu
3344 3001 3611 3060 Christus

1970 3086 2032 3144 in
2063 3103 2125 3155 II,
2157 3103 2215 3142 ιιι
2243 3089 2300 3142 et
2327 3103 2385 3144 ιν
2414 3085 2556 3143 luna
2581 3091 2926 3159 potestatem
2959 3091 3171 3156 teneat,
3203 3089 3265 3145 in
3287 3107 3306 3145 ι
3338 3094 3532 3147 autem
3551 3095 3614 3149 et

1969 3193 2004 3232 v
2033 3179 2091 3233 et
2114 3191 2215 3233 νιιι
2247 3175 2503 3244 amittat;
2527 3176 2629 3232 sed
2650 3175 2930 3233 veraciter
2959 3177 3088 3233 dico
3116 3178 3273 3250 quod
3296 3179 3611 3252 prasciens

1972 3265 2169 3323 omnia
2199 3268 2348 3321 Deus
2370 3265 2845 3338 praedestinatum
2866 3267 2994 3338 ejus
3012 3267 3328 3324 terminum
3349 3268 3479 3325 vitas
3500 3269 3614 3326 sub
3692 3319 3708 3324 _

1972 3353 2083 3411 hac
2111 3354 2294 3410 voluit
2323 3354 2627 3411 occasione
2657 3354 2844 3412 ﬁnire.
2879 3353 3157 3428 Sepultus
3186 3360 3275 3412 est
3299 3360 3492 3414 autem
3526 3357 3612 3415 is-

1973 3444 2106 3500 dem
2138 3443 2319 3500 abbas
2351 3443 2412 3499 in
2434 3444 2788 3501 monasterio
2817 3443 3001 3502 sancti
3031 3444 3288 3503 Vedasti.

1973 3551 2213 3624 LXVIII.
2273 3551 2526 3622 Qualiter
2575 3555 2697 3624 post
2727 3553 2844 3610 haec
2887 3553 3032 3609 locus
3061 3553 3163 3610 iste
3217 3555 3277 3610 in
3310 3553 3496 3610 laicalz
3524 3563 3614 3616 re:

2041 3623 2230 3678 dactus
2257 3626 2336 3679 est
2385 3623 2650 3696 potestate
2670 3644 2690 3694 ;
2719 3631 2771 3681 et
2809 3624 2876 3680 de
2930 3633 3102 3682 morte
3129 3625 3372 3683 Folconis
3427 3626 3613 3682 archi-

2034 3710 2266 3768 pzscopz.

2041 3801 2435 3859 Postmortem
2451 3805 2644 3859 autem
2659 3803 2886 3860 Rodulfi
2900 3803 3534 3876 abbatis,Balduinus(l
3545 3806 3617 3862 08

1969 3890 2209 3949 inclitus
2235 3890 2917 3963 marchisus,'Flandria2,
2979 3893 3252 3960 Bolonias,
3301 3894 3612 3952 Ternensis

1970 3979 2146 4036 etiam
2204 3995 2418 4047 comes,
2473 3979 2768 4037 abbatiam
2827 3984 3022 4038 tenere
3082 3982 3360 4056 gestiens,
3413 3998 3612 4056 regem

1973 4066 2223 4124 Franciae
2276 4067 2441 4136 adiit,
2496 4069 2932 4142 deprecaturus,
2993 4069 3044 4126 si
3087 4069 3147 4126 id
3197 4071 3612 4143 quoquomodo

1972 4162 2169 4231 posset
2197 4157 2476 4231 torqueri,
2504 4157 2797 4215 abbatiam
2849 4157 3161 4216 Sithiensis
3204 4159 3448 4216 canobii
3497 4159 3613 4216 sibi

1973 4247 2229 4305 concedi.
2261 4247 2423 4312 Quod
2474 4247 2778 4304 audientes
2803 4248 2930 4320 jam
2961 4247 3100 4304 dicti
3128 4248 3315 4305 sancti
3345 4247 3456 4304 loci
3488 4264 3614 4306 mo-

1973 4337 2165 4406 nachi,
2194 4334 2600 4394 Grimbaldum
2633 4337 2972 4410 quemdam,
2994 4354 3064 4394 ex
3091 4337 3236 4410 ipsis
3258 4337 3615 4395 monachum

1973 4425 2108 4500 (sub
2130 4425 2370 4500 Hugone
2389 4423 2703 4484 venerabili
2728 4425 2940 4483 abbate
2961 4425 3307 4484 duodecimo
3318 4427 3614 4500 pradicto,

1972 4515 2271 4585 vestitum,
2305 4516 2494 4589 gratia
2523 4519 2580 4572 et
2606 4515 2826 4572 honore
2844 4515 3136 4590 dignum),
3159 4516 3231 4572 ad
3262 4532 3459 4590 regem
3475 4513 3616 4571 diri-

216 4603 521 4693 tientibus,
555 4612 1154 4689 destinatus,petierit
1183 4629 1218 4668 a
1247 4610 1484 4684 praefato
1511 4609 1725 4664 domno
1747 4605 1866 4662 Ro-
1895 4623 1944 4692 D
1975 4609 2140 4678 gunt,
2173 4605 2232 4662 id
2262 4604 2635 4676 omnimodis,
2666 4605 2716 4661 si
2743 4609 2960 4678 posset,
2980 4603 3294 4662 consilium
3316 4609 3434 4662 toto
3450 4620 3620 4693 cona-

218 4719 379 4778 dult‘o
401 4714 685 4791 quasdam
711 4726 802 4766 res
823 4709 1057 4780 propter
1077 4697 1415 4791 temporalis
1445 4695 1652 4791 solatia
1671 4709 1866 4751 neses-

219 4785 438 4877 sitatis,
467 4805 608 4861 dum
640 4802 767 4873 ejus
793 4795 1112 4853 adhaereret
1140 4788 1328 4857 lateri,
1350 4788 1422 4843 ab
1442 4785 1539 4877 illo
1561 4799 1870 4842 concessas

220 4898 336 4957 sibi
365 4876 584 4953 uestris
614 4886 940 4964 specialiter
968 4881 1175 4940 usibus
1228 4876 1482 4951 delegari
1510 4879 1686 4964 atque
1740 4889 1874 4930 con-

218 4986 407 5046 tradi:
443 4985 526 5043 sic
555 4962 773 5044 tamen,
799 4979 865 5032 ut
911 4971 1082 5031 annis
1129 4967 1378 5042 singulis
1409 4966 1480 5022 ad
1503 4962 1874 5021 festivitatem

223 5075 414 5136 sancti
441 5069 718 5137 Amandi,
744 5083 872 5141 quae
899 5068 987 5121 est
1008 5079 1084 5119 vn
1108 5058 1394 5117 Kalendas
1415 5052 1779 5122 Novembris,
1803 5051 1874 5108 de

218 5168 366 5242 ipsis
395 5165 573 5222 rebus
604 5158 776 5217 nobis
801 5153 1174 5212 refectionem
1197 5148 1506 5222 praeparet.

292 5273 438 5348 (ωδ)
468 5270 910 5348 Αυοιρτθεινουφ
943 5259 1111 5348 Galla,
1136 5246 1865 5348 Chrsaﬁhesiasjlsr

218 5320 1007 5410 oohiéEidﬁI'rHiééE'putant
1033 5329 1269 5388 biennio
1298 5323 1722 5410 posthc‘hartam
1754 5320 1866 5410 Ito;

219 5397 350 5475 {ﬁlii
361 5397 647 5488 superius
677 5397 943 5488 relatam,
987 5418 1198 5486 nempe
1227 5397 1405 5488 anno
1424 5397 1729 5488 quia
1752 5397 1867 5488 ni:

218 5471 562 5561 tiu—Inﬁre‘gni
592 5481 779 5561 Caroli
794 5471 1005 5561 _Cra83i
1030 5471 1276 5561 sumunt
1295 5471 1866 5561 abAeoLte‘mpore’qno

219 5537 691 5629 {filiaiBEE-‘ihgig
707 5537 1115 5629 principatum
1147 5543 1512 5629 obtinuerat;
1528 5537 1706 5629 flecte
1714 5537 1865 5629 Aqui:

220 5610 644 5707 Maias
675 5610 1416 5707 ριςατιααῖιλρςιίυξρξιίειει

219 5675 557 5787 ξὲἷίιέῖᾔεᾌ
571 5675 962 5762 ἷιῖεῖιῗιῖἱιὶἇῆἱὶ
991 5688 1283 5760 attendas,
1315 5684 1399 5746 nil
1430 5675 1678 5744 dubium
1724 5675 1868 5760 quin

1974 4693 2132 4751 mine
2161 4696 2582 4752 evacuandum.
2614 4694 2736 4760 Quo
2764 4693 3120 4768 proﬁciente,
3155 4693 3383 4751 obviam
3413 4692 3622 4751 habuit

1979 4784 2251 4840 eumdem
2283 4784 2577 4854 comitem,
2612 4801 2726 4857 quo
2755 4783 3020 4840 tenderet
3047 4782 3463 4857 requirentem.
3512 4781 3620 4838 Cui

1980 4887 2114 4926 cum
2146 4874 2546 4946 respondisset
2574 4889 2636 4931 se
2660 4889 2855 4947 regem
2879 4876 3143 4946 expetere
3162 4873 3328 4943 velle,
3345 4871 3622 4929 indicavit

1981 4960 2030 5016 ei
2063 4977 2125 5016 se
2151 4963 2310 5034 regia
2339 4963 2649 5020 donatione
2679 4963 2972 5020 abbatiam
3014 4961 3313 5035 acquirere
3343 4977 3534 5034 posse,
3566 4958 3619 5017 si

1981 5049 2404 5108 monachorum
2431 5052 2700 5110 voluntas
2749 5051 2811 5108 in
2841 5051 2949 5108 hoc
2985 5067 3101 5108 non
3155 5049 3450 5106 videretur
3480 5065 3620 5106 cou-

1981 5137 2196 5208 traire;
2229 5155 2290 5195 se
2340 5155 2572 5213 quoque
2621 5141 2832 5198 obnixe
2879 5144 3070 5215 petere
3113 5156 3186 5196 ne
3241 5154 3375 5197 eum
3408 5155 3478 5194 ex
3506 5137 3617 5194 hoc

1976 5249 2186 5323 agatur
2215 5244 2286 5302 de
2315 5246 2581 5323 ejusdem
2634 5247 2823 5323 Caroli
2853 5248 3121 5323 regnoiin
3153 5245 3415 5315 Francia,
3447 5245 3621 5319 cujus

1981 5315 2188 5373 tertius
2220 5315 2412 5374 annus
2436 5318 2508 5374 ad
2543 5336 2595 5374 a.
2629 5321 2734 5376 887
2765 5315 3125 5378 revocandus
3154 5324 3260 5377 est.

2045 5389 2190 5460 (106)
2219 5389 2365 5461 Lege
2388 5390 2514 5445 887.

2044 5459 2193 5528 (107)
2214 5459 2504 5524 Quasdam
2527 5461 2789 5532 e,'usdem
2823 5462 3202 5520 instrumenti
3229 5459 3496 5521 clausula
3523 5477 3615 5520 re-

2044 5530 2112 5587 lit
2140 5531 2360 5588 Mabill.
2391 5477 2590 5589 Annal].
2626 5533 2848 5589 Bened..
2881 5539 3025 5589 tom.
3059 5535 3157 5589 Ill.
3193 5552 3326 5589 nan.
3357 5535 3484 5589 280.
3597 5521 3614 5539 ’

1975 5530 2361 5610 tuli_t_1_\iabil_lz
2391 5530 2848 5610 4nnal._Bened.,
2881 5539 3025 5610 tom.
3055 5535 3157 5610 III,
3192 5552 3326 5610 pag.
3357 5535 3484 5594 280.

2047 5604 2192 5681 (108)
2225 5603 2548 5672 Balduinus
2577 5603 2648 5677 II,
2667 5605 3014 5688 cognomine
3044 5603 3274 5672 Calvus.
