4050 6382
160 348 186 406 1
202 341 320 402 25.7

1547 342 2203 406 CHARTULABIUM.

3432 347 3587 410 1258

161 490 495 548 cavensque
527 491 598 530 ne
627 473 906 532 irruerint
934 491 1111 548 super
1140 491 1275 531 eum
1291 491 1426 531 cum
1445 475 1825 532 multitudine
1853 476 1910 546 Α
1940 475 2126 549 Hugo,
2187 477 2305 533 dux
2362 477 2717 535 Francorum
2762 478 3022 552 inclitus,
3109 478 3588 560 Heribertusque,

159 562 446 633 hostium,
481 580 749 620 reversus
781 567 869 620 est
893 580 1027 620 cum
1060 562 1204 630 suis,
1240 564 1394 619 unde
1438 568 1692 634 venerat,
1755 564 1810 620 in

160 652 421 709 Lotharii
451 669 720 727 regnum.

479 788 666 843 LXXI.
699 789 772 845 Dc
795 787 1100 844 i'n-clusione
1121 789 1263 857 regis
1291 786 1494 843 Caroli.

220 921 325 978 His
357 921 439 977 ita
470 921 736 994 patratis,
757 921 1072 994 praedictus
1094 921 1455 988 IIcribertus,
1481 918 1640 976 omni
1661 919 1819 977 dolo-

150 1010 325 1067 sitate
349 1010 576 1084 plenus,
606 1015 739 1084 post
782 1028 980 1085 regem
1035 1010 1307 1066 Carolum
1366 1009 1606 1065 nuntios
1655 1008 1817 1065 misit

148 1100 348 1156 verbis
379 1099 639 1172 pacificis
669 1100 728 1155 in
759 1101 911 1168 dolo,
945 1100 1144 1156 dicens
1168 1117 1230 1155 se
1261 1098 1618 1155 omnimodis
1634 1098 1816 1170 pecni-

150 1193 271 1245 tere
308 1189 464 1263 quod
496 1193 696 1245 contra
726 1206 862 1246 eum
893 1194 1140 1246 conatus
1172 1188 1382 1244 fuisset
1403 1205 1574 1260 agere
1598 1205 1612 1257 ;
1637 1189 1810 1257 unde,

150 1279 198 1333 si
232 1283 642 1346 reverteretur,
675 1277 946 1352 promisit
976 1277 1024 1334 ei
1054 1294 1302 1351 regnum
1333 1277 1689 1333 Francorum
1713 1294 1815 1349 per

151 1367 354 1424 omnia
403 1368 740 1440 subjugare.
805 1367 968 1434 Quod
1029 1367 1274 1422 audiens
1332 1365 1592 1432 Carolus,
1644 1365 1811 1422 laetus

147 1458 390 1514 effectus
421 1474 609 1530 usque
639 1456 824 1513 sancti
852 1456 1113 1521 Quintini
1147 1459 1427 1521 castrum,
1459 1455 1810 1511 Vermandis

153 1550 242 1602 est
273 1563 561 1606 reversus.
595 1545 698 1602 Cui
719 1562 998 1602 occurens
1027 1544 1214 1601 isdem
1241 1545 1600 1610 Heribertus,
1626 1544 1806 1600 intro-

154 1635 322 1692 duxit
352 1652 485 1692 eum
520 1636 576 1690 in
609 1636 879 1690 eumdem
912 1638 1192 1699 castrum,
1236 1633 1695 1706 praeparavitque
1753 1633 1804 1689 ei

149 1724 482 1780 convivium
505 1724 648 1780 satis
678 1723 1095 1780 lautissimum.
1141 1724 1314 1779 Facta
1370 1726 1564 1778 autem
1615 1727 1806 1790 nocte,

146 1832 283 1870 cum
316 1831 522 1870 omnes
549 1814 682 1869 vino
713 1812 923 1886 sepulti
945 1813 1328 1885 quiescerent,
1352 1811 1624 1884 prmeepit
1645 1811 1805 1867 Heri-

144 1903 348 1960 bertus
380 1903 505 1958 suis
535 1906 621 1970 ut,
653 1902 955 1969 abeuntes,
988 1900 1187 1957 omnia
1217 1917 1416 1957 eorum
1441 1917 1604 1956 arma
1632 1901 1800 1956 tolle-

145 1997 299 2059 rent,
333 2009 426 2061 ne,
460 1991 519 2046 in
550 1992 701 2047 facto
732 1992 886 2063 quod
922 1991 1107 2046 facere
1151 1989 1462 2063 cogitabat,
1520 1989 1802 2045 haberent

151 2081 306 2137 unde
335 2082 605 2137 resistere
636 2084 896 2154 possent.
930 2081 1065 2135 Orto
1098 2079 1277 2151 igitur
1309 2077 1451 2145 sole,
1511 2077 1800 2150 accipiens

146 2188 367 2244 regem,
401 2170 638 2226 tradidit
669 2169 967 2226 custodiae.
1011 2167 1223 2224 Milites
1251 2172 1468 2234 autem,
1511 2185 1666 2233 cum,
1727 2167 1798 2222 ad

143 2278 311 2316 arma
332 2259 754 2332 confugientes,
788 2275 903 2314 non
938 2257 1278 2330 reperirent,
1314 2257 1386 2312 ad
1419 2256 1656 2328 propria
1697 2256 1799 2310 do-

148 2348 337 2406 lentes
370 2349 848 2421 repatriaverunt.
882 2347 1218 2403 Heribertus
1261 2349 1453 2401 autem
1512 2343 1802 2416 accipiens

151 2438 448 2508 Carolum,
469 2437 634 2493 duxit
649 2437 707 2492 in
721 2442 977 2493 castrum
996 2435 1150 2508 quod
1170 2435 1385 2490 dicitur
1407 2434 1800 2489 ParonaScot-

146 2532 380 2597 torum;
413 2531 651 2600 eratque
681 2527 759 2582 ibi
793 2527 902 2582 sub
935 2523 1204 2581 custodia
1231 2523 1466 2578 clausus
1497 2539 1684 2594 usque
1727 2521 1800 2576 ad

145 2619 302 2673 diem
336 2616 539 2673 mortis
571 2618 718 2688 ejus.
753 2615 906 2672 Uxor
929 2631 1060 2671 vero
1089 2615 1238 2686 ejus,
1281 2611 1501 2687 regina,
1564 2611 1800 2666 nomine

145 2707 386 2780 Odgiva,
418 2721 627 2779 genere
657 2704 1075 2771 transmarina,
1135 2718 1270 2757 cum
1318 2705 1374 2756 et
1405 2699 1534 2772 ipsa
1581 2699 1799 2754 multas

145 2792 541 2850 insecutiones
573 2792 781 2849 fuisset
811 2791 922 2847 sub
954 2791 1062 2846 hoc
1093 2794 1354 2862 tempore
1384 2805 1578 2861 passa,
1613 2787 1798 2842 filium

149 2901 349 2949 suum,
383 2882 740 2938 Ludovicum
772 2897 1040 2954 puerum,
1073 2880 1143 2935 ad
1165 2877 1380 2952 Anglos
1411 2876 1620 2933 direxit
1637 2880 1801 2932 tuen-

149 2974 293 3028 dum
320 2989 332 3040 ;
369 2989 507 3027 nam
531 2975 589 3027 et
610 2972 804 3044 ipsum
828 2970 1165 3042 quaerebant
1186 2966 1671 3024 interficiendum.
1697 2966 1800 3021 Re-

149 3079 281 3136 gem
301 3062 478 3136 igitur
493 3078 670 3134 super
680 3077 740 3117 se
756 3059 959 3116 Franci
978 3061 1246 3115 statuunt
1265 3055 1579 3112 Rodulfum
1597 3071 1799 3128 quem-

121 3142 285 3208 'dam
316 3155 478 3225 patre
509 3151 778 3217 Ricardo,
810 3167 1018 3222 genere
1047 3147 1437 3204 Alvernicum.
1490 3146 1609 3202 Sub
1669 3146 1797 3215 ejus

144 3215 408 3314 tempore
437 3215 788 3313 Stephanus,
811 3215 1206 3294 Il‘arvanensis
1244 3235 1510 3292 Ecclesia:
1567 3234 1787 3307 episco-
1821 3215 1863 3284 C

146 3349 278 3404 pus,
311 3329 557 3388 decessit
591 3347 623 3386 a
652 3328 861 3385 saeculo
888 3346 902 3396 ;
935 3329 1029 3384 cui
1060 3327 1116 3382 in
1150 3327 1486 3400 episcopatu
1509 3322 1794 3381 successit

145 3417 859 3500 Wicfridus,hujusnostri
873 3415 1208 3473 monasterii
1223 3415 1408 3470 Sithiu
1424 3413 1789 3487 praepositus,

148 3527 300 3568 anno
331 3508 752 3565 incarnationis
775 3506 1221 3573 Dominicae755,
1236 3523 1316 3560 x11
1333 3504 1618 3560 Kalendas
1630 3501 1790 3570 Julii,

150 3601 220 3656 ab
249 3598 486 3655 Artaldo
518 3596 930 3670 archiprtssule
980 3599 1370 3652 consecratus.
1435 3592 1531 3648 llis
1588 3592 1796 3647 diebus

147 3687 529 3754 Nordmanni,
546 3688 909 3759 aRotomago
924 3685 1162 3742 collecta
1175 3683 1549 3739 multitudine
1563 3680 1796 3736 navium

151 3777 628 3849 circumjacentia
659 3775 839 3832 maris
868 3774 1065 3830 littora
1081 3773 1478 3829 devastabant.
1502 3770 1662 3837 Quod
1696 3786 1798 3824 au-

153 3869 321 3925 diens
353 3866 572 3923 Rodulf
572 3883 639 3922 us
653 3883 771 3934 rex,
789 3867 1134 3936 congregato
1151 3864 1503 3918 Francorum
1524 3858 1798 3926 exercitu,

154 3961 357 4016 contra
385 3956 492 4012 hos
521 3955 578 4010 in
613 3954 1516 4027 pagoTarvanensepugnaturus
1536 3947 1800 4005 accessit.

156 4047 395 4120 Cognito
427 4046 556 4113 hoc,
589 4043 948 4103 Nordmanni
980 4042 1257 4115 captivos,
1292 4057 1440 4112 quos
1461 4040 1533 4095 de
1563 4037 1805 4094 diversis

156 4137 300 4194 locis
331 4137 726 4208 sumpserant,
751 4131 1124 4206 jugularunt.
1159 4129 1439 4186 Rodulfus
1461 4132 1656 4184 autem
1687 4143 1805 4193 rex,

156 4227 214 4281 in
231 4230 428 4282 monte
441 4224 540 4297 qui
555 4224 770 4279 dicitur
782 4221 1094 4294 Falcoberg
1107 4221 1404 4276 insecutus
1416 4216 1807 4290 eos,pra31ium

157 4315 472 4383 commisit,
511 4313 842 4386 fugatisque
854 4311 958 4378 eis,
971 4310 1275 4366 victoriam
1293 4313 1380 4366 est
1392 4309 1656 4380 adeptus,
1673 4307 1810 4362 licet

157 4422 294 4460 eum
326 4419 568 4460 suorum
601 4401 855 4457 maximo
886 4398 1210 4472 dispendio.

446 4536 659 4592 LXVII.
695 4536 769 4592 De
794 4535 1024 4591 adventu
1051 4533 1311 4589 Ludovici
1339 4532 1503 4602 regis.

232 4672 404 4746 (929.)
434 4673 598 4726 Anno
657 4672 790 4742 post
842 4668 964 4723 haec
1015 4664 1439 4722 incarnationis
1495 4661 1806 4719 Dominicze

157 4764 286 4832 929,
319 4761 560 4818 Carolus
590 4776 689 4816 rex
721 4759 779 4813 in
812 4759 1035 4814 Parona
1065 4760 1278 4822 castro,
1308 4755 1368 4809 in
1400 4753 1666 4809 custodia
1695 4769 1812 4824 qua

133 4840 386 4909 -missus
418 4851 625 4918 fuerat,
659 4848 802 4905 obiit
820 4865 877 4902 v1
909 4843 1492 4913 KalendasOctobris,
1518 4841 1811 4915 sepultus-

162 4960 277 5016 que
309 4945 399 4997 est
429 4940 486 4995 in
519 4936 873 4995 monasterio
905 4934 1091 4992 sancti
1143 4934 1365 4990 Fursei.
1426 4932 1582 4988 Obiit
1637 4932 1812 4987 etiam

163 5035 298 5107 post
326 5031 446 5086 haec
478 5027 762 5084 Rodulfus
795 5043 893 5082 rex
921 5025 1090 5096 (H2).
1126 5024 1248 5087 Quo
1283 5023 1578 5090 defuncto,
1611 5021 1814 5077 Franci

165 5129 494 5178 transmare
522 5123 760 5191 propter
788 5115 1142 5172 Ludovicum
1174 5112 1456 5184 dirigunt,
1500 5115 1562 5166 ut
1591 5129 1724 5166 eum
1757 5110 1814 5164 in

164 5216 408 5285 paterno
439 5209 583 5265 solio
617 5208 673 5262 in
705 5223 949 5279 regnum
983 5203 1370 5260 sublimarent
1409 5201 1762 5256 Francorum
1796 5217 1810 5267 ;

163 5301 397 5374 ipsique
419 5300 772 5355 Francorum
791 5311 1058 5369 proceres
1076 5292 1447 5366 episcopique
1472 5295 1528 5346 et
1548 5289 1811 5358 comites,

165 5390 490 5447 Bononiam
511 5403 698 5459 usque
711 5385 1026 5450 civitatem,
1049 5401 1185 5439 cum
1215 5381 1469 5438 maxime
1499 5379 1718 5436 honore
1735 5395 1818 5435 re-

1929 566 2201 638 dcceptor
2224 565 2824 635 fraudulentissimus,
2839 567 3208 624 etAdalolfus
3231 568 3587 646 marchisus.

1927 653 2327 727 Suscipientes
2357 655 2554 710 rehem
2584 656 2856 729 Lugduni
2894 655 3145 726 civitate,
3179 674 3314 715 cum
3368 657 3592 718 honore

1929 743 2186 798 maxime
2221 743 2538 811 deducunt,
2571 743 2766 816 ibique
2795 761 2932 800 eum
2962 745 3020 801 in
3052 761 3249 819 regem
3281 745 3510 804 elevant
3530 750 3590 804 et

1933 836 2180 904 ungunt.
2217 831 2325 898 Qui
2342 832 2722 888 confirmatus
2747 833 2806 888 in
2839 849 3040 907 regno,
3076 833 3463 905 Heribertum,
3487 853 3588 910 pa—

1931 921 2039 977 tris
2069 921 2161 976 sui
2191 922 2554 992 traditorem,
2588 926 2644 977 et
2672 926 2970 990 tortorem,
3003 941 3067 980 se
3122 939 3355 998 quoque
3412 925 3584 999 parili

1931 1011 2106 1066 modo
2136 1011 2400 1084 decipere
2432 1011 2782 1084 cupientem,
2815 1013 2931 1069 Deo
2963 1011 3047 1068 illi
3070 1013 3309 1087 dignam
3359 1031 3464 1088 pro
3495 1015 3580 1073 fa-

1927 1099 2036 1155 ctis
2066 1100 2602 1174 compensationem
2633 1101 2928 1171 reddente,
2955 1101 3055 1157 tali
3078 1102 3306 1176 punivit
3334 1103 3574 1162 ultione.

1923 1187 2233 1245 Notaverat
2263 1189 2449 1246 isdem
2464 1189 2802 1246 Heribertus
2833 1191 2985 1248 diem
3001 1208 3115 1264 quo
3130 1208 3230 1249 rex
3248 1192 3574 1250 Ludovicus
3678 1194 3694 1206 '

1921 1283 2196 1334 venatum
2227 1279 2310 1335 ire
2340 1279 2574 1336 deberet
2600 1297 2612 1348 ;
2645 1280 3136 1354 percogitavitque
3156 1280 3460 1356 ingenium
3486 1286 3574 1354 ut,

1923 1367 2159 1438 quando
2190 1367 2314 1440 ipse
2347 1385 2481 1423 cum
2515 1385 2646 1441 rege
2691 1369 2990 1425 venatorio
3039 1369 3338 1428 insisteret
3388 1371 3568 1441 lusui,

1920 1454 2138 1511 fabulis
2167 1456 2292 1512 suis
2325 1456 2607 1527 illectum,
2640 1457 2842 1530 procul
2872 1459 3288 1516 avenatoribus
3308 1460 3576 1535 sejunge-

1919 1547 2006 1598 ret
2037 1560 2252 1616 regem,
2286 1561 2536 1616 moxque
2569 1543 2846 1619 ligamine
2872 1546 3160 1614 vinctum,
3207 1549 3572 1606 crudelitatis

1918 1650 2036 1688 suae
2069 1637 2361 1689 exerceret
2392 1637 2607 1689 actum.
2641 1634 2759 1690 Hoc
2815 1637 3012 1692 autem
3062 1636 3394 1708 consilium,
3455 1642 3570 1695 Deo

1917 1722 2251 1794 miserante,
2284 1739 2399 1777 non
2427 1722 2616 1794 potuit
2646 1722 2843 1791 latere,
2858 1725 2960 1780 sed
2993 1725 3112 1798 regi
3136 1726 3469 1784 nuntiatum
3482 1731 3572 1785 est

1916 1811 1988 1866 ab
2020 1828 2137 1866 uno
2151 1812 2359 1868 borum
2375 1811 2524 1884 quib
2535 1811 2625 1867 uic
2637 1812 2879 1868 consilio
2892 1813 3239 1871 videbantur
3254 1815 3534 1873 interesse
3547 1857 3561 1875 .

1911 1899 2172 1972 Cumque
2204 1899 2296 1955 die
2327 1903 2570 1966 statuto,
2606 1901 2676 1956 ad
2718 1903 3086 1959 venationem
3134 1903 3409 1972 exissent,
3438 1921 3570 1978 par-

1909 1993 2028 2044 tem
2061 1988 2320 2061 aliquam
2344 1988 2600 2045 militum
2629 2005 2727 2046 rex
2755 1991 2816 2046 in
2847 1990 3042 2048 oculto
3086 1992 3435 2050 insidiarum
3464 2010 3569 2068 po-

1910 2077 2030 2132 suit
2053 2076 2200 2147 loco,
2233 2078 2368 2134 dato
2400 2077 2518 2134 illis
2548 2078 2894 2150 cognitionis
2915 2079 3101 2153 signo,
3137 2082 3292 2154 quod
3322 2083 3566 2140 audien-

1907 2170 2016 2233 tes,
2051 2167 2690 2224 advolarentcontinuo.
2708 2168 2910 2241 Igitur,
2935 2170 3326 2244 cumjutrique
3341 2187 3563 2230 sermo-

1912 2256 2176 2313 cinantes
2209 2256 2564 2327 incederent,
2592 2274 2690 2312 rex
2711 2256 2931 2314 scilicet
2950 2258 3378 2334 insidiatorque
3393 2278 3559 2332 suus,

1912 2345 2352 2416 apprehendens
2383 2362 2517 2401 eum
2551 2362 2668 2414 rex,
2715 2345 2883 2418 quasi
2929 2346 3300 2420 amplexandi
3349 2350 3559 2424 gratia,

1913 2433 2198 2489 abstraxit
2226 2433 2524 2490 vinculum
2574 2434 2715 2491 setis
2773 2440 3124 2508 contortum,
3175 2437 3331 2496 sellae
3377 2438 3560 2508 illius,

1910 2539 2029 2577 sua:
2061 2522 2414 2595 alligationis
2445 2540 2640 2592 causa,
2675 2523 3020 2597 alligatum;
3068 2543 3340 2599 moxque,
3389 2528 3560 2602 signo

1909 2611 2066 2678 dato,
2101 2611 2325 2668 insidiae
2355 2617 2733 2668 surrexerunt
2757 2613 2829 2669 de
2856 2613 3002 2670 loco.
3033 2613 3401 2690 Captumque
3447 2618 3557 2675 He-

1907 2700 2193 2756 ribertum
2226 2700 2543 2773 interrogat
2565 2717 2683 2769 rex,
2730 2701 2872 2774 quid
2929 2702 3042 2759 sibi
3098 2703 3271 2761 vellet
3323 2705 3559 2763 vinculo

1909 2790 2064 2861 quod
2098 2788 2251 2846 sellae
2281 2791 2519 2863 gerebat
2548 2790 2718 2846 afﬁxo
2753 2809 2766 2859 ;
2814 2808 3065 2864 moxque
3114 2794 3414 2852 confessus
3471 2799 3562 2852 est

1910 2895 2037 2950 quas
2071 2879 2348 2935 adversus
2378 2879 2647 2934 eumdem
2683 2879 3054 2938 machinatus
3082 2886 3207 2939 erat
3227 2884 3400 2941 corde
3430 2900 3558 2958 per-

1906 2984 2091 3022 verso.
2144 2968 2418 3041 Prmcepit
2447 2973 2640 3024 autem
2699 2986 2816 3038 rex,
2878 2974 2935 3026 et
2989 2972 3559 3046 comprehenderunt

1906 3073 2062 3123 eum,
2095 3061 2152 3112 et
2182 3057 2240 3112 in
2273 3058 2477 3114 arbore
2507 3057 2716 3125 vicina,
2747 3059 2859 3114 sub
2889 3059 3095 3117 ascilla
3123 3059 3370 3135 ligatum
3420 3079 3553 3121 sus-

1906 3146 2253 3217 penderunt.
2287 3146 2528 3219 Cunque
2569 3147 2758 3203 adhuc
2815 3146 3126 3221 palpitaret
3181 3151 3441 3223 pendens
3489 3153 3550 3209 in

1902 3234 2124 3302 arbore,
2149 3234 2332 3305 jussit
2362 3252 2460 3291 rex
2489 3253 2604 3307 quo
2636 3237 3176 3311 pendebat(funem)
3199 3238 3476 3311 incidere,
3494 3246 3553 3298 et

1901 3323 2000 3378 Dei
2033 3322 2188 3378 hunc
2219 3324 2490 3395 potestati
2523 3325 2903 3394 committere,
2931 3326 2980 3382 si
3039 3327 3217 3400 hujus
3274 3329 3385 3386 sub
3437 3329 3547 3388 hoc

1902 3429 2040 3468 casu
2069 3411 2239 3467 vellet
2265 3412 2445 3468 vitam
2476 3431 2723 3470 servare.
2765 3414 2882 3471 Deo
2939 3419 3132 3473 autem
3186 3416 3272 3473 illi
3318 3419 3544 3491 justam

1903 3500 2344 3557 retributionem
2383 3519 2486 3573 pro
2519 3503 2688 3560 factis
2716 3500 3014 3574 reddente,
3071 3523 3205 3562 cum
3263 3506 3548 3566 dimissus

1905 3589 2113 3646 fuisset
2133 3607 2200 3646 ex
2224 3589 2448 3660 arbore,
2472 3593 2697 3664 crepuit
2716 3593 2946 3650 medius
2971 3612 2983 3651 :
3009 3599 3132 3651 erat
3153 3595 3310 3654 enim
3342 3598 3552 3656 crassi-

1906 3679 2129 3735 tudinis
2143 3677 2357 3734 nimia.
2377 3677 2621 3751 Talique
2635 3687 2820 3738 morte
2842 3683 3015 3740 ﬁnem
3030 3684 3338 3756 praesentis
3349 3686 3555 3746 habuit

1905 3767 2056 3824 vitae.

2196 3948 2428 4004 LXXIII.
2461 3948 2536 4004 De
2563 3953 2735 4005 morte
2761 3951 3027 4008 Balduim'
3047 3953 3277 4011 abbatis.

1985 4129 2156 4200 (918.)
2190 4125 2512 4182 Balduinus
2539 4127 2786 4202 (Calvus)
2818 4132 3036 4202 autem,
3069 4147 3264 4188 comes
3297 4136 3354 4190 et
3383 4132 3565 4191 abbas

1917 4215 2252 4274 monasterii
2276 4215 2487 4286 Sithiu,
2516 4217 2806 4274 ambitum
2838 4219 3062 4275 castelli
3092 4220 3245 4278 circa
3266 4227 3565 4281 monaste-

1918 4307 2072 4362 rium
2112 4304 2297 4362 sancti
2355 4305 2571 4361 Bertini
2610 4308 2954 4377 construxit,
3004 4313 3062 4366 et
3088 4325 3192 4383 per
3237 4311 3566 4370 ministeria

1917 4395 2209 4469 disposuit
2230 4412 2245 4464 ;
2271 4398 2329 4450 et
2357 4400 2490 4467 post
2503 4395 2623 4451 haec
2636 4396 2962 4467 [utbrevius
2975 4399 3102 4470 ejus
3117 4399 3270 4456 facta
3287 4402 3566 4474 perstrin-

1917 4489 2149 4560 gantur,
2184 4483 2314 4557 plus
2337 4483 2579 4540 abstulit
2607 4484 2870 4541 Ecclesiae
2890 4503 3067 4558 quam
3080 4487 3272 4558 dedit;
3305 4489 3569 4547 ethacte-

1837 4595 1885 4660 Β
1917 4593 2030 4632 nus
2062 4576 2132 4631 de
2161 4575 2373 4630 damno
2395 4591 2428 4629 a
2448 4590 2505 4630 se
2527 4577 2852 4648 perpetrato
2873 4574 3126 4632 sentient
3141 4577 3412 4634 monachi
3430 4595 3571 4652 pra:-

1917 4669 2109 4720 sentes
2140 4667 2197 4720 et
2228 4663 2429 4720 futuri.
2457 4663 2772 4736 Postquam
2795 4668 2991 4720 autem
3034 4664 3203 4721 annis
3251 4667 3454 4724 decem
3509 4673 3568 4725 et

1920 4757 2140 4826 septem
2175 4751 2298 4809 solo
2339 4752 2574 4808 nomine
2630 4752 2970 4825 praefuisset]
3033 4757 3344 4827 aegrotans,
3405 4757 3570 4830 obiit,

1923 4859 2074 4899 anno
2105 4841 2278 4898 Verbi
2303 4841 2587 4898 incaruati
2603 4842 2728 4911 918,
2759 4859 2814 4897 iv
2834 4841 2972 4898 Idus
2991 4842 3374 4915 Septembris.
3397 4845 3574 4902 Cum-

1923 4949 2036 5004 que
2065 4948 2278 5004 corpus
2308 4933 2436 5002 ejus
2468 4948 2604 5003 pars
2633 4929 2833 5003 aliqua
2863 4931 3120 4987 militum
3146 4931 3208 4988 in
3240 4933 3432 4989 Sithiu
3456 4951 3577 4991 mo-

1924 5020 2198 5087 nasterio,
2219 5021 2389 5090 juxta
2420 5025 2644 5092 patrem
2675 5037 2848 5076 suum
2878 5019 3254 5092 [Balduinum
3298 5023 3575 5098 Ferreun]

1922 5109 2135 5166 vellent
2163 5109 2475 5178 tumulare,
2511 5127 2653 5166 uxor
2683 5110 2832 5182 ejus,
2869 5109 3106 5166 nomine
3136 5110 3441 5181 Elftrudis,
3473 5129 3574 5169 eu-

1922 5199 2089 5271 piens
2120 5215 2255 5254 cum
2283 5197 2378 5253 illo
2409 5199 2627 5270 pariter
2657 5199 2716 5254 in
2753 5216 2866 5254 uno
2888 5199 3170 5256 cimiterio
3193 5200 3573 5271 coneinerari,

1925 5287 2219 5353 Gandavo,
2252 5287 2311 5340 in
2340 5287 2694 5343 monasterio
2725 5287 3054 5357 Blandinio,
3087 5289 3222 5346 fecit
3269 5289 3574 5346 tumulari.

1926 5377 2186 5432 Necdum
2227 5375 2384 5432 enim
2441 5374 2666 5432 licitum
2714 5382 2838 5434 erat
2893 5378 3168 5452 cuiquam
3223 5379 3578 5436 feminarum

167 5495 299 5554 gem
325 5476 656 5550 suscepturi
686 5474 916 5532 obviam
946 5476 1198 5547 pergunt
1224 5489 1238 5544 ;
1296 5470 1449 5526 inter
1499 5486 1646 5542 quos
1696 5471 1820 5524 erat
1928 5465 2115 5523 sancti
2144 5463 2358 5522 Bertini
2387 5463 2615 5538 ingredi
2634 5469 3079 5542 monasterium,
3111 5469 3390 5544 nefasque
3412 5474 3582 5546 puta-

239 5656 387 5738 (112)
417 5656 573 5716 Obiit
602 5653 890 5714 Rodulfus
921 5669 1073 5711 anno
1104 5652 1230 5724 936,
1265 5665 1466 5711 mense
1486 5646 1616 5710 Jan.

489 5785 761 5854 PATROL.
807 5780 1115 5850 CXXXVI.

3196 5775 3278 5851 40
