4050 6388
471 363 666 486 Ῠ1269

1575 385 1947 468 ΕΟΙΑΟΠῙΝΙ
1992 395 2059 457 S.
2103 395 2425 457 BERTINI
2469 397 2845 460 MONACHI.

3763 393 3947 455 1260

478 512 677 607 ibatur
703 528 754 586 si
782 528 870 586 vel
917 509 1170 586 ecclesia:
1229 529 1426 602 aliqua
1483 529 1686 585 furtim
1743 529 2136 587 subintrasset
2161 526 2219 594 Α
2252 527 2483 585 LXXVI.
2518 531 2592 587 De
2634 532 2882 602 ingressu
2909 530 3247 602 feminarum
3303 529 3364 584 in
3413 527 3512 585 hoc
3559 528 3938 591 monastério.

472 685 476 690 _
499 619 712 677 atrium
738 619 920 692 (113).Δ

470 772 486 784 ν
569 708 868 772 Marcham
898 723 1033 764 vero
1064 709 1194 780 ejus
1225 709 1332 764 ﬁlii
1363 709 1494 780 ejus
1526 708 1677 764 inter
1700 725 1761 765 se
1809 709 2155 781 diviserunt,

472 796 920 869 ,et_Arnulfus,
979 797 1078 870 qui
1139 799 1330 870 major
1386 802 1527 853 natu
1584 802 1726 868 erat,
1782 798 2155 867 Flandriam;

479 885 803 943 Adalolqu
833 903 971 942 vero
1021 887 1310 942 civitatem
1369 887 1689 942 Bononiam
1746 891 1805 942 et
1860 888 2158 960 regionem

476 975 952 1049 ,Taruennicam,
999 975 1332 1049 pariterque
1381 976 1566 1032 sancti
1623 975 1841 1032 Bertini
1901 977 2160 1049 suscepit

484 1064 1044 1139 .abbatiam.'anus
1076 1082 1356 1133 amorem,
1392 1069 1679 1136 quantum
1702 1065 1857 1120 circa
1885 1066 2158 1120 eumdem

509 1153 703 1210 locum
737 1153 1278 1222 habuit,testantur
1302 1155 1404 1225 qui
1436 1153 1627 1210 adhuc
1658 1159 1994 1227 supersunt,
2057 1153 2159 1226 qui

509 1258 643 1298 eum
672 1241 785 1296 ﬁne
812 1245 985 1297 tenus
1014 1246 1428 1313 cognoverunt.

608 1329 840 1385 LXXIV.
872 1335 961 1386 De
991 1331 1288 1388 elevatione
1314 1334 1488 1386 sanctz
1520 1333 1778 1404 Folquini
1804 1334 2058 1405 episcopi.

479 1479 484 1481 _
587 1419 762 1493 (928.)
799 1422 963 1476 Anno
995 1419 1279 1492 posthaec
1309 1421 1436 1488 928,
1487 1420 1836 1477 felicissimae
1893 1421 2160 1477 incarna-

518 1509 696 1584 tionis
715 1509 858 1565 Jesu
889 1508 1102 1565 Christi
1134 1509 1364 1565 Domini
1395 1509 1603 1577 nostri,
1661 1513 1922 1582 tempore
1973 1509 2161 1566 Caroli

509 1597 780 1664 reclausi,
809 1597 1126 1654 indictione
1158 1616 1194 1665 I,
1229 1615 1399 1654 meus
1431 1598 1531 1670 qui
1555 1599 1665 1654 hoc
1723 1599 1917 1672 ipsum
1972 1600 2163 1656 scribo

508 1692 693 1760 pater,
727 1685 1048 1758 Folquinus
1080 1687 1335 1755 nomine,
1371 1704 1503 1742 cum
1529 1687 1705 1742 fratre
1723 1704 1851 1754 suo,
1880 1692 2162 1760 apparatu

510 1794 622 1848 que
652 1779 941 1848 poterant,
983 1777 1056 1832 de
1104 1792 1280 1848 regno
1339 1775 1597 1831 Lotharii
1653 1775 1767 1831 huc
1827 1777 2164 1844 adveniunt,

510 1865 701 1920 sancti
727 1863 995 1937 Folquini
1025 1881 1256 1968 corpus,
1319 1866 1472 1936 quod
1532 1882 1598 1920 eo
1658 1883 1844 1938 usque
1896 1870 2242 1968 temporeB

509 1957 665 2010 terra
691 1954 1009 2026 tegebatur,
1042 1952 1232 2009 levare
1259 1955 1576 2026 cupientes.
1610 1955 1783 2011 Erant
1821 1955 1977 2010 enim
2008 1956 2158 2010 utri-

514 2059 626 2115 que
657 2042 919 2114 ejusdem
944 2041 1099 2098 beati
1129 2042 1234 2097 viri
1268 2043 1482 2098 carnali
1506 2043 2012 2117 consanguinitate
2034 2062 2161 2117 pro-

511 2130 672 2186 ximi.
706 2129 1000 2195 Postulata
1021 2131 1196 2188 etiam
1229 2149 1264 2187 a
1320 2133 1593 2205 praedicto
1618 2134 1828 2189 comite
1869 2139 1926 2189 et
1954 2136 2162 2192 abbate

465 2233 470 2237 '
509 2219 829 2293 Adalolpho
861 2219 1114 2288 licentia,
1145 2225 1381 2276 ventum
1410 2227 1498 2277 est
1529 2223 1602 2278 ad
1633 2222 1818 2280 sancti
1867 2223 1973 2278 viri
2006 2229 2158 2280 tum-

491 2309 645 2384 bam
676 2326 811 2365 cum
843 2309 1025 2365 cereis
1055 2313 1113 2366 et
1141 2309 1618 2366 thimiamateriis
1667 2316 1724 2367 et
1774 2311 1949 2368 choro
2004 2313 2160 2384 psal-

507 2397 775 2465 lentium,
801 2397 1286 2470 elevavernntque
1331 2416 1540 2472 corpus
1571 2400 1766 2455 idibus
1797 2402 2160 2468 Novembris,

507 2487 651 2544 feria
676 2505 733 2559 v,
761 2487 853 2543 die
883 2487 1294 2557 illucescente;
1327 2494 1915 2562 prmparaveruntque
1953 2507 2161 2563 supra-

508 2574 648 2630 dicti
679 2574 1052 2631 refectionem
1084 2575 1383 2644 fratribus,
1418 2581 1596 2648 prout
1622 2582 1908 2649 poterant,
1959 2579 2161 2635 vinum

511 2680 768 2736 namque
796 2667 853 2718 et
881 2663 1082 2719 omnia
1112 2664 1183 2718 ad
1214 2665 1434 2720 victum
1481 2667 1809 2722 necessaria
1862 2668 2162 2726 venientes

513 2769 713 2808 secum
744 2751 1092 2808 detulerant.
1144 2753 1364 2818 Quibus
1398 2754 1668 2826 peractis,
1713 2757 2036 2826 gaudentes
2089 2759 2161 2815 ad

490 2841 753 2914 propria
782 2843 920 2895 sunt
947 2841 1159 2896 reversi
1187 2859 1199 2909 ;
1231 2846 1397 2898 erant
1424 2847 1639 2913 autem,
1671 2844 1858 2900 isdem
1895 2847 2163 2905 videlicet

518 2928 842 3000 Folquinus
875 2933 930 2984 et
961 2929 1332 3002 Regenwala,
1367 2931 1543 2988 frater
1573 2950 1736 3002 suus,
1762 2934 1873 2990 aelii
1905 2937 2160 3009 Odwini,

517 3019 625 3074 ﬁlii
656 3018 896 3074 alterius
926 3017 1182 3087 Odwini,
1214 3019 1312 3091 qui
1344 3024 1466 3076 erat
1493 3021 1667 3078 frater
1696 3023 1848 3080 beati
1897 3027 2163 3097 praesulis

518 3109 808 3180 Folquini.
826 3109 993 3164 Pater
1003 3111 1196 3164 autem
1211 3110 1259 3180 cj
1273 3110 1474 3165 usdem
1489 3112 1673 3167 sancti
1702 3114 1955 3187 episcopi
1969 3118 2163 3176 dictus

512 3203 604 3255 est
631 3197 1040 3266 Hieronimus;
1081 3197 1328 3270 genitrix
1385 3215 1518 3255 vero
1577 3200 2018 3264 Hermentrudis
2075 3213 2165 3265 est

508 3291 733 3346 vocata.

789 3375 1004 3432 LXXV.
1032 3380 1117 3432 De
1145 3385 1318 3433 morte
1344 3377 1636 3451 Adalolphi
1663 3381 1892 3439 abbatis.

578 3465 727 3539 (933)
757 3466 944 3538 Igitur
973 3469 1104 3538 post
1132 3464 1252 3521 haec
1281 3465 1662 3540 Adalolphus,
1688 3488 1883 3528 comes
1901 3477 1958 3530 et
1978 3475 2160 3533 abbas

505 3556 684 3629 (pius,
725 3559 1108 3627 posteaquam
1146 3560 1316 3612 annis
1347 3557 1682 3628 quindecim
1733 3563 1993 3619 cmnobio
2023 3564 2159 3622 huic

505 3643 878 3717 praefuisset),
909 3643 968 3697 in
987 3643 1097 3699 hoc
1118 3643 1244 3716 ipso
1266 3648 1616 3703 monasterio
1635 3647 1822 3705 Sithiu
1845 3658 2153 3724 aegrotans,

504 3730 650 3787 obiit
678 3747 830 3786 anno
860 3731 1181 3787 nativitatis
1214 3733 1442 3788 Domini
1480 3736 1606 3806 933,
1659 3736 1857 3795 Idibus
1912 3742 2153 3800 Novem-

503 3819 646 3888 bris,
681 3820 1066 3892 sepultusque
1093 3825 1182 3877 est
1211 3820 1270 3876 in
1302 3821 1547 3878 basilica
1569 3827 1754 3881 sancti
1802 3828 2043 3899 Bertini,
2093 3834 2152 3889 ia

2338 620 2486 691 (938)
2515 620 2706 692 Hujus
2739 624 2936 676 autem
2965 618 3193 675 abbatis
3225 621 3282 674 et
3305 618 3540 674 comitis
3564 616 3793 674 Arnulﬁ
3832 634 3947 674 no-

2266 708 2560 764 bilissima
2595 710 2808 780 conjux
2853 710 3060 776 Adata,
3118 725 3249 764 cum
3309 707 3632 780 saepissime
3687 706 3944 780 magnis

2268 796 2716 852 inﬁrmitatibus
2743 801 2900 853 esset
2929 801 3262 870 aggravata,
3298 796 3628 852 desiderare
3660 795 3842 869 coepit
3877 796 3943 852 in

2269 885 2376 942 hoc
2395 886 2747 942 monasterio
2765 886 2816 941 ei
2839 885 3134 942 licentiam
3157 885 3428 941 monachi
3451 885 3659 940 darent
3675 885 3936 956 intrare,

2269 980 2334 1030 ut
2365 993 2560 1031 coram
2592 975 2775 1031 altare
2809 975 2994 1031 sancti
3018 975 3255 1042 Bertini,
3290 991 3392 1046 pro
3424 973 3610 1029 salute
3643 975 3938 1046 depreca-

2267 1067 2419 1134 tura,
2447 1063 2647 1119 liceret
2674 1081 2733 1120 se
2764 1068 3149 1136 prosternere.
3182 1063 3369 1134 Hujus
3395 1062 3576 1135 igitur
3604 1063 3686 1118 rei
3717 1079 3939 1132 causa,

2271 1153 2565 1208 advocatis
2589 1153 3023 1208 venorabilibus
3054 1152 3341 1224 episcopis
3365 1151 3669 1218 Wicfrido,
3702 1154 3938 1209 Tarva-

2272 1241 2472 1298 nensis
2502 1241 2768 1297 Ecclesiae
2799 1241 3096 1314 episcopo,
3129 1245 3186 1296 et
3215 1241 3499 1309 Folbcrto,
3534 1240 3940 1297 Cameracen-

2271 1331 2374 1399 sis,
2404 1330 2722 1386 denudavit
2751 1331 2834 1386 eis
2867 1329 3222 1386 desiderium
3250 1347 3444 1385 suum.
3467 1331 3716 1402 Accepta
3745 1330 3936 1386 etiam

2273 1437 2306 1476 a
2333 1419 2638 1476 monachis
2669 1418 2925 1485 licentia,
2958 1435 3112 1474 anno
3151 1419 3474 1475 nativitatis
3528 1419 3764 1476 Domini
3794 1421 3932 1489 938,

2273 1525 2542 1581 annoque
2569 1527 2604 1563 v
2635 1509 2803 1580 (113.)
2838 1508 3111 1564 Ludovici
3146 1509 3321 1581 regis,
3345 1507 3486 1564 feria
3503 1509 3764 1565 secunda
3786 1509 3935 1566 Pas-

2273 1597 2414 1663 chze,
2447 1597 2895 1653 introduxerunt
2920 1613 3050 1652 eam
3080 1597 3306 1669 przsfati
3340 1597 3594 1670 episcopi
3626 1597 3685 1654 in
3715 1599 3935 1654 eodem

2273 1685 2654 1757 monasterio,
2686 1703 2801 1740 non
2836 1684 2962 1741 sine
3023 1689 3270 1741 tremore
3304 1684 3581 1757 maximo,
3642 1687 3937 1758 quoniam

2272 1775 2381 1829 hoc
2412 1773 2512 1829 illa
2543 1775 2736 1847 prima
2760 1775 2947 1830 facere
3002 1780 3476 1847 praesumpserat,
3533 1777 3689 1847 quod
3753 1780 3938 1832 antea

2274 1864 2606 1936 reginarum
2627 1864 2790 1918 nulla
2812 1863 3221 1935 concupiscere
3241 1864 3326 1919 vel
3349 1865 3618 1920 audebat.
3645 1865 3933 1922 Intrando

2275 1958 2496 2013 autem,
2531 1951 2787 2024 plurima
2818 1953 2955 2008 huic
3012 1951 3136 2008 loco
3169 1957 3511 2009 ornamenta
3567 1953 3841 2022 contulit,
3876 1960 3936 2011 et

2271 2042 2534 2113 quandiu
2564 2041 2729 2107 vixit,
2764 2059 3089 2114 numquam
3121 2042 3335 2097 donare
3366 2043 3630 2098 cessavit.

2344 2132 2403 2186 In
2436 2132 2561 2204 ipso
2593 2148 2826 2203 quoque
2857 2132 2984 2202 ejus
3017 2130 3303 2204 ingressu,
3326 2131 3562 2187 inclitus
3590 2132 3929 2190 marchisus

2269 2220 2568 2288 Arnulfus,
2605 2238 2704 2291 per
2734 2225 3000 2293 rogatum
3029 2221 3292 2292 ejusdem
3343 2237 3461 2277 suae
3497 2223 3928 2278 amantissimae

2272 2310 2567 2382 conjugis,
2597 2309 2839 2365 tradidit
2895 2310 3087 2365 eidem
3145 2308 3290 2377 loco,
3326 2310 3395 2365 ad
3455 2328 3601 2368 usus
3651 2312 3927 2382 fratrum,

2272 2399 2482 2454 ﬁscum
2509 2399 2690 2453 Merki
2722 2416 2855 2454 cum
2885 2398 3160 2454 omnibus
3218 2399 3584 2470 adjacentiis,
3645 2401 3918 2474 ecclesia,

2273 2488 2610 2560 mancipiis,
2635 2488 2915 2554 aediﬁciis,
2939 2488 3111 2544 terris
3144 2488 3315 2544 cultis
3346 2493 3402 2544 et
3427 2488 3688 2558 incultis,
3713 2492 3924 2563 pratis,

2273 2577 2529 2649 pascuis,
2564 2576 3012 2649 piscationibus,
3047 2577 3406 2634 animalibus
3437 2579 3700 2651 quaesitis
3731 2586 3790 2636 et
3829 2582 3926 2637 in-

2271 2666 2611 2737 quirendis:
2645 2683 2712 2721 ea
2744 2666 2989 2733 ratione,
3022 2671 3108 2735 ut,
3144 2667 3403 2740 quandiu
3427 2668 3927 2743 adviverunt,ipse

2269 2753 2604 2810 videlicetet
2618 2772 2762 2810 uxor
2775 2772 2884 2811 sua
2899 2760 3403 2828 supramemorata
3418 2757 3626 2825 Adata,
3645 2757 3925 2832 ﬁliusque

2270 2859 2470 2899 eorum
2491 2843 2832 2908 Balduinus,
2859 2844 2918 2899 in
2945 2845 3036 2899 sui
3051 2844 3206 2916 juris
3237 2844 3496 2902 dominio
3522 2846 3918 2919 possiderent,

2271 2936 2358 2990 est
2375 2932 2625 3006 singulis
2639 2933 2809 2990 annis
2823 2938 3060 2990 centum
3074 2933 3290 2990 solidos
3305 2933 3581 2992 fratribus
3593 2953 3697 3009 pro
3715 2940 3924 2996 eodem

2272 3023 2412 3078 ﬁsco
2449 3023 2878 3095 persolverent;
2912 3027 3043 3095 post
3099 3039 3302 3080 eorum
3333 3041 3466 3079 vero
3523 3025 3594 3081 de
3623 3025 3734 3083 hac
3790 3028 3921 3086 luce

2271 3109 2618 3178 discessum,
2634 3115 2754 3166 tota
2765 3112 3056 3184 possessio
3078 3113 3338 3183 ejusdem
3362 3116 3699 3171 monasterii
3724 3118 3924 3190 subja—

2275 3205 2400 3256 ceat
2429 3199 2654 3256 ditioni.
2682 3200 2862 3264 Quam
2888 3201 3260 3258 traditionem
3289 3219 3421 3258 cum
3446 3206 3751 3276 praestaria
3779 3209 3912 3265 des-

2195 3274 2238 3342 C
2276 3291 2502 3352 cribcre
2528 3292 2769 3362 rogavit,
2803 3294 2859 3346 et
2909 3291 3033 3364 ipse
3063 3291 3298 3366 propria
3327 3274 3506 3349 manu
3555 3295 3829 3366 ﬁrmavit,
3864 3303 3921 3356 et

2272 3379 2530 3452 reliquos
2557 3379 2756 3452 palatii
2787 3380 2878 3435 sui
2911 3398 3177 3453 proceres
3200 3387 3265 3436 ut
3289 3382 3686 3440 describerent
3705 3404 3916 3459 praece-

2271 3468 2378 3540 pit.
2408 3469 2478 3524 Hi
2511 3474 2649 3526 sunt
2681 3473 2876 3525 autem
2909 3473 3088 3526 testes
3133 3487 3146 3526 :
3180 3471 3532 3539 Unicfridus,
3567 3475 3912 3549 episcopus;

2269 3557 2595 3627 Folhertus,
2629 3557 2966 3630 episcopus;
3001 3559 3310 3632 Damasus,
3369 3561 3708 3636 episcopus;
3742 3565 3914 3623 Hem-

2267 3647 2818 3721 fridus,presbyter;
2844 3647 3582 3721 Engelandus,monachus
3607 3671 3621 3721 ;
3645 3653 3910 3713 Vuitnet-

2266 3751 2486 3801 marus,
2503 3737 2762 3791 decanus
2783 3737 3188 3804 ;Grimbaldus
3210 3756 3222 3806 ;
3246 3738 3515 3812 Odarius,
3542 3745 3906 3816 monachus;

2263 3825 2605 3893 Everardus,
2639 3826 2991 3894 advocatus;
3041 3826 3479 3898 Vuinetmarus,
3536 3829 3761 3902 laicus;
3795 3835 3906 3892 Ro-

501 3909 683 3965 altare
713 3908 950 3964 sinistro
983 3908 1184 3966 altaris
1215 3911 1400 3966 sancti
1430 3912 1640 3968 Bertini
1664 3915 1972 3988 capitanei.
2000 3921 2150 3978 Inter

2269 3913 2499 3982 dulfus;
2555 3913 2816 3981 Hericus,
2850 3915 3070 3985 laicus;
3130 3915 3562 3989 Vuinetmarus,
3625 3922 3903 3983 diaconus

496 3997 722 4070 reliqua
752 4002 948 4054 autem
979 3997 1241 4068 donaria,
1275 4000 1436 4056 dedit
1453 4002 1523 4057 ad
1550 4005 1824 4060 eumdem
1846 4006 2041 4065 locum
2061 4029 2150 4068 ca-

2259 4003 2664 4071 etmonachus,
2697 4005 3065 4077 subscripsit.
3097 4008 3244 4061 Ante
3275 4006 3385 4064 hoc
3416 4012 3610 4066 autem
3670 4016 3898 4088 tempus

497 4085 670 4143 licem
702 4087 792 4142 sui
824 4091 998 4159 potus
1047 4105 1289 4144 aureum
1346 4094 1403 4145 et
1459 4091 1717 4148 balteum
1778 4097 1848 4151 ad
1909 4098 2146 4158 calicem
2256 4091 2801 4164 AdalolphUS,tllnc
2833 4094 3070 4166 quidem
3127 4096 3428 4168 PUGI‘UIUS,
3489 4115 3645 4156 nunc
3706 4085 3898 4160 autem

497 4176 954 4232 consecrationis
983 4177 1270 4234 Dominici
1302 4181 1609 4251 sanguinis
1639 4182 1968 4243 faciendum
1996 4207 2009 4258 ;
2053 4208 2145 4246 ar-

496 4264 691 4321 millas
722 4269 916 4323 autem
943 4283 1082 4322 suas
1113 4272 1316 4322 sancto
1359 4269 1689 4327 Audomaro
1739 4275 1810 4329 ad
1871 4282 2142 4348 patenam

2256 4185 2419 4236 aetate
2449 4180 2887 4253 mediocri,ipso
2909 4183 3085 4239 etiam
3117 4186 3471 4242 saceredotio
3495 4187 3894 4266 honorandus,

2255 4287 2288 4324 a
2318 4274 2482 4342 patre
2513 4270 2832 4339 Evehardo,
2867 4289 3112 4334 summa:
3145 4274 3472 4332 nobilitatis
3510 4277 3655 4349 viro,
3691 4286 3744 4337 et
3777 4300 3896 4340 ma-

466 4353 781 4422 .concessit
811 4354 1158 4412 faciendam.
1191 4355 1437 4412 Dederat
1466 4375 1697 4432 quoque
1736 4367 1906 4420 antea
1953 4365 2141 4424 eidem
2251 4363 2341 4414 tre
2370 4359 2670 4426 Ricsinda,
2701 4359 2760 4414 in
2795 4360 2902 4416 hoc
2925 4363 3278 4420 monasterio
3311 4369 3512 4422 sancto
3545 4367 3713 4426 Petro
3739 4388 3898 4431 sanc-

491 4447 692 4498 sancto
721 4444 1052 4500 Audomaro
1085 4443 1329 4517 pallium
1353 4449 1668 4519 quoddam.
1694 4468 1834 4508 auro
1859 4457 2139 4529 margari-

488 4531 684 4603 tisque
717 4532 960 4588 miriﬁce
1007 4533 1334 4604 intextum;
1395 4541 1598 4594 contra
1655 4542 1811 4611 quod
1858 4543 2137 4610 Arnulfus

2250 4451 2424 4519 teque
2455 4447 2686 4504 Bertino
2717 4452 2806 4505 est
2845 4449 3098 4508 oblatus.
3131 4452 3417 4510 Rodulfus
3478 4456 3678 4525 etiam,
3712 4460 3892 4533 ipsius

2249 4535 2473 4592 castelli
2534 4542 2748 4609 praetor
2804 4540 3090 4610 urbanus,
3162 4541 3348 4598 ﬁlium
3400 4561 3597 4618 suum,
3660 4552 3892 4610 nomine

489 4619 752 4714 (inclitus
809 4622 1150 4679 marchisus
1208 4627 1265 4680 et
1328 4625 1502 4682 istius
1559 4628 1740 4685 abbas
1799 4639 2136 4708 conventus,
2169 4624 2613 4714 Dvualterum:
2666 4643 2800 4682 cum
2860 4629 3086 4697 morbo:
3141 4631 3348 4688 mediCi
3380 4650 3554 4706 quem
3611 4638 3889 4697 VaPiOIRm

487 4706 665 4764 frater
691 4709 998 4783 Adalolphi
1021 4712 1147 4783 jam
1181 4712 1418 4786 mortui)
1449 4715 1697 4773 alterum
1747 4727 1947 4778 sancto
1983 4706 2135 4782 .BerQ

2245 4720 2471 4784 vocant,
2505 4717 2676 4771 morti
2705 4717 3001 4774 videretur
3046 4736 3174 4776 esse
3206 4721 3522 4793 proximxs,
3571 4725 3730 4784 ulnis
3760 4747 3887 4802 pro-

489 4795 614 4853 tino
661 4799 973 4870 concessit,
1031 4801 1323 4858 consimili
1356 4819 1527 4876 opere
1556 4808 1937 4881 praecipuum.
1998 4814 2137 4874 Ροει
2245 4805 2388 4877 priis
2420 4806 2752 4877 sustollens,
2786 4825 2981 4865 coram
3010 4810 3195 4866 sancti
3225 4812 3441 4868 Bertini
3473 4813 3652 4871 altare
3683 4795 3889 4891 depor-

483 4886 1018 4976 cujusluctuosum
1049 4890 1294 4962 obitum,
1347 4894 1708 4968 Arnulphus,
1756 4899 1934 4957 frater
1980 4903 2129 4976 ejus,

2242 4895 2418 4963 tavit;
2453 4895 2926 4970 monachumque
2971 4900 3334 4970 etIecturum,
3379 4902 3428 4958 si
3479 4904 3606 4976 ejus
3655 4907 3753 4978 pia
3787 4909 3884 4980 ju-

485 4975 781 5034 abbatianl
815 4993 950 5034 cum
988 4979 1211 5052 reliquo
1238 4983 1365 5053 ejus
1390 4984 1666 5040 comitatu
1700 4991 1915 5062 recepit
1937 4995 2017 5062 (et
2048 4995 2131 5052 ita

2269 4989 2473 5040 aretur
2504 4983 2940 5057 intercessione,
2975 4989 3305 5062 spopondit.
3339 4975 3523 5056 Quem
3546 4975 3683 5051 mea
3713 4975 3882 5055 saluti

477 5065 739 5124 Ecclesia
769 5067 905 5138 ista,
965 5072 1198 5141 pastore
1255 5070 1524 5145 religioso
1568 5074 1828 5145 viduata,
1878 5097 1912 5135 a
1963 5081 2126 5142 laicis

478 5157 790 5220 maritatis,
821 5174 925 5230 per
951 5159 1194 5214 modum
1224 5158 1578 5220 hereditatis
1606 5170 1695 5221 est
1723 5172 2036 5244 possessa).

453 5319 456 5322 .
546 5272 700 5356 (113)
727 5273 864 5328 Post
892 5273 1012 5356 haec
1038 5275 1589 5356 cod.Audom.ad.dit
1618 5298 1744 5353 quae
1776 5292 2122 5356 sequuntur.

658 5345 792 5409 Nam
822 5359 918 5409 per
947 5345 1118 5408 legem
1148 5347 1431 5409 celebrem,

657 5407 893 5474 Monacis
922 5407 1108 5474 sexum
1138 5407 1471 5474 muliebrem,

657 5466 970 5534 Quanquam
1002 5472 1094 5534 diu
1123 5473 1270 5534 vixit,

656 5527 875 5594 {medio
905 5532 1086 5594 limite,
1119 5527 1282 5585 dicit':

656 5588 1004 5656 geminagﬂge
1035 5588 1233 5647 sedem.

650 5649 821 5714 Negat
846 5652 934 5704 hic
944 5649 1054 5706 'tibi
1082 5659 1322 5712 terminis
1343 5662 1515 5716 eadem

2237 5081 2592 5150 restitutum,
2610 5082 2726 5138 Deo
2749 5085 3134 5158 omnipotenti
3152 5088 3442 5146 famulum
3463 5095 3520 5148 et
3537 5100 3737 5152 sancto
3757 5097 3880 5154 Ber-

2233 5170 2355 5225 tino
2382 5169 2591 5226 obtulit
2612 5174 2965 5230 monachum
2997 5178 3409 5249 perpetualiter
3437 5198 3873 5254 pemansurum.

2506 5286 2774 5351 Sanctam,
2818 5294 3125 5343 sanctorum

2507 5349 2592 5415 _S_i_c
2619 5349 2806 5415 norma
2825 5352 2976 5415 jubet
3005 5357 3388 5410 monachorum

2508 5412 2604 5461 Hic
2631 5413 2782 5464 locus
2809 5412 2954 5466 nunc
2979 5418 3141 5468 ritum

2506 5475 2620 5524 Coli
2651 5490 2682 5526 a
2710 5478 2863 5528 Patre
2891 5479 3201 5533 stabilitum.

2296 5598 2632 5691 (113*)‘Leg.
2682 5603 2915 5661 secundo
2963 5621 3100 5663 cum
3156 5608 3377 5668 Mabill.
3434 5612 3579 5672 Ann.
3612 5619 3737 5675 tom
3767 5617 3858 5691 III,

2232 5686 2368 5745 pag.
2398 5671 2523 5729 441.
