4050 6386
166 416 340 484 {365-

1545 409 2195 482 CHARTULARIUM.

3410 365 3583 484 me.

169 556 304 614 dem
334 550 640 612 custodem
671 567 706 608 a
733 547 958 608 balneis
990 563 1308 618 reversum,
1341 547 1537 606 subita
1557 547 1811 605 infirmi-
1839 545 1896 615 Α
1922 546 2144 608 familia
2155 546 2420 621 ejusdem
2442 545 2781 606 monasterii
2807 543 2986 605 nullis
3002 540 3366 619 quibuslibet
3383 541 3594 601 homio‘

163 651 285 704 tate
314 646 671 717 correptum,
703 640 844 710 et,ni
874 638 1293 696 intercessione
1323 641 1665 695 succurrant
1685 654 1809 694 mo-

165 735 504 808 nachi,mox
532 748 660 790 esse
690 730 1231 793 moriturum.Quod
1255 729 1556 784 audientes
1580 728 1806 796 fratres,

164 843 301 883 cum
341 823 555 898 raptim
586 839 740 878 unus
788 820 1232 886 Eucharistiam,
1264 818 1408 874 alter
1432 822 1691 873 sacratas
1722 834 1808 872 re-

164 914 384 988 liquias
408 914 611 970 afferre
642 912 1150 975 conarentur,ecce
1176 907 1322 963 alter
1351 909 1515 964 adest
1543 907 1808 974 nuntius,

162 1005 367 1062 dicens
398 1003 482 1059 eis
513 1019 584 1057 ne
615 998 1090 1066 sollicitarentur,
1119 997 1398 1070 quoniam
1427 996 1614 1053 isdem
1647 1012 1808 1068 pres-

162 1095 559 1168 byter,sancto
581 1090 666 1146 illi
681 1089 1011 1146 Audomaro
1032 1088 1271 1161 dignam
1295 1085 1672 1159 blasphemia
1690 1101 1808 1157 pm-

162 1199 304 1240 nam
333 1177 958 1248 reddente,terminum
979 1175 1280 1249 praesentis
1302 1175 1534 1231 fecisset
1553 1173 1810 1229 vitae.Co-

160 1271 324 1347 gnito
355 1273 550 1327 autem
580 1269 690 1325 hoc
720 1267 920 1341 populi
945 1265 1205 1338 undique
1233 1265 1304 1320 ad
1335 1263 1642 1320 ecclesiam
1671 1279 1808 1318 con-

161 1363 557 1430 currerunt,et
586 1357 860 1414 facultate
890 1373 1008 1428 qua
1048 1358 1336 1427 poterant,
1359 1351 1641 1424 reliquias
1673 1369 1808 1407 san-

157 1454 285 1507 etas
293 1445 966 1506 honoraverunt.Partim
981 1447 1176 1500 autem
1191 1459 1464 1515 prospere
1477 1457 1579 1513 pro
1591 1440 1809 1514 quibus

157 1542 442 1598 venerant
471 1535 792 1610 acquisitis,
825 1533 1071 1591 ecclesia
1119 1533 1179 1587 in
1213 1532 1489 1588 Frekenis
1521 1530 1680 1603 regia
1705 1530 1808 1585 do-

160 1630 399 1688 natione
427 1630 677 1700 recepta,
709 1641 844 1681 cum
894 1621 1158 1695 reliquiis
1206 1621 1393 1676 sancti
1452 1621 1523 1676 ad
1574 1617 1810 1691 propria

159 1724 302 1778 sunt
331 1699 577 1775 reversi.
599 1716 720 1772 Sub
752 1712 974 1786 praefati
1004 1699 1235 1768 abbatis
1275 1711 1318 1776 Ι,
1343 1708 1806 1782 gloriosissimus

159 1826 262 1868 rex
286 1804 738 1865 occidentalium
770 1803 1124 1858 Francorum
1173 1798 1498 1856 Ludovicus
1555 1796 1808 1853 decessit

159 1917 195 1956 a
224 1896 458 1963 saaculo,
490 1898 548 1951 et
577 1892 797 1961 Remis,
829 1891 890 1946 in
920 1889 1277 1946 monasterio
1317 1888 1503 1944 sancti
1534 1885 1805 1958 Remigii,
1837 1922 1888 1988 B

158 1993 251 2046 est
279 1985 608 2043 tumulatus
636 1999 696 2038 Ix
725 1982 861 2038 Idus
887 1977 1377 2052 Septembris.Cui
1396 1975 1456 2031 in
1479 1991 1656 2048 regno
1683 1991 1809 2031 suc—
1838 1980 1844 2002 ³

160 2076 342 2135 cessit
371 2075 529 2132 ﬁlius
559 2073 684 2142 ejus
715 2071 904 2127 adhuc
936 2085 1082 2142 puer
1111 2066 1512 2132 Lotharius,m
1534 2065 1670 2121 Idus
1699 2065 1807 2121 No-

158 2164 504 2235 vembris,in
536 2177 731 2237 regem
762 2161 834 2217 ab
861 2157 1100 2220 Artoldo
1126 2153 1537 2228 archipraesule
1566 2153 1805 2209 Remen-

159 2257 243 2315 sis
273 2255 530 2312 ecclesiae
560 2253 950 2308 consecratus.

230 2346 372 2416 (Sub
403 2360 519 2416 quo
544 2339 821 2397 Arnulfus
845 2352 1059 2403 comes,
1089 2339 1147 2390 et
1175 2331 1487 2389 Sithiensis
1514 2329 1804 2400 Ecclesiae,

108 2473 113 2476 -
159 2437 451 2512 quantum
481 2431 554 2488 ad
586 2425 927 2501 temporale,
961 2419 1806 2494 administrator,privilegium

157 2508 556 2584 immunitatis
589 2512 1170 2584 conﬁrmationisque
1197 2511 1490 2566 bonorum
1512 2526 1547 2565 a
1576 2508 1810 2564 semeti-

160 2630 267 2688 pso
298 2613 590 2677 datorum,
623 2610 681 2662 et
732 2604 1006 2674 deinceps
1066 2599 1511 2665 domandorum;
1563 2599 1704 2652 item
1737 2597 1809 2652 de

161 2685 398 2759 iustitia
426 2713 603 2771 quam
657 2694 975 2751 debeamus
1003 2689 1232 2756 habere,
1267 2687 1327 2742 in
1359 2687 1633 2742 omnibus
1663 2685 1808 2742 locis

161 2791 381 2850 nostris
412 2785 766 2860 impetravit,
816 2780 1141 2839 secundum
1186 2778 1337 2833 hanc
1382 2776 1631 2832 formam
1681 2792 1808 2848 quae

161 2883 260 2940 hic
287 2879 641 2936 verbotenus
672 2870 993 2942 inseritur).

514 2963 815 3035 Exemptnr
840 2957 1126 3032 privilegii
1155 2956 1452 3028 imparati.

237 3061 294 3134 (7
323 3060 552 3115 Ianuar.
583 3052 734 3122 962.)
769 3072 799 3102 «
830 3050 894 3105 In
925 3046 1161 3104 nomine
1190 3049 1402 3102 sanctas
1425 3046 1481 3098 et
1497 3041 1808 3097 individua

166 3130 832 3208 Trinitatis.Lotharius,
866 3137 1060 3194 divina
1090 3135 1398 3192 ordinante
1425 3130 1806 3198 Providentia,

166 3256 268 3295 rex
296 3232 826 3303 Francorum.Cum
855 3227 1002 3283 locis
1033 3225 1226 3282 divino
1247 3222 1428 3279 cultui
1460 3208 1811 3292 mancipatis

1919 639 2092 696 nibus
2123 639 2388 695 foderum
2418 639 2618 708 daret;
2649 641 2706 694 et
2734 641 2801 693 ut
2845 654 2915 694 ea
2942 653 3070 711 quae
3112 653 3147 692 a
3175 633 3448 692 ﬁdelibus
3480 651 3592 701 rex

1919 728 2070 785 centi
2100 731 2360 800 tempore
2389 744 2667 784 concessa
2691 729 2850 796 sunt,
2876 729 3079 782 nostra
3109 740 3341 797 quoque
3371 726 3591 780 auctou

1919 817 2090 873 ritate
2147 817 2540 886 ﬁrmaremus,
2581 815 2883 872 humiliter
2941 813 3256 887 petierunt.
3304 814 3590 879 Quorum_

1918 906 2300 979 petitionibus
2331 905 2580 962 libenter
2609 904 3007 977 acquievimus
3036 920 3048 959 :
3083 906 3139 959 et
3165 903 3251 958 ita
3279 902 3340 957 in
3373 901 3589 964 omni-,.

1918 996 2029 1051 bus
2061 995 2457 1062 concedimus,
2491 998 2665 1067 atque
2694 1011 2797 1068 per
2827 993 2937 1050 hoc
2971 995 3326 1066 praceptum
3350 991 3588 1046 confir-~

1919 1102 2174 1154 mamus,
2203 1085 2413 1141 ﬁscum
2431 1083 2700 1140 videlicet
2742 1084 2958 1151 Morke,
2985 1098 3121 1138 cum
3162 1079 3436 1137 omnibus
3467 1096 3586 1152 ap:

1917 1175 2216 1248 penditiis,
2249 1191 2424 1246 quem
2471 1175 2521 1229 is
2577 1173 2813 1229 inclitus
2871 1170 3201 1228 marchisus
3255 1167 3585 1239 Arnulfus,,

1918 1267 2115 1320 noster
2141 1263 2542 1330 ﬁdelissimus,
2574 1262 2766 1318 eidem
2815 1261 2940 1318 loco
2986 1263 3187 1317 sancto
3217 1257 3584 1325 tradiderat,

1919 1353 2335 1419 consentiente,
2367 1352 2485 1408 imo
2516 1355 2756 1424 rogante
2783 1349 2992 1407 Athala
3010 1349 3276 1421 ejusdem
3311 1347 3583 1418 conjuge.

1917 1441 2304 1509 nobilissima,
2336 1445 2596 1514 tempore
2640 1456 2755 1512 quo
2804 1439 2934 1512 ipsa
2988 1437 3338 1494 feminarum
3367 1435 3564 1509 prima

1915 1530 2158 1587 tentavit
2185 1530 2411 1604 ingredi
2443 1533 2645 1586 sancta
2690 1527 2876 1601 ipsius
2921 1526 3258 1584 monasterii
3312 1524 3559 1592 limina;

1915 1620 2114 1677 villam
2145 1619 2321 1676 etiam
2369 1621 2545 1674 Arcas
2604 1619 2842 1685 dictam,
2869 1633 3049 1688 quam
3092 1615 3280 1672 isdem
3329 1629 3580 1688 quoque-

1913 1709 2091 1764 victui
2125 1709 2370 1765 fratrum
2401 1707 2656 1775 adauxit,
2690 1706 2751 1761 in
2782 1722 2897 1778 qua
2943 1708 3003 1760 et
3031 1704 3262 1760 alodem
3291 1700 3578 1762 Everardi;

1913 1797 2180 1860 illustris,
2215 1796 2483 1868 ejusdem
2539 1794 2649 1851 loci
2697 1792 2977 1861 advocati,
3011 1807 3188 1865 quem
3225 1793 3358 1863 post
3386 1806 3562 1846 suum

1915 1886 2140 1942 obitum
2170 1884 2314 1956 ipsis
2339 1883 2582 1940 tradidit
2611 1883 2895 1939 fratribus
2925 1880 3370 1952 suscipiendum
3394 1896 3409 1948 ;
3433 1893 3581 1934 mo-

1915 1974 2238 2032 nasterium
2270 1989 2502 2046 quoque
2531 1970 2720 2027 sancti
2751 1965 3574 2039 Michaelis,Wachimvillare.

1916 2064 2159 2131 dictum,
2193 2079 2327 2119 eum
2359 2060 2712 2134 appenditiis
2737 2059 2863 2134 suis
2888 2076 2903 2127 ;
2937 2058 3199 2114 Petresse
3219 2071 3454 2128 quoque
3470 2071 3576 2122 ec-_v

1916 2151 2411 2224 clesiam,praefati
2441 2149 2720 2207 marchisi
2748 2146 3062 2205 traditione
3091 2145 3406 2201 donatam:
3439 2143 3562 2198 hzec

1916 2242 2114 2298 omnia
2140 2241 2330 2297 eidem
2352 2239 2476 2295 loco
2509 2241 2709 2296 sancto
2729 2236 3148 2292 conﬁrmamus
3169 2231 3350 2306 regali
3365 2235 3581 2288 aucto-'

1917 2331 2103 2388 ritate.
2129 2329 2374 2386 Proinde
2402 2329 2509 2386 hos
2541 2332 2772 2384 nostros
2801 2324 3026 2398 regales
3057 2322 3253 2395 apices
3282 2319 3407 2376 ﬁeri
3428 2320 3577 2391 jus-_~

1916 2421 2124 2488 simus,
2159 2435 2261 2492 per
2292 2434 2438 2490 quos
2469 2431 2833 2473 successores
2883 2415 3114 2469 nostros
3171 2410 3562 2478 admonemus

1917 2514 1984 2566 ut
2011 2509 2163 2565 sicut
2191 2507 2466 2580 praedicto
2511 2503 2864 2561 monasferio
2910 2499 3332 2568 concessimus,
3363 2498 3446 2553 ita
3474 2495 3577 2551 illi~

1917 2604 2111 2656 ratum
2143 2602 2200 2654 et
2224 2595 2432 2653 stabile
2463 2608 2806 2667 permanere
2845 2590 3222 2663 permittant;
3244 2589 3309 2642 ut
3332 2584 3571 2656 nutlam,

1918 2687 2260 2744 divisionem
2291 2685 2351 2740 in
2383 2682 2755 2740 monasteriis
2804 2684 2905 2736 aut
2947 2677 3107 2742 cellis
3157 2675 3246 2743 vel
3269 2673 3422 2740 villis
3454 2690 3576 2748 seu.

1919 2776 2138 2833 caeteris
2163 2772 2636 2848 possessionibus
2667 2769 2881 2826 faciant
2936 2770 3040 2822 aut
3093 2765 3280 2820 facere
3325 2761 3578 2835 permit:

1916 2870 2064 2935 tant,
2097 2869 2197 2921 aut
2223 2865 2284 2919 in
2314 2862 2458 2919 alios
2489 2877 2634 2916 usus
2666 2858 3057 2930 retorqueant.
3077 2853 3190 2911 Sed
3209 2856 3268 2908 et
3286 2852 3396 2908 hoc
3425 2868 3581 2921 san-,-

1919 2956 2109 3012 cimus
2140 2958 2313 3024 atque
2337 2949 2803 3014 decernimus,ut
2832 2943 3032 3000 nullus
3055 2942 3238 3014 judex
3265 2939 3579 3014 publicus”

1920 3047 2022 3101 aut
2053 3041 2330 3116 quislibet
2359 3056 2427 3094 ex
2473 3035 2780 3109 iudiciaria
2830 3033 3136 3106 potestate,
3168 3029 3228 3084 in
3284 3027 3578 3116 ecclesias.-

1921 3138 2023 3190 aut
2041 3136 2276 3188 czeteras
2291 3125 2693 3201 possessiones
2707 3119 3013 3178 memorati
3045 3111 3573 3188 monasterii,quasj

1921 3238 2077 3277 nunc
2097 3218 2376 3292 possidet,
2406 3214 2495 3271 vel
2526 3231 2652 3286 qua:
2682 3211 2958 3281 deinceps
2982 3205 3228 3264 voluerit
3248 3203 3450 3260 divina
3464 3220 3568 3276 po-v

167 3328 241 3384 ob
271 3324 477 3382 divinae
508 3319 804 3378 servitutis
837 3330 1291 3385 amorem,0pem
1325 3326 1643 3383 congruam
1674 3307 1808 3363 feci-
1841 3287 1883 3356 Ο
1921 3315 2102 3367 testas
2123 3305 2346 3380 augeri,
2373 3305 2444 3360 ad
2466 3318 2674 3358 causas
2701 3297 3011 3372 judiciario
3034 3310 3193 3350 more
3213 3292 3567 3359 audiendas,

168 3434 324 3482 mus,
356 3409 720 3486 imperialem
751 3406 1004 3480 profecto
1053 3418 1275 3459 morem
1307 3401 1578 3456 decenter
1605 3395 1811 3470 imple-

170 3508 392 3572 mus,et
414 3501 582 3558 nobis
605 3499 676 3555 ad
695 3491 1182 3554 remunerationis
1206 3495 1430 3546 aeterna:
1454 3487 1692 3561 praemia
1712 3503 1812 3541 ca—

170 3593 464 3670 pescenda
479 3586 1037 3664 profuturumﬁrma
1065 3580 1407 3638 credulitate
1436 3576 1810 3634 conﬁdimus.

173 3665 397 3742 idcirco
445 3683 649 3736 notum
698 3692 826 3733 esse
874 3672 1146 3729 volumus
1194 3669 1468 3725 omnibus
1524 3665 1815 3732 ﬁdelibus,

176 3779 235 3831 et
293 3768 510 3828 nostris
567 3763 953 3840 praesentibus
1006 3759 1227 3816 scilicet
1277 3761 1336 3814 et
1391 3756 1626 3822 futuris,
1681 3753 1820 3826 quia

177 3859 530 3920 venerabilis
559 3854 858 3921 Arnulfus,
893 3849 1152 3907 marchio
1182 3848 1480 3919 abbasque
1519 3861 1586 3900 ex
1617 3860 1819 3899 mona-

180 3951 356 4010 sterio
387 3947 633 4006 ccenobii
655 3943 869 4010 Sithiu,
902 3940 1056 4014 quod
1087 3941 1176 3994 est
1206 3937 1385 3993 situm
1417 3934 1478 3990 in
1508 3951 1656 4007 pago
1683 3933 1824 3988 Tar-

179 4039 444 4106 vanensi,
478 4037 882 4093 constructum
904 4033 965 4085 in
989 4029 1210 4084 honore
1236 4028 1448 4082 sanctae
1471 4022 1572 4079 Dei
1593 4020 1828 4095 genitri-

181 4132 267 4188 cis
322 4140 670 4200 semperque
719 4119 963 4194 virginis
1021 4115 1237 4182 Mariae,
1317 4118 1373 4170 et
1429 4111 1825 4185 apostolorum

179 4219 337 4277 Petri
367 4221 424 4273 et
455 4213 639 4281 Pauli,
673 4211 733 4267 in
761 4227 876 4282 quo
910 4222 1154 4279 corpora
1195 4205 1500 4259 beatorum
1532 4201 1828 4256 confesso-

181 4325 317 4366 rum
350 4302 664 4362 Audomari
688 4304 862 4372 atque
883 4295 1100 4354 Bertini
1121 4292 1515 4365 requiescunt,
1539 4289 1637 4344 ubi
1654 4289 1830 4344 etiam

183 4395 456 4472 praesenti
474 4397 737 4464 tempore
759 4384 1218 4462 praenominatus
1230 4382 1678 4448 abbas,auctore
1693 4378 1829 4445 Deo,

186 4467 435 4561 praeesse
455 4482 720 4548 videtur;
751 4481 960 4534 nostras
991 4471 1248 4529 innotuit
1277 4468 1568 4541 majestati
1586 4467 1836 4540 qualiter

179 4555 536 4650 jamdudum
565 4574 829 4641 tempore
859 4563 1314 4639 prmdecessores
1327 4562 1598 4632 parentes
1623 4555 1831 4612 nostri.

1918 3400 2007 3455 vel
2043 3398 2203 3454 freda
2231 3399 2334 3452 aut
2363 3395 2587 3449 bannos
2609 3387 2940 3463 exigendos,
2975 3387 3076 3440 aut
3101 3381 3443 3439 mansiones
3469 3379 3557 3436 vel

1923 3491 2158 3560 paratas
2207 3483 2524 3548 faciendas,
2584 3483 2686 3535 aut
2734 3477 2997 3533 foderum
3055 3471 3427 3545 exigendum,
3460 3472 3572 3542 aut

1923 3555 2298 3646 ﬁdejussores
2312 3570 2726 3636 tollendos,aut
2739 3561 3207 3634 hominesipsius
3224 3555 3574 3620 monasterii,

1925 3645 2424 3735 distringuendos,
2459 3675 2562 3714 nec
2593 3655 2742 3713 ullas
2773 3651 3152 3714 redibitiones
3199 3650 3302 3705 aut
3333 3645 3573 3718 illicitas

1927 3732 2262 3810 occasiones
2293 3747 2694 3820 requirendas,
2729 3741 2846 3798 ullo
2878 3755 3140 3811 unquam
3193 3741 3456 3809 tempore
3477 3732 3570 3788 in«

1929 3839 2092 3916 gredi
2123 3839 2331 3894 audeat
2358 3835 2445 3892 vel
2499 3853 2568 3892 ea
2609 3850 2738 3905 quae
2789 3830 3108 3886 memorata
3166 3828 3306 3882 sunt
3335 3822 3574 3916 penitus

1931 3907 2194 3987 Exactare
2250 3928 2596 3998 praesumat;
2642 3922 2744 3978 sed
2789 3919 2962 3976 liceat
3004 3916 3328 3974 memorato
3375 3907 3575 3968 abbati

1932 4018 2194 4087 Amulio,
2228 4014 2470 4086 suisque
2523 4009 2985 4074 successoribus,
3017 4021 3110 4061 res
3152 3998 3414 4075 praedicti
3448 4013 3576 4054 mo-

1935 4105 2196 4173 nasterii,
2229 4120 2364 4159 cum
2404 4101 2680 4156 omnibus
2716 4098 2893 4155 fredis
2940 4099 2998 4152 et
3033 4091 3244 4151 bannis
3292 4088 3414 4146 sive
3443 4102 3578 4145 con-

1938 4196 2118 4254 cessis
2158 4194 2267 4250 sub
2316 4194 2518 4247 nostra
2571 4188 2907 4245 defensione
2961 4183 3154 4258 quieto
3210 4177 3413 4237 ordine
3442 4190 3584 4250 poss

1939 4286 2168 4350 sidere;
2219 4284 2508 4353 quatenus
2556 4277 2717 4349 ipsos
2766 4291 2966 4332 servos
3023 4270 3148 4337 Dei,
3179 4284 3284 4342 pro
3313 4263 3484 4326 nobis
3511 4277 3579 4317 ac

1940 4391 2044 4449 pro
2093 4349 2408 4428 stabilitate
2454 4365 2635 4421 totius
2687 4363 2853 4437 regni
2912 4358 3097 4418 nostri
3155 4374 3190 4414 θ.
3240 4355 3356 4412 Deo
3408 4349 3579 4449 nobis

1941 4439 2222 4525 concessi,
2265 4455 2487 4529 jugiter
2537 4452 2631 4508 Dei
2686 4448 3151 4508 misericordiam
3196 4455 3433 4501 exorare
3480 4439 3587 4493 de--

1941 4551 2131 4608 lectet.
2192 4527 2279 4603 Et,
2318 4527 2385 4599 ut
2430 4542 2554 4597 haec
2603 4539 2920 4596 auctoritas
2968 4534 3188 4593 nostris
3254 4527 3587 4599 futurisque.

190 4619 360 4738 i‘eges
379 4659 648 4717 videlicet
669 4619 1021 4713 Frrancorum
1045 4651 1234 4708 eidem
1260 4644 1614 4704 monasterio
1634 4643 1839 4718 regali-
1867 4657 1911 4722 ι)
1941 4637 2324 4712 temporibus,
2357 4633 2471 4689 Deo
2502 4631 2838 4702 protegente
2845 4625 3060 4697 ,valeat
3087 4619 3432 4679 inconvulsa
3454 4631 3583 4738 pel;-

1524 4736 1531 4738 ξ
2464 4718 2669 4738 manas-
2706 4731 2825 4738 --μ
2881 4711 3245 4738 n__.--.:.......
3299 4712 3352 4738 ..ι
3386 4721 3537 4738 niihil
3569 4702 3583 4738 ἶ

191 4736 304 4812 διιέ
324 4747 644 4825 privilegiis
668 4746 846 4802 talem
871 4741 1276 4800 concedissent
1315 4736 1741 4806 auctoritatem,
1774 4738 1840 4790 ut

189 4842 340 4900 illud
374 4855 508 4896 cum
540 4836 815 4893 omnibus
849 4835 922 4889 ad
953 4849 1015 4888 se
1044 4825 1611 4902 pertinentibus,sub
1632 4840 1835 4897 perpe-

192 4937 296 4990 tua
325 4945 528 4987 eorum
557 4923 916 4983 defensionis
947 4921 1208 4976 maneret
1236 4915 1565 4972 securitate.
1593 4914 1702 4969 Sed
1736 4930 1838 4985 pro

195 5017 493 5077 ﬁrmitatis
523 5015 752 5082 inditio,
784 5009 1224 5085 postulaverunt
1243 5008 1309 5060 ut
1337 5020 1454 5059 non
1481 5001 1842 5075 solum,prae-

198 5111 576 5168 decessorum
608 5107 942 5161 nostrorum
972 5112 1178 5172 regum
1235 5109 1457 5149 morem
1507 5095 1840 5163 sequentes,

198 5202 412 5256 nostrae
443 5192 783 5267 hujusmodi
825 5185 1186 5246 auctoritatis
1220 5183 1573 5256 praeceptum
1595 5195 1733 5252 erga
1755 5179 1844 5251 ip-

201 5304 336 5345 sum
369 5275 1084 5348 monasterium,tuitionis
1117 5269 1452 5348 gratia,ﬁeri
1477 5269 1843 5341 juberemus,

202 5377 307 5433 sed
337 5375 515 5432 etiam
538 5372 951 5446 perliceremus
974 5369 1040 5422 ut
1055 5379 1257 5421 omnes
1278 5358 1453 5416 cellas
1474 5362 1531 5413 et
1549 5356 1849 5422 villas,seu

205 5470 444 5524 caeteras
482 5445 884 5536 possessiones
927 5453 1185 5529 praedicti
1243 5446 1580 5506 monasterii
1612 5463 1758 5518 quas
1790 5445 1851 5500 in

207 5552 570 5629 quibuslibet
591 5550 758 5624 pagis
780 5552 836 5604 et
852 5541 1159 5603 territoriis
1182 5540 1335 5596 infra
1356 5537 1638 5593 ditionem
1667 5536 1851 5606 impe-

209 5628 280 5700 rii
314 5642 497 5699 nostri
531 5640 859 5698 consistunt
887 5633 1086 5691 nullus
1115 5630 1609 5704 praedecessorum
1633 5628 1858 5680 nostro-

211 5750 344 5791 rum
375 5732 678 5798 divideret,
709 5732 810 5786 aut
839 5727 897 5783 in
927 5724 1072 5783 alios
1120 5736 1265 5777 usus
1315 5717 1672 5773 converteret
1701 5716 1758 5770 et
1793 5715 1860 5768 ut

1946 4701 2202 4794 manere,
2235 4739 2414 4780 manu
2447 4701 2680 4792 propria
2701 4731 2832 4772 eam
2881 4711 3270 4778 ﬁrmavimus,
3298 4712 3358 4769 et
3384 4701 3590 4779 annuli

1945 4815 2131 4874 nostri
2163 4809 2548 4886 impressione
2573 4802 3200 4878 assignarijussimus.
3585 4832 3593 4869 ς

2021 4929 2048 4958 ‹‹
2071 4880 2279 4960 Actum
2302 4917 2379 4957 v11
2412 4899 2549 4954 Idus
2595 4891 2883 4959 Januarii,
2916 4893 3200 4964 regnante
3242 4886 3460 4944 domno
3489 4880 3593 4938 Lo-

1946 4995 2158 5062 thario,
2193 5007 2344 5048 anno
2369 5005 2491 5056 vm,
2515 4983 2832 5042 indictione
2861 4996 2938 5036 vn.
3591 4981 3608 5016 ηρ

2024 5107 2052 5137 ‹‹
2083 5085 2290 5139 Actum
2323 5075 2586 5135 Leuduni
2615 5070 2875 5130 feliciter.
2909 5089 2938 5119 »

2024 5173 2119 5230 Sic
2148 5171 2443 5243 signatum
2473 5163 2718 5221 inferius
2744 5177 2757 5215 :
2789 5213 2794 5217 .

2030 5285 2059 5314 ‹‹
2086 5241 2331 5333 Signum
2363 5253 2618 5312 Lotharii
2663 5243 3073 5324 gloriosissimi
3119 5241 3477 5298 Francorum
3506 5253 3604 5313 re:

1999 5369 2070 5408 IS.

1999 5369 2070 5408 IS.

1958 5368 1995 5426 g
2031 5464 2059 5491 «
2088 5439 2218 5494 Otto
2242 5433 2621 5492 eancellarius
2653 5427 3004 5502 recognovit.
3038 5445 3066 5474 »

2032 5530 2196 5582 Anno
2224 5528 2356 5597 post
2375 5522 2484 5578 hoc
2513 5523 2720 5594 quinto
2752 5520 2988 5592 signum
3011 5508 3224 5578 crucis,
3257 5505 3456 5561 nescio
3487 5521 3615 5580 qua

1966 5633 2145 5675 causa
2172 5613 2454 5685 exigente,
2487 5611 2680 5667 subito
2738 5609 2796 5664 in
2822 5591 3213 5663 vestimentis
3257 5591 3606 5685 insignitum

1965 5706 2269 5764 videbatur
2299 5699 2736 5757 humanis.Erat
2767 5701 2966 5757 autem
2995 5683 3303 5758 color-acsi
3323 5698 3394 5757 ex
3413 5679 3609 5754 aliquo
