4050 6416
173 393 335 460 1269

1561 391 2210 461 CHARTULARIUM.

3427 395 3591 476 1,270.

168 527 474 597 Arnulfus,
507 527 716 585 direxit
744 530 878 602 post
906 527 1575 601 Hildebrandum,supra
1601 544 1822 584 memo-
1850 528 1908 598 Α
1936 529 2289 590 haereditatis
2321 549 2438 589 sum
2467 536 2692 607 partem
2723 532 3107 606 delegaverat,
3139 534 3196 590 et
3225 530 3378 599 hanc
3425 547 3586 590 eam-

169 622 365 676 ratum
407 618 675 674 abbatem
707 621 763 674 et
785 621 1056 691 nepotem
1083 621 1342 684 suum,et
1365 617 1415 672 ei
1439 617 1642 672 iterato
1666 616 1826 672 hunc

169 706 601 765 commendavit
629 706 1035 779 locum,quem
1055 711 1113 763 et
1132 707 1437 775 hactenus,
1454 704 1826 762 miseratione

163 798 290 865 Dei,
325 797 494 870 regit,
531 797 630 868 qui
663 800 753 852 est
792 813 982 853 annus
1031 800 1577 869 supramemoratus
1622 794 1824 851 Domi-

165 887 311 944 nicze
344 886 672 944 nativitatis
703 887 828 942 961.

238 976 402 1042 Quod
421 975 587 1032 facile
604 979 726 1030 erat
742 974 865 1032 ﬁeri
888 975 1167 1047 quoniam
1187 992 1220 1030 a
1248 973 1554 1029 monachis
1578 972 1826 1045 cmnobii

164 1065 370 1137 hujus,
404 1063 475 1120 ob
505 1062 1064 1136 vitaeprolestatem,
1090 1081 1206 1119 non
1239 1063 1465 1142 modice
1489 1062 1824 1117 ornabatur.

164 1155 338 1211 Etita
354 1157 512 1226 patet
532 1153 684 1224 quod
717 1151 1076 1225 Adalophus,
1109 1153 1228 1223 jam
1262 1151 1399 1206 dicti
1433 1151 1680 1207 omnobii
1703 1167 1821 1206 mo-

164 1243 415 1311 nachus,
448 1241 623 1299 cessit
651 1241 937 1298 voluntati
969 1241 1202 1298 comitis
1229 1258 1379 1312 saepe
1407 1241 1711 1307 dicti,cum
1733 1240 1827 1295 vix

165 1349 320 1388 anno
354 1331 527 1388 unico
559 1329 1051 1386 administrasset.
1085 1331 1154 1386 Et
1192 1330 1592 1402 postmodum,
1623 1328 1818 1384 Hilde-

160 1420 376 1477 brandi
410 1419 639 1476 abbatis
653 1419 838 1476 nostri
853 1420 1207 1492 reassumpti
1231 1417 1534 1491 regiminis
1566 1435 1718 1472 anno
1739 1435 1820 1491 In,

158 1509 292 1582 ejus
323 1507 653 1566 avunculus
684 1507 1044 1581 Arnulphus,
1075 1508 1372 1581 quondam
1409 1523 1602 1564 comes
1652 1505 1822 1562 Flau-

160 1586 407 1654 drarum
439 1601 496 1653 et
525 1596 728 1665 abbas,
761 1601 826 1652 nt
851 1615 1031 1670 supra
1060 1601 1366 1653 ostensum
1398 1593 1826 1668 est,complevit

162 1687 430 1744 ofﬁcium
460 1687 588 1742 vitae
619 1685 883 1760 sepultus
915 1686 974 1742 in
1005 1686 1336 1743 Blandinio.

234 1775 470 1833 LXXXI.
522 1775 757 1847 Explevi
800 1777 950 1847 jam,
1001 1775 1320 1832 auxiliante
1369 1773 1636 1843 Domino,
1693 1789 1820 1844 quae

1938 621 2069 677 dem
2099 619 2305 678 Cellam
2337 623 2408 678 ad
2441 626 2710 678 sanctum
2731 622 3032 678 Bertinum
3051 639 3156 694 pro
3173 611 3334 694 parte
3363 620 3466 676 ﬁlii
3491 612 3598 677 sui“

1935 709 2240 766 Guntberti
2273 728 2447 783 quem
2479 711 2539 766 in
2571 713 2775 767 eodem
2815 710 3172 767 monasterio
3227 709 3585 766 monachum

1935 797 2168 868 fecerat,
2203 800 2312 856 sub
2344 804 2623 873 perpetua
2665 800 2935 856 firmitate
2988 799 3357 856 condonavit.
3393 798 3589 854 Prima

1935 892 2130 943 autem
2164 888 2498 944 chartarum
2531 890 2600 944 de
2637 887 2812 956 villis,
2847 906 2994 961 quas
3045 889 3118 944 ad
3161 888 3428 944 eamdem
3471 886 3585 943 cel-

1934 976 2052 1032 lam
2081 977 2325 1033 tradidit
2363 977 2693 1045 nobiscum,
2739 977 2989 1035 habetur
3036 978 3107 1032 de
3154 975 3580 1046 Curmontium,

1937 1083 2064 1138 quae
2091 1066 2150 1121 in
2181 1067 2384 1123 ordine
2432 1066 2769 1139 scriptionis
2817 1065 3008 1140 prima
3055 1065 3165 1122 erit
3211 1065 3580 1138 aubsequen-

1934 1155 2106 1211 tium.

1935 1262 2230 1318 LXXXIII.
2289 1262 2522 1319 Traditio
2575 1261 2814 1318 Goiberti
2857 1261 2922 1317 de
2981 1261 3379 1328 Curmontium,
3440 1264 3578 1317 tem-

2404 1351 2536 1406 pore
2564 1333 2835 1403 Fridegz'si
2861 1334 3092 1389 abbatis.

2005 1423 2161 1496 (Aug.
2196 1422 2343 1494 831.)
2375 1446 2403 1472 (ί
2439 1425 2658 1480 Domno
2687 1421 3004 1478 venerabili
3053 1422 3114 1478 iu
3164 1421 3392 1478 Christo
3422 1421 3586 1494 patri

1934 1511 2255 1585 Fridogiso,
2311 1511 2506 1568 abbati
2565 1512 2636 1568 de
2684 1511 3036 1568 monasterio
3087 1511 3300 1580 Sithiu,
3331 1507 3431 1566 ubi
3460 1511 3575 1567 duo

1932 1601 2069 1674 agii,
2101 1602 2473 1657 Audomarus
2502 1599 2767 1656 videlicet
2795 1617 2912 1655 una
2959 1617 3093 1656 cum
3123 1590 3292 1656 beato
3318 1599 3572 1667 Bertino,

1932 1690 2146 1747 Christi
2177 1690 2411 1746 Domini
2443 1689 2826 1758 confessores,
2860 1690 2919 1743 in
2951 1705 3188 1761 corpore
3235 1692 3572 1761 repausant.

1929 1781 2069 1854 Ego,
2105 1779 2164 1834 in
2193 1779 2291 1835 Dei
2322 1779 2580 1846 nomine,
2613 1778 2943 1848 Goibertus,
2977 1795 3099 1833 una
3125 1794 3260 1833 cum
3294 1776 3413 1834 filio
3445 1793 3575 1834 meo

149 1867 446 1939 jusseras,
480 1864 692 1920 domne
731 1868 787 1919 et
832 1863 1190 1932 beatissime,
1235 1881 1460 1920 necnon
1510 1867 1566 1919 et
1615 1879 1818 1918 aman-
1852 1901 1899 1970 B
1931 1868 2272 1934 Guntberto,
2306 1867 2524 1939 pariter
2562 1867 2894 1935 traditores,
2929 1882 3032 1937 per
3078 1865 3230 1922 hanc
3269 1864 3578 1938 epistolam

156 1953 394 2011 tissime
438 1957 619 2025 pater,
671 1952 990 2026 Adalophe,
1041 1954 1542 2026 comprehendens
1590 1952 1651 2006 in
1700 1967 1816 2006 uno
1853 1952 1898 1970 ”
1928 1957 2261 2014 traditionis
2280 1956 2572 2012 donamus
2590 1953 2755 2009 vobis
2775 1953 3582 2028 spontaneavoluntatequid-

159 2043 368 2100 codice
394 2041 740 2098 traditiones
769 2041 1032 2098 ﬁdelium
1051 2060 1184 2098 cum
1209 2042 1428 2098 chartis
1458 2056 1819 2113 earum,nec-

159 2150 281 2190 non
311 2136 368 2188 et
397 2135 562 2205 gesta
604 2131 886 2187 abbatum
939 2132 1011 2186 ab
1060 2131 1186 2204 ipso
1237 2131 1428 2204 primo
1480 2131 1589 2186 loci
1635 2130 1816 2202 hujus

159 2225 455 2279 structore
493 2220 708 2276 domno
762 2220 994 2276 Bertino
1043 2222 1271 2289 abbate,
1309 2237 1494 2293 usque
1551 2220 1624 2275 ad
1679 2218 1815 2274 ulti-

159 2327 352 2377 mum,
386 2309 487 2382 qui
522 2326 675 2365 nunc
705 2314 914 2382 praeest
943 2314 1157 2366 nostra}
1189 2310 1374 2366 aztatis
1397 2309 1819 2382 tempore.Fra-

156 2405 249 2457 ter
279 2403 476 2456 autem
529 2399 657 2470 ipsa
703 2397 967 2468 veritate,
1015 2403 1162 2454 teste
1208 2417 1322 2467 me,
1355 2397 1502 2454 nihil
1533 2398 1629 2454 hic
1658 2396 1817 2453 aliud

159 2487 473 2561 scripsisse
503 2487 656 2560 quod
710 2487 771 2543 in
823 2487 1197 2560 exemplariis
1247 2489 1624 2560 antiquorum
1656 2485 1818 2559 potui

161 2577 441 2650 reperire,
474 2582 575 2633 aut
606 2576 861 2632 strennis
891 2576 1030 2632 viris
1057 2576 1434 2632 narrantibus
1479 2591 1816 2649 agnoscere.

162 2667 225 2724 Si
287 2665 386 2739 qui
435 2669 630 2722 autem
681 2682 773 2722 me
824 2665 1110 2723 invidiose
1165 2664 1458 2721 voluerint
1511 2664 1816 2731 dilaniare,

165 2755 406 2812 obsecro
421 2753 786 2827 paternitatis
802 2771 919 2810 suae
936 2755 1301 2811 refrenentur
1324 2753 1820 2824 favore.Reliquas

164 2862 301 2901 vero
325 2843 556 2900 chartas
587 2860 690 2917 per
721 2844 1087 2901 diversorum
1119 2844 1582 2901 ministeriorum
1631 2842 1819 2898 officio

176 2934 487 3007 deputatas
534 2932 733 2989 curavi
776 2929 1093 3006 separatim
1150 2934 1488 3001 inscribere,
1549 2936 1613 2987 ut
1666 2931 1821 3004 quod

174 3021 493 3095 unicuique
524 3022 848 3080 ministerio
880 3023 1263 3085 distributum
1296 3027 1438 3092 erat,
1467 3020 1708 3078 faciliori
1741 3020 1826 3074 in-

177 3111 494 3186 quisitione
543 3116 740 3184 posset
787 3111 1094 3184 inquirens
1142 3111 1439 3185 indagare.
1492 3109 1824 3182 Subscripsi

176 3199 354 3257 etiam
419 3216 522 3272 per
581 3199 844 3254 ordinem
915 3199 1163 3254 fratrum
1232 3203 1496 3255 nostrum
1563 3196 1821 3266 nomina,

1926 2047 2065 2119 quid
2098 2046 2311 2102 habere
2340 2043 2428 2100 vel
2460 2043 2762 2099 dominare
2809 2042 2919 2098 visi
2970 2059 3179 2098 sumus
3210 2043 3269 2097 in
3317 2041 3444 2098 loco
3476 2043 3576 2114 qui

1925 2136 2139 2191 dicitur
2167 2132 2660 2201 Curmontium,in
2691 2147 2840 2205 pago
2873 2131 3222 2199 Bononensi,
3257 2147 3434 2203 super
3461 2132 3576 2186 ﬂu-

1925 2225 2087 2280 vium
2119 2223 2420 2280 Edivinia:
2448 2222 2506 2278 id
2537 2225 2926 2290 est,mansum
2958 2224 3015 2276 et
3045 2237 3241 2276 casam
3265 2221 3576 2294 capitalem

1927 2312 2523 2386 superpositam,cum
2560 2309 2673 2366 alia
2703 2309 2934 2366 castitia
2962 2309 3048 2364 vel
3081 2309 3326 2365 aedificia
3355 2309 3574 2366 ibidem

1927 2401 2296 2476 pertinentia,
2350 2401 2576 2471 majora
2620 2399 2708 2454 vel
2762 2397 3021 2468 minora;
3056 2415 3177 2454 una
3221 2415 3354 2454 cum
3401 2399 3574 2454 terris

1928 2490 2268 2558 arabilibus,
2303 2488 2507 2561 pratis,
2556 2487 2812 2560 pascuis,
2867 2486 3149 2553 concidis,
3195 2487 3570 2558 communiis,

1927 2579 2138 2654 perviis
2168 2578 2530 2652 legitimis,et
2556 2575 3176 2649 wadriscapis;omnia
3198 2576 3257 2631 in
3276 2576 3573 2648 omnibus,

1927 2685 2052 2726 rem
2081 2667 2517 2740 inexquisitam,
2550 2669 2739 2720 totum
2772 2665 2843 2720 ad
2875 2665 3203 2736 integrum;
3236 2669 3293 2721 et
3333 2664 3577 2737 insuper

1929 2757 2221 2830 mancipia
2269 2774 2322 2823 ι,
2368 2755 2460 2810 his
2509 2753 2846 2810 nominibus
2897 2770 2911 2809 :
2962 2752 3326 2822 Ellefridum,
3358 2754 3575 2810 Odber-

1929 2851 2078 2916 tum,
2111 2843 2510 2910 Gerwaldum,
2541 2841 3039 2899 Vuerembaldum
3071 2859 3207 2898 cum
3249 2841 3580 2899 infantibus

1932 2935 2056 2993 suis
2089 2953 2150 3001 ιι,
2184 2934 2446 2989 Hidewif
2464 2949 2597 2988 cum
2630 2931 2957 2987 infantibus
2978 2931 3102 2988 suis
3132 2949 3194 2987 Il.
3227 2932 3357 2987 Haec
3380 2932 3580 2988 omnia

1933 3023 2204 3097 superius
2236 3021 2612 3078 denominata
2643 3022 2712 3075 ad
2746 3019 3082 3092 sepulcrum
3123 3021 3312 3076 sancti
3359 3021 3579 3076 Bertini

1932 3112 2196 3186 legaliter
2225 3128 2420 3166 coram
2447 3109 2697 3165 testibus
2722 3108 3107 3176 tradimus,ea
3136 3108 3356 3164 scilicet
3383 3109 3581 3165 condi-

1935 3204 2092 3259 tione
2125 3205 2416 3273 quatenus
2448 3203 2580 3271 post
2609 3215 2715 3254 nos
2746 3196 2807 3252 in
2833 3197 3034 3253 eodem
3065 3196 3190 3253 loco
3223 3197 3467 3274 Domino
3492 3199 3576 3254 fa-

177 3306 328 3362 quos
359 3304 463 3361 ego
487 3287 839 3360 juvenculus
879 3292 936 3344 et
982 3305 1128 3360 pene
1177 3287 1442 3356 ultimus,
1471 3287 1741 3344 recordor
1765 3286 1824 3340 in
1856 3271 1898 3339 (ἶ
1937 3271 2226 3347 mulantes
2270 3290 2378 3345 hoc
2428 3289 2499 3343 ad
2547 3285 2855 3359 specialem
2911 3271 3366 3342 consolationem
3396 3304 3580 3361 supra

177 3377 286 3434 hoc
311 3377 664 3433 monasterio
696 3376 948 3450 regulari
979 3377 1191 3434 vixisse
1221 3377 1355 3433 vita.

248 3467 510 3523 Domnus
540 3467 721 3523 abbas
751 3466 1203 3534 Hildebrandus,
1239 3466 1498 3522 Odoldus
1528 3466 1819 3532 decanus;

180 3554 554 3628 Ingelandus,
622 3555 1038 3611 Vuinetmarus
1104 3554 1499 3622 Grimbaldus,
1570 3555 1823 3609 domnus

179 3646 362 3702 abbas
410 3643 801 3718 Regenoldus,
855 3644 1273 3711 Grunwaldus,
1325 3644 1692 3710 Benedictus,
1727 3642 1826 3698 Ri-

180 3735 434 3801 kelmus,
467 3733 851 3802 Drotwimus,
885 3733 1220 3801 chfridus,
1261 3732 1621 3804 Adalophus,
1673 3731 1826 3787 Rod-

178 3824 375 3890 vinus,
427 3822 732 3896 Signinus,
792 3822 1109 3890 Galandus,
1170 3822 1492 3892 Liodricus,
1555 3820 1824 3889 Odarius,

181 3911 588 3979 Erembaldus,
616 3911 928 3981 Suavinus,
981 3911 1314 3985 Adalgisus,
1366 3909 1701 3978 Vuluricus,
1741 3908 1827 3964 Si-

180 4000 486 4075 gebaldus,
519 4001 913 4074 Engelandus,
950 3999 1263 4073 Sigelmus,
1291 3999 1825 4073 Aldgerus,Vuago,

183 4090 522 4162 Folquinus,
556 4088 910 4157 Idelbaldus,
960 4088 1270 4162 Adalsigae,
1302 4087 1650 4153 Adalardus,
1683 4087 1829 4142 Mat-

181 4181 391 4245 fridus,
423 4177 837 4246 Amarlandus,
863 4179 1232 4247 Heremarus,
1268 4176 1665 4245 Grimbaldus,
1700 4175 1829 4231 Hei-

183 4269 457 4336 mericus,
505 4268 847 4335 Everardus,
897 4267 1093 4333 Liuzo,
1149 4265 1484 4331 Everoldus,
1537 4264 1830 4338 Legenfri-

182 4359 317 4426 dus,
346 4356 538 4426 Tiozo,
571 4355 918 4425 Vulfandus,
951 4355 1828 4428 Reingerus,Nidgrinus,Hum-

181 4446 392 4514 fridus,
424 4444 721 4511 Folcarus,
755 4445 1108 4518 Regenerus.

180 4597 444 4655 LXXXII.
494 4597 695 4652 Dehinc
737 4599 1044 4722 sengmtur
1095 4596 1308 4653 chartae
1341 4597 1623 4678 testantes
1673 4594 1833 4649 villas

816 4683 845 4722 θ
899 4682 1195 4722 emosunaz.
1292 4683 1298 4690 ·

816 4682 1195 4741 θιεθηιοδῃηέε.
1292 4683 1298 4690 ·

253 4802 358 4860 Hic
388 4801 568 4858 etiam
596 4799 830 4858 villulas
861 4801 931 4856 ad
959 4800 1339 4874 eleemosynm
1371 4798 1766 4856 ministerium
1799 4817 1832 4856 a

183 4890 460 4949 ﬁdelibus
490 4891 873 4957 contraditas,
905 4907 1021 4945 non
1053 4907 1183 4946 meo
1215 4905 1460 4962 parcens
1491 4889 1695 4954 labori,
1730 4889 1832 4945 sed

186 4978 526 5039 monasterii
556 4977 922 5052 prospiciens
953 4977 1212 5048 utilitati,
1241 4995 1374 5034 cum
1405 4978 1646 5047 chartis,
1687 4978 1831 5046 suis,

188 5071 442 5129 scribere
467 5069 807 5142 aggrediar:
832 5068 1072 5125 memini
1099 5084 1354 5140 namque
1376 5084 1468 5123 me
1496 5067 1605 5124 hoc
1636 5067 1832 5140 ipsum

188 5159 696 5234 promisisse,cum
716 5159 1024 5216 Guntberti
1039 5159 1396 5215 mentionem
1415 5158 1524 5215 sub
1536 5157 1834 5232 Fridogiso

190 5249 460 5306 fecissem
486 5249 712 5304 abbate.
758 5247 945 5322 Igitur
993 5265 1118 5322 quae
1165 5247 1477 5304 scribenda
1506 5251 1644 5303 sunt
1691 5265 1836 5320 pene

192 5337 393 5397 omnia
421 5337 607 5411 ipsius
637 5337 945 5394 Guntberti
975 5342 1031 5394 et
1060 5338 1241 5412 patris
1273 5337 1362 5392 sui
1406 5335 1661 5392 Goiberti
1701 5341 1840 5393 sunt

193 5427 499 5501 largitione
510 5428 728 5483 tradita
742 5431 1165 5498 ;construxerat
1180 5431 1374 5483 autem
1386 5425 1594 5481 iisdem
1609 5425 1839 5482 Goiber-

191 5521 286 5574 tus
333 5516 394 5572 in
443 5516 795 5590 proprietate
844 5534 972 5587 sua,
1004 5516 1157 5574 sicut
1186 5516 1359 5590 longe
1399 5514 1667 5587 superius
1699 5515 1839 5586 dixi,

196 5605 467 5664 cellulam
498 5608 818 5680 quamdam
851 5607 914 5664 in
937 5606 1157 5664 honore
1182 5604 1416 5664 Domini
1447 5603 1761 5661 Salvatoris
1782 5605 1843 5660 in

195 5696 320 5754 loco
349 5699 731 5770 uuncupante
760 5695 1126 5766 Stenetland;
1178 5696 1250 5752 ad
1292 5710 1472 5768 quam
1527 5693 1846 5750 maximam

1930 3398 2105 3438 suum
2137 3378 2401 3435 debitum
2433 3376 2875 3442 habeanLQuod
2893 3375 2940 3431 si
2960 3375 3275 3448 quisquam
3307 3377 3379 3432 de
3401 3379 3580 3452 recto:

1931 3471 2095 3526 ribus
2116 3466 2376 3541 praedicti
2395 3465 2869 3532 monasterii,hoc
2891 3466 2961 3520 ab
2984 3464 3068 3521 eis
3088 3465 3333 3533 auferre,
3343 3470 3579 3538 propter

1933 3556 2408 3623 malivolentiam,
2438 3554 2525 3610 vel
2559 3555 2695 3610 inde
2743 3554 3005 3610 debitum
3055 3571 3257 3612 eorum
3305 3555 3577 3628 supplere

1931 3648 2196 3716 voluerit,
2237 3649 2377 3701 tunc
2422 3643 2798 3710 omnimodis,
2843 3644 3068 3716 absque
3113 3643 3237 3700 ulla
3284 3645 3578 3701 contradi-

1935 3737 2145 3804 ctione,
2204 3735 2274 3789 ad
2334 3736 2567 3788 nostros
2624 3731 2917 3806 legitimos
2973 3733 3233 3789 heredes
3294 3737 3581 3790 revertere

1936 3828 2161 3894 debeat,
2195 3829 2252 3880 et
2281 3827 2346 3878 ut
2373 3839 2477 3895 ego
2509 3821 2872 3878 Guntbertus
2904 3827 3138 3895 propter
3183 3822 3295 3878 hoc
3337 3824 3580 3894 donum,

1937 3911 2468 3988 quandiu,Domino
2500 3911 3066 3982 annuente,'vixero,
3099 3911 3251 3967 inter
3278 3910 3438 3984 ipsos
3459 3928 3585 3967 mo-

1937 4005 2154 4060 nachos
2189 3999 2595 4076 plenissimum
2625 3998 2889 4054 debitum
2923 3999 3361 4065 habeam.Quod
3383 4000 3433 4054 si
3455 4017 3588 4076 conj

1935 4093 2226 4167 tigerit,ut
2255 4107 2404 4163 szepe
2433 4088 2641 4155 evenit,
2675 4091 3004 4160 ut,propter
3033 4088 3316 4144 invidiam
3338 4087 3426 4145 vel
3452 4106 3586 4145 ava-

1939 4183 2136 4237 ri.iam
2193 4179 2656 4254 praepositorum,
2717 4176 2787 4232 de
2838 4178 2967 4248 jam
3024 4177 3178 4233 dicto
3231 4178 3587 4235 monasterio

1939 4267 2209 4345 egreSsus
2259 4270 2441 4338 fuero,
2475 4271 2635 4335 tunc,
2669 4266 2890 4339 absque
2937 4265 3060 4322 ulla
3107 4266 3586 4338 contradictione,

1939 4360 2154 4415 iterum
2182 4357 2580 4414 hareditatem
2607 4373 2796 4412 meam
2818 4355 3192 4429 recipiam.Et
3213 4356 3327 4412 ista
3346 4356 3589 4413 haeredi-

1939 4448 2128 4504 tatula
2158 4465 2334 4520 parva
2352 4447 2625 4503 volumus
2646 4449 2710 4501 ut
2722 4445 2793 4501 ad
2815 4445 3119 4520 ecclesiam
3141 4445 3373 4503 Domini
3397 4445 3590 4502 Salva-

1939 4538 2084 4594 toris
2104 4517 2499 4592 in—Steneland
2535 4535 2899 4592 deserviat.Si
2931 4535 3064 4606 quis
3095 4517 3412 4608 vero,quod
3435 4535 3591 4591 futu-

1860 4645 1908 4710 D
1940 4645 2072 4684 rum
2104 4643 2233 4683 esse
2263 4643 2378 4681 non
2411 4625 2726 4694 credimus,
2759 4624 2912 4697 quod
2960 4622 3119 4680 ullus
3152 4625 3223 4680 de
3260 4623 3592 4681 haeredibus

1939 4717 2026 4774 vel
2052 4713 2490 4790 prohaeredibus
2523 4713 2760 4783 nostris,
2795 4712 2846 4770 si
2877 4713 2990 4769 ista
3022 4712 3212 4769 cautio
3243 4713 3416 4769 firma
3459 4730 3590 4786 per-

1941 4803 2258 4870 duraverit,
2291 4801 2378 4858 vel
2411 4801 2687 4874 quaelibet
2716 4801 2983 4876 opposita
3013 4805 3114 4858 aut
3155 4806 3427 4859 extranea
3457 4817 3588 4875 per-

1942 4913 2106 4964 sona,
2139 4896 2340 4948 contra
2369 4891 2520 4946 hanc
2550 4887 2926 4948 traditionem
2977 4895 3236 4948 nostram
3281 4891 3592 4947 devotissi-

1942 5001 2102 5041 mam
2131 4981 2326 5038 venire
2355 4981 2817 5051 praesumpserit,
2860 4981 2952 5037 vel
3000 4981 3316 5054 infringere
3341 4982 3596 5038 tentave-

1943 5075 2040 5141 rit,
2093 5072 2243 5127 iram
2296 5068 2484 5143 ipsius
2535 5067 2767 5123 Domini
2812 5068 3128 5127 Salvatoris
3179 5069 3276 5126 Dei
3327 5068 3593 5142 omnipo-

1942 5163 2123 5220 tentis
2179 5160 2457 5225 incurrat,
2519 5159 2576 5212 et
2634 5161 2971 5214 sanctorum
3030 5160 3198 5231 ejus;
3253 5163 3311 5216 et
3350 5158 3594 5230 insuper

1945 5251 2329 5323 distringente
2385 5246 2547 5313 ﬁsco,
2607 5245 2733 5299 auri
2785 5245 2994 5304 uncias
3049 5267 3105 5315 ι,
3166 5252 3404 5323 argento
3451 5263 3593 5324 pon-_

1947 5343 2086 5398 dera
2131 5357 2223 5404 xx,
2277 5344 2528 5401 coactus,
2575 5332 2848 5402 exsolvat,
2897 5339 2954 5391 et
3002 5337 3158 5409 quod
3199 5337 3407 5410 repetit
3436 5335 3591 5392 evin-

1949 5430 2140 5486 dicare
2199 5444 2314 5484 non
2371 5424 2593 5493 valeat;
2654 5422 2756 5478 sed
2813 5439 3069 5496 praesens
3141 5426 3378 5483 traditio
3434 5423 3597 5483 omni

1949 5524 2209 5592 tempore
2259 5513 2607 5572 firmissima
2651 5516 3010 5585 permaneat,
3045 5530 3181 5570 cum
3221 5515 3600 5590 stipulatione

1955 5608 2230 5666 subnixa.

2034 5698 2302 5754 «Actum
2340 5692 2530 5751 Sithiu
2581 5691 2956 5762 monasterio,
3005 5692 3066 5749 in
3113 5708 3316 5752 mense
3359 5694 3585 5768 August
