4050 6410
216 397 389 488 me

1595 423 2244 490 CHABTULARIUM.

3463 419 3577 488 1’27
3585 421 3635 488 47

216 557 848 618 DominiSal‘vatorisin
867 557 1318 631 Steneland,sub
1339 561 1863 632 sensuluminario,
1897 561 2213 631 Achartas
2241 559 2615 618 traditionem
2649 559 2732 617 sic
2775 557 3127 618 ineonvulsaa
3194 564 3490 631 maneant,
3522 577 3620 618 eas

216 650 290 706 ad
321 648 592 706 denarios
621 666 698 706 1v.
732 652 897 705 Anno
911 650 1112 706 eodem
1128 650 1423 724 posthaec,
1445 650 1506 706 in
1529 668 1731 708 mense
1749 652 1864 707 No-

214 739 499 806 vembrio,
541 756 676 795 cum
724 738 1059 795 inﬁrmatus
1103 739 1354 795 senisset
1399 740 1866 813 appropinquare

219 828 376 884 diem
410 828 602 884 obitus
615 827 726 895 sui,
761 827 1071 900 descripsit
1099 828 1222 900 ipse
1235 828 1470 901 propria
1490 846 1667 885 manu
1685 829 1763 896 ,in
1777 834 1862 885 ta-

215 917 374 974 bulis
423 918 633 974 ceratis
685 935 812 990 quae
860 916 1114 974 exterius
1161 918 1355 973 celata:
1387 923 1553 974 erant
1603 919 1866 975 barbulis

217 1006 404 1064 crassi
422 1007 620 1080 piscis,
638 1011 694 1063 et
722 1007 931 1063 subtus
963 1007 1249 1063 deauratae
1267 1012 1450 1076 erant,
1468 1007 1868 1080 qualitersuas

216 1114 312 1153 res
334 1113 515 1153 manu
544 1097 698 1152 tertii
731 1096 824 1152 sui
873 1097 1268 1169 disponerent,
1319 1114 1375 1151 IV
1404 1097 1598 1152 Nonas
1625 1096 1867 1152 Novem-

218 1187 365 1253 bris,
399 1203 440 1241 n
471 1185 632 1254 feria,
666 1185 777 1241 isto
802 1186 972 1240 modo
1007 1203 1019 1240 :
1053 1208 1083 1235 ‹‹
1118 1187 1180 1240 In
1211 1185 1783 1258 Humbaldingahem
1815 1189 1872 1240 et

216 1276 529 1344 Embreka,
563 1279 621 1331 et
648 1275 1110 1343 Hettesnamont,
1145 1275 1216 1331 ad
1247 1292 1394 1347 opus
1425 1274 1732 1330 Guntberti
1767 1275 1870 1329 ﬁlii

218 1363 358 1420 mei.
392 1364 455 1420 In
488 1363 763 1436 Ostringa
785 1363 1100 1418 bunarium
1132 1379 1149 1419 1
1178 1363 1289 1436 ipsi
1307 1365 1645 1420 Guntberto.
1682 1365 1870 1420 InGa-

219 1471 392 1526 nape,
427 1451 782 1508 Trudlindae.
819 1453 880 1508 In
926 1452 1363 1525 Winingahem,
1411 1453 1740 1522 Bertrudaa;
1783 1469 1872 1508 ex-

219 1546 391 1616 cepto
422 1559 629 1598 manso
662 1558 833 1614 quem
861 1543 932 1597 ad
965 1541 1272 1598 ecclesiam
1313 1541 1373 1596 in
1405 1541 1718 1598 Steneland
1762 1546 1874 1597 tra-

219 1633 369 1688 didi.
404 1633 466 1687 In
497 1631 873 1697 Middelhem,
925 1633 996 1686 ad
1047 1634 1315 1686 sanctum
1352 1631 1772 1686 Audomarum.
1808 1631 1871 1686 In

220 1721 606 1791 Anineshem,
635 1719 995 1788 Folbaldo,et
1022 1719 1165 1775 illud
1187 1721 1587 1794 pratumquod
1606 1721 1785 1776 habui
1813 1720 1872 1775 in

217 1807 433 1869 Selem.
464 1811 527 1866 In
569 1809 889 1880 Fraxerias,
926 1811 985 1864 in
1019 1809 1318 1877 Frandris,
1351 1814 1545 1865 totam
1568 1809 1874 1876 haeredita-

219 1904 342 1957 tem
365 1899 559 1972 nepoti
578 1915 726 1955 meo.
742 1899 824 1954 Ad
849 1903 1119 1954 sanetum
1157 1897 1532 1965 SaIvatorem,
1557 1899 1872 1972 petrariam

220 1989 389 2045 illam
413 2004 591 2062 quam
621 1988 800 2043 habui
822 1989 992 2059 juxta
1021 1988 1306 2042 Scammis
1332 2006 1345 2056 ;
1399 1987 1694 2060 mancipia
1726 2004 1873 2060 quo-

222 2095 339 2151 que
367 2095 439 2134 xv
468 2078 539 2134 ad
567 2077 834 2133 eamdem
867 2076 1173 2133 ecclesiam
1188 2077 1479 2133 dimittere
1503 2076 1634 2134 volo
1666 2079 1736 2132 ad
1773 2077 1872 2132 de-

222 2167 426 2224 narios
450 2185 526 2224 Iv.
561 2188 591 2216 »
623 2166 814 2222 Jussit
844 2183 1075 2238 quoque
1097 2167 1327 2222 recitari
1342 2183 1536 2222 coram
1568 2183 1629 2222 se
1659 2171 1716 2222 et
1737 2166 1877 2221 ami-

221 2257 308 2313 cis
339 2255 464 2312 suis
495 2256 690 2329 ipsum
725 2256 982 2324 brevem,
1015 2273 1056 2310 Π
1074 2273 1258 2311 nonas
1295 2254 1656 2311 Novembris.
1684 2255 1876 2311 Pridie

221 2351 362 2401 ante
392 2345 618 2401 obitum
650 2362 847 2412 suum,
881 2343 1105 2400 dimisit
1125 2361 1359 2417 quoque
1389 2363 1446 2399 1x
1478 2345 1771 2417 mancipia
1803 2346 1874 2400 ad

218 2433 532 2490 Steneland
551 2435 823 2508 ingenua.
849 2433 1124 2506 Sequenti
1139 2451 1370 2506 quoque
1393 2434 1504 2499 die,
1530 2434 1876 2507 priusquam

218 2523 432 2591 obiret,
463 2523 650 2579 claves
683 2523 936 2579 basilicae
988 2522 1174 2594 ipsius
1211 2523 1594 2595 omniumque
1627 2523 1876 2579 aliarum

223 2613 598 2670 ofﬁcinarum
621 2614 678 2667 in
712 2629 923 2668 manus
956 2612 1060 2666 ﬁlii
1094 2613 1184 2669 sui
1216 2613 1522 2667 Guntberti
1553 2612 1794 2667 tradidit
1824 2618 1880 2668 et

227 2702 683 2769 commendavit,
718 2701 919 2757 dicens
953 2719 966 2757 :
1002 2724 1030 2752 «
1080 2701 1181 2756 His
1224 2702 1519 2768 omnibus,
1554 2701 1657 2768 ﬁli,
1690 2706 1747 2757 te
1778 2718 1875 2757 su-

227 2792 532 2865 perstitem
565 2791 864 2858 conﬁrmo,
891 2795 1180 2863 quatenus
1230 2796 1287 2846 et
1315 2791 1414 2847 Dei
1445 2791 1594 2846 hanc
1634 2791 1877 2847 domum

229 2896 542 2953 meamque
573 2897 638 2936 ac
660 2883 1093 2936 antecessorum
1125 2896 1389 2936 meorum
1420 2879 1597 2935 etiam
1630 2885 1686 2936 et
1715 2884 1878 2935 tuam

229 2969 683 3043 eleemosynam,
718 2969 858 3024 dum
891 2969 1199 3037 advixeris,
1234 2985 1493 3042 congrua
1517 2985 1657 3025 cura
1686 2974 1879 3024 custo-

234 3059 382 3114 dias.
423 3080 444 3108 »
488 3058 710 3125 Quibus
741 3058 1301 3130 dictis,requievitin
1333 3058 1581 3114 Domino
1613 3058 1807 3113 anima
1827 3061 1883 3112 et

232 3163 474 3220 corpore
504 3163 570 3204 ac
600 3146 744 3203 obiit
787 3146 968 3202 Nonis
1000 3147 1364 3213 Novembris,
1409 3163 1465 3202 IV
1512 3147 1656 3202 feria
1681 3163 1881 3225 vespe-

231 3241 515 3293 rascente.
542 3236 778 3292 Postera
806 3235 899 3292 die
947 3239 1246 3308 portantes
1277 3251 1487 3307 corpus
1519 3235 1782 3291 Guiberti
1805 3235 1877 3289 ad

1973 653 2323 715 nominatim
2341 650 2746 724 exprimimus,
2763 650 2985 708 scilicet
3018 668 3030 706 :
3054 651 3115 707 in
3141 650 3270 725 ipso
3284 651 3618 722 Steneland,

1974 749 2035 803 in
2068 741 2565 815 Ricolvingahem,
2599 740 2657 795 in
2689 739 2987 796 Hisdonne
3017 757 3152 796 cum
3195 740 3527 813 mancipiis,
3560 741 3621 796 in

1974 832 2466 905 Henrikingahem
2488 830 2607 886 sive
2625 829 2865 898 vilhem,
2884 833 2940 886 et
2965 829 3076 886 alio
3097 829 3622 903 Henriaaingahem,

1976 942 2108 982 cum
2141 921 2436 979 Trubaldo
2467 923 2519 975 et
2551 918 2882 974 luminariis
2909 917 2970 974 in
3011 919 3138 990 ejus
3171 919 3495 976 ministerio
3521 938 3533 988 ;
3565 919 3624 974 in

1976 1012 2376 1086 Siningahem,
2408 1013 2464 1065 et
2494 1009 2554 1064 in
2587 1009 2761 1064 [stem
2788 1025 2801 1077 ;
2834 1007 2896 1062 in
2945 1007 3372 1081 Hokingahem,
3422 1008 3482 1064 in
3509 1010 3625 1065 Ho-

1978 1105 2158 1170 stede,
2191 1102 2252 1156 in
2283 1097 2769 1171 Lampanesse:in
2800 1097 3116 1169 Simpiaco,
3149 1097 3208 1152 in
3245 1097 3544 1168 Burthem,
3563 1098 3623 1153 in

1979 1194 2156 1260 Reka,
2190 1191 2248 1246 in
2279 1190 2506 1256 Strate;
2539 1187 2599 1242 in
2622 1186 3004 1253 Hemmawic,
3035 1191 3191 1242 terra
3235 1185 3483 1244 Frawivi
3516 1204 3532 1256 ;
3564 1187 3626 1242 in

1979 1281 2231 1337 Kilciaco
2254 1295 2386 1334 eum
2409 1276 2670 1332 Odlando
2693 1276 2877 1343 fabro,
2896 1275 2956 1331 in
2968 1276 3386 1350 Etesnasberg;
3418 1277 3479 1331 in
3501 1293 3626 1332 mo-

1980 1369 2230 1427 nasterio
2262 1383 2533 1422 mansum
2564 1365 2916 1437 hortumque
2947 1383 2961 1434 ;
3015 1365 3074 1420 in
3097 1366 3300 1422 Ariaco
3327 1365 3627 1433 similiter;

1980 1461 2040 1515 in
2073 1461 2362 1515 Tarwana
2390 1472 2665 1511 mansum
2691 1472 2704 1523 ;
2728 1455 2789 1510 in
2813 1455 3150 1521 Quentwico
3165 1455 3456 1526 similiter,
3491 1473 3631 1528 quo-

1979 1549 2124 1604 libet
2152 1545 2384 1620 ingenio
2417 1549 2692 1613 attractae,
2726 1544 2816 1600 vel
2850 1549 3051 1600 nostro
3092 1545 3452 1601 adminiculo
3485 1562 3628 1620 aug-

1983 1641 2273 1704 mentatm,
2307 1639 2364 1692 et
2393 1650 2637 1707 quaeque
2667 1633 2727 1688 in
2768 1635 3143 1706 postmodum
3175 1635 3276 1691 Dei
3320 1635 3632 1692 clementia

1983 1725 2292 1784 addiderit.
2325 1725 2468 1780 Item
2499 1723 2562 1778 in
2610 1722 2903 1791 Kessiaco,
2955 1723 3218 1795 Sperdia,
3259 1723 3628 1792 Vuesarmio,

1981 1816 2209 1872 Vestrin
2219 1831 2306 1887 ge,
2323 1813 2626 1886 Tingiaco,
2638 1811 2892 1881 Vuilere,
2909 1811 3628 1885 Mellingasele,Loblesse,

1984 1902 2519 1976 Lominstagabem,
2571 1901 2911 1974 precariam
2961 1901 3300 1969 Landberti,
3339 1902 3630 1976 Adalgeri,

1979 1991 2298 2060 Hildberti;
2349 1991 2409 2045 in
2442 1989 2822 2062 Gruonoberg
2875 1989 3095 2061 sylvam
3150 2007 3284 2046 cum
3333 1994 3527 2061 terra;
3573 1992 3633 2048 in

1980 2080 2529 2156 Dagmaringahem,
2551 2081 2672 2133 tam
2693 2076 2821 2150 ipso
2850 2077 3145 2149 Gunberto
3174 2079 3420 2151 vivente,
3454 2097 3634 2153 quam

1983 2175 2114 2245 post
2144 2171 2369 2226 obitum
2388 2169 2535 2240 ejus,
2568 2167 2923 2223 inconvulsae
2942 2171 3244 2234 maneant,
3278 2168 3433 2224 sicut
3461 2168 3635 2225 hodie

1983 2261 2101 2316 illic
2126 2260 2412 2332 pertinere
2436 2261 2782 2318 noscuntur,
2811 2256 3016 2312 Moneo
3031 2257 3208 2312 etiam
3233 2260 3290 2313 et
3319 2261 3631 2326 contestor,

1984 2368 2088 2423 per
2115 2350 2311 2421 ipsum
2355 2346 2671 2403 Dominum
2721 2347 3101 2413 SaIvatorem,
3135 2363 3340 2403 omnes
3381 2351 3632 2404 rectores

1986 2439 2164 2510 hujus
2193 2435 2431 2492 ctenobii
2465 2435 2776 2508 praesentes
2804 2435 3148 2507 futurosque
3162 2452 3265 2491 nec
3279 2435 3387 2491 hoc
3419 2440 3632 2492 nostrae

1985 2525 2347 2585 auctoritatis
2376 2528 2791 2580 testamentum
2831 2523 3195 2596 malignitate
3243 2524 3505 2596 qualibet
3543 2524 3633 2579 in-

1987 2616 2096 2670 frin
2105 2631 2237 2688 gere
2269 2611 2702 2686 quantumlibet
2727 2611 3138 2668 moliantur.At
3157 2613 3344 2685 siquis
3361 2631 3538 2686 quam
3559 2613 3635 2669 fe-

1987 2706 2146 2773 cerit,
2179 2704 2434 2775 impreco
2453 2704 2654 2758 contra
2682 2717 2816 2757 eum
2831 2701 3014 2757 Deum
3045 2701 3502 2775 omnipotentem
3516 2721 3636 2758 om-

1988 2810 2209 2866 nesque
2242 2797 2478 2849 sanctos
2489 2793 2620 2862 ejus
2639 2790 3006 2858 ultores,una
3028 2808 3162 2846 eum
3185 2791 3496 2848 animabus
3517 2793 3634 2848 Deo

1988 2881 2230 2948 devotis,
2265 2880 2365 2952 qui
2388 2880 2494 2935 has
2519 2878 2601 2933 illi
2622 2893 2714 2934 res
2739 2878 3130 2934 contulerunt.
3154 2879 3431 2936 Utautem
3457 2880 3636 2953 hujus

1986 2969 2321 3026 testamenti
2354 2967 2600 3022 ﬁrmitas
2621 2967 2870 3039 perfecte
2885 2969 3210 3036 roboratur,
3229 2985 3407 3025 manu
3435 2970 3639 3044 propia

1990 3056 2468 3128 subscripsimus,
2503 3058 2561 3110 et
2591 3055 3128 3110 reverentissimum
3159 3057 3495 3129 episcopum
3527 3076 3637 3114 no-

1991 3151 2178 3203 strum
2210 3143 2580 3201 Humfridum
2597 3143 3024 3216 subscriptione
3044 3161 3152 3200 sua
3179 3146 3452 3203 roborare
3469 3163 3635 3221 roga-

1990 3253 2205 3291 v1mus.

231 3325 656 3382 monasterium
685 3325 874 3381 Sithiu
905 3307 1258 3399 sepelierunt
1298 3325 1356 3379 in
1407 3324 1650 3381 basilica
1691 3323 1878 3380 sancti
1909 3307 1950 3373 C
2062 3348 2090 3377 «
2118 3328 2326 3382 Actum
2364 3324 2484 3379 aria
2531 3322 2908 3386 monasterio,
2958 3327 3024 3378 ut
3071 3323 3361 3380 Kalendas
3396 3325 3634 3398 Aprilis,

231 3415 472 3482 Bertini,
491 3431 686 3471 coram
706 3414 885 3470 altare
914 3413 1144 3469 Domini
1171 3413 1485 3469 Salvatoris
1515 3419 1571 3469 et
1599 3412 1878 3469 cruciﬁxi.

226 3522 560 3580 LXXXVIII.
607 3523 970 3594 Privilegium
1031 3521 1294 3594 Adalardz
1353 3521 1564 3594 abbatis
1621 3519 1686 3576 de
1741 3520 1881 3576 cella

577 3595 796 3650 Domini
825 3592 1121 3649 Salvatoris
1143 3595 1203 3649 in
1230 3592 1537 3648 Stcneland.

300 3685 393 3757 (27
422 3684 577 3740 Mart.
607 3683 756 3755 857.)
802 3703 829 3732 ‹‹
879 3684 1250 3754 Quaecunque
1297 3686 1546 3737 rectores
1587 3680 1879 3736 Ecclesia—

231 3790 361 3829 rum
393 3773 578 3829 Deum
608 3772 957 3827 timentibus
974 3789 1004 3826 e
1055 3770 1390 3827 amantibus
1412 3770 1483 3825 ad
1507 3774 1639 3825 vota
1664 3787 1880 3825 annue-

231 3864 367 3930 rint,
403 3863 463 3917 in
493 3861 586 3917 his
613 3862 814 3934 procul
846 3859 1024 3916 dubio
1047 3860 1147 3916 Dei
1163 3877 1224 3915 se
1246 3859 1604 3915 voluntatem
1635 3858 1879 3932 implere

231 3969 347 4008 non
371 3952 662 4007 dubitant.
684 3949 906 4022 Idcirgo
926 3965 1049 4022 ego,
1076 3949 1134 4003 in
1152 3949 1251 4004 Dei
1269 3949 1521 4016 nomine,
1552 3947 1880 4005 Adalardus

232 4041 413 4097 abbas
446 4039 784 4096 monasterii
816 4039 1002 4094 sancti
1037 4037 1212 4105 Petri,
1235 4038 1515 4094 vocabulo
1548 4037 1759 4104 Sithiu,
1780 4037 1878 4092 ubi

231 4129 418 4186 sancti
444 4127 1054 4186 DominiAudomarus
1078 4126 1464 4198 Bertinusque
1486 4126 1878 4200 requiescunt,

229 4225 436 4275 notum
458 4235 586 4275 esse
615 4217 742 4274 volo
776 4222 990 4274 sanctae
1037 4216 1307 4272 Ecclesiae
1359 4216 1608 4272 Dcicolis
1634 4233 1884 4288 praesen-

229 4309 390 4365 tibus
422 4313 596 4381 atque
617 4307 1008 4382 futuris,lquia
1025 4305 1212 4360 ﬁdelis
1237 4306 1333 4360 Dei
1356 4304 1659 4377 ipsiusque
1691 4305 1880 4361 sancti

228 4396 366 4464 loci,
397 4400 453 4453 et
483 4396 1095 4465 noster,Guntbertus,
1130 4393 1475 4465 parvitatem
1499 4397 1757 4449 nostram
1791 4412 1883 4466 pe-

228 4486 342 4554 tiit,
383 4489 444 4542 ut
471 4486 844 4542 traditionem
877 4484 1061 4558 patris
1093 4483 1184 4539 sui
1215 4483 1472 4538 Goiberti
1506 4500 1571 4538 ac
1607 4499 1775 4538 suam
1813 4485 1883 4540 de

230 4575 377 4632 cella
404 4575 636 4632 Domini
683 4573 1000 4632 Salvatoris
1051 4572 1111 4628 in
1160 4570 1494 4637 Steneland,
1539 4572 1657 4628 sive
1683 4573 1882 4629 Sancti

228 4663 562 4734 Salvatoris,
596 4668 796 4720 nostro
819 4662 994 4719 etiam
1012 4665 1360 4718 testamento
1375 4661 1879 4719 conﬁrmaremus.
1911 4677 1959 4743 D

229 4753 414 4825 Cujus
443 4752 730 4810 voluntati
751 4755 808 4808 et
836 4748 1503 4825 petitionilibentissime
1535 4755 1878 4817 annuentes,

231 4843 303 4900 ob
336 4860 506 4899 suam
538 4842 836 4916 patrisque
868 4839 960 4896 sui
1004 4837 1328 4912 praescripti
1359 4836 1510 4893 circa
1539 4837 1881 4909 praedictum

231 4935 503 4988 sanctum
528 4931 850 4988 czenobium
873 4928 1236 4985 devotionem
1257 4930 1312 4981 et
1325 4925 1642 4998 plurimam
1665 4927 1888 4982 utilita-

229 5026 372 5089 tem,
406 5021 722 5077 statuimus
750 5019 874 5076 vice
904 5018 1004 5075 Dei
1020 5021 1075 5074 et
1092 5020 1429 5073 sanctorum
1455 5017 1603 5087 ejus,
1637 5020 1700 5072 ut
1733 5016 1886 5072 sicut

229 5114 655 5167 testamentum
677 5111 805 5182 jam
837 5110 1002 5165 dicta
1033 5106 1366 5164 traditionis
1399 5109 1632 5162 resonat
1662 5107 1885 5178 absque

231 5199 412 5256 ullius
443 5200 852 5256 contrarietate
882 5216 973 5255 res
998 5197 1138 5271 ipsa:
1172 5196 1243 5253 ad
1268 5196 1527 5269 ipsorum
1571 5196 1888 5267 praedeces-

233 5299 552 5362 sorumque
565 5306 806 5346 suorum
825 5287 1252 5358 eleemosynam
1267 5285 1658 5357 peragendam
1683 5301 1884 5356 perpe-

231 5379 467 5436 tualiter
524 5383 794 5447 maneat;
846 5379 1086 5451 ipseque
1139 5375 1538 5442 Guntbertus,
1601 5374 1881 5445 quandiu,

233 5469 460 5528 Christo
505 5473 820 5538 annuente,
848 5467 1056 5523 vixerit
1111 5465 1373 5538 ipsarum
1414 5463 1883 5536 procurationem

233 5564 290 5616 et
315 5562 661 5632 potestatem
693 5558 764 5613 ad
796 5573 944 5629 opus
989 5553 1331 5611 monasterii
1380 5552 1573 5609 Sithiu
1605 5551 1842 5624 (habeat
1868 5571 1881 5621 ;

235 5649 356 5723 qui,
392 5648 441 5704 si
473 5648 645 5704 citius
663 5647 842 5703 vitam
857 5644 1094 5712 ﬁnierit,
1113 5660 1288 5715 quem
1302 5643 1426 5715 ipse
1443 5640 1773 5713 probaverit
1791 5640 1878 5697 vel

235 5737 475 5812 elegerit
503 5739 563 5794 in
594 5737 924 5810 provisione
968 5733 1271 5805 suscipiat.
1336 5732 1522 5803 thue
1560 5731 1882 5787 secundum

1989 3413 2574 3471 annoincarnationis
2592 3412 2822 3468 Domini
2838 3413 2965 3479 856,
2986 3417 3041 3468 et
3066 3412 3350 3469 bissextili
3387 3429 3635 3471 ascensu

1988 3523 2007 3561 ι
2042 3505 2356 3559 indictione
2385 3521 2438 3567 v,
2469 3519 2535 3557 ac
2557 3500 2924 3570 embolismo,
2948 3502 3188 3558 sabbato
3211 3506 3345 3558 ante
3375 3503 3636 3560 medium

1988 3593 2476 3666 quadragesimae,
2517 3608 2670 3647 anno
2699 3608 2834 3659 xvu,
2869 3595 3147 3664 regnante
3167 3591 3381 3648 domno
3413 3592 3636 3665 Carolo,

1988 3700 2120 3738 cum
2155 3682 2330 3737 fratre
2362 3680 2645 3736 Ludovico
2676 3697 2742 3735 ac
2773 3683 2980 3751 nepote
3011 3680 3303 3737 Lothario.

2062 3795 2089 3822 ‹‹
2119 3773 2234 3843 Ego
2265 3769 2612 3836 Adalardus,
2645 3769 2848 3837 abbas,
2901 3769 3136 3843 propria
3178 3787 3356 3828 manu
3389 3773 3636 3828 ﬁrmavi.

2060 3885 2087 3910 ‹‹
2124 3862 2242 3934 Ego
2273 3859 2649 3929 Humeridus,
2685 3859 3014 3932 episcopus,
3062 3859 3172 3915 hac
3219 3866 3638 3918 testamentum

1987 3949 2224 4022 propria
2254 3966 2434 4004 manu
2467 3949 2714 4004 ﬁrmavi.

2062 4061 2090 4087 ››
2122 4038 2239 4110 Ego
2269 4037 2414 4109 ipse,
2448 4037 2508 4091 in
2531 4037 2629 4091 Dei
2659 4035 2911 4103 nomine,
2935 4037 3316 4106 Guntbertus,
3351 4042 3637 4110 peccator,

1989 4127 2224 4196 iubente
2246 4127 2461 4182 domno
2493 4125 2700 4181 abbate
2721 4123 3009 4181 Adalardo
3042 4129 3098 4180 et
3129 4131 3424 4182 annuente
3452 4128 3639 4200 preci-

1989 4216 2099 4272 bus
2132 4216 2300 4283 meis,
2335 4233 2453 4270 una
2485 4231 2620 4271 cum
2650 4213 2965 4270 venerabili
2998 4215 3266 4288 episcopo
3306 4216 3634 4286 Hnml‘rido,

1990 4304 2334 4377 subscripsi.
2372 4326 2400 4354 »

1990 4456 2266 4514 LXXXIX.
2314 4455 2676 4526 Privilegium
2723 4454 2908 4512 Caroli
2954 4458 3097 4526 regis
3137 4456 3201 4513 de
3235 4459 3374 4515 cella
3422 4458 3641 4514 Domini

2447 4527 2751 4583 Salvatoris
2781 4529 2842 4582 in
2870 4527 3183 4584 Steneland.

2063 4663 2171 4736 (25)
2199 4661 2345 4719 Julii
2372 4661 2522 4730 866.)
2553 4683 2581 4711 ‹‹
2614 4660 2677 4716 In
2710 4659 2946 4718 nomine
2995 4665 3208 4720 sanctas
3242 4665 3298 4719 et
3326 4661 3636 4719 individua;

1990 4750 2312 4810 Trinitatis.
2349 4748 2608 4818 Carolus,
2659 4749 2848 4822 gratia
2895 4749 3017 4818 Dei,
3051 4767 3169 4806 rex.
3203 4751 3506 4810 Debitores
3531 4769 3637 4809 nos

1991 4841 2152 4914 regia
2180 4839 2520 4898 excellentia
2549 4844 2841 4907 ndv1mus,
2876 4843 2941 4894 ut
2961 4855 3260 4896 servorum
3290 4840 3391 4896 Dei
3421 4841 3640 4898 devotis

1991 4930 2505 4987 constitutionibus
2533 4932 2588 4983 et
2620 4928 2955 4985 ﬁrmitatem
2981 4933 3038 4984 et
3061 4929 3644 4986 defensionem'adhi-

1992 5019 2273 5088 beamus;
2306 5020 2482 5091 idque
2511 5017 2675 5073 novis
2693 5017 2866 5072 vitam
2884 5021 2940 5073 et
2968 5017 3226 5073 futuram
3260 5018 3640 5081 heatitudiém

1992 5109 2364 5181 profuturum
2397 5125 2512 5163 non
2547 5106 2908 5162 dubitamus.
2943 5103 3217 5162 Noverint
3238 5107 3420 5180 igitur
3438 5125 3643 5165 omnes

1993 5197 2194 5254 ﬁdeles
2226 5199 2452 5253 sanetae
2476 5196 2572 5252 Dei
2602 5195 2868 5252 Ecclesia;
2900 5204 2956 5250 et
2985 5195 3170 5251 nostri
3202 5198 3527 5268 praesentari
3557 5202 3642 5254 at-

1997 5304 2108 5360 que
2138 5287 2340 5356 futuri,
2369 5285 2506 5358 quia
2533 5284 2883 5342 venerabilis
2911 5285 2999 5340 vir
3018 5285 3383 5355 Humfridus,
3418 5287 3641 5358 episco-

1995 5393 2106 5448 pus
2138 5379 2193 5430 et
2223 5375 2424 5442 abbas,
2459 5379 2724 5430 nostram
2757 5375 2924 5448 petiit
2970 5373 3396 5432 sublimitatem
3427 5376 3497 5432 de
3528 5375 3644 5432 cel-

1993 5464 2131 5520 lulis
2161 5462 2516 5541 quibusdam
2540 5462 2599 5518 in
2633 5464 2860 5521 dicmesi
2887 5482 3012 5541 sua,
3033 5463 3252 5519 scilicet
3269 5463 3467 5521 inloco
3499 5481 3644 5520 nun-

1995 5556 2201 5625 cupato
2233 5540 2428 5607 Sancti
2454 5550 2786 5621 Salvatoris,
2821 5540 2960 5610 sive.
2999 5541 3330 5620 Steneland,
3350 5542 3527 5626 quam
3555 5541 3640 5609 lin

1993 5643 2210 5698 honore
2241 5638 2470 5695 Domini
2509 5638 2601 5694 Dei
2635 5639 2951 5699 Salvatoris
3000 5643 3137 5699 Jesu
3169 5641 3379 5698 Christi
3411 5660 3643 5698 venera-

1993 5731 2130 5788 bilis
2161 5732 2428 5785 matrona
2458 5717 2766 5796 Bertruda,
2795 5718 3080 5790 μηρίοιὶὶῆ
3109 5732 3232 5788 ﬁlio
3255 5719 3641 5801 Goibertoﬁin
