4050 6382
187 387 350 454 1285

1178 387 1564 450 EPISTULA
1607 385 1709 448 AD
1751 383 2193 449 AUGIENSES
2238 382 2624 445 FRATRES.

3442 381 3600 446 4286

191 540 368 596 quem
400 522 724 578 fraternum
755 521 956 578 odium
986 519 1265 577 maculat.
1296 520 1339 575 Ο
1372 519 1561 575 diram
1584 522 1801 575 sortem
1830 515 1843 573 l
1872 517 1932 588 Α
1959 520 2048 573 ter
2079 515 2406 585 mordebar,
2463 532 2581 588 qua
2609 514 2786 572 falsos
2832 514 3213 589 philosophos
3271 514 3469 588 culpat
3509 516 3602 575 his

188 630 309 686 qua
322 612 585 668 humana
595 610 1032 679 natura,rclicta
1044 608 1519 666 rationabilitatis
1537 608 1839 680 dignitate,

189 701 263 757 ad
318 701 566 757 ferinam
614 718 676 756 se
728 701 1054 756 conformat
1097 700 1302 767 vitam,
1356 698 1506 754 sicut
1561 698 1843 770 scriptum

189 795 281 846 est
314 809 328 859 ;
360 793 526 847 Homo
554 805 679 845 cum
709 791 771 844 in
800 790 1002 845 honore
1032 797 1185 856 esset,
1216 804 1330 844 non
1359 788 1668 848 intellexit;
1707 802 1847 842 com-

181 888 415 952 paratus
447 883 524 933 est
546 879 814 950 jumentis
863 878 1277 950 insipientibus,
1327 879 1377 931 et
1415 876 1626 931 similis
1667 878 1847 948 factus

190 975 270 1025 est
299 969 436 1024 illis.
475 967 612 1023 Inde
644 971 731 1022 est
745 967 900 1038 quod
938 966 996 1020 in
1019 965 1324 1038 Evangelio
1351 965 1636 1020 Herodem
1659 963 1846 1023 Domi;

186 1075 301 1113 nus
332 1056 568 1129 vulpem
606 1055 881 1128 appellat.
914 1058 1008 1122 Ite,
1037 1054 1331 1127 inquiens,
1369 1054 1530 1108 dicite
1560 1055 1715 1125 vulpi
1735 1054 1842 1108 illi.

187 1148 260 1202 Et
288 1145 602 1202 Psalmista
633 1162 646 1200 :
679 1146 891 1212 Partes,
923 1144 1136 1216 inquit,
1169 1145 1419 1214 vulpium
1445 1149 1622 1199 erunt.
1639 1143 1846 1209 Canes,

189 1251 424 1308 porcos,
474 1237 541 1290 ut
587 1251 602 1289 :
652 1235 829 1290 Nolite
875 1241 1122 1289 sanctum
1180 1232 1314 1287 dare
1372 1233 1621 1303 canibus,
1676 1247 1852 1302 neque

188 1325 427 1379 mittatis
479 1324 816 1392 margaritas
878 1325 1085 1377 vestras
1151 1325 1279 1377 ante
1347 1337 1559 1392 porcos.
1623 1321 1850 1376 Tauros

188 1412 430 1483 vitulos,
463 1415 528 1466 ut
561 1427 574 1467 :
609 1410 1090 1466 Circumdederunt
1134 1427 1222 1465 me
1272 1411 1436 1465 rituli
1481 1410 1666 1478 multi,
1699 1410 1852 1465 tauri

189 1503 429 1574 pingues
456 1500 778 1557 obsederunt
805 1516 912 1555 me.
944 1499 1208 1571 Nequam
1235 1499 1504 1554 homines
1543 1498 1605 1554 in
1636 1498 1851 1554 divinis

190 1589 596 1646 voluminibus
627 1589 949 1662 appellatos
983 1588 1322 1644 invenimus
1353 1591 1616 1653 eatenus,
1649 1591 1714 1642 ut
1734 1604 1850 1642 non

193 1678 392 1735 solum
425 1677 768 1734 nominibus
816 1675 1185 1743 animalium,
1224 1693 1419 1732 veram
1466 1677 1642 1732 etiam
1677 1677 1852 1731 rebus

189 1767 643 1824 insensibilibus
675 1770 1108 1837 comparentur.
1142 1765 1434 1837 Scriptum
1467 1765 1682 1837 quippe
1713 1769 1802 1820 est
1834 1781 1848 1819 :

197 1860 326 1914 Ecce
355 1864 538 1926 gentes
587 1856 748 1927 quasi
797 1856 953 1910 stilla
992 1855 1199 1922 sitnlm,
1246 1858 1298 1910 et
1336 1856 1499 1926 quasi
1517 1862 1853 1909 momentum

189 1949 417 2003 staterae
445 1948 879 2017 reputatmsunt.
915 1944 1056 1998 Item
1090 1960 1105 1997 :
1140 1944 1333 1998 Omnes
1363 1945 1544 2014 gentes
1575 1944 1735 2015 quasi
1745 1959 1856 1998 non

194 2037 332 2101 sint,
363 2035 412 2091 si
440 2038 569 2090 sunt
597 2050 781 2089 coram
828 2048 910 2099 eo,
943 2040 991 2088 et
1042 2035 1204 2104 quasi
1231 2039 1565 2087 momentum
1611 2035 1662 2088 et
1691 2033 1856 2088 inane

196 2125 464 2195 reputatae
493 2127 618 2176 sunt
643 2122 714 2175 ei.
749 2120 829 2174 Ex
856 2136 971 2190 quo
1002 2118 1225 2191 liquido
1252 2117 1548 2190 colligitur
1575 2135 1675 2175 eos
1705 2119 1858 2174 inter

198 2216 404 2285 gentes
435 2207 782 2281 computari,
816 2208 915 2280 qui
948 2207 1075 2263 sine
1104 2207 1379 2279 operibus
1398 2207 1730 2264 Christiano
1761 2226 1859 2264 no-

200 2301 362 2356 mine
384 2316 446 2355 se
475 2298 744 2372 insigniri
778 2297 1122 2370 gloriantur.
1172 2298 1319 2369 Ergo
1369 2295 1743 2353 ultroneitate
1773 2316 1860 2353 ar-

199 2388 358 2446 bitrii
389 2387 500 2444 sibi
533 2403 810 2444 concessa
859 2387 1170 2441 abutentes
1216 2385 1296 2440 ait
1357 2385 1861 2443 irrationabilibus

201 2476 562 2534 animalibus
575 2478 1009 2548 comparantur,
1032 2474 1206 2530 autin
1226 2473 1471 2530 nihilum
1494 2475 1859 2548 rediguntur,

202 2583 457 2641 quorum
487 2565 673 2621 exitus
697 2582 851 2620 unus
868 2568 974 2620 est.
1007 2563 1089 2620 Ne
1114 2563 1335 2635 putetis
1359 2579 1449 2619 me
1463 2564 1864 2620 doctrinaliter

202 2655 355 2713 velle
386 2654 836 2728 loqui,excitare
853 2658 1050 2709 tamen
1082 2656 1310 2708 mentes
1333 2657 1551 2709 vestras
1579 2652 1723 2721 volo,
1751 2671 1864 2726 que

208 2746 270 2802 et
297 2742 576 2801 cucullati
596 2741 895 2799 lasciviam
923 2745 980 2797 et
1008 2759 1100 2797 me
1121 2758 1238 2797 non
1271 2741 1503 2814 qualem
1524 2743 1747 2814 putavit
1765 2759 1863 2798 co-

215 2831 908 2907 gnoscatis.Narrationis
937 2829 1134 2903 itaque
1164 2831 1304 2886 ordo
1345 2831 1416 2886 ab
1446 2830 1555 2886 hoc
1585 2830 1710 2887 loco
1741 2849 1864 2888 cre-

213 2925 377 2980 ditur
405 2923 793 2980 ordinandus.

284 3011 438 3072 Quod
467 3011 608 3062 fateo
638 3014 844 3060 vestras
873 3010 1057 3060 forsan
1087 3010 1336 3073 pervenit
1365 3009 1430 3060 ad
1462 3025 1640 3060 aures.

294 3118 657 3177 Venerabilis
687 3113 787 3175 res
815 3118 947 3174 Otto
978 3134 1129 3191 saepe
1170 3118 1323 3190 apud
1355 3116 1527 3174 Italia:
1575 3117 1867 3192 principes

221 3210 580 3283 quibusdam
595 3207 998 3265 moliminibus
1014 3207 1448 3279 egit,quatenus
1465 3208 1535 3263 ad
1553 3208 1674 3264 haec
1691 3225 1870 3281 regna

219 3316 508 3358 evocarer.
535 3298 643 3354 Sed
680 3297 834 3353 enim
853 3296 988 3368 quia
1009 3312 1125 3351 non
1155 3294 1353 3350 alicuti
1383 3295 1465 3351 ita
1493 3297 1864 3368 subjiciebar,

220 3406 411 3462 neque
429 3393 543 3444 tam
565 3385 808 3442 humilis
828 3386 1070 3440 fortuna;
1088 3384 1438 3452 habebar,ut
1465 3385 1591 3457 cogi
1608 3402 1868 3458 possem,

217 3479 405 3536 versis
436 3478 508 3535 ad
551 3493 646 3532 me
674 3491 912 3548 precum
962 3473 1217 3542 indiciis,
1271 3473 1717 3546 promissionem
1763 3493 1868 3532 ceu

218 3568 435 3642 pignus
463 3566 730 3622 veniendi
761 3564 1003 3636 accepit.
1030 3564 1223 3634 quue
1245 3564 1462 3618 factum
1492 3566 1580 3618 est
1601 3567 1664 3618 ut
1694 3580 1760 3619 eo
1794 3565 1865 3621 ab

217 3656 386 3713 Italia
402 3655 702 3722 redeunte,
727 3671 845 3709 una
860 3653 1139 3721 venerim,
1162 3652 1414 3724 negotio,
1447 3656 1511 3706 ut
1533 3669 1664 3708 vera
1687 3653 1870 3710 fatear

218 3745 376 3801 ultra
404 3742 668 3818 proprias
683 3743 833 3799 vires
853 3745 1147 3813 suscepto.
1169 3743 1290 3808 Quo
1312 3757 1428 3796 non
1460 3740 1740 3797 charitate
1763 3742 1868 3798 im-

219 3833 540 3909 pellimur?
574 3835 695 3899 Quo
726 3849 842 3887 non
877 3831 1132 3886 fraterna
1181 3827 1563 3886 delectatione
1599 3847 1870 3902 provoca-

220 3924 402 3982 mur?
430 3923 707 3980 Gordium
739 3924 1031 3978 scrutator
1077 3920 1232 3974 Deus
1265 3919 1376 3975 scit
1413 3936 1527 3974 non
1559 3936 1625 3975 eo
1658 3937 1750 3976 me
1777 3938 1869 3978 ve-

218 4015 381 4070 nisse
411 4017 475 4068 ut
499 4010 672 4068 alicui
703 4026 988 4078 nocerem,
1019 4025 1223 4064 verum
1255 4025 1368 4080 quo
1392 4007 1593 4064 multis
1625 4009 1868 4080 prodes-

211 4120 370 4160 ‘sem.
404 4103 604 4174 Neque
634 4098 889 4172 processi
908 4097 1086 4154 veluti
1105 4096 1379 4152 Britanus
1398 4097 1642 4168 spiculis
1675 4097 1868 4154 hirsu-

219 4198 320 4250 tus
349 4189 841 4264 reprehensionis,
876 4188 978 4244 sed
1030 4203 1270 4242 munero
1313 4185 1634 4242 charitatis.
1669 4187 1872 4244 Sciunt

221 4299 318 4339 me
360 4297 559 4337 revera
601 4279 731 4347 fari,
786 4277 886 4350 qui
936 4276 1140 4332 munia
1189 4274 1518 4331 litterarum
1569 4293 1684 4332 non
1725 4276 1869 4332 mihi

220 4370 461 4445 penitus
493 4367 697 4425 abesse
729 4367 1082 4422 didicerunt.
1120 4364 1322 4420 Munia
1363 4363 1690 4422 litterarum
1717 4367 1868 4437 dico,

221 4478 340 4518 non
399 4457 664 4515 insidiari
719 4456 941 4526 fraude,
984 4455 1082 4511 sed
1122 4471 1190 4510 ex
1220 4453 1524 4511 dilectione
1569 4455 1712 4512 velle
1744 4474 1872 4529 pro-

219 4551 410 4606 desse.
444 4549 550 4604 Per
580 4547 828 4618 abrupta
874 4544 1054 4618 igitur
1102 4544 1390 4600 montium
1443 4561 1508 4600 ac
1552 4545 1872 4618 praecipitia

1954 603 2146 660 verbis
2183 621 2196 660 :

2017 703 2186 752 Rarus
2214 716 2389 752 sermo
2411 695 2543 762 illis,
2573 696 2665 752 sed
2693 717 2890 767 magna
2917 702 3084 752 libido
3112 702 3344 752 tacendi.

2026 791 2181 856 Quis'
2215 792 2324 848 hoc
2381 792 2452 847 de
2510 792 2796 848 monacho
2847 792 3067 847 dictum
3100 791 3402 848 crederet?
3443 792 3606 849 Unde

1955 877 2155 953 gentili
2207 879 2430 936 homini
2490 880 2742 953 cognitio
2805 878 3106 936 cucullataa
3177 881 3607 952 perversitatis?

1957 971 2236 1042 Ignorans
2255 969 2432 1024 vitam
2461 969 2719 1039 laetabar,
2755 974 2928 1042 atque
2951 970 3354 1040 exspectabam
3389 969 3437 1026 si
3463 971 3608 1026 forte

1956 1058 2109 1113 inter
2146 1075 2306 1113 raros
2360 1075 2632 1114 susurros
2683 1058 3072 1130 philosophici
3127 1057 3308 1112 studii
3352 1057 3607 1133 scintilla

1958 1147 2218 1203 micaret.
2247 1146 2402 1202 Nihil
2422 1147 2575 1214 inde,
2610 1148 2710 1204 sed
2732 1148 2954 1203 fraudis
2988 1146 3292 1202 molimina
3320 1148 3607 1219 paraban-

1945 1239 2072 1319 tur.
2105 1237 2317 1292 Aderat
2348 1237 2640 1308 siquidem
2664 1235 2853 1308 pusio,
2878 1236 3147 1306 interque
3175 1235 3468 1308 principes
3491 1251 3611 1291 mo-

1959 1325 2216 1391 rabatur,
2244 1341 2416 1395 quem
2437 1325 2769 1396 frequenter
2786 1323 3104 1396 aspiciebat
3124 1322 3403 1396 magister
3418 1323 3610 1396 qualis

1962 1413 2154 1485 qualis
2187 1414 2246 1468 in
2279 1412 2472 1469 hircos
2500 1413 2683 1470 oculis
2705 1413 3141 1483 reflexis,atque
3170 1411 3322 1468 inter
3336 1417 3610 1484 aspectus

1961 1502 2248 1573 ringebat,
2283 1503 2437 1572 quod
2466 1501 2703 1557 delicias
2753 1519 2892 1557 suas
2950 1500 3288 1573 potentibus
3319 1501 3613 1558 adhaerere

1961 1593 2243 1657 cerneret,
2276 1595 2344 1645 ut
2382 1607 2512 1645 reor
2543 1590 2824 1645 interesse
2864 1605 2976 1646 non
3037 1592 3251 1661 putans
3285 1589 3611 1662 quidquam

1962 1679 2292 1734 castitatem
2346 1678 2594 1733 turturis
2653 1685 2709 1734 et
2747 1679 3168 1734 obscenitatem
3226 1678 3480 1750 perdicis
3509 1679 3613 1735 Hic

1961 1784 2096 1823 cum
2129 1768 2502 1840 egrederetur
2518 1772 2576 1822 et
2591 1767 3013 1839 ingrederetur,
3034 1767 3432 1824 committebat
3443 1767 3613 1839 disci,

1961 1855 2132 1927 pulos
2165 1873 2310 1927 quas
2342 1856 2586 1928 parabat
2619 1857 2870 1911 fraudes.

2029 1963 2140 2011 Nox
2171 1966 2301 2019 erat,
2335 1966 2386 2012 et
2415 1975 2636 2011 somnus
2666 1976 2820 2010 curas
2849 1975 3088 2011 marcore
3120 1962 3410 2024 premebat,

2023 2025 2225 2088 Jusque
2256 2025 2352 2074 sibi
2384 2024 2438 2072 in
2468 2028 2648 2074 saturo
2679 2025 2934 2086 poscebat
2964 2028 3147 2073 ventre
3178 2025 3368 2074 Liaaus.

1966 2131 2110 2187 Cum
2171 2132 2401 2186 fortuna
2458 2131 2568 2186 fuit
2613 2131 2672 2186 in
2731 2130 3102 2187 sermonibus
3155 2130 3376 2186 frivolis
3437 2131 3616 2189 unius

1967 2238 2138 2277 casus
2153 2220 2471 2276 mutatione
2488 2219 2851 2286 oll'enderim,
2869 2220 3138 2290 ponendo
3160 2219 3430 2276 videlicet
3445 2237 3616 2277 accu-

1967 2311 2217 2366 sativum
2251 2327 2354 2382 pro
2385 2309 2654 2366 ablativo.
2690 2310 2850 2365 Tunc
2881 2309 3132 2381 denique
3154 2307 3350 2382 palam
3397 2310 3615 2366 factum

1971 2404 2080 2469 est,
2115 2400 2267 2472 quod
2318 2415 2422 2472 per
2463 2403 2652 2455 tutum
2698 2398 2852 2454 diem
2897 2397 3176 2470 magister
3213 2396 3618 2471 improbabilia

1971 2487 3040 2559 eruditionisdocueritdiscipulumin
3071 2485 3350 2542 laudibus
3381 2488 3622 2544 obsecu-

1973 2578 2170 2633 tionis.
2222 2577 2420 2633 Adfuit
2468 2582 2666 2632 tamen
2717 2593 2891 2648 quem
2935 2593 3115 2648 supra
3142 2575 3453 2648 pusionem
3477 2577 3616 2646 dixi,

1973 2666 2220 2739 culpans
2249 2671 2370 2722 tam
2398 2683 2570 2739 grave
2603 2665 2832 2721 facinus
2850 2663 3194 2720 mutationis
3215 2663 3392 2720 unius
3423 2681 3618 2734 casus,

1975 2772 2242 2811 asserens
2274 2771 2367 2811 me
2397 2770 2596 2810 senem
2618 2753 2986 2810 scholaribus
3009 2752 3256 2825 dignum
3286 2753 3622 2827 ﬂagellis,et

1974 2843 2084 2900 hoc
2113 2843 2408 2900 lascivulis
2437 2843 2723 2911 versibus,
2757 2842 2928 2915 quasi
2977 2840 3037 2898 in
3069 2841 3179 2898 hoc
3210 2841 3446 2915 sapiens
3477 2842 3620 2899 mihi

1975 2932 2286 2988 cucullatio
2314 2933 2627 2989 videretur.
2657 2932 3074 2987 Verumtamen
3094 2930 3225 3003 quis
3248 2932 3479 3004 ignorat
3501 2948 3624 2988 ver-

1977 3039 2078 3078 sus
2109 3021 2467 3077 lascivientis
2498 3021 2768 3078 monachi
2803 3019 2830 3074 ?
2861 3020 2987 3076 Otio
3016 3035 3330 3086 vacans,os
3343 3020 3546 3092 aperit,
3566 3023 3624 3076 et

1977 3128 2184 3184 poema
2212 3110 2444 3178 emittit,
2477 3110 2757 3183 ignorans
2773 3107 3155 3165 oeconomiam
3171 3107 3470 3175 carminis,
3486 3126 3624 3181 pur-

1977 3217 2224 3274 pureum
2252 3216 2513 3272 pannum
2547 3199 2646 3270 qui
2679 3200 2824 3255 bene
2853 3197 3157 3270 splendeat
3184 3214 3369 3254 unum
3399 3201 3456 3254 et
3479 3197 3628 3269 alte-9

1980 3307 2110 3346 rum
2141 3289 2417 3356 inserere,
2469 3305 2660 3344 mores
2709 3291 2908 3344 aetates
2938 3303 3269 3359 personare,
3315 3287 3622 3344 observare

1979 3379 2296 3452 dignitates
2327 3377 2386 3434 in
2417 3377 2574 3450 poesi
2608 3377 2798 3433 nescit
2827 3376 3072 3448 Porrigit
3118 3380 3346 3431 tantum
3377 3376 3540 3432 labra
3563 3380 3623 3432 et

1977 3469 2187 3539 ejactat
2215 3483 2419 3540 poema
2445 3484 2458 3534 ;
2492 3465 2646 3538 quod
2675 3465 2911 3523 Persius
2957 3480 3073 3520 non
3118 3469 3375 3521 mentem
3405 3464 3622 3521 intrare

1978 3557 2140 3626 dicit,
2174 3557 2276 3612 sed
2305 3555 2574 3611 lumbum
2607 3571 2620 3610 :

2040 3692 2052 3704 .
2125 3692 2136 3705 .
2370 3691 2380 3702 .
2451 3689 2463 3702 .
2535 3690 2547 3702 .
2614 3665 2734 3701 cum
2763 3651 3002 3701 carmina
3032 3652 3275 3702 lumbum

2039 3719 2258 3777 latrant,
2290 3721 2342 3766 et
2369 3715 2596 3765 tremulo
2625 3715 2941 3776 scalpuntur
2971 3715 3062 3764 ubi
3092 3715 3282 3765 intima
3308 3729 3484 3765 versu.

2048 3816 2208 3874 Item,
2238 3823 2305 3862 ex
2335 3794 2583 3877 persona
2629 3803 2731 3875 qui
2773 3802 2936 3858 molli
2981 3803 3457 3876 pronuntiatione
3485 3821 3624 3878 gau-

1976 3897 2134 3967 dent,
2165 3894 2357 3968 inquit
2388 3911 2403 3951 :

2038 3994 2302 4052 Quidnam
2335 3992 2803 4056 igiturttenerum
2836 3993 2887 4040 et
2915 3989 3036 4038 laxa
3065 3989 3268 4056 cervice
3288 3988 3618 4056 legendum,

2035 4058 2206 4105 Torva
2237 4052 2589 4105 Mimalloneis
2619 4053 2904 4116 implerunt
2931 4065 3134 4102 cornua
3160 4052 3399 4116 bombis,

2037 4121 2102 4230 Et
2129 4123 2340 4190 raptum
2370 4118 2538 4167 vitulo
2569 4114 2729 4180 caput
2757 4116 2999 4166 ablatura
3028 4114 3266 4178 superbo

2080 4195 2288 4230 assaris.
3206 4229 3211 4230 ν

2049 4269 2321 4326 Horatius
2353 4269 2424 4324 de
2454 4267 2674 4324 Lucilio
2703 4265 2894 4340 inquit
2923 4284 2937 4324 :

2040 4369 2171 4417 Nam
2200 4366 2302 4415 fuit
2328 4366 2431 4416 hoc
2459 4366 2687 4416 vitiosus
2715 4367 2769 4415 in
2798 4365 2931 4415 hora
2958 4378 3097 4428 saepe
3127 4363 3405 4428 ducentos,

2039 4431 2106 4480 Ut
2135 4442 2409 4492 magnum,
2442 4442 2631 4480 versus
2660 4428 2894 4480 dictabat
2923 4426 3070 4478 stans
3097 4426 3231 4491 pede
3260 4427 3314 4476 in
3343 4439 3476 4487 uno,

2049 4538 2254 4594 Fateor
2283 4554 2376 4593 me
2401 4537 2678 4608 juvenem
2711 4537 2820 4593 hoc
2849 4535 2986 4592 vitio
3007 4538 3249 4591 tactum.
3283 4533 3488 4618 Pudet,
3508 4550 3625 4590 non

218 4637 484 4706 vallium,
518 4640 859 4710 perventum
891 4637 979 4690 est
1016 4634 1253 4689 tandem
1296 4634 1366 4688 ad
1399 4633 1457 4689 S.
1492 4633 1637 4690 Galli
1671 4652 1872 4691 mona-
1901 4633 1949 4698 D
1981 4633 2176 4685 tamen
2224 4644 2328 4682 ceu
2385 4627 2627 4698 quidam
2674 4625 3000 4683 monachus
3055 4624 3226 4681 ovina
3266 4623 3390 4680 sine
3448 4622 3626 4680 mori-

195 4715 490 4800 ;tsterium.
535 4727 712 4782 Porro
771 4725 912 4780 adeo
963 4722 1238 4796 fatigatus
1286 4739 1467 4793 eram,
1519 4729 1585 4778 ut
1614 4741 1870 4780 carerem

221 4832 372 4890 pene
402 4814 591 4871 ofﬁcio
608 4830 890 4870 manuum
924 4816 1200 4868 montano
1231 4811 1445 4884 frigore
1477 4811 1869 4885 perustarum,

223 4907 516 4977 quatenus
534 4920 720 4975 neque
741 4900 986 4975 imponi,
1007 4916 1196 4972 neque
1213 4899 1423 4972 deponi
1441 4918 1589 4973 equo
1614 4901 1868 4974 poSscm,

225 4993 342 5050 nisi
365 4992 571 5048 alienis
602 4991 879 5047 manibus
919 4991 1274 5062 deportarer.
1308 4989 1648 5045 Advenienti
1676 4995 1872 5046 tamen

224 5082 370 5140 mihi
403 5097 536 5155 spes
589 5084 714 5137 erat
765 5097 980 5136 secura:
1013 5077 1226 5150 quietis
1260 5077 1319 5132 in
1365 5076 1488 5152 loco
1519 5080 1873 5135 monachicae

222 5171 628 5229 habitationis.
660 5170 943 5226 Videbam
974 5168 1305 5240 frequentes
1337 5165 1594 5238 capitum
1625 5167 1873 5225 inclina-

221 5262 436 5327 tiones,
484 5278 588 5334 per
616 5260 768 5316 inter
797 5256 1130 5330 scapularia
1176 5254 1528 5327 compositos
1553 5256 1748 5327 jacere
1779 5275 1878 5312 cu-

225 5350 434 5421 cullos,
467 5351 735 5406 incessus
765 5348 945 5416 lenes,
987 5362 1150 5402 raros
1199 5361 1520 5412 sermones,
1570 5344 1874 5402 nihilmali

225 5438 592 5512 suspicabar,
640 5437 755 5494 nisi
803 5435 943 5510 quia
1004 5433 1304 5491 Juvenalis
1355 5433 1643 5490 sententia
1695 5434 1879 5491 laten-

1980 4721 2091 4775 bus
2149 4715 2298 4790 pelle
2343 4715 2596 4788 tegebar.
2648 4716 2730 4771 Ne
2775 4715 2991 4788 putetis
3048 4732 3141 4772 me
3187 4713 3307 4770 haec
3360 4711 3629 4786 proloqui

1980 4813 2047 4864 ut
2076 4803 2360 4880 poematis
2403 4804 2669 4860 studium
2727 4805 2786 4859 in
2837 4809 3234 4878 contemptum
3286 4803 3495 4860 ducere
3531 4818 3629 4858 ve-

1979 4897 2106 4953 lim.
2138 4892 2574 4951 Ecclesiasticos
2613 4893 2788 4948 etiam
2817 4894 2974 4950 viros
3003 4897 3268 4966 poemate
3300 4908 3438 4949 usos
3469 4891 3626 4946 inve-

1982 4987 2119 5052 nio;
2157 4983 2256 5040 sed
2289 4982 2470 5037 miror
2517 4982 2564 5036 si
2598 4987 2794 5038 nostro
2831 4987 3090 5055 tempore
3139 4985 3312 5055 queat
3349 4981 3466 5036 veri
3493 4996 3628 5052 poe-

1985 5074 2158 5131 matis
2190 5072 2440 5143 scriptor
2472 5070 2816 5126 inveniri.Si
2847 5072 3084 5144 quidem
3107 5069 3380 5143 Cinna(1)
3410 5069 3629 5125 librum

1984 5180 2154 5219 suum
2179 5166 2486 5234 Smyrnam
2505 5177 2541 5215 x
2567 5159 2737 5215 annis
2756 5158 3312 5227 elimavit,Horatius
3332 5159 3390 5214 in
3411 5173 3630 5214 nonum

1985 5268 2205 5309 annum
2237 5249 2498 5306 carmina
2516 5248 2639 5305 sine
2659 5249 2895 5323 publica
2910 5251 3232 5307 ostentione
3257 5247 3632 5324 producenda

1985 5340 2273 5415 praecepit.
2305 5339 2451 5395 Hinc
2468 5338 2765 5394 Juvenalis
2793 5339 2864 5396 de
2893 5339 3174 5412 scriptore
3207 5338 3496 5412 poematis
3513 5336 3629 5394 ait:

2047 5441 2251 5502 Magnae
2281 5437 2473 5488 mentis
2503 5451 2656 5501 opus,
2687 5451 2787 5488 nec
2816 5437 2881 5487 de
2911 5436 3083 5489 lodice
3111 5436 3371 5501 paranda.

298 5545 371 5622 (1)
403 5545 588 5604 Cinna
616 5545 728 5604 fuit
755 5547 927 5620 poeta
955 5540 1352 5608 doctissimus,
1379 5539 1623 5622 Virgilio
1653 5541 1915 5622 aequalis,
1940 5539 2050 5622 qui
2081 5537 2268 5611 ipsius
2297 5535 2568 5622 meminit
2599 5535 2798 5612 ecloga
2825 5537 2878 5593 9.

1125 5622 1260 5670 Nam
1289 5633 1463 5684 neque
1493 5619 1668 5671 adhuc
1694 5622 1839 5672 varie
1867 5621 2072 5679 videor,
2090 5631 2266 5684 neque
2297 5617 2471 5669 dicere
2501 5617 2670 5670 Cinna

1127 5684 1314 5748 Digna,
1345 5681 1439 5736 sed
1465 5685 1682 5750 argutos
1708 5685 2088 5751 interstrepere
2117 5681 2314 5733 olores.
