4050 6382
166 417 323 482 1289

1217 419 1470 484 EPIST.
1513 419 1617 482 AD
1662 420 2021 482 FBATBES
2063 422 2526 497 AUGIENSES.

3422 423 3578 498 1290

156 556 257 607 tur
285 549 490 623 utique
519 565 582 610 se
607 549 668 606 ia
697 563 1029 620 sermonem
1059 549 1316 620 tardum;
1349 567 1524 624 quem
1551 550 1808 624 philoso-
1838 554 1894 619 Α
1921 551 2064 612 tiam
2095 552 2222 612 sine
2252 553 2543 627 sapientia
2574 553 2780 612 obesse
2805 551 3407 625 fatetur.Sapientiam
3447 555 3577 622 sine

155 639 299 713 pbia
327 637 526 702 nullus
556 638 666 704 rite
689 637 842 698 valet
886 638 1076 698 dicere
1106 639 1468 711 imperitum,
1507 643 1654 696 teste
1686 656 1812 712 pro-

154 733 474 804 tomartyre
498 727 816 802 Stephano,
845 727 1026 802 quiin
1054 727 1296 786 Actibus
1326 727 1721 802 apostolorum
1740 728 1813 786 de

155 834 224 882 eo
258 817 340 874 ita
369 809 634 890 loquitur
665 818 832 876 :Erat
861 816 1065 889 Moyses
1111 816 1358 874 eruditus
1409 817 1562 874 omni
1587 818 1813 888 sapien-

156 907 240 964 tia
267 907 668 977 (Egyptiorum.
694 907 1056 979 Quapropter
1085 905 1218 962 side
1239 906 1552 962 verborum
1585 905 1813 978 signiﬁ-

158 993 576 1067 cationemque
604 993 659 1050 vi
691 986 862 1068 plura
892 994 1096 1052 audire
1120 995 1358 1072 cupitis,
1378 994 1556 1051 etiam
1587 1011 1656 1050 ea
1685 1010 1813 1072 quap

159 1088 493 1158 sequuntur
521 1100 687 1156 isquo
714 1083 909 1142 animo
931 1083 1299 1142 considerare
1319 1083 1814 1141 debetis.Boetius

158 1173 250 1232 vir
280 1171 724 1232 eruditissimus
749 1171 810 1228 in
860 1171 1010 1228 libro
1059 1167 1186 1230 Peri
1214 1172 1515 1230 Ermenias
1545 1172 1814 1228 secundas

157 1259 439 1324 editionis
470 1260 665 1318 audite
686 1259 828 1334 quid
875 1259 1032 1318 dicat
1064 1278 1076 1316 :
1125 1261 1530 1318 Adminicutari
1557 1261 1682 1334 quis
1722 1259 1814 1315 de-

161 1346 248 1409 bet
276 1351 492 1430 obcuris
517 1349 784 1424 sensibus,
813 1350 1081 1422 patientia
1128 1359 1308 1422 atque,
1358 1365 1645 1416 consensu,
1675 1347 1816 1420 quod

160 1439 233 1498 ad
262 1441 592 1502 sententiam
621 1439 850 1496 dicentis
903 1441 1127 1510 spectat,
1158 1442 1210 1496 et
1237 1439 1287 1494 si
1327 1455 1629 1494 sermonem
1674 1439 1815 1494 ratio

156 1545 216 1586 se
249 1531 329 1586 ita
358 1544 467 1584 non
514 1528 726 1586 habeat.
782 1527 1097 1586 Sufﬁciunt
1138 1527 1260 1584 haec
1293 1527 1363 1584 ad
1396 1527 1814 1584 confutandam

159 1616 474 1674 stultitiam
506 1616 742 1684 fratris;
773 1634 846 1672 an
891 1615 1064 1690 plura
1102 1615 1453 1689 requiritis?
1499 1615 1569 1674 Ni
1625 1613 1812 1680 fallor,

157 1723 295 1763 vera
325 1723 558 1784 quoque
589 1722 682 1764 me
711 1705 901 1761 dicere
945 1706 1196 1778 probant
1221 1720 1400 1762 verna
1427 1721 1498 1762 ex
1526 1702 1815 1776 corruptis

158 1795 508 1870 composita,
550 1793 637 1852 vel
688 1794 748 1852 in
803 1794 1214 1868 compendium
1266 1794 1460 1870 ducta,
1498 1793 1558 1849 in
1598 1791 1813 1866 quibus

157 1884 321 1941 brevi
370 1882 598 1959 prolatu
643 1882 830 1942 multa
877 1887 1303 1950 monstrantur,
1348 1869 1420 1938 ut»
1471 1881 1531 1937 in
1579 1881 1816 1938 nomine

163 1976 357 2042 Verria,
391 1973 543 2048 quod
568 1962 732 2032 aiunt
759 1989 828 2034 ex
854 1973 1043 2030 tribus
1068 1973 1359 2044 corruptis
1393 1970 1810 2044 compositura,

159 2081 292 2136 quae
331 2067 471 2122 sunt
509 2062 722 2129 bonus,
765 2061 1192 2129 hzrreditarius,
1244 2063 1440 2118 natus.
1500 2059 1582 2114 Ex
1623 2059 1817 2133 prima

159 2153 359 2226 itaque
387 2157 550 2226 parte
579 2151 726 2208 nihil
756 2151 1005 2209 habetur
1035 2150 1146 2206 nisi
1176 2149 1369 2206 littera
1408 2148 1650 2205 alterius
1684 2147 1812 2204 loco

161 2243 422 2318 posita,v
441 2231 710 2312 videlicet
733 2257 838 2315 pro
869 2240 899 2297 b
925 2258 938 2309 ;
974 2239 1223 2312 ideoque
1236 2238 1479 2311 quidam
1511 2236 1810 2310 propriam

160 2329 416 2388 litteram
463 2333 758 2389 servantes
806 2330 1043 2384 Bernam
1093 2328 1316 2385 dicunt.
1365 2327 1580 2384 Eodem
1633 2325 1811 2382 etiam

162 2420 337 2476 modo
352 2435 536 2480 unum
549 2417 790 2478 verbum
805 2417 1074 2491 quamvis
1088 2415 1541 2489 incompositum
1564 2413 1731 2488 plura
1750 2412 1812 2471 in

160 2525 227 2567 se
256 2507 488 2578 retinet,
519 2505 693 2579 quale
722 2511 810 2563 est
839 2505 983 2562 illud
1015 2504 1231 2586 Lucani
1269 2520 1282 2560 :

221 2615 414 2669 Omnia
441 2614 709 2681 majorum
738 2617 1010 2672 vertamus
1037 2613 1214 2673 busta,
1243 2611 1436 2662 licebit.

229 2723 447 2780 Dicunt
491 2721 552 2777 in
593 2721 704 2778 hoc
747 2721 924 2777 verbo
954 2724 1074 2777 tres
1099 2719 1309 2776 debere
1337 2717 1583 2792 intelligi
1614 2722 1810 2791 partes

159 2812 463 2882 orationis,
485 2810 978 2883 coniunctionem,
1019 2823 1256 2876 nomen,
1289 2811 1346 2864 et
1375 2806 1808 2864 substantivum

157 2902 428 2968 verbum,
459 2904 526 2956 ut
553 2901 632 2956 sit
661 2899 892 2967 licebit,,
921 2899 972 2955 si
1002 2898 1234 2954 licentia
1272 2896 1400 2965 erit,
1434 2900 1727 2969 quatenus
1758 2894 1810 2951 si

159 2990 520 3048 aﬁirmativa
545 2989 624 3046 sit
643 2989 996 3061 conjunctio,
1016 3004 1130 3043 non
1148 2986 1489 3044 dubitativa.
1533 2985 1812 3041 Praeterea

161 3079 214 3137 si
249 3079 310 3135 in
341 3079 495 3135 dicto
524 3081 754 3134 tantum
801 3082 858 3133 ct
886 3094 1001 3133 non
1052 3077 1110 3131 in
1159 3075 1583 3148 significatione
1625 3073 1810 3130 oratio

162 3172 415 3234 constat,
445 3167 591 3224 nihil
631 3167 690 3222 in
732 3167 1012 3240 ﬁgmento
1057 3165 1382 3222 fabularum
1424 3164 1538 3222 nisi
1585 3163 1809 3220 nudum

163 3257 451 3329 accipitur
476 3254 867 3324 mendacium;
893 3255 1189 3326 superflua
1219 3253 1588 3326 putabuntur
1614 3251 1812 3307 omnia

163 3363 293 3418 qua
319 3363 389 3401 ex
415 3344 510 3401 his
534 3345 606 3400 ad
625 3343 886 3418 veritatis
907 3343 1398 3414 intelligentiama
1424 3340 1812 3414 prudentibus

157 3417 498 3494 traduntur.
545 3417 1031 3507 Mytbologiarum
1093 3432 1239 3488 iiber
1287 3429 1384 3486 ille
1416 3433 1492 3503 (2)
1526 3429 1811 3503 Fulgentii

163 3524 336 3580 nihili
367 3523 696 3580 habebitur.
729 3521 1066 3578 Divinarum
1115 3520 1549 3592 Scripturarum
1583 3517 1813 3591 mystici

125 3648 143 3658 -
164 3611 500 3670 intellectus
529 3629 629 3668 seu
641 3610 988 3685 supervacui
1009 3612 1474 3666 contemnantur.
1509 3607 1656 3672 Quid
1678 3623 1814 3679 ergo

163 3703 280 3760 enit
302 3701 461 3758 inter
474 3702 504 3758 J
513 3701 742 3758 udieum
753 3704 812 3756 et
832 3699 1227 3758 Christianum
1248 3697 1480 3756 sublata
1500 3694 1816 3768 allegoria?

167 3790 630 3849 Subauditiones
662 3789 904 3861 insuper
931 3792 1054 3844 tam
1086 3788 1146 3843 in
1178 3787 1374 3842 divina
1404 3801 1582 3858 quam
1612 3785 1671 3839 in
1705 3784 1816 3839 bu-

166 3897 346 3938 mana
373 3879 664 3952 scriptura
693 3877 1005 3951 superfluas
1048 3876 1442 3949 habebuntur.
1476 3873 1704 3930 Delirus
1735 3872 1817 3928 vi-

167 3970 409 4027 debitur
435 3967 764 4035 Terentius,
796 3966 1042 4023 dicendo
1075 3983 1088 4022 :

229 4077 412 4141 Egone
440 4075 583 4125 illam
602 4077 627 4124 7
655 4074 782 4133 Quae
814 4073 956 4123 illum
975 4073 1003 4121 ‘i
1033 4071 1162 4131 Quae
1193 4085 1278 4122 me
1309 4083 1416 4121 non
1441 4072 1465 4119 ‘?

167 4181 554 4255 Imperfectus
583 4179 761 4237 etiam
791 4182 982 4252 poeta,
1018 4177 1119 4234 ubi
1155 4176 1236 4234 ait
1271 4193 1284 4234 :

225 4299 348 4362 Jam
379 4297 567 4348 caalum
596 4300 899 4362 terramque
926 4308 1046 4362 meo
1077 4294 1193 4362 sine
1223 4293 1453 4362 numine
1471 4291 1635 4343 venti.

237 4361 479 4416 Miscere,
509 4364 562 4410 et
591 4362 763 4409 tantas
792 4355 1000 4408 audetis
1028 4355 1214 4407 tollere
1241 4356 1411 4407 moles
1432 4357 1456 4405 *Ρ

237 4425 381 4483 Quos
411 4422 547 4487 ego!

1918 640 2248 714 eloquentia
2258 642 2887 715 prodesse,numquam
2902 642 3373 702 nocere.Possem
3387 641 3576 702 multa

1919 745 1989 786 ex
2010 729 2224 788 divin-is
2246 731 2640 804 humanisque
2661 731 2830 789 libris
2849 731 3122 805 exempla:
3141 730 3456 805 subjicere,
3468 731 3572 794 sed

1920 818 2053 875 nolo
2082 818 2339 892 epistolae
2369 823 2632 877 tenorem
2651 820 3054 894 exemplorum
3085 821 3270 894 copiis
3301 836 3570 884 queram.

1919 907 2342 964 Verumtamen
2378 909 2518 982 quia
2561 909 3032 984 uniuscujusque
3075 910 3162 966 rei
3209 908 3402 979 exitus
3444 925 3575 982 pro.

1922 997 2110 1069 priam
2141 996 2318 1054 habet
2357 1013 2620 1070 causam,
2671 998 2816 1054 nihil
2845 999 3026 1068 enim,
3071 1001 3136 1055 ut
3181 998 3242 1056 in
3273 997 3430 1056 libro
3459 998 3572 1066 Job

1923 1085 2158 1159 legitur,
2193 1086 2431 1142 interra
2460 1085 2587 1143 sine
2616 1103 2794 1143 causa
2821 1087 2911 1154 ﬁt,
2936 1086 3066 1146 volo
3087 1085 3570 1148 animadvertetis

1923 1190 2100 1248 quam
2133 1179 2332 1248 putem
2362 1174 2424 1230 in
2469 1178 2532 1231 S.
2571 1174 2720 1247 Galli
2752 1175 3040 1234 monacho
3083 1191 3326 1243 causam
3355 1174 3571 1247 iniquas

1921 1262 2412 1336 reprehensionis.
2430 1263 2674 1321 Estimo
2705 1263 2874 1322 illum
2903 1263 3238 1338 ingressum
3253 1263 3571 1337 aliquando

1923 1351 2160 1410 hortum
2188 1353 2296 1408 viri
2329 1353 2658 1427 prudentis,
2690 1354 2750 1410 in
2793 1371 2911 1426 quo
2941 1347 3276 1428 degustavit
3301 1353 3572 1424 refanum

1920 1441 2130 1500 canino
2161 1442 2400 1500 stercori
2432 1443 2723 1510 innatum,
2755 1459 2883 1515 quin
2914 1447 3005 1500 est
3043 1459 3226 1501 causa
3247 1440 3440 1515 putidi
3470 1457 3571 1508 ru-

1925 1529 2218 1598 ctaminis,
2241 1529 2298 1584 id
2329 1533 2418 1587 est
2446 1529 2726 1587 malivolas
2759 1531 3254 1604 reprehensionis.
3282 1529 3573 1588 Adhibete

1924 1622 2280 1692 quapropter
2304 1618 2599 1676 viridariis
2622 1619 2830 1676 vestris
2861 1620 3141 1690 claustra,
3164 1621 3570 1689 seramcusto-

1923 1709 2049 1776 des,
2080 1725 2153 1764 ne
2183 1707 2338 1764 olera
2366 1711 2558 1772 vestra
2587 1709 2736 1765 bene
2772 1708 2986 1776 olentia
3025 1709 3185 1781 turpi
3240 1705 3569 1780 ructamine

1920 1797 2220 1854 vitientur.
2272 1797 2660 1870 Corrumpunt,
2711 1800 2775 1854 ut
2805 1796 3002 1870 inquit
3028 1795 3365 1868 Apostolus,
3393 1809 3573 1856 me:

1923 1886 2084 1943 bonos
2111 1886 2384 1958 colloquia
2410 1887 2582 1946 mata.
2613 1886 2740 1946 Non
2767 1890 2968 1956 tamen
3008 1885 3228 1952 mirum
3256 1884 3440 1954 sideri
3469 1883 3570 1944 de-

1920 1975 2018 2031 bet
2047 1975 2230 2032 sinon
2249 1974 2458 2031 metuit
2477 1975 2612 2047 quis
2632 1975 2960 2033 minoribus
2975 1973 3247 2048 obligari,
3267 1971 3571 2048 quimajo-

1921 2064 2086 2121 ribus
2112 2063 2272 2120 vitiis
2291 2063 2577 2120 obnoxius
2619 2064 2888 2122 habetur.
2940 2064 3153 2133 Nonne
3196 2062 3292 2132 hic
3329 2063 3405 2120 de
3448 2077 3568 2133 quo

1919 2153 2219 2228 loquimur
2248 2170 2403 2210 unus
2429 2157 2517 2212 est
2547 2169 2617 2214 ex
2644 2149 2763 2220 illis
2792 2153 2892 2226 qui
2927 2152 3234 2226 proprium
3253 2168 3444 2225 nuper
3469 2149 3574 2212 ab-

1919 2242 2113 2300 batem
2153 2240 2506 2315 pepulerunt
2547 2242 2645 2314 (3),
2697 2242 3202 2316 subrogatumque
3238 2257 3347 2314 pro
3385 2259 3457 2300 eo
3505 2244 3570 2306 in

1919 2331 2160 2388 exitium
2192 2330 2579 2388 merserunt?
2633 2330 2754 2388 Hoc
2801 2315 2937 2388 ideo
2994 2315 3210 2390 dicitur
3255 2331 3398 2404 quia
3453 2332 3572 2394 nisi

1917 2419 1967 2476 is
1991 2420 2090 2494 qui
2109 2419 2392 2478 successit
2411 2417 2741 2482 hortatibus
2750 2435 3163 2491 perversurum
3173 2418 3418 2488 minime
3437 2437 3573 2484 ees-

1920 2509 2116 2577 sisset;
2150 2505 2341 2564 adhuc
2355 2507 2600 2573 fortasse
2625 2507 2858 2564 viveret.
2893 2508 3107 2580 Notum
3136 2511 3228 2566 est
3253 2510 3414 2582 quod
3433 2524 3571 2574 eum

1919 2597 2089 2654 bonis
2121 2596 2396 2670 operibus
2419 2596 2538 2653 vita
2573 2596 2892 2670 aliquando
2910 2596 3311 2670 protenditur,
3331 2601 3394 2656 et
3422 2614 3570 2658 eum

1918 2686 2091 2744 malis
2121 2686 2593 2754 breviatur,sicut
2623 2687 3051 2760 perquemdam
3073 2685 3400 2759 sapientiam
3428 2687 3574 2748 dioi-

1917 2780 2015 2832 tur
2046 2791 2060 2832 :
2110 2776 2258 2831 Νοιιί
2289 2791 2403 2831 esse
2413 2775 2598 2847 justus
2641 2776 2902 2844 multum,
2946 2769 3017 2834 ue
3051 2776 3312 2834 moriaris
3349 2776 3411 2838 in
3440 2779 3572 2834 temc

1911 2881 2044 2938 pore
2067 2880 2178 2920 non
2207 2867 2317 2920 tuo.
2351 2865 2416 2920 In
2445 2863 2554 2921 Job
2581 2881 2818 2937 quoque
2837 2865 2908 2920 de
2937 2863 3140 2936 iniquo
3169 2863 3292 2942 viro
3318 2863 3568 2938 legitur;

1916 2954 2219 3025 Antequam
2246 2953 2360 3009 dies
2389 2951 2506 3025 ejus
2525 2954 2856 3026 impleantur
2883 2953 3106 3026 peribit.
3125 2952 3198 3010 Et
3223 2952 3566 3021 Pealmista;

1916 3041 2060 3110 Viri,
2115 3041 2327 3116 inquit,
2375 3042 2711 3113 san-quinum
2754 3049 2808 3098 et
2852 3041 3025 3098 dolosi
3053 3057 3161 3098 non
3189 3041 3568 3100 dimidiabuut

1917 3131 2032 3187 dies
2060 3146 2204 3186 suos.
2238 3131 2300 3185 In
2314 3128 2510 3185 divina
2525 3130 2703 3185 etiam
2725 3129 2852 3202 lege
2871 3129 3204 3201 frequenter
3231 3128 3564 3198 invenitur;

1921 3221 1979 3277 Si
2012 3219 2144 3292 quis
2167 3218 2275 3274 ho’c
2304 3217 2394 3274 vel
2438 3217 2586 3274 illud
2635 3217 2854 3287 fecerit,
2893 3217 3200 3276 moriatur.
3250 3219 3400 3292 Ergo
3447 3234 3566 3275 non

1813 3290 1886 3370 ,Ε
1919 3290 2183 3366 faciendo
2213 3307 2383 3364 vivat.
2439 3307 2802 3380 Quapropter
2848 3306 3214 3374 mortiferum
3254 3290 3568 3372 consilium

1921 3400 2156 3456 dantem
2185 3415 2256 3454 ex
2285 3397 2480 3454 studio
2512 3401 2570 3453 et
2597 3397 2977 3470 accipientem
2995 3413 3113 3453 uno
3144 3397 3315 3458 modo
3345 3396 3570 3470 obliga-

1918 3493 2008 3544 tos
2028 3486 2387 3543 tenet.Haud.
2406 3486 2586 3557 igitur
2616 3484 2907 3542 miremini
2939 3484 2988 3542 si
3021 3485 3260 3552 fratrem
3289 3486 3560 3542 verberat

1924 3575 2025 3648 qui
2073 3579 2299 3647 patrem
2357 3578 2543 3630 necat.
2581 3575 2766 3630 Laetor
2794 3572 2934 3647 quia
2972 3572 3121 3640 nihil
3151 3573 3267 3632 tale
3296 3574 3371 3632 de
3396 3573 3566 3631 vobis

1924 3662 2208 3720 audio.Ab
2237 3664 2444 3734 impiis,
2484 3666 2551 3718 ut
2576 3662 2882 3735 scriptum
2901 3667 3012 3730 est,
3047 3664 3333 3734 egreditur
3371 3663 3576 3735 impie-

1926 3757 2048 3815 tas;
2079 3751 2373 3823 siquidem
2396 3751 2621 3824 jugiter
2667 3755 2893 3807 armata
2919 3755 3009 3809 est
3038 3751 3247 3821 Pallas,
3272 3753 3331 3808 id
3362 3756 3454 3808 est
3482 3767 3578 3810 sa-

1927 3839 2386 3914 pientia,ubique
2399 3839 2711 3896 munita.Si
2723 3843 2918 3896 tamen
2932 3839 3240 3912 diligenter
3249 3838 3574 3906 advertitis,

1926 3931 2140 4002 hospes
2171 3933 2369 3986 noster
2390 3929 2734 3985 necessitate
2765 3930 3038 4002 peccavit.
3064 3929 3212 3996 Quid
3243 3927 3576 4000 hospitibus

1926 4018 2076 4075 ferre
2105 4021 2302 4092 posset
2313 4017 2372 4073 in
2387 4017 2715 4074 secessibus
2730 4016 2946 4072 cuculli
2960 4015 3052 4071 sui
3073 4032 3176 4088 per
3191 4019 3379 4090 totum
3418 4015 3576 4074 diem

1928 4107 2214 4180 quaesivit,
2246 4105 2306 4162 in
2338 4106 2553 4178 quibus
2583 4105 2730 4161 nihil
2762 4104 2920 4162 aliud
2955 4121 3132 4178 quam
3162 4105 3399 4162 fraudes
3428 4120 3579 4176 quas

1929 4195 2316 4253 absconderat
2335 4193 2574 4249 invenit.
2623 4194 2800 4250 Malus
2845 4195 3008 4250 homo
3054 4193 3119 4250 de
3145 4194 3292 4252 malo
3322 4195 3580 4250 thesauro

1923 4285 2137 4358 profert
2163 4283 2334 4338 mala.
2369 4281 2532 4346 Quod
2563 4298 2699 4356 ergo
2729 4281 2939 4339 habuit
2973 4281 3268 4356 erogavit;
3302 4276 3375 4340 ne
3405 4279 3581 4341 mire-

1932 4372 2077 4429 mini
2120 4388 2213 4430 me
2261 4370 2560 4428 cucullum
2607 4371 2818 4438 dicere,
2843 4369 3138 4427 cucullam
3167 4387 3426 4444 namque
3455 4368 3587 4427 reli-

1932 4460 2122 4536 gionis
2153 4458 2303 4531 dico,
2337 4458 2634 4517 cucullum
2664 4458 3067 4534 turpitudinis.
3113 4459 3259 4517 Hinc
3285 4457 3588 4517 Juvenalis

176 4553 241 4614 In
268 4552 574 4628 Evangelio
605 4553 782 4611 etiam
813 4552 1021 4610 mutila
1061 4551 1352 4608 videbitur
1390 4549 1696 4618 sententia,
1726 4547 1827 4606 ubi
1934 4553 2006 4608 de
2036 4553 2228 4609 scorto
2260 4567 2274 4606 :

173 4644 434 4720 legitur;
484 4642 625 4714 Quia
668 4644 719 4698 si
763 4643 1096 4716 cognovisses
1138 4644 1188 4696 et
1236 4644 1318 4698 tu.
1356 4639 1623 4696 Patenter
1653 4638 1832 4713 igitur

175 4736 540 4791 monstratur
559 4731 934 4805 prudentiam
958 4746 1074 4786 non
1098 4733 1327 4785 tantum
1348 4727 1408 4783 in
1439 4727 1629 4784 verbis
1650 4744 1831 4800 quan-
1862 4727 1873 4729 ⁷
2001 4727 2094 4737 “”“’
2125 4727 2271 4749 ’“”“
2291 4727 2551 4748 ⁴“”“”“
2582 4727 2791 4746 ””“τ”
2824 4727 3109 4760 "'~'""'
3145 4727 3370 4754 ’““““·’“
3430 4790 3437 4797 _

179 4828 310 4880 tum
342 4822 400 4877 in
434 4813 862 4894 signiﬁcatione
891 4823 1180 4887 constare,
1215 4821 1365 4873 teste
1398 4815 1695 4888 Apostolo,
1729 4814 1831 4888 qui
1939 4821 2195 4893 Dignum
2226 4835 2434 4891 nempe
2465 4817 2690 4874 aestimo
2722 4833 2791 4874 ex
2821 4815 3106 4889 qualitate
3127 4831 3387 4888 personae
3423 4817 3598 4871 caete-

145 4956 150 4960 .
182 4913 254 4968 de
286 4927 348 4967 se
379 4909 638 4983 loquitur
667 4928 684 4978 ;
719 4910 831 4965 Etsi
861 4909 1145 4980 imperitus
1159 4921 1424 4974 sermone,
1459 4905 1558 4968 sed
1583 4921 1698 4960 non
1730 4905 1838 4960 im-
1943 4926 2141 4967 rorum
2171 4907 2561 4964 accidentium
2607 4905 2922 4979 qualitates
2965 4903 3264 4962 aestimari.
3297 4904 3593 4975 Scriptum

184 5000 410 5075 peritus
435 4998 697 5056 scientia.
718 4997 1077 5056 Notissimus
1099 5011 1333 5068 quoque
1356 4997 1550 5050 orator
1567 4993 1840 5066 eloquen-
1946 5000 2163 5072 quippe
2192 5001 2283 5053 est
2316 5013 2329 5052 :
2365 4996 2563 5053 Omnia
2592 4995 2800 5051 munda
2817 4994 3060 5052 mundis.
3085 4993 3144 5050 Si
3161 4994 3272 5050 hoc
3300 4991 3602 5065 recipitur,

1860 4661 1908 4729 D
2000 4685 2094 4737 Illa
2121 4684 2272 4749 iubet
2291 4683 2551 4748 juvenem
2581 4686 2796 4746 sumpto
2824 4695 3111 4760 properare
3141 4678 3371 4754 cucullo.

263 5142 336 5224 (2)
364 5141 466 5197 Hic
499 5139 842 5267 Fuigentius
869 5155 985 5220 non
1005 5136 1372 5210 fuitinsignis
1392 5135 1491 5217 ille
1519 5135 1842 5219 Ruspensis
1947 5141 2055 5196 953
2087 5141 2317 5211 factam,
2351 5139 2424 5194 ob
2459 5137 2819 5218 severiorem.
2836 5137 2966 5209 ejus
2997 5133 3389 5220 disciplinam,
3422 5147 3602 5206 quam

266 5230 523 5267 isconus.
555 5214 593 5266 t1
639 5229 688 5267 ei
719 5210 1013 5266 catholica:
1044 5211 1326 5265 adversus
1352 5214 1601 5264 Arianos
1632 5225 1842 5262 acerri-
1954 5213 2160 5267 fratres
2204 5212 2664 5266 detestabantur.
2712 5207 2860 5264 Huic
2911 5207 3263 5267 subregatus
3313 5210 3401 5261 est
3436 5208 3602 5260 Anno

189 5207 523 5288 episcopus,
555 5207 688 5267 ﬁdei
719 5207 1326 5288 cgbolicazadversps
1352 5209 1604 5288 arianos
1621 5207 1842 5288 .acerri:
1954 5213 2160 5288 fratres
2182 5207 2664 5288 detestabantur.
2712 5207 2880 5288 Huic
2911 5207 3263 5288 subrogatus
3313 5210 3419 5288 est
3432 5208 3604 5288 :Anup

193 5275 330 5343 mus
359 5275 744 5355 det'ensorsed
759 5281 1339 5355 Fabius_Planciades
1370 5279 1731 5355 Fulgentius,
1747 5277 1847 5355 qui
1955 5283 2143 5355 ipsius
2175 5283 2373 5355 frater,
2404 5282 2576 5354 infuti
2601 5288 2742 5336 certe
2769 5275 3142 5355 dignissimus,
3175 5277 3370 5355 inquit
3398 5275 3607 5355 Mabilf

195 5348 924 5432 praeteritiytbologiarum
957 5352 1173 5409 librum
1206 5348 1552 5432 conscripsit
1568 5351 1639 5432 ad
1667 5348 1848 5432 (Sulci:
1959 5348 2256 5432 l'onius,_si
2282 5348 2523 5424 legitime
2551 5355 2764 5432 creatus
2791 5348 2982 5432 fuisset
3003 5368 3032 5432 Δε
3053 5348 3444 5432 ,ᾳᾳθωίιξῐνθνὶ
3476 5349 3611 5432 post

197 5416 362 5486 dium
395 5416 923 5502 librumdé'ﬁiscg
953 5440 1222 5502 sermone,
1271 5416 1567 5502 editamna
1589 5421 1764 5477 Junio
1793 5425 1856 5502 et
1961 5425 2023 5482 in
2054 5416 2297 5502 erilium
2320 5416 2680 5502 merserunt,
2712 5416 3023 5502 hocest,_ut
3050 5416 3420 5502 interpretor,
3434 5416 3611 5474 morti

197 5503 476 5568 Mercero,
511 5503 566 5554 et
591 5497 849 5554 Moralem
877 5498 1080 5568 Exposi
1093 5491 1294 5552 tionem
1333 5494 1658 5566 Virgilium:
1679 5493 1856 5548 conti-
1966 5495 2355 5568 tradiderunt.
2387 5501 2698 5568 Sertorium
2756 5492 3070 5568 immature
3099 5491 3315 5568 obiis_se_
3344 5507 3497 5568 anno
3529 5506 3618 5546 se-

198 5561 858 5646 nentic'e_a(;01nmelino
890 5561 1211 5646 vulgatam.
1259 5640 1269 5646 .
1328 5637 1360 5646 ἡ
1426 5561 1442 5566 ⁷
1513 5634 1548 5646 η
1668 5635 1681 5646 _
1709 5634 1722 5646 .
1789 5631 1824 5646 η
1969 5565 2172 5646 quenti
2198 5567 2377 5622 tradit
2398 5565 2793 5633 Mabillonius,
2824 5564 2923 5640 qui
2948 5562 3204 5622 occisum
3235 5561 3419 5620 fuisse
3447 5562 3617 5638 igno-

277 5643 351 5716 (3)
389 5642 490 5716 Hic
519 5641 677 5698 haud
704 5642 969 5716 obscure
992 5634 1278 5716 'designat
1310 5634 1860 5716 _Qrano_li_s_abbatis
1972 5634 2130 5696 favit

208 5705 636 5794 depositionem
666 5728 701 5770 a
729 5711 998 5769 Lindulfo
1041 5705 1272 5768 OttBnis
1310 5707 1507 5786 Magni
1536 5705 1676 5782 ﬁlio,
1710 5723 1862 5772 anno

534 5843 796 5915 Panos.
842 5838 1162 5912 CXXXVI.
3203 5838 3280 5909 41
