4050 6398
500 442 654 517 1291

1532 445 1921 510 GUNZONIS
1968 444 2282 509 DIACONI
2326 442 2873 507 NOVARIENSIS.

3746 440 3917 504 1292

496 587 679 643 restat
706 600 737 641 e
768 580 1060 640 contrario
1082 585 1149 639 ut
1168 580 1367 637 omnia
1396 579 1705 637 immunda
1737 580 1858 637 sint
1891 580 2146 635 immun-
2172 582 2224 646 Α
2258 577 2561 633 charitatis
2574 594 2690 632 non
2708 574 3001 632 immerito
3024 571 3727 648 ﬁguratur.Centenarius
3746 591 3929 632 nam-

498 675 611 730 dis.
643 672 896 745 Ideoque
941 671 1002 728 in
1034 670 1230 727 divina
1258 669 1384 744 lege
1396 673 1633 726 cautum
1651 674 1776 725 erat
1793 672 1860 724 ut
1881 685 2152 741 quaecun-

499 774 614 836 que
641 760 952 818 immunda
976 760 1325 833 tetigissent,
1342 759 1650 815 immunda
1666 757 1885 815 fonent.
1903 758 2151 813 Verum-

498 856 697 908 tamen
730 850 871 923 quia
898 850 972 906 ab
1001 848 1416 919 ecclesiastico,
1445 852 1512 904 ut
1552 847 1879 915 videbatur,
1910 847 2033 902 viro
2068 846 2153 901 in-

493 939 714 1012 juriam
744 938 1020 1008 tuleram,
1054 937 1309 1011 graviter
1330 937 1606 1004 ferebam,
1658 939 1918 1009 quoniam
1954 937 2006 991 si
2035 937 2151 990 ini-

499 1030 678 1084 micus
703 1027 1082 1083 maledixisset
1106 1025 1270 1095 mihi,
1299 1027 1683 1082 sustinuissem
1697 1027 1886 1098 utique
1912 1045 1932 1093 ;
1958 1029 2010 1081 et
2038 1026 2089 1079 si
2105 1025 2154 1080 is

503 1118 601 1190 qui
625 1115 815 1173 oderat
841 1132 927 1173 me
954 1131 1121 1187 super
1167 1130 1255 1171 me
1284 1130 1488 1185 magna
1534 1115 1741 1171 locutus
1787 1117 2001 1186 fuisset,
2033 1114 2152 1169 abs-

502 1204 803 1262 condissem
830 1221 919 1260 me
946 1206 1183 1277 forsitan
1217 1203 1285 1259 ab
1314 1219 1393 1260 eo.
1422 1204 1773 1277 lndignabar
1801 1206 2156 1276 quaprOpter

500 1292 821 1351 vindictam
852 1309 1120 1366 querens
1150 1295 1316 1348 motu
1353 1291 1627 1347 humanae
1660 1291 2027 1365 fragilitatis;
2058 1306 2154 1346 ve-

503 1385 838 1439 rumtamen
872 1382 1128 1439 sciebam
1161 1380 1335 1437 illum
1365 1382 1435 1436 de
1466 1397 1581 1453 quo
1613 1397 1804 1436 sermo
1843 1384 1933 1436 est
1961 1380 2019 1435 in
2051 1397 2156 1436 suo

505 1469 763 1527 conclavi
796 1474 1129 1538 cornutum,
1150 1473 1218 1525 ut
1236 1468 1398 1524 locus
1413 1469 1556 1524 mihi
1586 1468 1783 1524 nullus
1803 1468 2159 1524 defensionis

506 1559 857 1630 haberetur;
906 1558 1162 1616 novitius
1216 1558 1508 1631 siquidem
1566 1574 1748 1624 eram,
1800 1574 1985 1629 neque
2026 1574 2161 1613 vera

508 1648 723 1705 dicenti
755 1648 901 1705 mihi
928 1649 1073 1705 ﬁdes
1104 1648 1505 1715 adhiberetur,
1536 1646 1767 1702 etiamsi
1812 1647 2161 1703 contendere

515 1736 722 1795 vellem
751 1738 1130 1807 ;retardabar
1160 1752 1392 1808 quoque
1422 1740 1707 1808 praecepto
1728 1734 2018 1808 Sapientis
2048 1752 2161 1808 quo

527 1825 742 1882 dicitur
773 1844 787 1882 :
818 1828 893 1882 Ne
920 1825 1242 1898 respondeas
1270 1827 1431 1881 stulto
1451 1826 1618 1895 juxta
1661 1825 1954 1881 stultitiam
1982 1842 2158 1892 suam,

2260 684 2372 739 que
2403 666 2692 738 perfectus
2722 669 2812 721 est
2849 680 3154 732 numerus,
3196 680 3314 721 non
3357 668 3588 721 tantum
3642 665 3787 739 quia
3816 666 3933 721 de-

2260 756 2399 812 cade
2430 754 2735 825 solidatur,
2764 758 3051 827 quantum
3083 754 3222 826 quia
3268 752 3480 810 divinis
3508 753 3927 812 voluminibus

2261 848 2523 900 sacratus
2554 842 2865 909 invenitur,
2897 841 3050 899 sicut
3072 842 3132 898 in
3163 842 3472 915 Evangelio
3507 843 3608 898 ubi
3645 842 3869 917 legitur
3908 860 3927 900 :

2258 932 2424 988 Aliud
2467 932 2656 987 cecidit
2704 934 2767 987 in
2816 935 3019 987 terram
3069 931 3286 1001 bonam,
3334 940 3386 988 et
3420 934 3600 987 ortum
3644 935 3774 1006 fecit
3802 935 3935 1005 fru-

2260 1026 2411 1077 ctum
2456 1021 2789 1093 centuplum.
2824 1020 3017 1076 Siclus
3065 1037 3320 1093 namque
3368 1021 3645 1093 ponderis
3692 1023 3934 1095 species

2260 1114 2318 1166 et
2366 1109 2564 1165 omnia
2610 1109 2892 1165 charitate
2940 1109 3354 1182 ponderantur,
3421 1109 3573 1166 sicut
3632 1112 3933 1184 scriptum

2263 1204 2353 1255 est
2384 1215 2398 1254 :
2430 1201 2494 1255 In
2523 1200 2608 1254 his
2637 1198 2847 1254 duobus
2891 1198 3168 1255 mandatis
3213 1202 3322 1255 tota
3354 1199 3444 1256 lex
3483 1199 3681 1272 pendet
3712 1209 3765 1257 et
3791 1218 3934 1274 pro-

2259 1289 2459 1361 phetae.
2494 1287 2602 1351 Qui
2635 1285 2763 1343 sicli
2795 1288 2941 1343 bene
2971 1286 3196 1360 argenti
3247 1287 3431 1343 fuisse
3473 1288 3789 1346 dicuntur:
3835 1307 3940 1346 nr-

2265 1382 2508 1449 gentum
2539 1375 2758 1449 quippe
2788 1376 2849 1431 in
2881 1375 3097 1432 divinis
3148 1375 3552 1433 voluminibus
3599 1378 3671 1433 ad
3701 1377 3934 1451 eloquii

2267 1465 2590 1521 claritatem
2621 1466 2886 1532 refertur,
2920 1468 3069 1521 teste
3117 1464 3431 1522 Psalmista
3482 1466 3582 1539 qui
3624 1467 3706 1523 ait
3739 1486 3753 1524 :
3794 1468 3933 1525 Elo-

2268 1557 2399 1626 quia
2428 1555 2665 1623 Domini,
2694 1556 2915 1626 eloquia
2941 1558 3110 1624 casta,
3159 1558 3448 1627 argentum
3472 1557 3602 1625 igne
3628 1558 3932 1613 examina-

2268 1649 2401 1699 tum.
2436 1647 2855 1699 Verumtamen
2875 1642 3015 1715 quia
3040 1659 3075 1698 a
3099 1644 3362 1716 reprobis
3378 1643 3635 1701 charitas
3652 1649 3709 1701 et
3720 1645 3930 1703 animo

2269 1738 2327 1788 et
2354 1731 2546 1789 verbis
2578 1730 2993 1799 contemnitur,
3014 1732 3223 1788 merito
3251 1732 3443 1789 Achar
3467 1737 3524 1789 et
3547 1734 3740 1791 verbis
3765 1739 3837 1791 ut
3861 1735 3929 1792 in

2272 1826 2530 1894 argento,
2563 1825 2620 1877 et
2649 1826 2842 1877 mente
2872 1824 2937 1876 ut
2966 1821 3025 1877 in
3055 1838 3198 1877 auro
3228 1821 3449 1877 furtum
3482 1822 3689 1879 fecisse
3720 1840 3930 1880 narra-

519 1930 590 1971 ne
617 1914 881 1986 efﬁciaris
908 1916 962 1970 ei
983 1915 1205 1969 similis.
1237 1913 1347 1969 Sed
1370 1913 1751 1985 quiatempus
1779 1917 1867 1969 est
1886 1912 2160 1986 loquendi
2192 1947 2240 2013 Β
2272 1915 2367 1965 tur
2390 1928 2402 1978 ;
2425 1909 2497 2013 in.
2518 1926 2680 2010 auro,
2701 1908 2866 2013 isicut
2913 1910 3200 2011 scriptum
3230 1915 3319 1966 est
3350 1927 3364 1966 :
3417 1911 3525 1980 Qui
3551 1910 3664 2013 odit
3685 1914 3931 2013 fratrem

513 2006 571 2059 et
598 2006 830 2075 tempus
864 2001 1448 2073 tacendi,respondeo
1470 2017 1645 2069 nunc,
1675 2002 2161 2058 monontecodem

515 2090 789 2165 Sapiente
820 2107 836 2147 :
868 2091 1143 2164 Responde
1170 2089 1337 2147 stulto
1376 2092 1545 2163 juxta
1588 2091 1883 2147 stultitiam
1910 2107 2067 2146 suam
2094 2108 2164 2146 ne

515 2181 630 2237 sibi
655 2182 873 2253 sapiens
901 2196 1012 2237 esse
1035 2179 1304 2236 videatur.
1336 2183 1469 2235 Haac
1511 2195 1743 2235 mecum
1783 2179 2033 2235 sollicita
2070 2179 2162 2235 in-

470 2282 475 2287 '
509 2269 769 2325 tentione
798 2268 1144 2342 perquirens
1191 2268 1495 2325 scrutabar
1516 2268 1836 2324 accidentia
1879 2286 2158 2341 personas,

516 2373 648 2430 qua
674 2358 864 2414 fraudi
895 2356 1286 2425 convenirent;
1315 2356 1668 2429 deprehendi
1691 2357 1929 2413 tandem
1952 2357 2009 2412 in
2028 2359 2168 2430 ejus.

509 2445 676 2503 vultu
708 2445 959 2503 colorem
986 2446 1119 2503 vilis
1150 2444 1392 2515 metalli,
1427 2462 1541 2518 quo
1582 2444 1771 2502 solent
1800 2447 2053 2518 pretiosa
2080 2448 2163 2502 vi-

512 2535 667 2591 tiari.
695 2536 930 2593 Persius
961 2551 977 2593 :

500 2636 507 2643 '
575 2625 651 2675 Ne
677 2636 787 2689 qua
813 2625 913 2675 sub
943 2628 1091 2675 arato
1118 2625 1436 2675 mendosum
1466 2625 1659 2675 tinniat
1686 2639 1837 2676 auro.

514 2711 955 2770 Calamistratos
984 2713 1246 2787 capillos,
1267 2715 1518 2769 nitidum
1551 2713 1706 2770 ultra
1722 2730 1899 2786 quam
1930 2719 2158 2787 oporte-

516 2804 607 2857 ret
633 2800 951 2871 cucullum,
1001 2803 1178 2874 pedes
1227 2802 1754 2859 calceamentorum
1798 2804 2159 2861 adhaerentes

518 2888 766 2962 pedibus
796 2889 894 2962 (4),
926 2905 1000 2946 ne
1030 2888 1229 2946 follere
1272 2890 1501 2963 possint
1533 2907 1545 2946 :
1576 2891 1793 2964 quibus
1831 2892 2063 2950 indiciis
2092 2893 2157 2949 B.

517 2978 905 3052 Hieronymus
931 2995 1217 3052 sponsum
1253 2980 1567 3036 monstrari
1614 2980 1798 3051 doeet,
1835 2982 2109 3054 inquiens
2143 3002 2156 3039 :

515 3066 656 3123 Sunt
682 3067 904 3140 quidam
950 3070 1065 3125 mei
1099 3069 1311 3125 ordinis
1358 3070 1544 3125 clerici
1589 3071 1783 3143 quibus
1828 3088 1961 3128 cura
1989 3078 2067 3130 est
2095 3075 2162 3131 de

510 3156 750 3213 vestibus
778 3158 830 3213 si
859 3157 991 3214 bene
1018 3158 1216 3226 oleant,
1253 3160 1306 3214 si
1344 3160 1573 3229 ungula:
1602 3176 1661 3215 in
1701 3160 1889 3234 digitis
1918 3162 2158 3235 radient,

2270 2015 2448 2067 suum,
2477 1998 2750 2054 homicida
2796 2007 2873 2054 est
2891 2015 2912 2060 ;
2948 1997 3010 2053 in
3065 2003 3326 2072 argento,
3360 2003 3425 2055 ut
3454 2004 3545 2057 est
3582 1999 3731 2057 illud
3765 2020 3779 2058 :
3818 2002 3934 2072 Qui

2270 2086 2474 2143 dixerit
2519 2090 2656 2159 [ναιί
2708 2104 2806 2143 suo
2848 2088 3036 2156 Fatue,
3096 2104 3223 2145 reus
3273 2096 3380 2144 erit
3431 2088 3696 2161 gehennae
3750 2092 3929 2163 ignis.

2273 2176 2552 2232 Praeterea
2581 2176 2720 2249 quia
2750 2176 3143 2249 suntquidam
3166 2176 3268 2249 qui
3290 2194 3408 2234 non
3422 2178 3614 2235 solum
3629 2196 3691 2236 se
3721 2180 3930 2237 fratri-

2269 2265 2380 2320 bus
2409 2264 2692 2336 impertiri
2728 2264 2953 2331 nolunt,
2999 2266 3100 2321 sed
3149 2267 3431 2323 exteriora
3481 2284 3715 2342 quoque
3745 2269 3930 2326 dene-

2268 2358 2431 2426 gant,
2457 2353 2671 2409 idcirco
2700 2353 2891 2409 Achar
2942 2371 3076 2409 cum
3124 2371 3302 2411 aurea
3348 2356 3569 2430 regula,
3603 2361 3783 2431 atque
3815 2360 3929 2415 du-

2268 2443 2453 2499 centis
2503 2442 2663 2499 siclis
2709 2442 2955 2516 argenti,
2999 2443 3333 2501 coccineum
3382 2462 3616 2518 quoque
3669 2446 3927 2520 pallium

2268 2530 2583 2589 abstulisse
2613 2537 2989 2588 memoratur.
3021 2535 3237 2589 Coccus
3264 2534 3477 2591 etenim
3509 2534 3665 2609 ignei
3705 2536 3930 2596 coloris

2269 2625 2376 2689 est,
2400 2624 2455 2676 et
2486 2620 2740 2677 charitas
2766 2622 2969 2677 ardere
2998 2621 3357 2694 perhibetur,
3397 2623 3551 2680 sicut
3579 2624 3637 2680 in
3666 2625 3930 2701 Evange-

2268 2709 2347 2765 lio
2379 2710 2593 2783 legitur
2624 2728 2637 2766 :
2670 2711 2860 2766 Nonne
2886 2727 2979 2767 cor
3018 2718 3262 2768 nostrum
3281 2712 3478 2769 ardens
3501 2721 3620 2771 erat
3647 2716 3710 2771 in
3737 2717 3927 2783 nobis,

2266 2816 2391 2854 cum
2419 2800 2729 2871 loqueretur
2756 2801 2816 2855 in
2854 2801 2964 2869 via,
2995 2804 3046 2855 ct
3091 2802 3328 2873 aperiret
3369 2803 3528 2859 nobis
3572 2805 3931 2876 scripturas?

2269 2888 2416 2954 Quid
2439 2888 2620 2962 igitur
2637 2889 2946 2946 decernitis
2976 2889 3004 2944 ‘I
3031 2890 3234 2946 Nonne
3246 2890 3454 2948 videtis
3485 2892 3625 2964 quia
3643 2892 3707 2949 in
3722 2895 3928 2950 omni—

2268 2978 2378 3034 bus
2400 2978 2460 3033 in
2492 2978 2708 3050 quibus
2737 2978 3118 3036 circumsisus
3133 2979 3323 3035 Achar
3346 2981 3622 3053 peccavit,
3655 2982 3931 3041 cuculla-

2266 3070 2365 3123 tus
2392 3067 2584 3123 Achar
2611 3066 2920 3140 culpabilis
2951 3067 3244 3124 invenitur
3266 3068 3294 3123 ‘?
3348 3072 3600 3126 Auream
3653 3072 3928 3146 regulam

2269 3155 2542 3229 sublegit,
2576 3156 2811 3229 quando
2843 3158 3123 3214 adversus
3169 3158 3406 3215 fratrem
3448 3159 3928 3219 malevolentiam

509 3246 563 3301 si
596 3246 790 3318 capilli
814 3246 993 3303 nitida
1021 3249 1799 3321 compositionecomplaceant,
1826 3252 1877 3305 si
1898 3267 2000 3323 per
2029 3254 2160 3310 laxa
2199 3319 2228 3323 _
2268 3248 2460 3300 mente
2491 3245 2777 3317 concepit,
2801 3246 3084 3302 ducentos
3113 3247 3338 3320 argenti
3367 3247 3542 3305 siclos
3570 3249 3847 3320 abstulit,
3867 3252 3929 3307 in

505 3334 649 3406 pelle
677 3351 787 3392 non
811 3336 1020 3407 foueat.
1047 3337 1151 3392 Hos
1195 3337 1330 3392 tales
1359 3352 1486 3392 cum
1530 3319 1750 3407 bidens,
1786 3319 1977 3411 magis
2004 3357 2156 3414 εροη.
2186 3319 2229 3387 C
2269 3350 2335 3389 eo
2364 3334 2516 3406 quod
2550 3333 3013 3391 malevolentiam
3027 3319 3219 3391 mente
3239 3342 3578 3410 conceptam
3606 3319 3928 3397 verborum

506 3438 593 3478 sos
619 3424 835 3481 aestima
862 3441 1029 3497 quam
1054 3426 1299 3483 clericos.
1324 3426 1469 3481 Hinc
1496 3425 1622 3498 ipse
1661 3428 1994 3500 generalem
2027 3448 2166 3487 sen-

509 3511 754 3569 tentiam
784 3514 1102 3586 proferens,
1141 3509 1351 3587 inquit.
1385 3517 1496 3570 Nec
1525 3516 1796 3587 affectatae
1831 3517 2038 3588 sordes,
2067 3537 2167 3577 nec

513 3602 801 3672 exquisitae
827 3603 1116 3659 munditiae
1140 3605 1465 3659 conveniunt
1494 3604 1822 3662 Christiano.
1856 3607 1958 3663 His
1989 3608 2168 3681 igitur

514 3690 858 3761 perspectis,
890 3691 1116 3747 curiose
1145 3692 1345 3747 rimari
1379 3693 1523 3764 coepi
1555 3697 1754 3749 utrum
1785 3698 2001 3767 proprii
2027 3714 2165 3770 quo-

513 3792 629 3851 que
681 3777 937 3835 nominis
994 3783 1133 3836 nota
1201 3780 1368 3836 factis
1445 3781 1815 3838 consentiret.
1893 3785 2166 3850 Quidni?

509 3865 589 3938 (5)
630 3865 824 3922 Achar
854 3882 1107 3940 namque
1159 3867 1495 3937 vocabatur,
1543 3870 1711 3941 quasi
1758 3887 1827 3926 ex
1878 3874 2159 3947 praesagio

509 3954 656 4013 furis
673 3972 886 4013 nomen
917 3957 1220 4030 acceperit.
1269 3956 1482 4014 Notum
1542 3958 1758 4031 quippe
1792 3965 1880 4017 est
1908 3963 2063 4034 quod
2097 3963 2158 4020 in

508 4043 732 4103 excidio
761 4046 1174 4103 Jerichontinzn
1198 4047 1363 4103 urbis
1382 4047 1574 4103 Achar
1602 4048 1755 4104 furto
1775 4067 2011 4106 auream
2032 4069 2159 4110 sus-

502 4134 705 4191 tulerit
735 4136 1017 4209 regulam,
1052 4137 1310 4209 certique
1348 4137 1623 4209 ponderis
1655 4137 1829 4194 siclos
1862 4156 1994 4196 cum
2026 4159 2152 4200 coc-

504 4223 667 4281 cineo
710 4224 909 4298 pallio.
963 4224 1146 4298 Igitur
1184 4226 1283 4296 qui
1328 4226 1677 4283 conveniunt
1728 4229 1986 4299 nomina,
2022 4249 2151 4305 per-

496 4314 752 4391 scrutari
784 4311 972 4386 liquet
1003 4315 1294 4387 quomodo
1337 4315 1589 4372 duorum
1612 4323 1942 4390 congruunt
1976 4320 2147 4378 facta.

498 4401 732 4459 Primus
744 4402 952 4472 Achar,
973 4403 1074 4476 qui
1092 4404 1385 4461 anathema
1414 4404 1851 4478 interpretatur,
1884 4409 2146 4482 regulam

498 4507 738 4547 auream
770 4492 1042 4567 sublegit,
1078 4494 1372 4550 secundus
1394 4494 1701 4550 isteAchar
1722 4496 1983 4569 regulam
1998 4498 2145 4556 bene

494 4579 723 4637 vivendi
755 4582 1633 4657 contempsit,regula,namque
1662 4585 1732 4640 ad
1764 4584 1872 4641 hoc
1904 4587 2144 4645 adhibe-

2275 3421 2509 3479 indiciis
2538 3423 2808 3495 patefecit
2827 3441 2840 3480 :
2862 3424 3193 3480 coccineum
3208 3441 3439 3498 quoque
3454 3426 3696 3499 pallium
3714 3427 3928 3486 furtim

2274 3512 2486 3583 rapuit,
2539 3512 2774 3585 quando
2815 3514 2954 3585 jura
2999 3512 3414 3587 hospitalitatis
3448 3515 3508 3571 in
3546 3534 3723 3575 usum
3753 3521 3932 3577 vertit

2274 3616 2460 3672 pravae
2492 3602 3009 3675 redargutionis.Si
3048 3602 3507 3677 palingenesiam
3544 3607 3633 3663 vel
3678 3613 3930 3666 metem-

2271 3690 2562 3762 psycosim
2580 3690 2913 3764 Pythagorae
2936 3690 3114 3748 stulte
3128 3693 3264 3765 quis
3279 3694 3541 3767 accipere
3580 3696 3770 3767 vellet,
3789 3697 3927 3755 ani-

2270 3795 2429 3834 mam
2472 3778 2803 3836 circumcisi
2855 3780 3045 3837 Achar
3091 3781 3317 3854 corpori
3362 3782 3536 3841 istius
3578 3784 3923 3843 nullatenus

2270 3866 2464 3924 inesse
2496 3868 2817 3926 dubitaret.
2849 3870 3109 3927 Curtavit
3158 3869 3256 3927 ille
3286 3872 3440 3928 furto
3468 3873 3921 3947 rempublicam,

2268 3957 2689 4029 rempublicam
2758 3959 2943 4015 multo
2995 3960 3186 4033 magis
3240 3959 3351 4017 iste
3424 3966 3654 4020 curtare
3709 3964 3919 4033 voluit,

2267 4047 2500 4118 quando
2533 4051 2767 4120 accepto
2798 4049 3026 4118 itinere,
3046 4065 3139 4105 me
3160 4066 3458 4107 removere
3486 4052 3746 4109 tentavit.
3764 4053 3922 4111 Sciet

2264 4135 2505 4191 forsitan
2527 4135 2719 4208 etipse
2750 4141 3034 4209 quantum
3053 4138 3335 4196 damnum
3352 4139 3678 4214 reipublicae
3698 4142 3918 4200 inferre

2259 4223 2465 4293 voluit,
2499 4241 2632 4280 cum
2663 4230 2975 4298 postquam
3000 4227 3150 4296 veni,
3200 4228 3341 4301 quid
3388 4229 3527 4286 utile
3558 4231 3776 4304 egerim
3819 4250 3918 4289 co-

2258 4312 2540 4385 gnoverit.
2569 4313 2806 4370 Amalec
2836 4315 2895 4370 in
2926 4314 3019 4371 via
3048 4316 3194 4372 mihi
3225 4318 3498 4387 occurrit,
3526 4324 3907 4395 coeptumque

2257 4402 2368 4457 iter
2395 4403 2784 4461 intercludere
2814 4404 3013 4473 voluit,
3046 4407 3217 4478 cujus
3249 4408 3595 4465 memoriam
3624 4410 3696 4466 de
3722 4412 3902 4468 terris

2256 4507 2318 4546 se
2333 4491 2617 4548 Dominus
2642 4491 2976 4549 ablaturum
3020 4495 3429 4552 comminando
3446 4496 3914 4570 promisit.Ama-

2254 4579 2339 4636 lec
2369 4580 2585 4654 quippe
2626 4582 2869 4637 lambens
2908 4584 3144 4655 populus
3185 4583 3620 4659 interpretatur,
3655 4587 3747 4643 cui
3780 4605 3910 4645 me-

496 4672 593 4758 tur
621 4672 688 4725 ut
725 4670 1009 4728 rectitudo
1040 4673 1615 4745 servetur,Quisquis
1634 4674 1849 4730 etenim
1881 4676 2142 4749 regulam
2172 4692 2220 4758 Ι)
2253 4670 2365 4725 ritO
2395 4676 2808 4743 comparentur
2847 4673 2946 4744 qui
3006 4671 3335 4730 litterarum
3386 4676 3755 4749 superﬁciem
3799 4677 3909 4735 lin-

495 4755 644 4814 bene
681 4758 907 4815 vivendi
938 4762 1424 4833 spernit,auream
1446 4762 1598 4818 furto
1617 4780 1882 4819 normam
1914 4766 2144 4823 subtra-
2173 4755 2208 4758 _
2253 4762 2418 4831 sunt,
2438 4763 2495 4815 et
2514 4760 2586 4815 ad
2605 4765 2813 4833 gustus
2835 4760 3203 4818 dulcedinem
3221 4781 3335 4820 non
3349 4766 3725 4837 perveniunt:
3751 4784 3901 4840 quos

492 4844 599 4902 hit.
624 4847 687 4901 In
729 4863 896 4904 sacra
926 4866 1177 4922 namque
1204 4851 1498 4924 Scriptura
1547 4869 1754 4908 aurum
1793 4852 2137 4928 plerumque
2246 4848 2592 4921 hyprocritis
2622 4850 3045 4921 comparandos
3081 4850 3280 4908 nullus
3311 4852 3503 4910 fidelis
3532 4854 3781 4923 dubitat,
3797 4857 3898 4929 qui

491 4936 563 4991 ad
598 4935 967 5010 splendorem
1018 4940 1316 5011 sapientiae
1347 4942 1611 4997 refertur.
1661 4941 1805 4997 Hinc
1834 4943 1895 4997 B.
1928 4947 2135 5017 Grego-
2245 4938 2384 4993 dum
2418 4939 2548 4993 ﬁcte
2580 4942 2758 4993 Deum
2785 4942 3072 5012 quaerunt.
3127 4940 3387 4997 invenire
3430 4958 3545 4998 non
3571 4949 3895 5013 merentur,

488 5024 614 5082 rius
645 5026 916 5095 :Aurum,
950 5026 1160 5100 inquit,
1201 5031 1304 5086 Deo
1352 5032 1648 5103 offerimus,
1680 5031 1731 5086 si
1758 5033 1814 5086 in
1846 5042 2131 5104 conspectu
2240 5045 2386 5100 quos
2418 5028 2725 5083 mundanae
2756 5026 3093 5084 litteraturae
3131 5029 3444 5101 scriptores
3465 5031 3660 5088 servili
3691 5034 3894 5090 condi-

488 5115 645 5171 illius
674 5115 792 5172 luce
820 5118 1101 5189 sapientiae
1142 5118 1560 5190 resplendemus.
1594 5120 1755 5183 Quod
1787 5121 1967 5177 furari
1998 5141 2129 5179 con-
2235 5118 2380 5175 tioni
2412 5119 2713 5189 deputant,
2739 5122 2804 5173 ut
2832 5122 2921 5173 est
2944 5116 3088 5173 illud
3117 5119 3414 5176 Juvenalis
3449 5138 3463 5177 :

482 5203 734 5261 vincitur
752 5205 1022 5279 quisquis
1038 5212 1342 5280 acceptum
1366 5224 1399 5263 a
1414 5208 1529 5264 Deo
1558 5207 1858 5281 ingenium
1881 5212 2052 5267 vertit
2067 5213 2127 5268 in

2298 5208 2403 5256 Nos
2432 5205 2717 5270 colaphum
2746 5206 3034 5256 incutimus
3062 5207 3318 5258 lambenti
3344 5210 3582 5260 crustula
3611 5223 3788 5262 servo.

483 5307 659 5348 usum
689 5310 877 5366 pravae
908 5297 1281 5368 operationis.
1327 5297 1618 5353 Ducentos
1676 5314 1905 5370 quoque
1952 5299 2128 5357 siclos
2237 5295 2570 5353 Mirandum
2596 5300 2791 5352 tamen
2822 5300 2911 5351 est
2939 5313 3044 5351 cur
3076 5296 3444 5355 miserrimus
3474 5299 3749 5357 inviderit
3779 5301 3879 5357 bo-

481 5377 635 5438 idem
662 5382 853 5439 Achar
881 5383 1107 5442 furatus
1137 5386 1369 5459 dicitur,
1401 5405 1503 5459 per
1519 5402 1665 5458 quos
1680 5387 1916 5460 gemina
1942 5388 2126 5446 virtus
2235 5401 2378 5440 num
2399 5385 2550 5454 aliis,
2583 5384 2738 5459 quod
2770 5384 3144 5458 profuturum
3193 5386 3304 5442 sibi
3346 5386 3552 5445 noluit.
3596 5388 3746 5445 Proh
3780 5389 3887 5446 do-

555 5522 894 5613 {dividetur
921 5526 1241 5613 legendum.
1258 5529 1515 5602 pollibus,
1550 5529 1727 5613 idque
1755 5530 1898 5613 satis
1929 5531 2125 5613 innuit

477 5589 1035 5737 }gpgztsebsequeds
1066 5618 1135 5656 ex
1178 5589 1544 5674 Hieronymo,
1596 5589 1648 5657 si
1677 5619 1776 5674 pes
1812 5603 1956 5703 olaxa
1978 5605 2124 5675 pelle

547 5735 629 5808 (5)
662 5733 766 5793 Hic
804 5735 960 5795 haud
1008 5740 1220 5802 obcure
1262 5741 1527 5825 designat
1567 5743 1979 5805 Ekkheardum
2037 5762 2123 5807 se-

2234 5530 2477 5604 niorem,
2530 5527 2629 5601 qui
2662 5527 2734 5604 in
2776 5533 2830 5585 S.
2882 5529 3288 5604 Gallischolis
3334 5530 3742 5604 magisterium
3774 5531 3883 5587 ali-

2232 5602 2475 5675 quando,
2506 5600 2731 5675 tenuit,
2781 5606 2982 5675 postea
3030 5602 3285 5659 decanus
3329 5600 3591 5672 effectus,
3622 5601 3881 5660 oblatam

2230 5671 2406 5755 etiam
2430 5672 2657 5755 abbatis
2677 5671 3020 5755 dignitatem
3034 5674 3340 5755 recusavit,
3365 5692 3480 5755 non
3499 5671 3716 5749 dignus
3727 5681 3879 5735 certe

2229 5750 2352 5806 tam
2383 5743 2639 5803 mordaci
2667 5748 2724 5805 et
2747 5743 3025 5804 indecora
3055 5745 3525 5822 reprehensione.
