4050 6386
137 411 296 472 1393

1193 409 1443 470 EPIST.
1489 411 1590 470 AD
1637 409 1993 471 FRATRES
2037 412 2504 474 AUGIENSES.

3393 424 3549 484 1294

135 543 260 599 lor!
297 540 604 599 diabolum
632 540 898 597 imitatus
921 545 1027 609 est,
1047 541 1148 613 qui
1174 542 1392 597 bonum
1419 543 1572 614 quod
1605 543 1793 614 perdi-
1819 544 1872 611 Î‘
1903 542 2120 616 ingenii
2152 544 2503 616 quibusdam
2526 545 2796 603 litteratis
2826 548 3232 620 praeferuntur.
3257 550 3450 611 Ulixes
3470 557 3554 612 vi-

135 633 221 688 dit
271 630 501 687 homini
559 630 784 685 invidit.
818 631 1088 685 Humana
1131 631 1277 686 facie
1338 631 1483 686 tales
1542 630 1796 686 belluina

139 725 342 776 mente
369 723 794 787 monstrantur,
824 719 894 774 de
923 718 1140 790 quibus
1171 719 1228 774 in
1262 718 1568 792 Evangelio
1600 719 1795 774 Domi-

134 827 250 865 nus
282 808 547 880 loquitur
575 825 587 863 :
619 810 681 863 In
710 809 1042 863 vestimentis
1063 809 1246 863 ovium
1276 811 1520 874 veniunt,
1546 809 1798 863 intrinse-

139 915 237 956 cus
269 902 454 954 autem
500 901 630 952 sunt
677 898 795 968 lupi
823 913 1066 968 rapaces.
1101 897 1334 952 Utinam
1394 896 1565 952 vellet
1617 897 1668 951 is
1725 897 1795 952 de

135 1004 258 1060 quo
296 985 504 1057 loquor
533 1002 763 1040 mecum
793 985 850 1040 in
887 990 1200 1056 conspectu
1225 989 1412 1041 vestro
1443 985 1790 1051 conversari,

131 1092 388 1148 quorum
422 1074 796 1147 prudentiam
842 1075 914 1129 ab
960 1075 1200 1146 antiquo
1231 1079 1548 1146 spectatam
1582 1072 1786 1128 audio!

129 1165 286 1220 Nota
325 1168 464 1220 sunt
511 1163 656 1219 mihi
698 1162 890 1219 Achar
939 1164 1113 1229 furta,
1166 1168 1304 1218 nota
1351 1163 1469 1218 ficti
1520 1161 1791 1218 monachi

126 1253 562 1321 fraudulentia;
597 1269 774 1324 quam
806 1251 962 1307 mala
1005 1252 1213 1307 incude
1245 1251 1470 1323 spicula
1499 1253 1626 1322 ejus
1658 1268 1792 1323 pro-

126 1343 426 1398 ducantur
453 1359 567 1398 non
621 1342 847 1414 ignoro,
882 1358 1059 1414 quam
1093 1340 1348 1396 invalida
1397 1358 1576 1396 manu
1621 1341 1788 1411 jacu-

123 1431 328 1487 lentur
382 1435 656 1503 expertus
711 1447 866 1486 sum.
899 1429 1133 1485 Noverit
1172 1430 1476 1484 Horatium
1535 1447 1636 1501 pro
1697 1445 1790 1483 me

125 1521 476 1576 minantem.
514 1519 576 1574 In
610 1518 798 1574 malos
841 1519 1202 1591 asperrimus
1244 1521 1446 1590 parata
1495 1517 1633 1574 tollo
1664 1535 1788 1573 cor-

127 1625 252 1664 nua
282 1607 473 1682 qualis
499 1607 764 1662 Sicambe
811 1611 1042 1680 spretus
1093 1607 1272 1661 infido
1303 1625 1500 1680 gener,
1531 1613 1632 1662 aut
1661 1625 1792 1663 acer

126 1697 322 1754 hostis
354 1695 594 1769 Bupalo.
628 1698 714 1750 An
746 1695 793 1751 si
827 1696 962 1767 quis
988 1701 1112 1751 atro
1145 1697 1315 1752 dente
1365 1714 1458 1752 me
1503 1696 1787 1766 petiverit,

126 1785 360 1842 inultus
409 1790 472 1842 ut
521 1786 668 1841 flebo
701 1786 886 1857 puer?
933 1786 1112 1841 Dares
1167 1784 1428 1841 Siculum
1487 1787 1789 1842 attentavit

125 1874 426 1930 Entellum
500 1874 752 1931 lascivus
825 1875 1150 1930 monachus
1218 1876 1551 1930 Gunzonem
1626 1875 1866 1976 Itali-B

131 1980 295 2020 cum.

193 2073 415 2123 Noverit
443 2073 659 2122 incauto
688 2072 925 2123 Entellus
953 2073 1232 2121 conanime
1261 2073 1460 2135 lapsus,

193 2137 310 2193 Qua
334 2136 385 2184 vi
416 2135 706 2199 perculerit
732 2140 1055 2198 prostratum
1088 2149 1226 2199 pene
1257 2137 1464 2184 Dareta.

200 2233 454 2288 Causam
511 2233 757 2305 querela;
807 2232 1132 2297 audivistis,
1169 2232 1308 2303 quid
1367 2232 1542 2287 etiam
1589 2235 1792 2288 contra

130 2322 394 2377 studium
428 2321 786 2378 litteratoria:
827 2321 1204 2394 professionis
1249 2322 1434 2377 hostis
1465 2322 1660 2377 nescio
1691 2327 1792 2377 aut

126 2409 344 2482 hospes
375 2410 560 2482 egerit
609 2413 837 2482 oportet
883 2408 1155 2465 audiatis.
1197 2409 1522 2464 Adveniens
1571 2410 1792 2465 defere-

126 2499 265 2554 bam
293 2514 440 2570 pene
464 2502 702 2554 centnm
732 2498 1020 2554 librorum
1044 2497 1365 2565 volumina,
1390 2515 1554 2553 arma
1576 2497 1797 2553 scilicet

131 2587 463 2658 pacis,quze
482 2587 908 2643 vertitinvidus
935 2586 1122 2642 hostis
1155 2587 1213 2640 in
1245 2585 1505 2641 studium
1539 2586 1790 2663 furoris;

127 2677 281 2731 inter
311 2693 438 2748 quae
466 2679 588 2732 erat
612 2675 885 2731 Martiani
916 2676 974 2730 in
1005 2693 1080 2730 vn
1101 2674 1442 2730 liberalibus
1463 2674 1792 2746 disciplinis

130 2765 431 2821 succincta
491 2764 740 2833 veritas;
807 2781 984 2836 quam
1042 2763 1528 2819 contemnendam
1586 2767 1796 2835 putant

133 2853 233 2926 qui
265 2852 474 2909 fabula:
498 2853 874 2909 solummodo
899 2853 1384 2909 delectationibus
1406 2851 1791 2921 oblectantur,

137 2943 236 3016 qui
270 2959 386 2998 non
410 2942 632 3016 integre
658 2942 906 3015 capitur,
931 2942 980 2998 si
1002 2941 1264 2997 veritatis
1288 2941 1540 3013 qualitas
1567 2942 1797 3013 ignora-

145 3038 262 3088 tur.
293 3031 720 3104 Deportabatur
767 3047 1000 3103 quoque
1046 3029 1302 3086 Platonis
1349 3030 1408 3084 in
1452 3029 1666 3086 Timaeo
1705 3030 1798 3084 vix

130 3119 433 3182 intellecta
462 3120 851 3192 profunditas,
887 3119 1228 3175 Aristoteles
1257 3118 1318 3173 in
1361 3119 1510 3174 libro
1543 3119 1667 3175 Peri
1697 3120 1795 3174 Er-

132 3210 380 3276 menias,
405 3213 509 3266 aut
537 3209 755 3265 nostris
781 3209 875 3264 vix
903 3207 1268 3282 temporibus
1295 3212 1517 3264 tentata
1538 3213 1640 3263 aut
1671 3225 1786 3263 non

1904 649 2042 704 gore
2076 632 2293 705 ingenii
2328 635 2604 691 omnibus
2636 635 2735 708 qui
2766 636 2935 692 Ilium
2969 655 3376 712 oppugnavere
3405 660 3552 716 prm-

1906 719 2059 776 latus
2079 726 2186 789 est,
2203 723 2344 778 adeo
2368 728 2429 778 ut
2447 725 2627 780 armis
2645 724 2888 782 Achillis
2908 725 3069 783 solus
3093 729 3364 787 inventus
3381 732 3454 788 sit
3471 734 3554 789 di-

1905 825 2077 882 gnus.
2111 811 2383 883 Legimus
2416 830 2648 885 quoque
2692 815 3062 885 prudentiam
3091 817 3246 886 Adaa,
3279 835 3398 892 qua
3426 837 3552 876 om-

1905 898 2080 954 nibus
2101 901 2384 955 creaturis
2407 902 2644 958 nomina
2663 901 3157 974 imposuerit,non
3180 909 3376 964 tamen
3395 910 3550 980 quod

1903 989 2347 1058 grammaticam
2379 990 2632 1059 sciverit,
2656 991 2768 1046 nisi
2793 992 2937 1047 forte
2959 993 3018 1048 S.
3044 993 3193 1050 Galli
3226 997 3552 1056 monachus

1903 1076 1983 1130 ita
2013 1076 2150 1132 velit
2192 1078 2448 1149 primum
2499 1079 2799 1135 hominem
2846 1085 3107 1138 creatum
3165 1088 3231 1140 ut
3284 1086 3551 1150 omnium

1904 1165 2204 1221 scientiam
2239 1167 2460 1222 noverit
2481 1169 2718 1236 artium,
2743 1185 2921 1241 quam
2952 1174 3245 1244 peccando
3268 1175 3550 1240 amiserit.

1901 1255 2064 1319 Quod
2095 1254 2144 1310 si
2173 1255 2254 1310 ita
2297 1259 2404 1323 est,
2430 1273 2633 1312 omnes
2664 1257 2932 1315 homines
2975 1259 3280 1317 scientiam
3311 1267 3553 1322 natura-

1900 1339 2033 1398 liter
2052 1343 2316 1399 omnium
2337 1344 2623 1401 habemus
2641 1346 2882 1417 artium;
2905 1353 3247 1421 corruptum
3267 1352 3369 1406 sed
3393 1353 3551 1417 enim

1900 1431 1959 1484 in
2011 1432 2201 1502 primo
2250 1432 2486 1488 homine
2536 1434 2843 1491 arbitrium
2895 1436 3168 1509 legimus,
3196 1456 3312 1495 non
3361 1441 3552 1497 scien-

1899 1519 2042 1574 tiam
2075 1521 2287 1576 artium
2330 1521 2705 1578 interclusam
2741 1541 2752 1579 :
2787 1525 2998 1580 viderit
3043 1525 3143 1598 qui
3189 1530 3408 1599 potest;
3443 1546 3550 1588 nos

1899 1611 2096 1663 tamen
2123 1609 2182 1664 in
2211 1627 2272 1666 re
2293 1611 2473 1666 dubia
2495 1629 2565 1665 ne
2587 1616 3108 1680 controversemur,
3120 1615 3325 1673 vilium
3351 1633 3552 1676 rerum

1901 1703 2258 1770 quapropter
2284 1699 2738 1756 controversiam
2761 1701 3042 1773 pertinaci
3065 1703 3354 1762 cucullato
3379 1706 3554 1763 relin-

1899 1801 2173 1856 quamus,
2203 1804 2375 1858 quem
2397 1789 2678 1860 putabam
2701 1789 2848 1845 velle
2878 1790 3145 1863 stipulari
3168 1809 3204 1848 a
3227 1809 3320 1850 me
3349 1794 3554 1852 funda-

1898 1878 2098 1930 menta
2126 1875 2305 1930 totius
2327 1876 2606 1932 orationis
2632 1894 2644 1932 :
2672 1880 2721 1932 1.
2747 1879 3046 1942 Quomodo
3077 1880 3158 1936 ita
3183 1897 3246 1938 se
3275 1881 3550 1948 habeant,

1900 1967 1966 2017 ut
1995 1979 2183 2034 neque
2220 1965 2466 2032 vocales,
2502 1981 2691 2037 neque
2729 1967 3129 2037 semivocales,
3160 1986 3348 2043 neque
3379 1976 3554 2028 mutae

1898 2053 2072 2107 certis
2102 2053 2308 2124 spatiis
2352 2052 2699 2125 limitentur,
2731 2056 2831 2111 sed
2877 2057 3155 2114 confundi
3201 2057 3288 2114 sic
3315 2059 3555 2116 videan-

1900 2145 2014 2207 tur,
2047 2147 2112 2196 ut
2159 2141 2399 2198 cuilibet
2447 2143 2627 2198 stulto
2668 2161 2806 2200 casu
2864 2145 3061 2216 posita
3119 2147 3315 2219 potius
3369 2137 3552 2219 quam

1899 2229 2121 2286 ratione
2171 2229 2516 2288 habeantur.
2549 2235 2602 2287 2.
2635 2237 2748 2287 Cur
2794 2233 3093 2306 digamma
3138 2239 3272 2308 post
3317 2236 3552 2295 Latinas

1901 2322 2201 2389 acceptum
2244 2317 2469 2374 litteras
2516 2336 2630 2374 non
2676 2324 2808 2391 post
2835 2337 2886 2390 v,
2918 2320 3098 2377 veluti
3125 2339 3185 2390 Ï‰,
3218 2323 3320 2379 sed
3364 2328 3498 2396 post
3523 2340 3554 2380 c

1901 2405 2233 2462 collocetur.
2267 2408 2320 2462 3.
2356 2407 2649 2464 Liberales
2681 2408 3001 2482 disciplinae
3047 2411 3372 2468 secundum
3413 2430 3552 2486 pro-

1903 2496 2090 2568 priam
2122 2496 2241 2551 vim
2273 2513 2345 2551 an
2387 2514 2488 2568 pro
2521 2503 2694 2570 captu
2743 2515 2871 2554 sese
2919 2499 3367 2572 percipientium
3421 2519 3552 2575 per-

1904 2590 2242 2640 noscantur.
2277 2586 2423 2640 Nam
2472 2586 2745 2642 dubitant
2774 2587 3014 2658 quidam
3060 2593 3259 2644 utrum
3299 2589 3384 2645 uti
3414 2595 3556 2647 sunt

1904 2678 2200 2745 praeceptae
2251 2674 2388 2729 sint.
2415 2676 2466 2729 4.
2505 2677 2756 2732 Donatus
2788 2693 2861 2732 an
2911 2677 3244 2734 Priscianus
3274 2678 3554 2735 orationis

1904 2767 2098 2834 partes
2129 2763 2499 2819 ordinaverit.
2522 2766 2574 2818 5.
2601 2764 2743 2828 Quis
2773 2764 2985 2820 horum
3028 2765 3410 2824 difï¬nitiones
3440 2767 3552 2824 eis-

1904 2851 2039 2906 dem
2071 2851 2336 2923 partibus
2368 2856 2424 2907 et
2454 2851 2853 2909 accidentibus
2881 2853 2966 2910 eis
3005 2853 3240 2926 dignius
3269 2855 3558 2913 attribue-

1906 2939 1980 2994 rit
2014 2957 2026 2994 :
2061 2956 2343 3012 magnum
2374 2940 2664 3012 siquidem
2692 2941 2952 2998 laborem
2977 2943 3380 3015 expenderunt
3409 2943 3557 3002 anti-

1905 3029 2006 3100 qui
2036 3027 2095 3082 in
2128 3029 2468 3085 ordinandis
2498 3035 2556 3086 et
2583 3031 3041 3087 determinandis
3070 3032 3267 3088 rebus.

1977 3119 2049 3172 De
2075 3119 2454 3188 grammatica.
2479 3119 2650 3174 Putat
2673 3119 2918 3176 fortasse
2937 3119 3201 3176 tumidus
3227 3121 3554 3179 monachus

1906 3205 2353 3279 grammaticam
2385 3223 2488 3262 ceu
2519 3207 2630 3264 vile
2661 3208 2941 3280 quiddam
2971 3207 3198 3265 cucullo
3229 3225 3337 3265 suo
3369 3210 3554 3266 conti-

132 3303 436 3370 perspecta
465 3297 814 3366 obscuritas,
843 3298 1137 3354 Ciceronis
1179 3297 1622 3369 Aristotelisque
1668 3314 1779 3352 non
1813 3275 1856 3342 (á¼¶
1892 3294 2091 3361 tineri;
2127 3311 2242 3349 non
2292 3299 2490 3350 tamen
2522 3296 2602 3351 ita
2647 3301 2756 3366 est,
2781 3295 2961 3353 semel
2993 3301 3224 3371 tergum
3273 3299 3403 3369 ejus
3454 3315 3551 3355 as-

131 3387 562 3443 contemnanda
575 3386 1000 3460 Topicoporum
1018 3386 1294 3459 dignitas.
1315 3387 1375 3441 In
1394 3386 1610 3458 quibus
1627 3384 1783 3440 aliis-

133 3493 245 3549 que
274 3493 408 3532 cum
443 3493 535 3532 me
575 3475 1054 3550 interrogandum
1096 3479 1383 3547 putarem,
1409 3491 1780 3547 nequaquam

135 3565 339 3620 vilium
373 3581 568 3620 rerum
602 3568 784 3633 motu,
820 3565 920 3620 sed
965 3566 1216 3638 desuper
1247 3564 1495 3619 immissi
1530 3565 1784 3636 impetus

135 3655 422 3725 gravitate
454 3652 982 3718 sollicitabar.Quis
1009 3657 1241 3725 putaret
1270 3671 1331 3709 se
1362 3653 1782 3725 reprehenden-

133 3743 272 3798 dum
306 3743 367 3798 in
399 3743 575 3798 unius
600 3759 774 3798 casus
807 3742 1149 3810 mutatione,
1169 3743 1262 3798 cui
1287 3747 1437 3797 Deus
1465 3741 1632 3814 plura
1655 3757 1785 3795 con-

133 3831 422 3893 cesserit?
453 3832 578 3886 Non
611 3834 890 3903 putabam
922 3831 1111 3886 Achar
1141 3831 1328 3887 furem
1357 3830 1565 3898 vivere,
1601 3846 1786 3902 neque

132 3920 448 3976 transitum
482 3920 813 3975 animarum
846 3920 1170 3975 secundum
1195 3919 1580 3993 Pythagoram
1612 3919 1672 3973 in
1699 3919 1785 3974 di-

133 4026 301 4066 versa
331 4026 574 4082 corpora
604 4009 757 4077 fieri;
793 4027 918 4081 quas
951 4009 996 4064 si
1032 4009 1368 4080 reciperem,
1393 4010 1652 4064 animam
1685 4009 1786 4065 ho-

139 4097 319 4154 minis
349 4099 574 4170 corpori
607 4098 794 4170 ipsius
827 4097 1098 4153 monachi
1140 4098 1478 4154 inviderem.
1507 4099 1790 4154 Sordibus

141 4187 243 4259 qui
276 4187 525 4243 foedatus
556 4203 798 4258 porcum
832 4186 1002 4252 uniit,
1028 4187 1333 4242 fraudibus
1363 4187 1644 4259 gaudens,
1671 4203 1789 4242 me-

149 4276 261 4332 rito
315 4276 512 4332 anima
556 4274 874 4348 vulpeculae
918 4276 1258 4331 vivificatur.
1293 4277 1372 4331 Ne
1432 4277 1648 4348 putetis
1701 4293 1794 4332 me

144 4366 278 4421 odio
310 4364 489 4436 loqui.
507 4365 672 4421 Absit
699 4370 762 4420 ut
783 4363 914 4419 odio
944 4363 1188 4419 habeam
1215 4366 1370 4436 quod
1396 4365 1656 4421 humana
1677 4366 1799 4422 efï¬-

144 4453 270 4525 gies
299 4451 584 4508 viventem
617 4451 915 4508 hominem
962 4457 1270 4508 monstrat.
1304 4454 1449 4508 Nam
1480 4453 1617 4510 licet
1649 4454 1795 4510 acci-

138 4542 379 4598 dentem
413 4541 637 4596 homini
669 4541 992 4614 nequitiam
1023 4541 1155 4596 odio
1199 4541 1471 4610 habeam,
1502 4543 1680 4616 diligo
1710 4547 1796 4600 ta-

145 4647 280 4686 men
305 4629 718 4699 substantiam,
735 4630 1002 4702 quamvis
1025 4630 1153 4702 ipsa
1177 4647 1408 4702 quoque
1427 4631 1651 4687 malitia
1670 4650 1800 4688 con-
1826 4651 1873 4717 D

143 4725 239 4776 tra
269 4723 467 4775 votum
515 4736 576 4774 se
623 4719 976 4791 possidentis
1025 4719 1168 4774 mihi
1216 4720 1514 4791 profuerit.
1548 4722 1693 4776 Nam
1743 4727 1800 4777 et

141 4808 464 4877 multorum
497 4807 732 4864 fraudes
765 4809 1052 4880 patefecit,
1086 4811 1231 4864 teste
1258 4808 1511 4876 Marone,
1537 4809 1636 4881 qui
1669 4811 1748 4866 ait
1779 4829 1792 4867 :

202 4913 400 5024 IAccipe
432 4927 577 4963 nunc
608 4916 850 4965 Danaum
884 4914 1104 4964 insidias
1139 4918 1190 4964 et
1220 4915 1438 4965 crimine
1467 4917 1532 4965 ab
1563 4930 1672 4966 uno

249 4989 357 5024 isce
387 4990 594 5024 omnes.

249 4989 357 5024 isce
387 4990 594 5026 omnes.

138 5075 328 5144 Atque
358 5074 680 5131 multorum
712 5075 1104 5148 ignorantiam
1140 5076 1400 5144 nudavit,
1427 5078 1796 5148 apertissimo

144 5167 341 5217 autem
368 5162 586 5220 indicio
620 5181 682 5221 se
709 5167 863 5238 apud
896 5165 1161 5222 indoctos
1191 5165 1477 5221 nutritum
1511 5172 1796 5223 monstra-

140 5252 245 5316 vit,
270 5252 370 5323 qui
401 5254 877 5325 pronuntiatione
923 5255 1099 5310 unius
1148 5272 1320 5311 casus
1367 5255 1547 5310 animi
1597 5273 1799 5311 conce-

143 5339 374 5413 ptiones
407 5343 804 5414 deprehensas
833 5345 1080 5416 putavit.
1112 5345 1271 5417 Saepe
1303 5344 1633 5400 audivimus
1663 5345 1802 5399 vilia

145 5447 388 5502 quaeque
419 5433 642 5488 ornatis
694 5433 808 5489 dici
839 5433 1053 5503 verbis,
1080 5438 1317 5490 econtra
1346 5433 1523 5505 digna
1569 5433 1797 5506 prolatu

145 5518 246 5574 vili
299 5537 568 5578 sermone
623 5523 834 5589 notari,
866 5521 1044 5578 veluti
1078 5522 1127 5576 si
1161 5540 1371 5579 nomen
1424 5522 1640 5578 diaboli
1697 5541 1800 5579 au-

147 5607 261 5665 reis
311 5609 525 5668 litteris
573 5612 705 5684 quis
764 5611 1001 5679 scribat,
1046 5611 1145 5666 Dei
1204 5617 1400 5669 autem
1454 5617 1800 5669 atramento.

145 5699 432 5757 Praeterea
476 5701 616 5774 quid
668 5703 738 5757 de
796 5701 890 5757 his
948 5700 1291 5757 hominibus
1349 5701 1659 5758 dicendum
1716 5708 1806 5760 est

150 5787 250 5867 qui
282 5789 408 5852 sine
457 5789 668 5868 litteris
699 5791 940 5854 vivunt?
979 5792 1182 5856 Nonne
1238 5791 1480 5874 quidam
1536 5792 1806 5875 acumine

1892 3384 2068 3454 pexit,
2091 3387 2147 3438 et
2175 3383 2455 3440 festinans
2479 3389 2543 3440 ut
2568 3386 2774 3441 faciem
2806 3386 2856 3442 ei
2889 3390 3168 3454 cerneret,
3191 3387 3545 3459 impactione

1891 3472 2057 3544 pedis
2087 3472 2313 3538 cecidit,
2346 3477 2403 3528 et
2431 3473 2522 3527 vix
2560 3475 2630 3529 ad
2682 3475 2961 3530 sessionis
2993 3476 3121 3547 ejus
3167 3479 3362 3548 partes
3408 3492 3545 3548 per-

1891 3561 2140 3626 venit,ex
2171 3578 2286 3632 quo
2331 3565 2385 3616 et
2431 3563 2710 3634 superbit.
2744 3563 2875 3619 Hzec
2907 3564 3125 3620 femina
3154 3564 3321 3621 aliter
3347 3580 3542 3637 gram-

1894 3650 2146 3718 maticis,
2197 3650 2364 3706 aliter
2416 3651 2713 3707 Aristoteli
2771 3653 2943 3708 cedit.
2977 3653 3122 3709 Huic
3178 3655 3385 3710 suadet
3444 3670 3547 3726 per

1894 3739 2165 3810 obliquos
2194 3756 2366 3795 casus
2417 3756 2532 3794 non
2562 3757 2732 3811 posse
2764 3741 3004 3796 nomina
3057 3742 3191 3810 dici,
3223 3741 3340 3799 illis
3372 3741 3547 3799 etiam

1895 3829 1954 3883 in
1985 3827 2240 3898 obliquis
2286 3846 2456 3901 posse
2487 3829 2832 3901 nuncupari.
2866 3829 2996 3885 Haec
3028 3830 3310 3902 ï¬guratas
3354 3831 3548 3888 elocu-

1895 3918 2082 3972 tiones
2140 3917 2452 3989 aliquando
2503 3917 2586 3972 sic
2637 3922 3077 3988 commemorat,
3111 3922 3177 3973 ut
3221 3918 3314 3974 cui
3371 3935 3550 3991 gener

1897 4006 2104 4076 subjici
2139 4006 2387 4062 debeant
2428 4007 2716 4062 ostendat.
2742 4006 2925 4062 Multa
2977 4010 3279 4078 praeterea
3335 4011 3547 4074 servat,

1899 4096 1958 4150 in
1992 4094 2207 4166 quibus
2237 4095 2551 4151 stultorum
2599 4095 2894 4151 temeritas
2941 4099 3115 4151 errat.
3148 4095 3414 4152 Habeant
3459 4099 3548 4152 ta-

1902 4201 2034 4238 men
2065 4184 2215 4238 hanc
2247 4185 2462 4255 quibus
2496 4183 2739 4256 contigit
2767 4183 2973 4239 saltem
3007 4184 3064 4239 in
3089 4183 3311 4240 somnis
3330 4184 3549 4240 vidisse

1903 4273 2244 4338 Minervam,
2267 4273 2588 4328 dummodo
2619 4274 2689 4328 de
2729 4290 2797 4328 ea
2834 4289 2962 4346 quae
2993 4273 3376 4346 subsequitur
3403 4273 3529 4329 nihi

1903 4366 2280 4436 praesumant.
2325 4363 2472 4418 Nam
2522 4361 2839 4418 reluctatur
2885 4366 2943 4418 et
2989 4361 3160 4435 fugit,
3194 4362 3550 4434 quibusdam

1905 4452 2080 4508 etiam
2113 4450 2260 4524 tergi
2297 4451 2488 4506 visum
2522 4455 2712 4523 negat.
2748 4450 2973 4514 Quibus
3004 4454 3200 4506 tamen
3243 4466 3305 4506 se
3346 4449 3554 4506 viden-

1906 4541 2041 4596 dam
2073 4541 2308 4613 przebet,
2331 4556 2446 4595 non
2479 4557 2598 4594 una
2625 4540 2948 4611 eademque
2969 4539 3114 4596 facie
3142 4542 3404 4612 apparet.
3426 4536 3552 4594 Alio

1909 4629 2122 4686 etenim
2153 4629 2310 4695 huic,
2336 4628 2448 4684 alio
2479 4628 2561 4683 illi
2593 4628 2756 4684 vultu
2789 4633 3167 4686 monstratur.

1978 4721 2050 4775 De
2077 4719 2382 4774 dialectica.
2417 4718 2576 4782 Quod
2628 4717 2958 4774 ostenditur
3001 4733 3071 4773 ex
3117 4732 3184 4774 eo
3231 4717 3386 4790 quod
3426 4716 3557 4772 Ari-

1907 4808 2095 4864 stoteli
2139 4825 2345 4880 genus,
2398 4807 2672 4879 speciem,
2705 4807 3116 4877 differentiam,
3168 4805 3468 4880 proprium
3499 4807 3558 4860 et

1906 4897 2195 4962 accidens,
2230 4895 2573 4952 substistere
2620 4895 2944 4969 denegavit,
2978 4913 3103 4967 qua:
3141 4894 3365 4951 Platoni
3417 4894 3554 4949 sub-

1906 4987 2174 5042 sistentia
2203 4985 2513 5058 persuasit.
2535 4985 2824 5041 Aristoteli
2858 5002 2932 5040 an
2964 4983 3187 5040 Platoni
3219 4982 3410 5054 magis
3441 4997 3558 5038 cre-

1907 5075 2164 5130 dendum
2196 5075 2454 5147 putatis?
2493 5075 2701 5146 Magna
2743 5078 2832 5130 est
2860 5073 3167 5144 utriusque
3215 5070 3554 5140 auctoritas,

1908 5168 2196 5236 quatenus
2225 5165 2321 5219 vix
2352 5164 2564 5219 audeat
2609 5163 2738 5235 quis
2781 5161 3029 5218 alterum
3059 5160 3227 5217 alteri
3272 5157 3559 5232 dignitate

1907 5254 2194 5325 praeferre.
2231 5255 2357 5308 llaec
2388 5253 2468 5308 ita
2516 5252 2826 5325 aliquando
2857 5249 3237 5323 ambiguitate
3287 5248 3557 5304 obfusca-

1908 5347 2024 5406 tur,
2057 5346 2122 5396 ut
2152 5359 2277 5413 quae
2327 5359 2440 5408 res,
2471 5342 2564 5398 cui
2613 5341 2806 5414 generi
2850 5339 3100 5414 subponi
3149 5338 3358 5394 debeat
3403 5335 3558 5391 diffi-

1911 5430 2017 5486 cile
2066 5431 2250 5502 possit
2298 5430 2566 5486 inveniri.
2595 5430 2764 5487 Verbi
2799 5430 3008 5504 gratia,
3037 5428 3086 5485 si
3117 5427 3251 5501 quis
3297 5425 3380 5481 ita
3425 5440 3560 5497 pro-

1909 5524 2089 5592 ponat
2117 5519 2296 5576 :Cum
2329 5519 2546 5586 omnia,
2580 5536 2941 5593 quaecunque
2973 5522 3130 5587 sunt,
3155 5519 3256 5574 aut
3285 5515 3561 5571 substan-

1910 5610 1993 5664 tia
2045 5612 2147 5664 aut
2203 5607 2471 5663 accidens
2529 5607 2876 5676 habeantur,
2909 5609 3049 5683 quid
3107 5607 3178 5664 de
3233 5602 3577 5684 differentia

1913 5698 2223 5754 dicendum
2256 5700 2340 5751 est
2375 5713 2501 5768 quae
2553 5713 2742 5769 neque
2788 5697 3141 5766 substantia,
3172 5711 3360 5767 neque
3406 5691 3564 5749 acci-

1913 5789 2059 5874 deus
2084 5785 2196 5856 dici
2227 5785 2460 5875 potest?
2489 5785 2832 5871 ï¬ubstentie
2875 5787 2991 5870 dici
3030 5785 3252 5866 nequit,
3277 5782 3417 5867 quia
3443 5797 3565 5860 non
