4050 6386
484 421 642 488 1295

1510 421 1900 484 GUNZONIS
1945 415 2260 479 DIACONI
2304 415 2516 476 NOVA
2529 413 2855 475 RIENSIS.

3735 354 3910 468 aa

481 558 830 634 praedicatur
857 558 919 613 in
962 573 1034 613 eo
1061 557 1218 629 quod
1267 554 1410 628 quid
1454 555 1551 610 sit.
1582 553 1866 610 Accidens
1912 550 2126 606 idcirco
2155 548 2211 616 Α
2239 547 2300 603 in
2331 547 2562 604 duobus
2591 545 2759 602 libris
2782 547 3012 602 tantum
3034 544 3106 600 de
3133 538 3730 634 inventionetraotat.
3749 545 3918 602 Cum.

480 647 674 705 vocari
703 655 819 703 non
849 645 1216 719 potest,quia
1244 643 1634 701 substantiam
1665 638 2131 706 informat.Quod

482 736 639 794 enim
671 735 1067 793 substantiam
1115 733 1419 790 constituit
1446 733 1507 788 in
1550 730 1884 789 substantia
1924 727 2134 802 praedi-

484 829 670 882 catur.
701 825 808 881 Est
833 827 1032 880 autem
1067 823 1190 878 haec
1235 826 1358 878 tam
1407 820 1641 878 subtilis
1691 817 2036 892 prudentiae,
2067 821 2136 872 ut

482 905 526 971 ai
552 917 610 970 ει
635 927 738 970 vn!
768 913 1078 970 modorum
1111 909 1590 968 conclusionibus
1617 925 1850 966 omnem
1881 923 2027 979 pene
2055 904 2136 962 lo-

487 1003 656 1077 gicen‘
702 1001 1133 1075 philosophiam
1177 999 1448 1058 concludi
1495 999 1807 1056 existimet.
1827 999 1962 1063 Quae
2009 994 2134 1050 Ari-

489 1089 684 1148 stoteli
715 1090 860 1147 adeo
907 1090 1186 1147 obsecuta
1216 1089 1493 1158 credi-tur,
1517 1092 1582 1144 ut
1610 1087 1663 1143 ei
1706 1086 1906 1142 nutrix
1932 1085 2136 1141 creda-

489 1184 607 1236 tur.
645 1169 771 1236 Scit
809 1179 1130 1252 sophistica
1187 1178 1396 1235 stultos
1441 1176 1806 1234 cavillatione
1851 1174 2135 1246 decipere,

493 1271 782 1326 Monstrat
809 1274 1006 1325 tamen
1038 1268 1292 1340 qualiter
1329 1267 1457 1340 ipsa
1492 1265 1778 1322 cavillatio
1809 1263 1997 1337 possit
2023 1261 2138 1318 evi-

491 1357 622 1414 tari.
655 1356 823 1414 Falsa
852 1358 1006 1413 veris
1037 1357 1273 1428 quando
1319 1356 1445 1412 vult
1491 1356 1576 1412 sic
1616 1353 1881 1422 farciunt,
1915 1355 1979 1406 ut
2023 1367 2139 1406 uno

491 1447 814 1518 eodemque
862 1449 1142 1518 tempore,
1167 1446 1486 1516 eodemque
1528 1444 1653 1499 loco
1685 1443 1794 1498 rite
1836 1440 2144 1496 convenire

492 1534 820 1590 videantur.
852 1535 995 1590 Esse
1023 1535 1199 1590 etiam
1232 1537 1299 1589 et
1319 1550 1432 1589 non
1473 1548 1600 1589 esse
1648 1547 1859 1586 arcana
1887 1528 2140 1601 quadam

494 1622 718 1680 ratione
739 1622 916 1679 simul
939 1637 1283 1678 concurrere
1314 1622 1502 1694 ﬁngit.
1523 1619 1989 1691 Propositionum
2013 1633 2144 1672 sua-

493 1723 629 1767 rum
677 1711 1099 1783 quadraturam
1131 1727 1196 1766 eo
1236 1711 1409 1766 modo
1459 1708 1805 1781 dispositam
1854 1709 2138 1774 autumat,

496 1803 787 1872 quatenus
817 1798 1194 1871 obliquorum
1241 1797 1493 1854 laterum
1525 1813 1797 1853 recursus
1829 1794 2142 1867 aliquando

497 1887 626 1943 sine
657 1886 954 1943 coactione
992 1888 1208 1955 redeat,
1233 1885 1546 1958 aliquando
1575 1885 1868 1941 coactione
1898 1884 2139 1954 operiat.

495 1975 643 2031 Huic
672 1987 797 2031 non-
819 1975 966 2032 satis
1011 1978 1102 2030 est
1147 1979 1212 2030 ut
1241 1975 1469 2030 dicatur
1523 1973 1743 2030 malum
1802 1985 1931 2029 esse
1986 1970 2143 2044 quod

495 2067 604 2132 est,
655 2064 756 2120 sed
805 2063 944 2135 quia
990 2063 1210 2118 bonum
1270 2079 1385 2117 non
1431 2066 1537 2118 est.
1580 2062 1772 2117 Verba
1818 2061 2143 2116 secundum

495 2163 559 2210 se
587 2153 827 2208 nomine.
862 2167 992 2208 esse
1041 2155 1222 2224 putat.
1257 2147 1403 2207 Nam
1435 2155 1492 2206 et
1520 2151 1620 2221 qui
1679 2151 1822 2206 dicit
1878 2147 2142 2204 auditum

493 2239 888 2307 constitutuit,
921 2243 978 2296 et
1008 2240 1109 2312 qui
1139 2240 1303 2296 audit
1333 2240 1601 2313 quiescit,
1623 2239 1868 2312 ipsaque
1891 2254 2005 2294 non
2030 2235 2143 2293 nisi

493 2329 555 2385 in
581 2329 828 2386 instanti
867 2334 1127 2401 tempore
1165 2329 1395 2400 judicat
1441 2329 1554 2384 dici
1602 2345 1792 2402 posse.
1829 2327 2051 2399 Ubique
2082 2341 2145 2382 se

492 2417 666 2474 vertit
712 2419 787 2474 ad
835 2417 1120 2490 singulos,
1152 2435 1218 2474 ac
1247 2417 1423 2474 veluti
1461 2417 1671 2474 ludens
1718 2433 1942 2472 venena
1989 2431 2142 2470 mor-

493 2506 791 2573 dacita‘tis,
823 2521 954 2578 qua:
996 2523 1218 2562 venena
1263 2511 1589 2562 monstrata
1636 2507 1754 2562 cuti
1800 2506 1979 2560 vitam
2028 2520 2143 2560 non

492 2593 912 2652 intereludunt.
947 2598 1130 2663 Quam
1173 2597 1362 2653 bonus
1409 2595 1582 2666 Deus,
1617 2597 1716 2669 qui
1748 2594 2010 2651 invidum
2043 2610 2143 2649 cu-

492 2680 778 2740 cullatum
808 2684 1026 2740 talibus
1067 2685 1332 2756 privavit,
1358 2685 1573 2757 quibus
1605 2685 1662 2739 in
1695 2684 1928 2740 lraudes
1961 2681 2145 2754 possit

490 2771 777 2828 valentior
807 2771 1084 2828 inveniri!
1117 2774 1268 2829 Bene
1299 2779 1406 2829 est.
1431 2778 1595 2829 Caret
1624 2774 1780 2829 enim
1812 2773 2141 2840 maledicto,

493 2859 571 2914 de
597 2874 712 2932 quo
753 2874 856 2932 per
902 2861 1215 2932 quemdam
1266 2862 1588 2935 sapientem
1637 2861 1852 2918 dici-tur
1882 2879 1896 2917 :
1931 2863 2036 2931 Qui
2064 2877 2145 2918 so-

488 2945 719 3020 phistica
747 2949 1009 3020 loquitur,
1055 2951 1164 3006 Deo
1208 2951 1428 3007 odibz’lis
1451 2955 1547 3020 est,
1583 2955 1689 3008 etc.
1713 2952 1920 3008 Grator
1948 2951 2144 3024 itaque

493 3036 650 3106 huic,
684 3037 840 3109 quod
889 3037 998 3093 hac
1051 3038 1281 3094 macula
1337 3042 1511 3106 caret,
1545 3039 1680 3096 licet
1736 3057 1852 3097 non
1909 3045 2139 3112 sponte.

491 3124 681 3182 Vellet
709 3125 953 3182 forsitan
985 3127 1254 3184 miserior
1283 3145 1412 3184 esse
1443 3146 1620 3202 quam
1643 3129 1738 3199 sit,
1763 3131 1864 3186 sed
1886 3128 2143 3185 bonitate

490 3204 596 3269 Dei
625 3217 1000 3287 temperatur,
1028 3232 1216 3287 neque
1245 3216 1536 3291 intelligit.
1556 3218 1776 3274 Sedens
1797 3218 1855 3273 in
1883 3218 2139 3274 conclavi

492 3295 832 3359 monasterii
880 3307 1192 3360 cornutum
1223 3322 1286 3361 se
1323 3289 1489 3378 putat
1531 3307 1857 3363 secundum
1907 3324 2136 3380 prover-
2170 3289 2212 3357 (ἶ

491 3389 657 3446 bium
685 3392 1018 3450 Aristotelis
1047 3407 1164 3466 quo
1194 3393 1276 3450 ait
1307 3413 1321 3451 :

503 3499 508 3504 ’
551 3514 735 3582 ξτὶωεικ
764 3515 820 3566 in
850 3529 948 3566 suo
978 3516 1231 3582 conclavi
1251 3523 1543 3582 cornupeta
1572 3520 1672 3569 sibi
1700 3522 1929 3581 videtur,

505 3590 511 3593 ‘
550 3578 724 3641 Seque
753 3581 906 3642 putat
931 3593 1092 3629 cursu
1120 3581 1323 3630 timidis
1351 3578 1674 3633 contendere
1705 3583 1890 3633 dumis.

559 3689 862 3746 Unciolam
909 3696 1030 3749 tota
1082 3710 1217 3750 cum
1271 3696 1366 3751 vix
1419 3699 1761 3769 expendere,
1803 3716 1919 3772 quo
1975 3717 2140 3757 coena

484 3773 676 3834 valeat
727 3796 856 3836 sese
911 3780 1210 3854 impertire
1259 3783 1495 3841 sodalis.
1530 3787 1611 3842 Ne
1643 3786 1948 3858 imputetis
1995 3789 2136 3848 vitio

488 3865 652 3941 quod
680 3885 831 3942 saepe
875 3868 1032 3928 idem
1081 3876 1296 3944 repeto.
1331 3871 1630 3945 Siquidem
1662 3879 1794 3932 utor
1837 3876 2137 3935 Juvenalis

486 3955 774 4031 exemplo,
803 3959 960 4032 quod
991 3960 1062 4016 de
1091 3960 1358 4034 Crispino
1391 3963 1471 4018 ait
1502 3982 1516 4020 :

541 4081 897 4207 ἐξῗέὲιω
926 4083 1199 4148 Crispinus
1228 4089 1283 4137 et
1310 4090 1392 4137 est
1418 4087 1548 4140 mihi
1578 4103 1720 4154 stupe
1747 4091 2023 4144 vocandus

551 4259 619 4316 Et
638 4259 834 4318 Cicero
856 4262 915 4318 in
938 4261 1198 4321 Verrinis
1221 4282 1370 4338 saepe
1391 4266 1628 4325 Verrem
1649 4271 1873 4343 repetit.
1890 4272 2133 4330 Verum-

478 4349 675 4405 tamen
706 4349 845 4422 quia
882 4350 942 4406 in
973 4350 1312 4409 liberalibus
1353 4354 1680 4429 disciplinis
1711 4360 1898 4416 multa
1928 4362 2128 4434 inqui-

477 4436 594 4494 situ
626 4437 801 4511 digna
860 4441 1250 4513 reperiuntur,
1282 4445 1482 4515 paucis
1522 4463 1591 4502 ex
1633 4452 2018 4520 grammatica
2071 4457 2131 4508 et

477 4525 778 4584 dialectica
814 4527 1153 4601 prazlibatis,
1188 4531 1486 4591 rhetoricas
1530 4537 1849 4608 potentiam
1882 4540 2130 4597 breviter

474 4612 534 4667 in
563 4615 822 4671 medium
854 4618 1138 4675 deducere
1166 4622 1420 4677 tentabo.

537 4727 911 4795 Eloquiis‘haec
940 4747 995 4782 se
1023 4735 1282 4795 promittit
1310 4737 1515 4787 solvere
1544 4744 1751 4790 mentes

532 4789 844 4866 Quasuvelit,
877 4789 1096 4866 ut‘laetis
1126 4803 1436 4866 convertere
1467 4802 1640 4866 tristia
1668 4789 1836 4866 possit

533 4852 809 4913 Tristibus,
842 4859 894 4904 et
921 4855 1089 4907 doctae
1119 4861 1372 4910 medicari
1401 4864 1598 4913 famine
1627 4852 1841 4930 linguae.

488 5006 492 5008 -
541 4978 617 5033 De
644 4976 935 5034 rhetorica.
969 4979 1156 5052 Hujus
1201 4985 1442 5040 materia
1475 4987 1662 5045 tribus
1692 4992 2002 5062 generibus
2033 4996 2118 5050 di-

467 5065 594 5122 visa
625 5082 862 5124 causam
895 5069 1330 5128 constitutionis
1368 5073 1664 5132 informat.
1697 5084 1760 5134 In
1795 5079 1902 5136 hac
1933 5083 2122 5141 multa

474 5154 761 5228 inquisitu
795 5158 972 5232 digna
999 5161 1389 5232 reperiuntur,
1423 5168 1526 5218 aut
1565 5165 1701 5236 quia
1731 5185 1884 5225 nunc
1913 5171 1972 5226 in
2004 5190 2117 5231 usu

468 5261 584 5300 non
629 5249 736 5314 est,
771 5251 874 5303 aut
929 5248 1069 5320 quia
1125 5251 1281 5323 apud
1339 5257 1607 5308 auctores
1663 5255 1888 5315 diverso
1943 5264 2116 5320 modo

466 5333 763 5391 variabilis
795 5335 1105 5393 invenitur.
1138 5338 1284 5395 Nam
1325 5341 1484 5397 fuere
1524 5342 1760 5414 quidam
1797 5347 1896 5418 qui
1929 5367 2114 5408 unum

465 5422 695 5508 tantum
727 5440 911 5496 genus
942 5425 1122 5499 hujus
1168 5429 1311 5484 artis
1341 5446 1468 5486 esse
1498 5431 1735 5503 vellent;
1769 5437 2027 5508 quidam,
2049 5446 2116 5498 ut

468 5506 606 5577 dixi,
637 5511 768 5566 tria.
793 5512 1250 5572 Constitutiones
1278 5534 1410 5574 vero
1455 5517 1652 5591 plures
1690 5506 1808 5579 tres
1856 5542 1984 5583 esse
2013 5506 2110 5585 vo-

466 5593 722 5664 luerunt,
746 5614 879 5689 cum
907 5605 1175 5674 partibus
1201 5606 1519 5678 qualitatis.
1539 5608 1713 5666 Pauci
1747 5619 1939 5671 autem
1973 5633 2112 5689 qua-

462 5689 599 5742 tuor
630 5701 774 5742 esse
813 5687 1101 5747 dixerunt.
1134 5695 1340 5751 Totius
1397 5697 1541 5753 artis
1589 5714 1885 5758 summam
1938 5687 2107 5762 multi

2242 653 2442 695 sarum
2485 639 2682 708 partes
2725 634 2825 692 alii
2871 637 3122 708 quatuor
3167 629 3486 700 afﬁrmant,
3509 629 3708 690 Cicero
3755 651 3906 692 vero

2241 727 2388 783 duas
2419 725 2601 794 addit,
2639 724 3144 781 confirmationem
3175 721 3443 779 videlicet
3478 726 3537 780 et
3573 723 3908 797 reprehen-

2242 816 2488 874 sionem.
2518 815 2582 871 In
2614 813 2900 888 probabili
2931 828 3164 887 quoque
3193 812 3543 882 narratione,
3575 813 3636 868 in
3670 830 3796 886 qua
3827 816 3910 872 ab

2243 904 2372 960 aliis
2400 921 2474 960 vu
2507 903 2979 972 introducantur,
3013 902 3073 957 in
3122 901 3340 973 quibus
3371 901 3453 958 rei
3483 902 3699 959 veritas
3747 904 3920 962 solet

2243 992 2720 1061 inveniri,Cicero
2770 1007 3083 1048 numerum
3111 990 3316 1058 variat,
3347 989 3407 1046 in
3440 991 3659 1062 quibus
3703 991 3908 1049 omni-

2245 1083 2358 1138 bus
2383 1085 2604 1154 quanta
2623 1081 2942 1139 necessitas
2963 1078 3365 1152 inquisitionis
3383 1078 3670 1138 habeatur
3699 1081 3908 1155 palam

2247 1171 2592 1228 ostenditur.
2626 1170 2754 1226 Haec
2802 1169 3020 1226 femina
3049 1169 3321 1241 prudenti
3364 1171 3844 1243 transgressione
3873 1189 3912 1229 α

2248 1275 2455 1332 genere
2486 1259 2543 1314 in
2576 1274 2808 1332 genere,
2834 1275 2868 1314 a
2891 1256 3305 1313 constitutione
3333 1258 3393 1312 in
3417 1251 3908 1318 constitutionem

2246 1349 2559 1404 transitum
2587 1346 2742 1403 facit.
2767 1347 2912 1402 Nam
2937 1345 3180 1420 Virgilio
3210 1362 3345 1402 cum
3377 1347 3448 1402 de
3475 1348 3672 1404 Turno
3702 1346 3913 1423 laque-

2249 1441 2426 1506 retur,
2462 1455 2495 1492 a
2523 1436 2802 1508 qualitate
2831 1435 2890 1491 in
2933 1435 3110 1492 ﬁnem
3140 1437 3616 1495 transmeabilem
3670 1443 3910 1497 motum

2249 1525 2534 1598 permisit.
2557 1525 2686 1581 Haec
2716 1524 2776 1580 in
2808 1525 3094 1598 principio
3124 1523 3365 1581 alterius
3402 1524 3624 1594 vultus,
3655 1523 3909 1586 alterius

2249 1613 2308 1668 in
2342 1614 2552 1683 medio,
2585 1614 2646 1668 in
2678 1618 2932 1670 extremo
2965 1608 3216 1671 alterius
3229 1629 3291 1670 se
3313 1619 3638 1672 monstrare
3667 1623 3911 1674 conten-

2251 1704 2354 1759 dit.
2389 1705 2452 1760 In
2511 1719 2825 1776 progressu
2882 1707 3078 1759 autem
3108 1707 3167 1759 et
3203 1703 3262 1758 in
3309 1704 3422 1760 line
3479 1706 3908 1765 mutabilitates

2249 1808 2388 1850 suas
2419 1793 2672 1848 astutius
2718 1790 2930 1864 prodit.
2960 1794 3093 1858 Quae
3143 1791 3388 1864 loqu-ens
3435 1811 3740 1869 nunquam
3775 1797 3912 1853 sine

2251 1882 2502 1956 strepitu.
2528 1881 2814 1954 graditur,
2837 1881 2950 1936 nisi
2981 1873 3126 1937 forte
3164 1873 3478 1952 aliquando
3511 1887 3708 1941 tacens
3740 1875 3910 1958 loqui

2250 1975 2537 2030 videatur.
2561 1971 2874 2027 Alumnam
2905 1970 3055 2026 hanc
3093 1970 3384 2027 Ciceronis
3433 1972 3634 2030 nullus
3662 1974 3914 2030 dubita—

2251 2063 2414 2119 verit.
2449 2061 2594 2116 Nam
2653 2059 2923 2131 praesidio
2981 2059 3141 2115 illius
3196 2059 3467 2128 vallatus,
3499 2062 3912 2134 conjuratores

2252 2152 2312 2207 in
2344 2148 2763 2222 rempublicam
2807 2148 3205 2220 deprehendit.
3237 2150 3325 2204 An
3356 2147 3512 2205 aliud
3547 2148 3824 2207 subvenit
3856 2152 3912 2209 ei

2253 2240 2368 2296 nisi
2400 2240 2540 2307 haec,
2576 2237 2810 2310 quando
2841 2236 3149 2292 Catilinam
3180 2237 3250 2292 de
3277 2235 3485 2294 senatu
3511 2239 3683 2311 ejecit
3713 2241 3909 2313 gravi—

2251 2333 2368 2384 tate
2398 2341 2736 2382 sermonum
2767 2331 2824 2380 et
2863 2323 3305 2394 sententiarum,
3342 2325 3556 2398 quibus
3585 2327 3772 2385 Roma
3804 2347 3914 2403 pa-

2249 2422 2399 2473 trem
2432 2416 2630 2488 patriae
2653 2413 2984 2470 Ciceronem
3017 2413 3202 2470 libera
3226 2414 3416 2470 dixit?
3435 2406 3561 2472 Haec
3583 2433 3702 2474 uno
3724 2415 3921 2476 ductu'

2253 2507 2511 2562 diversos
2540 2504 2732 2577 pingit
2761 2503 3005 2574 colores,
3028 2504 3293 2576 reditque
3345 2504 3420 2559 ad
3469 2508 3772 2579 proprium
3804 2499 3920 2565 cu-i

2253 2594 2364 2651 bile
2422 2592 2911 2666 quinquepertitis
2969 2591 3217 2662 semitis,
3252 2585 3540 2664 quatenus
3571 2595 3756 2652 ﬂexus
3787 2597 3910 2654 via-

2250 2701 2383 2739 rum
2433 2699 2676 2738 suarum
2733 2681 2891 2737 brevi
2950 2681 3284 2738 reductiona
3341 2682 3596 2757 colligat,
3629 2686 3905 2760 circaque

2251 2773 2545 2845 epilogum
2593 2770 3107 2843 praesumptionem
3156 2770 3434 2844 requirat.
3482 2773 3707 2846 EXcipit
3753 2775 3908 2832 hanc

2251 2879 2428 2934 quam
2465 2851 2885 2933 sapientissimi
2930 2859 3084 2933 regis
3115 2876 3372 2916 sororem
3425 2849 3630 2918 ferunt
3669 2853 3906 2920 subtili-

2250 2955 2367 3008 tate
2395 2951 2592 3006 vultus
2637 2953 2694 3005 et
2736 2949 3036 3021 sapientiae
3085 2948 3387 3022 dignitate.
3421 2951 3637 3008 Dicunt
3677 2953 3908 3010 Hebraei

2250 3041 2620 3097 Salomonem
2653 3038 2898 3094 minutis
2942 3039 3257 3095 formatum
3288 3041 3547 3112 corporis
3577 3040 3906 3100 lineamen-

2249 3131 2346 3186 tis.
2380 3129 2542 3196 Quod
2573 3145 2642 3184 ex
2669 3127 2860 3184 verbis
2891 3143 3124 3200 quoque
3153 3125 3258 3182 ﬁlii
3287 3128 3416 3199 ejus
3445 3128 3764 3203 colligitur,
3780 3131 3909 3205 qui-

2252 3219 2363 3275 bus
2402 3218 2484 3274 ait
2518 3236 2530 3273 :
2566 3218 2832 3275 Minimus
2873 3216 3080 3286 digitus
3126 3232 3279 3272 meus
3321 3219 3562 3289 grossior
3613 3223 3694 3276 est
3747 3221 3910 3278 dorso

2247 3309 2425 3380 patris
2452 3308 2582 3363 mi.
2613 3307 2693 3362 Ex
2738 3323 2852 3379 quo
2884 3309 3074 3379 potest
3117 3304 3276 3362 aliud
3306 3306 3519 3381 colligi,
3555 3308 3615 3364 in
3645 3325 3714 3366 eo
3744 3310 3904 3366 vide-

2249 3396 2384 3452 licet
2413 3397 2568 3468 quod
2599 3397 2658 3452 in
2679 3395 2842 3452 tenui
2869 3411 3108 3469 corpore
3136 3394 3468 3453 Salomonis
3490 3396 3654 3470 larga
3678 3399 3906 3472 sapien-

2249 3486 2329 3542 tia
2365 3486 2493 3552 fuit,
2525 3486 2698 3542 datur
2739 3484 3005 3558 intelligi,
3041 3485 3194 3557 quod
3239 3484 3298 3540 in
3328 3485 3532 3559 pingui
3580 3487 3677 3544 vix
3725 3493 3902 3562 queat

2249 3575 2545 3631 subtilitas
2578 3575 2877 3648 sapientiae
2906 3573 3175 3631 inveniri.
3207 3574 3355 3630 Hinc
3382 3575 3616 3633 Persius
3649 3594 3663 3634 :

2309 3735 2323 3750 .
2352 3763 2356 3764 ν
2424 3735 2438 3750 .
2482 3763 2489 3764 ί
2537 3734 2551 3749 .
2651 3735 2664 3749 .
2692 3761 2720 3764 μ
2761 3699 2986 3764 Nugaris
3015 3713 3136 3750 eum
3165 3699 3261 3749 tibi
3290 3699 3433 3764 calve

2308 3763 2522 3828 Pinguis
2551 3761 2872 3827 aqualicalué
2899 3775 3165 3827 propenso
3194 3763 3519 3826 sexquipede
3549 3767 3736 3815 exstet.

2315 3877 2537 3934 Statius
2568 3895 2798 3950 quoque
2828 3878 3113 3933 virtutum
3144 3877 3400 3951 corporis
3440 3895 3792 3938 enumerans
3821 3882 3892 3942 de

2242 3968 2419 4024 Tideo
2448 3965 2640 4039 inquit
2668 3985 2681 4023 :

2303 4074 2470 4138 Major
2497 4074 2550 4122 in
2582 4074 2772 4138 exiguo
2800 4073 3045 4138 regnavit
3073 4088 3296 4138 corpore
3327 4075 3513 4126 virtus.

2311 4183 2438 4238 Hice
2483 4180 2653 4254 quasi
2706 4198 2808 4253 per
2855 4181 3298 4254 digressionem,
3333 4184 3404 4239 ad
3445 4185 3742 4257 proposita
3796 4203 3886 4243 re-

2239 4289 2491 4329 curram.
2520 4275 2681 4327 Hanc
2710 4271 2840 4326 ideo
2881 4271 3168 4344 virginem
3211 4287 3451 4345 corpore
3494 4277 3732 4330 tenuem
3764 4292 3884 4332 me-

2238 4361 2478 4428 moravi,
2499 4359 2638 4433 quia
2669 4359 2960 4415 abstracta
2989 4377 3024 4414 a
3053 4360 3228 4416 rebus
3257 4361 3552 4433 corporeis
3582 4362 3641 4417 in
3673 4367 3890 4422 natura

2237 4451 2328 4507 sui
2360 4449 2524 4506 nulla
2552 4447 2958 4522 corporalitate
2979 4453 3293 4505 crassatur.
3317 4449 3584 4507 Vindicat
3613 4452 3724 4507 sibi
3746 4469 3888 4526 qua-

2235 4544 2470 4613 propter
2521 4537 2828 4611 collegium
2877 4537 3216 4603 divinitatis,
3251 4556 3366 4595 non
3415 4543 3612 4597 tamen
3643 4545 3707 4597 ut
3735 4543 3884 4599 acci-

2154 4662 2206 4727 Β
2235 4631 2378 4685 dens
2409 4628 2611 4685 haberi
2641 4627 2698 4682 in
2744 4627 2858 4684 Deo
2903 4627 3062 4697 velit,
3103 4628 3203 4684 sed
3249 4629 3658 4685 substantiam.
3689 4631 3879 4690 Unum

2233 4735 2487 4791 namque
2526 4719 2584 4773 in
2623 4717 2902 4772 Trinitate
2950 4733 3332 4790 personarum
3386 4718 3591 4785 Patris,
3624 4723 3682 4775 et
3727 4721 3877 4792 Filii,

2232 4813 2288 4864 et
2318 4808 2568 4881 Spiritus
2609 4807 2794 4862 sancti
2843 4807 3174 4862 substantia
3201 4811 3308 4862 est.
3340 4808 3489 4880 Ergo
3532 4808 3788 4866 Trinitas
3815 4810 3875 4868 in

2232 4899 2476 4964 unitate,
2511 4900 2570 4952 et
2611 4895 2806 4951 unitas
2854 4895 2913 4950 in
2957 4896 3243 4952 Trinitate
3293 4896 3624 4954 substantia
3677 4903 3783 4955 est.
3814 4899 3874 4956 In

2230 4986 2512 5044 creaturis
2542 5002 2772 5057 quoque
2803 4986 3126 5041 secundum
3160 4984 3537 5058 philosophos
3567 4990 3758 5058 potest
3776 5006 3876 5046 nu-

2229 5093 2427 5133 merus
2459 5091 2691 5147 quoque
2733 5075 2904 5129 modo
2950 5074 3286 5130 substantia
3328 5075 3533 5143 videri,
3566 5075 3680 5131 nisi
3732 5077 3875 5134 forte

2228 5169 2398 5238 neget
2429 5165 2561 5236 quis
2592 5179 2903 5218 numerum
2941 5179 3090 5219 esse.
3125 5162 3303 5219 Aiunt
3331 5164 3651 5235 prudentes
3681 5165 3872 5224 Unum

2226 5261 2284 5313 et
2311 5257 2412 5311 Est
2461 5253 2616 5308 idem
2647 5269 2796 5321 esse,
2829 5257 2895 5307 ut
2937 5253 3140 5308 tandiu
3198 5253 3275 5308 sit
3331 5252 3552 5326 aliquid
3610 5256 3869 5327 quandiu

2225 5361 2412 5402 unum
2442 5346 2564 5410 est;
2598 5345 2656 5397 et
2702 5357 2836 5396 cum
2867 5341 3107 5398 desierit
3154 5359 3339 5398 unum
3389 5359 3536 5412 esse,
3581 5343 3709 5415 jam
3757 5363 3868 5403 non

2223 5437 2317 5493 sit.
2343 5436 2442 5490 Est
2470 5431 2863 5488 substantiam
2895 5436 3205 5501 monstrat,
3230 5436 3406 5505 atque
3435 5431 3649 5490 idcirco
3697 5450 3732 5489 a
3778 5451 3868 5491 sa-

2221 5523 2515 5599 pientibus
2541 5520 2976 5578 substantivum
2994 5525 3249 5578 vocatur.
3266 5523 3414 5595 Ergo
3429 5525 3487 5578 et
3502 5521 3695 5577 Unum
3713 5524 3863 5595 quod

2217 5616 2374 5671 idem
2423 5612 2617 5676 habet,
2651 5610 2806 5680 quod
2857 5615 2966 5677 est,
2999 5611 3343 5668 substantiae
3391 5627 3508 5667 non
3557 5610 3861 5670 irrationa.

2217 5704 2413 5762 biliter
2451 5697 2718 5772 deputari
2765 5702 2976 5771 potest,
3021 5701 3290 5772 quamvis
3338 5717 3624 5758 numerus
3670 5703 3860 5760 omnis

463 5774 1902 5852 quinquepertitamessevoluerunt.Verumtamen
1916 5793 2106 5855 Cicero
2215 5792 2412 5874 generi
2459 5787 2806 5868 quantitatis
2835 5787 3186 5868 assignetur.
3207 5794 3341 5851 Hine
3378 5788 3452 5849 de
3493 5797 3609 5866 quo
3655 5789 3864 5867 loquor
