4050 6382
517 353 675 421 1299

1200 350 1589 416 GUNZONIS
1630 347 1838 410 DIAC.
1871 340 2164 407 NOVAR.
2209 339 2463 402 EPIST.
2508 339 2613 402 AD
2654 339 3018 403 FRATRES
3060 338 3242 404 AUG.

3776 343 3931 410 1300

519 491 590 548 ad
616 488 953 562 Aquilonem.
985 486 1248 541 Lustrans
1279 487 1536 540 universa
1559 500 1658 555 per
1686 481 1976 538 circuitum
2013 476 2165 533 vadit

2292 471 2572 545 zorporale
2618 476 2941 530 mutatione
2968 471 3080 529 loci
3114 489 3326 529 sonum
3371 473 3640 546 efficere;
3673 479 3932 538 celestis

518 581 766 653 spiritus,
798 580 848 633 et
876 577 937 631 in
963 576 1192 631 circulos
1222 590 1344 629 suos
1375 575 1680 628 revertitur.
1715 573 1848 636 Quae
1880 566 2170 624 sententia

520 668 604 724 ita
621 666 764 723 solvi
795 668 1022 738 potest;
1057 663 1212 735 quod
1237 663 1367 718 ideo
1393 662 1477 718 sol
1501 661 1743 733 spiritus
1775 657 2170 730 dicatur,quia

522 755 713 814 calore
743 755 872 826 ejus
902 752 1100 808 omnia
1116 750 1791 807 nascentiaviviﬁcantur
1811 749 2167 802 etcrescunt.

524 846 664 903 Inde
692 847 782 900 est
803 843 958 914 quod
991 841 1231 914 quidam
1264 840 1572 912 gentilium
1586 843 1856 894 naturam
1877 836 1984 891 hoc
1998 835 2170 890 modo

526 933 930 991 difﬁniendam
963 931 1482 1003 putarent:Natura
1503 933 1592 983 est
1607 927 1761 1000 ignis
1783 925 2007 992 artifex,
2036 941 2173 995 qua-

527 1025 664 1080 dam
691 1021 786 1078 via
812 1022 1030 1076 vadens
1055 1019 1113 1073 in
1145 1036 1238 1074 res
1271 1016 1577 1074 sensibiles
1609 1015 1996 1088 procreandas
2024 1031 2036 1081 ;
2070 1014 2171 1068 sed

529 1113 670 1184 quia
697 1111 808 1166 hoc
838 1126 955 1165 non
988 1109 1129 1164 adeo
1152 1106 1448 1179 probabile
1472 1100 2172 1174 est.sententiaApostoli,

531 1217 667 1257 cum
697 1200 758 1255 in
790 1215 905 1254 uno
935 1198 1106 1252 modo
1121 1194 1774 1252 ecclesiasticidoctores
1797 1190 2170 1259 conveniunt,

529 1287 956 1346 consideranda
995 1290 1102 1353 est,
1128 1302 1244 1357 qua
1273 1283 1488 1340 dicitur
1521 1302 1533 1339 :
1569 1284 1780 1338 Sci-mus
1819 1284 1950 1352 quia
1997 1282 2176 1335 omnis

528 1381 782 1434 creatura
811 1376 1116 1447 ingemiscit
1145 1377 1194 1428 et
1218 1375 1463 1445 parturit
1488 1389 1653 1444 usque
1681 1372 1876 1426 adhuc.
1902 1373 1972 1426 Et
2001 1370 2174 1442 paulo

531 1471 666 1539 post
699 1483 713 1522 :
749 1465 889 1534 Quia
915 1467 965 1520 et
1003 1466 1126 1535 ipsa
1175 1465 1424 1518 creatura
1476 1461 1801 1516 liberabitur
1846 1477 1880 1515 a
1923 1462 2178 1516 servitute

531 1554 899 1626 corruptionis
929 1554 991 1608 in
1019 1553 1323 1606 libertatem
1352 1552 1549 1622 gloriae
1577 1551 1819 1620 ﬁliorum
1847 1549 2177 1604 Dei.Nonne

531 1643 749 1700 rectius
777 1642 839 1697 in
866 1639 1087 1697 talibus
1117 1641 1344 1696 deceret
1383 1638 1738 1694 monachum
1759 1638 2029 1710 occupari
2051 1656 2176 1711 quae

536 1733 610 1790 ad
666 1729 1054 1788 eruditionem
1111 1728 1402 1799 pertinent
1448 1727 1789 1782 Christianae
1858 1725 2174 1799 religionis,

2281 566 2476 618 autem
2509 563 2697 618 orbita
2725 562 2921 618 locum
2953 579 3068 618 non
3101 565 3308 632 mutat,
3363 568 3653 636 quatenus
3709 568 3773 624 in
3804 586 3928 626 sese

2280 651 2764 719 rotatur,nullum
2796 668 3053 724 ergosua
3081 651 3450 708 volubilitate
3481 670 3692 712 sonum
3714 657 3924 728 roddit,

2281 743 2339 794 et
2366 744 2562 794 tamen
2588 740 2808 812 ingenti
2835 740 3080 812 strepitu
3112 740 3329 796 dicitur
3352 741 3743 813 agitari,sicut
3756 746 3925 817 paulo

2281 832 2416 883 ante
2445 827 2708 899 exemplo
2738 829 2846 884 Job
2877 828 3005 883 coeli
3035 833 3379 884 concentum
3412 832 3806 902 praemisi.Sed
3829 852 3924 906 po-

2281 921 2397 972 test
2427 917 2667 973 forsitan
2698 916 2844 972 illud
2876 917 2947 972 de
2979 918 3228 989 planetis
3274 922 3680 978 tantummodo
3725 924 3923 996 accipi.

2283 1005 2362 1060 De
2393 1005 2486 1061 bis
2507 1010 2702 1061 tamen
2731 1005 2941 1061 viderit
2975 1006 3311 1078 quicunque
3337 1007 3434 1064 ille
3482 1013 3588 1077 est,
3639 1019 3925 1083 quantum

2284 1094 2395 1150 sibi
2422 1095 2619 1150 divina
2647 1095 2836 1167 gratia
2865 1095 3630 1162 ministraverit,dummodo
3664 1100 3724 1155 in
3754 1104 3924 1158 terre-

2284 1183 2420 1238 stris
2471 1184 2800 1256 cognitione
2834 1184 3168 1241 sonoritatis
3215 1185 3650 1257 aliquantulum
3691 1189 3837 1244 mihi
3870 1190 3925 1245 li-

2285 1276 2412 1327 ceat
2443 1272 2785 1339 immorari;
2816 1273 2876 1328 in
2910 1274 3018 1328 hac
3049 1291 3303 1346 namque
3334 1275 3521 1331 multa
3559 1278 3928 1350 reperiuntur

2285 1377 2413 1432 quae
2445 1361 2733 1433 frequenti
2764 1362 3038 1434 indagine
3069 1363 3247 1434 digna
3261 1363 3695 1435 judicantur.ln
3717 1366 3822 1422 hac
3837 1384 3927 1440 ge-

2285 1449 2560 1506 neraliter
2589 1450 2776 1523 ipsius
2807 1452 3167 1523 requirendae
3201 1457 3341 1509 sunt
3368 1457 3582 1526 partes,
3617 1471 3768 1526 quas
3810 1456 3927 1513 Vir-

2285 1538 2461 1612 gilius
2489 1556 2568 1595 vn
2600 1557 2727 1596 esse
2757 1545 3066 1610 monstrat,
3101 1541 3376 1614 inquiens
3411 1559 3424 1598 :

2347 1646 2663 1710 Obloquitur
2688 1661 2945 1698 numerus
2968 1652 3168 1712 septem
3199 1648 3505 1700 discrimina
3532 1665 3726 1702 vocum
3750 1667 3763 1715 ;

2287 1753 2347 1808 in
2379 1754 2549 1824 cujus
2580 1754 2857 1810 brevitate
2879 1755 3156 1810 carminis
3198 1756 3378 1812 totius
3409 1757 3728 1814 harmonia:
3758 1759 3929 1832 gravi-

536 1835 714 1892 quam
748 1818 1026 1873 inservire
1047 1815 1391 1872 fraudibus?
1413 1814 1541 1871 Vile
1561 1819 1731 1888 putat
1750 1815 1808 1870 in
1837 1815 2176 1873 liberalibus

2292 1844 2378 1897 tas
2407 1814 3052 1908 continetur,Quteritur
3072 1843 3248 1899 etiam
3271 1843 3327 1898 in
3342 1844 3450 1901 hac
3479 1847 3621 1917 quid
3650 1814 3928 1904 infinitate

538 1905 756 1970 studiis
784 1905 1108 1975 immorari,
1141 1904 1509 1980 planetarum
1532 1904 1790 1975 absidas,
1806 1906 2178 1978 positionem,

539 1999 848 2056 discursus
871 2014 973 2070 per
1001 1995 1326 2065 zodiacum,
1360 1995 1714 2051 circulorum
1739 1995 1891 2051 inter
1920 2012 1980 2051 se
2011 1995 2185 2067 repli-

538 2087 825 2145 cationem
847 2085 1196 2158 inquisitum
1219 2085 1302 2140 ire
1329 2084 1495 2140 nihili
1518 2084 1956 2157 pendit.Saltem
1974 2101 2042 2140 ea
2057 2101 2182 2156 qua

539 2178 599 2233 in
614 2176 828 2234 divinis
851 2175 1018 2232 libris
1041 2192 1109 2231 ex
1128 2175 1273 2247 ipsis
1290 2175 1514 2230 artibus
1532 2174 1909 2230 inveniuntur
1919 2174 2184 2229 conside-

539 2265 935 2332 raredeberet,
958 2268 1024 2320 ut
1043 2268 1133 2319 est
1157 2262 1303 2318 illud
1335 2262 1394 2318 in
1427 2261 1624 2318 divina
1651 2262 1918 2331 historia,
1949 2263 2184 2334 quando

538 2353 715 2412 Josue
744 2353 854 2410 soli
882 2357 942 2409 et
971 2351 1121 2408 lunae
1153 2352 1466 2407 stationem
1497 2350 1932 2419 indixit,utrum
1951 2349 2184 2421 reliqua:

541 2443 802 2516 quinque
831 2441 1075 2515 planetae
1123 2444 1180 2497 et
1225 2441 1435 2496 intima
1477 2440 1683 2495 mundi
1728 2440 1918 2495 orbita
1949 2439 2186 2494 stationi

541 2529 946 2599 servierint,an
977 2529 1244 2602 proprios
1274 2545 1482 2585 cursus
1521 2528 1892 2584 servaverint.
1927 2527 2088 2592 Quod
2139 2526 2188 2582 si

540 2617 624 2675 ita
663 2621 754 2674 est
793 2616 1169 2690 diaphoniam
1182 2633 1357 2689 passa
1368 2619 1459 2672 est
1475 2615 1727 2672 caelestis
1750 2615 1851 2670 illa
1869 2613 2186 2670 harmoniae

542 2707 825 2774 suavitas,
859 2705 1146 2762 mutilatis
1176 2705 1407 2761 duobus
1427 2704 1711 2772 nervis,eo
1734 2704 2053 2777 praesertim
2073 2720 2186 2775 quo

544 2793 806 2867 primum
860 2793 1295 2848 tetrachordum
1324 2793 1734 2860 terminantur,
1767 2797 1824 2848 et
1865 2793 2187 2849 secundum

548 2879 878 2953 auspicium
929 2879 1130 2936 sumit.
1164 2879 1222 2935 Si
1271 2883 1466 2936 autem
1498 2879 1706 2936 ultima
1735 2880 1963 2953 sphaera
2012 2879 2188 2936 simul

547 2984 684 3024 cum
713 2966 966 3041 planetis
996 2967 1516 3040 subsistit,superae
1539 2968 1784 3025 dulcedo
1800 2969 2036 3025 musicae
2059 2986 2190 3024 con-

545 3056 734 3114 ticuit.
768 3055 1034 3114 Forsitan
1065 3056 1200 3111 inde
1229 3060 1320 3113 est
1339 3057 1493 3130 quod
1520 3057 1580 3111 in
1609 3056 1718 3112 Job
1747 3057 1963 3130 legitur
1994 3075 2007 3112 :
2051 3058 2187 3114 Con-

545 3149 762 3203 centum
786 3146 909 3202 caeli
936 3146 1205 3218 quiescere
1233 3147 1353 3216 quis
1397 3148 1568 3218 facit?
1599 3150 1660 3201 ln
1701 3162 1818 3217 qua
1869 3147 2192 3219 quaestione

541 3237 630 3292 tot
656 3238 984 3307 emergunt,
1015 3239 1084 3290 ut
1114 3235 1368 3290 Lerneus
1399 3235 1607 3306 anguis
1639 3234 1934 3290 Herculeis
1973 3235 2187 3291 iterum

542 3323 767 3380 viribus
788 3325 1155 3397 compensari
1182 3322 1466 3380 videatur.

613 3413 688 3469 De
712 3414 945 3469 musica.
975 3412 1393 3469 Verumtamen
1417 3411 1556 3484 quia
1572 3412 1808 3468 musicae
1831 3413 2188 3470 mentionem

542 3501 740 3573 intuli,
772 3501 844 3558 de
871 3501 1158 3575 inquisitu
1188 3503 1317 3573 ejus
1347 3518 1534 3573 pauca
1563 3502 1835 3572 narrabo,
1868 3519 1996 3575 quae
2027 3506 2190 3559 tanta

543 3591 828 3664 dignitate
845 3590 1020 3662 viget,
1054 3595 1120 3645 ut
1149 3591 1265 3646 Deo
1300 3590 1572 3647 assistere
1591 3591 1728 3662 jure
1757 3591 2044 3647 credatur.
2078 3595 2187 3647 Cu-

537 3680 642 3751 jus
672 3679 753 3734 rei
775 3678 1041 3750 exempla
1067 3679 1152 3733 ita
1165 3695 1228 3734 se
1256 3679 1589 3750 frequenter
1618 3680 1890 3749 offerunt,
1923 3683 1988 3735 ut
2017 3681 2188 3736 modo

546 3766 707 3822 dictu
736 3781 1097 3838 supervacua
1129 3769 1424 3839 putentur.
1459 3767 1588 3822 Haec
1631 3784 1766 3822 cum
1814 3771 1979 3824 tanta
2008 3770 2188 3841 maje-

543 3859 694 3911 state
723 3854 1032 3928 polleat,ut
1056 3855 1250 3912 divino
1281 3856 1618 3928 conspectui
1652 3855 2049 3925 famule'tur,in
2082 3875 2190 3914 cce-

541 3945 789 4001 lestibus
815 3944 1158 4017 corporibus
1190 3944 1271 3999 ita
1318 3943 1430 4000 sibi
1479 3945 1878 4001 monarchiam
1908 3946 2183 4016 vindicat,

544 4034 699 4107 quod
729 4035 788 4088 in
817 4033 1143 4107 hisjugiter
1155 4037 1502 4089 concentum
1525 4038 1796 4101 struat,et
1822 4035 2186 4108 Pythagorici

541 4122 884 4196 dignitatem
913 4122 1131 4179 silentii
1162 4140 1275 4179 non
1309 4123 1557 4190 amittat,
1581 4139 1764 4195 eoque
1796 4125 1860 4178 fit
1902 4128 1966 4179 ut
1990 4141 2188 4196 perso-

455 4220 460 4225 '
541 4214 641 4267 net
668 4215 726 4268 et
753 4211 1170 4268 taciturnitatis
1196 4213 1437 4268 modum
1454 4216 1641 4268 servet
1665 4231 1676 4281 ;
1703 4212 1903 4285 sicque
1924 4214 1982 4268 in
2006 4215 2189 4270 circu-

541 4299 734 4356 lorum
755 4299 1135 4357 varietatibus
1149 4316 1276 4356 sese
1301 4301 1954 4374 moderatur,quatenus
1986 4307 2187 4360 contra

539 4389 729 4461 legem
751 4388 1020 4445 humanae
1039 4388 2050 4463 modulationis,juxtafquorumdam
2072 4393 2191 4464 opi-

541 4477 777 4534 nionem
798 4477 1115 4534 laxioribus
1145 4478 1303 4551 gyris
1334 4482 1555 4546 acutos,
1590 4480 1864 4535 brevibus
1894 4480 2186 4553 graviores

538 4565 908 4639 impertiatur
937 4567 1653 4639 sonos.Nasciturquoque
1666 4568 1934 4639 perplexa
1948 4570 2186 4640 quaestio
2219 4584 2264 4648 ι)

540 4655 601 4710 in
631 4671 697 4711 eo
727 4656 884 4727 quod
910 4656 1171 4728 quinque
1187 4655 1432 4728 planetae
1461 4655 1775 4728 aliquando
1815 4657 1990 4713 solari
2022 4659 2184 4714 radio

540 4741 1301 4816 impelluntur,quandoque
1334 4743 1570 4800 stationi
1602 4746 1975 4817 deputantur.
2001 4747 2183 4803 Statio

539 4834 704 4888 motu
730 4835 1097 4898 caret,sonus
1127 4836 1320 4888 autem
1345 4833 1470 4889 sine
1491 4838 1654 4889 motu
1682 4851 1810 4890 csse
1831 4851 1947 4890 non
1971 4839 2180 4907 potest:

537 4919 831 4977 stantibus
861 4936 997 4994 ergo
1043 4920 1337 4992 aliquibus
1383 4921 1650 4993 planetis,
1705 4940 1820 4978 non
1861 4924 2184 4996 integretur

527 5010 692 5084 jugis
706 5009 1029 5067 harmoniae
1043 5011 2181 5083 concentus.Quapropterinquirendum

535 5103 938 5172 est,quantum
960 5099 1234 5154 humanae
1257 5097 1510 5154 scientiae
1535 5099 1872 5155 conceditur
1891 5103 2179 5171 quomodo

536 5189 797 5246 caelestes
819 5188 1186 5262 planetarum
1205 5192 1401 5244 motus
1422 5191 1478 5243 et
1498 5187 1834 5260 impositam
1861 5190 1971 5245 sibi
1993 5189 2180 5262 legem

535 5278 809 5335 continue
867 5282 1099 5334 servent
1156 5277 1515 5343 sonoritatis,
1567 5282 1625 5333 et
1689 5278 2013 5349 injunctam
2071 5281 2180 5337 sibi

537 5368 885 5440 quandoque
907 5367 1314 5423 necessitatem
1332 5383 1697 5440 nequaquam
1717 5371 2055 5439 praetereant
2069 5374 2184 5424 sta-

534 5453 731 5523 tionis,
763 5455 915 5510 inter
954 5473 1081 5528 quae
1105 5456 1176 5510 de
1198 5456 1400 5510 mundi
1424 5456 1597 5510 etiam
1622 5456 1848 5528 spbmra
1869 5457 2184 5528 inquiritur

536 5541 734 5594 utrum
765 5543 957 5597 sonitu
990 5544 1066 5598 im
1076 5543 1326 5616 pellatur
1347 5561 1420 5598 an
1442 5543 1670 5600 silentio
1689 5545 1958 5616 agitetur.
1980 5545 2184 5601 Dicunt

533 5643 705 5684 omne
737 5630 892 5701 quod
921 5631 979 5685 in
1013 5635 1172 5688 motu
1204 5636 1294 5688 est
1317 5631 1508 5690 locum
1529 5637 1774 5703 mutare,
1795 5651 1966 5691 omne
1983 5638 2180 5692 autem

2294 1929 2568 1986 terminet
2621 1948 2851 2001 vocum,
2913 1933 3045 2005 quis
3098 1937 3293 1989 motus
3349 1935 3426 1990 sit
3465 1935 3767 2003 audiendi,
3799 1942 3928 2009 quot

2296 2020 2655 2092 symphoniae
2686 2025 2744 2077 et
2773 2038 2899 2093 quae
2929 2022 3118 2094 prima
3143 2022 3257 2078 dici
3288 2028 3463 2096 queat
3486 2023 3761 2096 ;qualiter
3779 2025 3928 2081 Plato

2296 2110 2740 2165 consonantiam
2762 2109 2876 2165 dici
2897 2113 3082 2182 putet,
3116 2128 3241 2183 qua
3287 2128 3456 2168 voces
3488 2116 3714 2170 stantes
3746 2131 3926 2186 quave

2297 2197 2413 2254 sint
2451 2197 2721 2267 mobiles,
2758 2203 2952 2254 utrum
2986 2200 3227 2272 insuper
3256 2201 3648 2273 partientibus
3681 2203 3928 2258 numeris

2296 2286 2688 2342 consonantiae
2719 2289 2949 2360 possint
2977 2287 3250 2360 reperiri;
3274 2305 3528 2361 namque
3548 2289 3695 2346 illud
3717 2295 3930 2364 prseter-

2296 2376 2557 2431 eundum
2578 2375 2822 2444 videtur,
2849 2381 3050 2432 utrum
3080 2394 3328 2433 acumen
3359 2383 3416 2434 et
3438 2379 3695 2450 gravitas
3726 2397 3794 2436 ex
3821 2381 3932 2454 qui-

2297 2463 2407 2519 bus
2435 2481 2602 2520 voces
2630 2465 2961 2521 consistunt
3006 2466 3066 2521 in
3107 2465 3388 2538 qualitate
3427 2467 3639 2524 melius
3681 2474 3928 2526 constare

2297 2556 2400 2608 aut
2420 2553 2747 2625 quantitate
2769 2553 3038 2610 dicantur
3063 2555 3371 2623 ;continuae
3389 2561 3586 2613 autem
3598 2558 3929 2632 disgregataa

2295 2657 2464 2697 voces
2510 2642 2827 2699 harmoniae
2867 2643 3078 2699 melius
3128 2644 3493 2715 conveniant,
3528 2649 3732 2702 utrum
3772 2664 3929 2703 omne

2289 2731 2579 2802 judicium
2610 2749 2888 2788 sonorum
2919 2732 3161 2790 auribus
3187 2734 3447 2790 dandum
3494 2735 3570 2790 sit
3601 2753 3679 2791 an
3711 2736 3926 2807 rationi,

2297 2819 2442 2876 ratio
2474 2825 2795 2876 metrorum
2827 2826 3114 2894 quantum
3144 2823 3204 2878 in
3235 2823 3464 2880 musica
3481 2823 3926 2894 valeat,hemito-

2297 2908 2377 2963 nii
2409 2909 2714 2966 diversitas
2747 2910 2995 2983 qualiter
3023 2917 3267 2982 constet,
3301 2914 3593 2986 quomodo
3633 2931 3706 2970 ex
3735 2932 3925 2987 supra-

2298 2998 2473 3054 dictis
2525 2999 2860 3070 quindecim
2907 3004 3212 3073 torporum
3243 3003 3491 3059 varietas
3521 3003 3923 3060 conformetur.

2296 3087 2432 3143 Hinc
2463 3087 2712 3144 strictim
2740 3090 3334 3159 commemoravi,non
3357 3109 3472 3164 quo
3504 3092 3724 3149 artium
3754 3093 3929 3166 prima

2300 3177 2705 3249 ponerem,sed
2719 3181 2784 3233 ut
2799 3177 3109 3235 stultitiam
3125 3179 3339 3236 indocti
3351 3181 3625 3238 monachi
3639 3182 3931 3255 reprehen-

2300 3265 2622 3334 derem,cui
2649 3282 2783 3321 cum
2809 3267 3053 3324 scientia
3084 3269 3299 3325 artium
3330 3270 3560 3327 abesset
3587 3269 3924 3338 liberalium,

2299 3354 2510 3410 maluit
2539 3355 2742 3411 fraude
2769 3356 3269 3428 grammaticellus
3315 3358 3519 3427 videri,
3545 3376 3726 3432 quam
3757 3360 3927 3416 scien-

2297 3443 2436 3499 tiam
2467 3443 2684 3499 artium
2716 3443 2924 3500 saltem
2960 3445 3325 3504 extrinsecus
3355 3447 3624 3521 adipisci.
3662 3449 3762 3505 Est
3790 3449 3928 3505 enim

2296 3549 2392 3588 ars
2444 3531 2818 3602 intrinsecus,
2871 3537 2958 3589 est
3005 3539 3062 3590 et
3112 3535 3492 3593 extrinsecus.
3545 3537 3770 3607 Infelix,
3805 3536 3926 3610 quia

2297 3621 2649 3677 intrinsecus
2697 3622 2944 3678 fortasse
2992 3627 3146 3680 artes
3202 3625 3501 3698 acquirere
3557 3644 3677 3682 non
3739 3625 3924 3699 potuit,

2298 3727 2478 3782 quare
2509 3726 2624 3766 non
2657 3710 2861 3767 saltem
2894 3712 3258 3770 extrinsecus
3291 3713 3644 3787 acquisivit?
3669 3715 3817 3783 Esto,
3847 3731 3925 3769 sa-

2297 3800 2552 3872 pientem
2585 3817 2647 3856 se
2675 3801 2918 3872 putavit,
2953 3819 3098 3857 num
3120 3804 3358 3859 tandem
3386 3803 3526 3876 quid
3553 3803 3926 3860 aliisentirent

2298 3888 2592 3960 inquirere
2622 3889 2870 3946 debuit?
2901 3890 2964 3945 In
3017 3892 3192 3947 rebus
3235 3892 3390 3947 enim
3440 3891 3800 3948 diversorum
3836 3892 3924 3947 ho-

2300 3977 2528 4032 minum
2561 3977 2791 4034 diversa
2821 3983 2909 4034 est
2938 3979 3154 4052 opinio.
3178 3981 3317 4036 Inde
3345 3985 3433 4037 est
3464 3980 3608 4036 illud
3643 3979 3881 4038 Terentii
3910 3996 3921 4033 :

2300 4068 2434 4134 Quot
2463 4066 2726 4133 homines,
2762 4071 2836 4124 tot
2865 4071 3166 4126 sententia}.
3201 4074 3281 4125 De
3329 4087 3442 4141 quo
3492 4075 3550 4126 et
3573 4071 3806 4128 Persius
3851 4069 3923 4123 in-

2298 4156 2426 4227 quit
2459 4173 2472 4211 :

2358 4252 2497 4302 Mille
2527 4251 2806 4303 hominum
2836 4255 3038 4318 species
3068 4258 3120 4305 et
3149 4268 3330 4305 rerum
3351 4255 3582 4306 discolor
3612 4271 3759 4306 usus.

2297 4342 2467 4398 Putat
2497 4359 2558 4398 se
2588 4344 2827 4399 fortrsse
2849 4345 3047 4400 omnia
3075 4344 3405 4417 scire,quod
3437 4363 3683 4402 summae
3707 4347 3918 4401 demen-

2298 4431 2391 4486 tiae
2423 4431 2620 4488 nullus
2650 4432 2899 4504 ignorat.
2933 4433 3128 4489 Nescit
3157 4434 3217 4489 in
3247 4434 3356 4490 hoc
3387 4435 3531 4506 quid
3551 4435 3742 4491 Cicero
3757 4433 3917 4489 dicat:

2301 4523 2476 4578 Unum
2505 4523 2601 4577 vix
2623 4522 2792 4592 pauci
2814 4525 3058 4593 possunt,
3076 4525 3368 4596 utrumque
3415 4540 3591 4580 nemo.
3639 4524 3704 4580 Et
3735 4522 3878 4578 Maro
3908 4537 3918 4574 :

2523 4673 2535 4685 .
2601 4638 2720 4685 Non
2741 4637 2918 4687 omnia
2940 4652 3225 4701 possumus
3256 4652 3463 4689 omnes.

2295 4743 2628 4798 Contemnit
2647 4743 2984 4800 testimonia
3005 4744 3312 4817 gentilium
3337 4745 3706 4819 scriptorum,
3730 4743 3914 4801 saltem

2293 4832 2551 4904 Apostoli
2583 4834 2929 4889 sententiam
2955 4834 3027 4889 ad
3061 4835 3408 4891 memoriam
3436 4835 3692 4905 reducat,
3710 4850 3818 4907 qua
3843 4831 3914 4886 di-

2295 4922 2445 4976 citur
2477 4939 2488 4975 :
2522 4921 2686 4977 Alius
2707 4921 2939 4993 judicat
2967 4923 3070 4990 sic,
3105 4922 3255 4979 alius
3286 4923 3399 4993 sic;
3435 4923 3584 4981 alius
3606 4923 3756 4980 diem
3785 4922 3915 4977 inter

2292 5010 2627 5077 diem,alius
2656 5027 2889 5066 omnem
2912 5011 3086 5067 diem.
3121 5013 3265 5069 Item
3299 5030 3312 5069 :
3353 5015 3724 5086 Unusquisque
3750 5013 3807 5068 in
3832 5024 3911 5065 suo

2289 5115 2448 5155 sensu
2476 5099 2734 5154 abundat.
2769 5100 2970 5155 Nonne
3028 5101 3207 5174 igitur
3264 5103 3467 5159 debuit
3509 5102 3806 5176 diligenter
3827 5099 3912 5172 [in-

2291 5188 2600 5259 quisivisse
2614 5205 2685 5244 an
2701 5188 2908 5245 saltem
2926 5191 3493 5265 parvaintelligentia
3504 5191 3909 5264 Scripturarum

2292 5277 2436 5332 mihi
2467 5277 2684 5334 inesset
2710 5277 2737 5332 ?
2769 5278 2965 5334 Nimia
3003 5281 3290 5352 jactantia
3319 5280 3508 5338 elatus
3540 5286 3648 5354 est,
3679 5285 3741 5336 ut
3779 5279 3910 5334 inter

2292 5384 2429 5422 suos
2461 5367 2693 5439 sapiens
2711 5367 2894 5422 videri
2918 5370 3538 5440 posset,velutiCinero
3565 5371 3810 5443 poeticus
3839 5367 3908 5421 in-

2289 5459 2379 5511 ter
2409 5473 2548 5511 suos
2575 5456 2727 5510 ultra
2757 5456 3052 5513 hominem
3085 5459 3266 5514 videri
3288 5459 3486 5515 voluit.
3510 5461 3670 5516 Rana
3699 5459 3754 5513 in
3787 5457 3905 5511 limo

2292 5561 2406 5599 non
2434 5545 2665 5600 dubitat
2713 5562 2774 5600 se
2806 5547 3197 5619 magnitudini
3230 5567 3412 5605 vaccae
3467 5548 3800 5622 comparari,
3827 5561 3904 5600 eo-

2291 5651 2405 5706 que
2435 5635 2607 5690 modo
2632 5635 2955 5692 monachus
2985 5654 3099 5692 uno
3131 5655 3270 5695 casu
3300 5638 3424 5695 vult
3453 5638 3654 5694 doctus
3695 5632 3902 5698 haberi;
