  <div class='ocr_page' id='page_1' title='image "/cluster/home/n/w/nwhite01/storage/ocr_20150623/136/umn.31951002477429o/694.png"; bbox 0 0 4050 6384; ppageno 0'>
   <div class='ocr_carea' id='block_1_1' title="bbox 172 341 372 416">
    <p class='ocr_par' dir='ltr' id='par_1_1' title="bbox 172 341 372 416">
     <span class='ocr_line' id='line_1_1' title="bbox 172 341 372 416; baseline 0 0"><span class='ocrx_word' id='word_1_1' title='bbox 172 341 372 416; x_wconf 62' lang='grc' dir='ltr'><strong>Ιωυῑ</strong></span> 
     </span>
    </p>
   </div>
   <div class='ocr_carea' id='block_1_2' title="bbox 1067 343 2686 414">
    <p class='ocr_par' dir='ltr' id='par_1_2' title="bbox 1067 343 2686 414">
     <span class='ocr_line' id='line_1_2' title="bbox 1067 343 2686 414; baseline -0.001 -2"><span class='ocrx_word' id='word_1_2' title='bbox 1067 347 1722 414; x_wconf 73' lang='lat' dir='ltr'><strong>CONSUETUBINES</strong></span> <span class='ocrx_word' id='word_1_3' title='bbox 1761 345 2168 412; x_wconf 69' lang='lat' dir='ltr'><strong>EGGLESME</strong></span> <span class='ocrx_word' id='word_1_4' title='bbox 2206 345 2330 412; x_wconf 62' lang='grc' dir='ltr'><strong>Μ.</strong></span> <span class='ocrx_word' id='word_1_5' title='bbox 2347 343 2686 414; x_wconf 63' lang='lat' dir='ltr'><strong>REGULA.</strong></span> 
     </span>
    </p>
   </div>
   <div class='ocr_carea' id='block_1_3' title="bbox 3424 331 3624 414">
    <p class='ocr_par' dir='ltr' id='par_1_3' title="bbox 3424 331 3624 414">
     <span class='ocr_line' id='line_1_3' title="bbox 3424 331 3624 414; baseline 0.005 -3"><span class='ocrx_word' id='word_1_6' title='bbox 3424 331 3624 414; x_wconf 56' lang='lat' dir='ltr'><strong>nos?</strong></span> 
     </span>
    </p>
   </div>
   <div class='ocr_carea' id='block_1_4' title="bbox 173 469 3620 557">
    <p class='ocr_par' dir='ltr' id='par_1_4' title="bbox 173 469 3620 557">
     <span class='ocr_line' id='line_1_4' title="bbox 173 469 3620 557; baseline 0.001 -22"><span class='ocrx_word' id='word_1_7' title='bbox 173 476 320 542; x_wconf 70' lang='lat' dir='ltr'><strong>crati</strong></span> <span class='ocrx_word' id='word_1_8' title='bbox 345 475 568 544; x_wconf 72' lang='lat' dir='ltr'><strong>fuerint</strong></span> <span class='ocrx_word' id='word_1_9' title='bbox 603 478 716 536; x_wconf 87' lang='lat' dir='ltr'><strong>sub</strong></span> <span class='ocrx_word' id='word_1_10' title='bbox 764 485 1152 540; x_wconf 79' lang='lat' dir='ltr'><strong>sacramento.</strong></span> <span class='ocrx_word' id='word_1_11' title='bbox 1183 483 1482 540; x_wconf 66' lang='lat' dir='ltr'><strong>Stasimum</strong></span> <span class='ocrx_word' id='word_1_12' title='bbox 1528 487 1618 542; x_wconf 87' lang='lat' dir='ltr'><strong>est</strong></span> <span class='ocrx_word' id='word_1_13' title='bbox 1665 485 1818 557; x_wconf 77' lang='lat' dir='ltr'><strong>qluod</strong></span> <span class='ocrx_word' id='word_1_14' title='bbox 1847 483 1905 552; x_wconf 75' lang='grc' dir='ltr'><strong>Α</strong></span> <span class='ocrx_word' id='word_1_15' title='bbox 1931 481 2238 542; x_wconf 86' lang='lat' dir='ltr'><strong>Dominica</strong></span> <span class='ocrx_word' id='word_1_16' title='bbox 2263 481 2630 540; x_wconf 81' lang='lat' dir='ltr'><strong>similiter.&#39;Et</strong></span> <span class='ocrx_word' id='word_1_17' title='bbox 2657 486 2726 539; x_wconf 86' lang='lat' dir='ltr'><strong>ut</strong></span> <span class='ocrx_word' id='word_1_18' title='bbox 2751 482 3006 540; x_wconf 72' lang='lat' dir='ltr'><strong>breviter</strong></span> <span class='ocrx_word' id='word_1_19' title='bbox 3030 479 3376 540; x_wconf 81' lang='lat' dir='ltr'><strong>concludam</strong></span> <span class='ocrx_word' id='word_1_20' title='bbox 3399 469 3581 556; x_wconf 41' lang='lat' dir='ltr'><strong>:quo-s</strong></span> <span class='ocrx_word' id='word_1_21' title='bbox 3615 505 3620 557; x_wconf 75' lang='grc' dir='ltr'><strong>ς</strong></span> 
     </span>
    </p>
   </div>
   <div class='ocr_carea' id='block_1_5' title="bbox 174 565 1825 645">
    <p class='ocr_par' dir='ltr' id='par_1_5' title="bbox 174 565 1825 645">
     <span class='ocr_line' id='line_1_5' title="bbox 174 565 1825 645; baseline 0.004 -21"><span class='ocrx_word' id='word_1_22' title='bbox 174 565 444 640; x_wconf 75' lang='lat' dir='ltr'><strong>claviger</strong></span> <span class='ocrx_word' id='word_1_23' title='bbox 468 567 718 640; x_wconf 81' lang='lat' dir='ltr'><strong>accipiat</strong></span> <span class='ocrx_word' id='word_1_24' title='bbox 746 569 818 625; x_wconf 89' lang='lat' dir='ltr'><strong>de</strong></span> <span class='ocrx_word' id='word_1_25' title='bbox 845 585 1196 644; x_wconf 82' lang='lat' dir='ltr'><strong>unoquoque</strong></span> <span class='ocrx_word' id='word_1_26' title='bbox 1225 581 1400 645; x_wconf 84' lang='lat' dir='ltr'><strong>porco</strong></span> <span class='ocrx_word' id='word_1_27' title='bbox 1427 574 1662 630; x_wconf 89' lang='lat' dir='ltr'><strong>obolum</strong></span> <span class='ocrx_word' id='word_1_28' title='bbox 1679 579 1735 631; x_wconf 87' lang='lat' dir='ltr'><strong>et</strong></span> <span class='ocrx_word' id='word_1_29' title='bbox 1755 575 1825 630; x_wconf 89' lang='lat' dir='ltr'><strong>de</strong></span> 
     </span>
    </p>
   </div>
   <div class='ocr_carea' id='block_1_6' title="bbox 175 655 1826 736">
    <p class='ocr_par' dir='ltr' id='par_1_6' title="bbox 175 655 1826 736">
     <span class='ocr_line' id='line_1_6' title="bbox 175 655 1826 736; baseline 0.005 -24"><span class='ocrx_word' id='word_1_30' title='bbox 175 672 350 730; x_wconf 88' lang='lat' dir='ltr'><strong>porco</strong></span> <span class='ocrx_word' id='word_1_31' title='bbox 397 655 552 711; x_wconf 86' lang='lat' dir='ltr'><strong>ultro</strong></span> <span class='ocrx_word' id='word_1_32' title='bbox 579 658 652 712; x_wconf 86' lang='lat'><strong>20</strong></span> <span class='ocrx_word' id='word_1_33' title='bbox 699 658 832 714; x_wconf 91' lang='lat' dir='ltr'><strong>den.</strong></span> <span class='ocrx_word' id='word_1_34' title='bbox 863 657 1098 718; x_wconf 87' lang='lat' dir='ltr'><strong>lumbos</strong></span> <span class='ocrx_word' id='word_1_35' title='bbox 1143 661 1382 718; x_wconf 85' lang='lat' dir='ltr'><strong>habebit</strong></span> <span class='ocrx_word' id='word_1_36' title='bbox 1431 662 1719 736; x_wconf 80' lang='lat' dir='ltr'><strong>claviger;</strong></span> <span class='ocrx_word' id='word_1_37' title='bbox 1757 665 1826 720; x_wconf 91' lang='lat' dir='ltr'><strong>de</strong></span> 
     </span>
    </p>
   </div>
   <div class='ocr_carea' id='block_1_7' title="bbox 173 744 1826 808">
    <p class='ocr_par' dir='ltr' id='par_1_7' title="bbox 173 744 1826 808">
     <span class='ocr_line' id='line_1_7' title="bbox 173 744 1826 808; baseline 0.005 -8"><span class='ocrx_word' id='word_1_38' title='bbox 173 761 351 801; x_wconf 82' lang='lat' dir='ltr'><strong>vacca</strong></span> <span class='ocrx_word' id='word_1_39' title='bbox 380 744 620 801; x_wconf 85' lang='lat' dir='ltr'><strong>habebit</strong></span> <span class='ocrx_word' id='word_1_40' title='bbox 649 746 798 802; x_wconf 90' lang='lat' dir='ltr'><strong>duos</strong></span> <span class='ocrx_word' id='word_1_41' title='bbox 838 748 1108 804; x_wconf 85' lang='lat' dir='ltr'><strong>denarios</strong></span> <span class='ocrx_word' id='word_1_42' title='bbox 1141 767 1154 805; x_wconf 93' lang='lat'>:</span> <span class='ocrx_word' id='word_1_43' title='bbox 1188 751 1260 806; x_wconf 91' lang='lat' dir='ltr'><strong>de</strong></span> <span class='ocrx_word' id='word_1_44' title='bbox 1307 751 1525 808; x_wconf 89' lang='lat' dir='ltr'><strong>bacone</strong></span> <span class='ocrx_word' id='word_1_45' title='bbox 1567 757 1826 808; x_wconf 87' lang='lat' dir='ltr'><strong>tantum-</strong></span> 
     </span>
    </p>
   </div>
   <div class='ocr_carea' id='block_1_8' title="bbox 176 833 1824 902">
    <p class='ocr_par' dir='ltr' id='par_1_8' title="bbox 176 833 1824 902">
     <span class='ocr_line' id='line_1_8' title="bbox 176 833 1824 902; baseline 0.004 -12"><span class='ocrx_word' id='word_1_46' title='bbox 176 834 353 902; x_wconf 86' lang='lat' dir='ltr'><strong>dem;</strong></span> <span class='ocrx_word' id='word_1_47' title='bbox 382 837 439 890; x_wconf 86' lang='lat' dir='ltr'><strong>et</strong></span> <span class='ocrx_word' id='word_1_48' title='bbox 468 851 583 898; x_wconf 82' lang='lat' dir='ltr'><strong>non</strong></span> <span class='ocrx_word' id='word_1_49' title='bbox 615 833 752 890; x_wconf 84' lang='lat' dir='ltr'><strong>alibi</strong></span> <span class='ocrx_word' id='word_1_50' title='bbox 791 837 1116 892; x_wconf 80' lang='lat' dir='ltr'><strong>vendantur</strong></span> <span class='ocrx_word' id='word_1_51' title='bbox 1171 856 1376 895; x_wconf 89' lang='lat' dir='ltr'><strong>carnes</strong></span> <span class='ocrx_word' id='word_1_52' title='bbox 1425 840 1538 897; x_wconf 88' lang='lat' dir='ltr'><strong>nisi</strong></span> <span class='ocrx_word' id='word_1_53' title='bbox 1579 842 1639 896; x_wconf 93' lang='lat' dir='ltr'><strong>in</strong></span> <span class='ocrx_word' id='word_1_54' title='bbox 1689 857 1824 898; x_wconf 90' lang='lat' dir='ltr'><strong>con-</strong></span> 
     </span>
    </p>
   </div>
   <div class='ocr_carea' id='block_1_9' title="bbox 177 921 1827 996">
    <p class='ocr_par' dir='ltr' id='par_1_9' title="bbox 177 921 1827 996">
     <span class='ocr_line' id='line_1_9' title="bbox 177 921 1827 996; baseline 0.003 -15"><span class='ocrx_word' id='word_1_55' title='bbox 177 923 364 981; x_wconf 80' lang='lat' dir='ltr'><strong>suetis</strong></span> <span class='ocrx_word' id='word_1_56' title='bbox 411 921 575 983; x_wconf 88' lang='lat' dir='ltr'><strong>locis.</strong></span> <span class='ocrx_word' id='word_1_57' title='bbox 617 921 706 979; x_wconf 87' lang='lat' dir='ltr'><strong>vel</strong></span> <span class='ocrx_word' id='word_1_58' title='bbox 757 924 966 996; x_wconf 87' lang='lat' dir='ltr'><strong>pisces.</strong></span> <span class='ocrx_word' id='word_1_59' title='bbox 1019 925 1236 984; x_wconf 87' lang='lat' dir='ltr'><strong>Diebus</strong></span> <span class='ocrx_word' id='word_1_60' title='bbox 1281 929 1456 984; x_wconf 86' lang='lat' dir='ltr'><strong>etiam</strong></span> <span class='ocrx_word' id='word_1_61' title='bbox 1507 929 1827 986; x_wconf 85' lang='lat' dir='ltr'><strong>Dominicis</strong></span> 
     </span>
    </p>
   </div>
   <div class='ocr_carea' id='block_1_10' title="bbox 175 1011 1827 1092">
    <p class='ocr_par' dir='ltr' id='par_1_10' title="bbox 175 1011 1827 1092">
     <span class='ocr_line' id='line_1_10' title="bbox 175 1011 1827 1092; baseline 0.004 -23"><span class='ocrx_word' id='word_1_62' title='bbox 175 1013 212 1069; x_wconf 90' lang='lat'>3</span> <span class='ocrx_word' id='word_1_63' title='bbox 241 1011 392 1067; x_wconf 90' lang='lat' dir='ltr'><strong>feria</strong></span> <span class='ocrx_word' id='word_1_64' title='bbox 421 1015 478 1068; x_wconf 92' lang='lat' dir='ltr'><strong>et</strong></span> <span class='ocrx_word' id='word_1_65' title='bbox 521 1013 558 1067; x_wconf 91' lang='lat'>5</span> <span class='ocrx_word' id='word_1_66' title='bbox 605 1029 782 1068; x_wconf 90' lang='lat' dir='ltr'><strong>manu</strong></span> <span class='ocrx_word' id='word_1_67' title='bbox 836 1013 1049 1070; x_wconf 83' lang='lat' dir='ltr'><strong>levabit</strong></span> <span class='ocrx_word' id='word_1_68' title='bbox 1089 1033 1294 1074; x_wconf 88' lang='lat' dir='ltr'><strong>carnes</strong></span> <span class='ocrx_word' id='word_1_69' title='bbox 1341 1018 1608 1092; x_wconf 82' lang='lat' dir='ltr'><strong>claviger,</strong></span> <span class='ocrx_word' id='word_1_70' title='bbox 1641 1019 1827 1075; x_wconf 87' lang='lat' dir='ltr'><strong>tiliam</strong></span> 
     </span>
    </p>
   </div>
   <div class='ocr_carea' id='block_1_11' title="bbox 177 1099 1828 1180">
    <p class='ocr_par' dir='ltr' id='par_1_11' title="bbox 177 1099 1828 1180">
     <span class='ocr_line' id='line_1_11' title="bbox 177 1099 1828 1180; baseline 0.004 -23"><span class='ocrx_word' id='word_1_71' title='bbox 177 1099 342 1175; x_wconf 89' lang='lat' dir='ltr'><strong>porci</strong></span> <span class='ocrx_word' id='word_1_72' title='bbox 370 1100 460 1156; x_wconf 89' lang='lat' dir='ltr'><strong>vel</strong></span> <span class='ocrx_word' id='word_1_73' title='bbox 491 1101 616 1174; x_wconf 88' lang='lat' dir='ltr'><strong>apri</strong></span> <span class='ocrx_word' id='word_1_74' title='bbox 642 1119 746 1174; x_wconf 90' lang='lat' dir='ltr'><strong>pro</strong></span> <span class='ocrx_word' id='word_1_75' title='bbox 775 1103 808 1157; x_wconf 88' lang='grc'>4</span> <span class='ocrx_word' id='word_1_76' title='bbox 839 1104 995 1172; x_wconf 87' lang='lat' dir='ltr'><strong>den.;</strong></span> <span class='ocrx_word' id='word_1_77' title='bbox 1017 1107 1272 1164; x_wconf 81' lang='lat' dir='ltr'><strong>fructum</strong></span> <span class='ocrx_word' id='word_1_78' title='bbox 1309 1123 1487 1163; x_wconf 76' lang='lat' dir='ltr'><strong>vaccae</strong></span> <span class='ocrx_word' id='word_1_79' title='bbox 1509 1125 1614 1180; x_wconf 91' lang='lat' dir='ltr'><strong>pro</strong></span> <span class='ocrx_word' id='word_1_80' title='bbox 1639 1110 1828 1164; x_wconf 88' lang='lat' dir='ltr'><strong>tribus</strong></span> 
     </span>
    </p>
   </div>
   <div class='ocr_carea' id='block_1_12' title="bbox 180 1190 1829 1271">
    <p class='ocr_par' dir='ltr' id='par_1_12' title="bbox 180 1190 1829 1271">
     <span class='ocr_line' id='line_1_12' title="bbox 180 1190 1829 1271; baseline 0.005 -25"><span class='ocrx_word' id='word_1_81' title='bbox 180 1190 476 1259; x_wconf 88' lang='lat' dir='ltr'><strong>denariis;</strong></span> <span class='ocrx_word' id='word_1_82' title='bbox 507 1191 870 1262; x_wconf 86' lang='lat' dir='ltr'><strong>quarterium</strong></span> <span class='ocrx_word' id='word_1_83' title='bbox 919 1193 1117 1250; x_wconf 78' lang='lat' dir='ltr'><strong>arietis</strong></span> <span class='ocrx_word' id='word_1_84' title='bbox 1163 1213 1268 1268; x_wconf 88' lang='lat' dir='ltr'><strong>pro</strong></span> <span class='ocrx_word' id='word_1_85' title='bbox 1315 1213 1452 1253; x_wconf 92' lang='lat' dir='ltr'><strong>uno.</strong></span> <span class='ocrx_word' id='word_1_86' title='bbox 1485 1197 1829 1271; x_wconf 80' lang='lat' dir='ltr'><strong>Quicunque</strong></span> 
     </span>
    </p>
   </div>
   <div class='ocr_carea' id='block_1_13' title="bbox 176 1279 1828 1349">
    <p class='ocr_par' dir='ltr' id='par_1_13' title="bbox 176 1279 1828 1349">
     <span class='ocr_line' id='line_1_13' title="bbox 176 1279 1828 1349; baseline 0.004 -13"><span class='ocrx_word' id='word_1_87' title='bbox 176 1279 505 1336; x_wconf 73' lang='lat' dir='ltr'><strong>vendiderit</strong></span> <span class='ocrx_word' id='word_1_88' title='bbox 549 1295 777 1349; x_wconf 85' lang='lat' dir='ltr'><strong>carnes,</strong></span> <span class='ocrx_word' id='word_1_89' title='bbox 825 1283 1091 1340; x_wconf 85' lang='lat' dir='ltr'><strong>eamdem</strong></span> <span class='ocrx_word' id='word_1_90' title='bbox 1141 1285 1400 1343; x_wconf 82' lang='lat' dir='ltr'><strong>servabit</strong></span> <span class='ocrx_word' id='word_1_91' title='bbox 1453 1289 1828 1343; x_wconf 88' lang='lat' dir='ltr'><strong>consuetudi-</strong></span> 
     </span>
    </p>
   </div>
   <div class='ocr_carea' id='block_1_14' title="bbox 180 1381 338 1425">
    <p class='ocr_par' dir='ltr' id='par_1_14' title="bbox 180 1381 338 1425">
     <span class='ocr_line' id='line_1_14' title="bbox 180 1381 338 1425; baseline 0.006 -1"><span class='ocrx_word' id='word_1_92' title='bbox 180 1381 338 1425; x_wconf 87' lang='lat' dir='ltr'><strong>nem.</strong></span> 
     </span>
    </p>
   </div>
   <div class='ocr_carea' id='block_1_15' title="bbox 253 1457 1829 1535">
    <p class='ocr_par' dir='ltr' id='par_1_15' title="bbox 253 1457 1829 1535">
     <span class='ocr_line' id='line_1_15' title="bbox 253 1457 1829 1535; baseline 0.007 -21"><span class='ocrx_word' id='word_1_93' title='bbox 253 1458 396 1514; x_wconf 85' lang='lat' dir='ltr'><strong>Item</strong></span> <span class='ocrx_word' id='word_1_94' title='bbox 427 1457 478 1516; x_wconf 93' lang='lat' dir='ltr'><strong>si</strong></span> <span class='ocrx_word' id='word_1_95' title='bbox 502 1461 812 1517; x_wconf 79' lang='lat' dir='ltr'><strong>extraneas</strong></span> <span class='ocrx_word' id='word_1_96' title='bbox 839 1464 1154 1534; x_wconf 83' lang='lat' dir='ltr'><strong>portaverit</strong></span> <span class='ocrx_word' id='word_1_97' title='bbox 1171 1466 1829 1535; x_wconf 87' lang='lat' dir='ltr'><strong>sturionem,denarium</strong></span> 
     </span>
    </p>
   </div>
   <div class='ocr_carea' id='block_1_16' title="bbox 179 1545 1828 1626">
    <p class='ocr_par' dir='ltr' id='par_1_16' title="bbox 179 1545 1828 1626">
     <span class='ocr_line' id='line_1_16' title="bbox 179 1545 1828 1626; baseline 0.007 -23"><span class='ocrx_word' id='word_1_98' title='bbox 179 1545 426 1604; x_wconf 82' lang='lat' dir='ltr'><strong>habebit</strong></span> <span class='ocrx_word' id='word_1_99' title='bbox 455 1546 737 1622; x_wconf 87' lang='lat' dir='ltr'><strong>claviger;</strong></span> <span class='ocrx_word' id='word_1_100' title='bbox 757 1554 813 1606; x_wconf 89' lang='lat' dir='ltr'><strong>et</strong></span> <span class='ocrx_word' id='word_1_101' title='bbox 841 1551 894 1606; x_wconf 90' lang='lat' dir='ltr'><strong>si</strong></span> <span class='ocrx_word' id='word_1_102' title='bbox 921 1552 1140 1610; x_wconf 88' lang='lat' dir='ltr'><strong>ibidem</strong></span> <span class='ocrx_word' id='word_1_103' title='bbox 1167 1555 1388 1614; x_wconf 84' lang='lat' dir='ltr'><strong>fractus</strong></span> <span class='ocrx_word' id='word_1_104' title='bbox 1415 1557 1593 1614; x_wconf 87' lang='lat' dir='ltr'><strong>fuerit</strong></span> <span class='ocrx_word' id='word_1_105' title='bbox 1623 1559 1828 1626; x_wconf 88' lang='lat' dir='ltr'><strong>sturio,</strong></span> 
     </span>
    </p>
   </div>
   <div class='ocr_carea' id='block_1_17' title="bbox 181 1635 1832 1718">
    <p class='ocr_par' dir='ltr' id='par_1_17' title="bbox 181 1635 1832 1718">
     <span class='ocr_line' id='line_1_17' title="bbox 181 1635 1832 1718; baseline 0.007 -26"><span class='ocrx_word' id='word_1_106' title='bbox 181 1635 500 1692; x_wconf 84' lang='lat' dir='ltr'><strong>nerbilium</strong></span> <span class='ocrx_word' id='word_1_107' title='bbox 530 1641 588 1694; x_wconf 88' lang='lat' dir='ltr'><strong>et</strong></span> <span class='ocrx_word' id='word_1_108' title='bbox 614 1639 915 1696; x_wconf 89' lang='lat' dir='ltr'><strong>budellum</strong></span> <span class='ocrx_word' id='word_1_109' title='bbox 945 1641 1185 1700; x_wconf 84' lang='lat' dir='ltr'><strong>habebit</strong></span> <span class='ocrx_word' id='word_1_110' title='bbox 1211 1643 1484 1718; x_wconf 87' lang='lat' dir='ltr'><strong>claviger,</strong></span> <span class='ocrx_word' id='word_1_111' title='bbox 1499 1663 1604 1703; x_wconf 89' lang='lat' dir='ltr'><strong>nec</strong></span> <span class='ocrx_word' id='word_1_112' title='bbox 1631 1648 1832 1704; x_wconf 87' lang='lat' dir='ltr'><strong>minus</strong></span> 
     </span>
    </p>
   </div>
   <div class='ocr_carea' id='block_1_18' title="bbox 180 1723 777 1784">
    <p class='ocr_par' dir='ltr' id='par_1_18' title="bbox 180 1723 777 1784">
     <span class='ocr_line' id='line_1_18' title="bbox 180 1723 777 1784; baseline 0.003 -2"><span class='ocrx_word' id='word_1_113' title='bbox 180 1723 425 1782; x_wconf 74' lang='lat' dir='ltr'><strong>habebit</strong></span> <span class='ocrx_word' id='word_1_114' title='bbox 447 1726 777 1784; x_wconf 85' lang='lat' dir='ltr'><strong>denarium.</strong></span> 
     </span>
    </p>
   </div>
   <div class='ocr_carea' id='block_1_19' title="bbox 1935 571 3581 646">
    <p class='ocr_par' dir='ltr' id='par_1_19' title="bbox 1935 571 3581 646">
     <span class='ocr_line' id='line_1_19' title="bbox 1935 571 3581 646; baseline 0.001 -19"><span class='ocrx_word' id='word_1_115' title='bbox 1935 588 2166 643; x_wconf 91' lang='lat' dir='ltr'><strong>cunque</strong></span> <span class='ocrx_word' id='word_1_116' title='bbox 2199 573 2371 628; x_wconf 91' lang='lat' dir='ltr'><strong>modo</strong></span> <span class='ocrx_word' id='word_1_117' title='bbox 2425 572 2510 628; x_wconf 85' lang='lat' dir='ltr'><strong>vel</strong></span> <span class='ocrx_word' id='word_1_118' title='bbox 2558 589 2908 646; x_wconf 86' lang='lat' dir='ltr'><strong>quacunque</strong></span> <span class='ocrx_word' id='word_1_119' title='bbox 2945 572 3040 628; x_wconf 90' lang='lat' dir='ltr'><strong>die</strong></span> <span class='ocrx_word' id='word_1_120' title='bbox 3070 571 3326 629; x_wconf 79' lang='lat' dir='ltr'><strong>extranei</strong></span> <span class='ocrx_word' id='word_1_121' title='bbox 3357 571 3581 644; x_wconf 87' lang='lat' dir='ltr'><strong>aliquid</strong></span> 
     </span>
    </p>
   </div>
   <div class='ocr_carea' id='block_1_20' title="bbox 1935 657 3577 734">
    <p class='ocr_par' dir='ltr' id='par_1_20' title="bbox 1935 657 3577 734">
     <span class='ocr_line' id='line_1_20' title="bbox 1935 657 3577 734; baseline 0 -18"><span class='ocrx_word' id='word_1_122' title='bbox 1935 661 2310 733; x_wconf 86' lang='lat' dir='ltr'><strong>portaverint,</strong></span> <span class='ocrx_word' id='word_1_123' title='bbox 2342 661 2428 717; x_wconf 91' lang='lat' dir='ltr'><strong>vel</strong></span> <span class='ocrx_word' id='word_1_124' title='bbox 2461 657 2594 718; x_wconf 87' lang='lat' dir='ltr'><strong>cum</strong></span> <span class='ocrx_word' id='word_1_125' title='bbox 2637 659 2835 734; x_wconf 86' lang='lat' dir='ltr'><strong>aliqua</strong></span> <span class='ocrx_word' id='word_1_126' title='bbox 2862 677 2922 718; x_wconf 90' lang='lat' dir='ltr'><strong>re</strong></span> <span class='ocrx_word' id='word_1_127' title='bbox 2951 661 3268 718; x_wconf 82' lang='lat' dir='ltr'><strong>transitum</strong></span> <span class='ocrx_word' id='word_1_128' title='bbox 3317 661 3577 730; x_wconf 83' lang='lat' dir='ltr'><strong>fecerint,</strong></span> 
     </span>
    </p>
   </div>
   <div class='ocr_carea' id='block_1_21' title="bbox 1928 749 3578 824">
    <p class='ocr_par' dir='ltr' id='par_1_21' title="bbox 1928 749 3578 824">
     <span class='ocr_line' id='line_1_21' title="bbox 1928 749 3578 824; baseline 0.001 -20"><span class='ocrx_word' id='word_1_129' title='bbox 1928 749 2031 821; x_wconf 86' lang='lat' dir='ltr'><strong>jus</strong></span> <span class='ocrx_word' id='word_1_130' title='bbox 2054 765 2228 805; x_wconf 89' lang='lat' dir='ltr'><strong>suum</strong></span> <span class='ocrx_word' id='word_1_131' title='bbox 2258 750 2497 822; x_wconf 88' lang='lat' dir='ltr'><strong>recipiet</strong></span> <span class='ocrx_word' id='word_1_132' title='bbox 2525 751 2886 824; x_wconf 81' lang='lat' dir='ltr'><strong>clavigerzsic</strong></span> <span class='ocrx_word' id='word_1_133' title='bbox 2915 751 3022 820; x_wconf 87' lang='lat' dir='ltr'><strong>sal,</strong></span> <span class='ocrx_word' id='word_1_134' title='bbox 3046 749 3202 823; x_wconf 88' lang='lat' dir='ltr'><strong>equi,</strong></span> <span class='ocrx_word' id='word_1_135' title='bbox 3225 751 3578 823; x_wconf 79' lang='lat' dir='ltr'><strong>porci,oves,</strong></span> 
     </span>
    </p>
   </div>
   <div class='ocr_carea' id='block_1_22' title="bbox 1937 837 3584 906">
    <p class='ocr_par' dir='ltr' id='par_1_22' title="bbox 1937 837 3584 906">
     <span class='ocr_line' id='line_1_22' title="bbox 1937 837 3584 906; baseline 0.002 -14"><span class='ocrx_word' id='word_1_136' title='bbox 1937 837 2132 906; x_wconf 89' lang='lat' dir='ltr'><strong>boves,</strong></span> <span class='ocrx_word' id='word_1_137' title='bbox 2160 837 2404 894; x_wconf 89' lang='lat' dir='ltr'><strong>bladum</strong></span> <span class='ocrx_word' id='word_1_138' title='bbox 2433 843 2490 895; x_wconf 91' lang='lat' dir='ltr'><strong>et</strong></span> <span class='ocrx_word' id='word_1_139' title='bbox 2519 843 2721 896; x_wconf 85' lang='lat' dir='ltr'><strong>caetera</strong></span> <span class='ocrx_word' id='word_1_140' title='bbox 2752 859 2770 894; x_wconf 90' lang='lat'><strong><em>:</em></strong></span> <span class='ocrx_word' id='word_1_141' title='bbox 2811 843 2866 895; x_wconf 90' lang='lat' dir='ltr'><strong>et</strong></span> <span class='ocrx_word' id='word_1_142' title='bbox 2911 839 2970 895; x_wconf 92' lang='lat' dir='ltr'><strong>in</strong></span> <span class='ocrx_word' id='word_1_143' title='bbox 3017 840 3138 895; x_wconf 82' lang='lat' dir='ltr'><strong>foro</strong></span> <span class='ocrx_word' id='word_1_144' title='bbox 3185 837 3584 896; x_wconf 83' lang='lat' dir='ltr'><strong>manulevabit</strong></span> 
     </span>
    </p>
   </div>
   <div class='ocr_carea' id='block_1_23' title="bbox 1937 925 3231 1002">
    <p class='ocr_par' dir='ltr' id='par_1_23' title="bbox 1937 925 3231 1002">
     <span class='ocr_line' id='line_1_23' title="bbox 1937 925 3231 1002; baseline 0.002 -20"><span class='ocrx_word' id='word_1_145' title='bbox 1937 925 2186 999; x_wconf 86' lang='lat' dir='ltr'><strong>claviger</strong></span> <span class='ocrx_word' id='word_1_146' title='bbox 2215 927 2500 1000; x_wconf 86' lang='lat' dir='ltr'><strong>quidquid</strong></span> <span class='ocrx_word' id='word_1_147' title='bbox 2531 928 2778 984; x_wconf 89' lang='lat' dir='ltr'><strong>voluerit</strong></span> <span class='ocrx_word' id='word_1_148' title='bbox 2807 945 2909 1002; x_wconf 90' lang='lat' dir='ltr'><strong>per</strong></span> <span class='ocrx_word' id='word_1_149' title='bbox 2937 933 3063 984; x_wconf 89' lang='lat' dir='ltr'><strong>octo</strong></span> <span class='ocrx_word' id='word_1_150' title='bbox 3087 927 3231 985; x_wconf 88' lang='lat' dir='ltr'><strong>dies.</strong></span> 
     </span>
    </p>
   </div>
   <div class='ocr_carea' id='block_1_24' title="bbox 2007 1009 3584 1090">
    <p class='ocr_par' dir='ltr' id='par_1_24' title="bbox 2007 1009 3584 1090">
     <span class='ocr_line' id='line_1_24' title="bbox 2007 1009 3584 1090; baseline 0.002 -20"><span class='ocrx_word' id='word_1_151' title='bbox 2007 1015 2148 1071; x_wconf 84' lang='lat' dir='ltr'><strong>Item</strong></span> <span class='ocrx_word' id='word_1_152' title='bbox 2179 1014 2418 1073; x_wconf 89' lang='lat' dir='ltr'><strong>habebit</strong></span> <span class='ocrx_word' id='word_1_153' title='bbox 2448 1017 2699 1090; x_wconf 85' lang='lat' dir='ltr'><strong>claviger</strong></span> <span class='ocrx_word' id='word_1_154' title='bbox 2725 1009 2900 1074; x_wconf 87' lang='lat' dir='ltr'><strong>dehis</strong></span> <span class='ocrx_word' id='word_1_155' title='bbox 2913 1017 3186 1074; x_wconf 88' lang='lat' dir='ltr'><strong>omnibus</strong></span> <span class='ocrx_word' id='word_1_156' title='bbox 3203 1017 3303 1090; x_wconf 85' lang='lat' dir='ltr'><strong>qui</strong></span> <span class='ocrx_word' id='word_1_157' title='bbox 3324 1017 3584 1073; x_wconf 87' lang='lat' dir='ltr'><strong>vendunt</strong></span> 
     </span>
    </p>
   </div>
   <div class='ocr_carea' id='block_1_25' title="bbox 1937 1103 3585 1178">
    <p class='ocr_par' dir='ltr' id='par_1_25' title="bbox 1937 1103 3585 1178">
     <span class='ocr_line' id='line_1_25' title="bbox 1937 1103 3585 1178; baseline 0.003 -20"><span class='ocrx_word' id='word_1_158' title='bbox 1937 1103 2210 1176; x_wconf 80' lang='lat' dir='ltr'><strong>saginam</strong></span> <span class='ocrx_word' id='word_1_159' title='bbox 2241 1105 2400 1160; x_wconf 90' lang='lat' dir='ltr'><strong>omni</strong></span> <span class='ocrx_word' id='word_1_160' title='bbox 2431 1107 2864 1178; x_wconf 85' lang='lat' dir='ltr'><strong>quintodecimo</strong></span> <span class='ocrx_word' id='word_1_161' title='bbox 2881 1106 3226 1163; x_wconf 88' lang='lat' dir='ltr'><strong>dieSabbati</strong></span> <span class='ocrx_word' id='word_1_162' title='bbox 3257 1123 3434 1163; x_wconf 88' lang='lat' dir='ltr'><strong>unam</strong></span> <span class='ocrx_word' id='word_1_163' title='bbox 3453 1107 3585 1163; x_wconf 88' lang='lat' dir='ltr'><strong>obo-</strong></span> 
     </span>
    </p>
   </div>
   <div class='ocr_carea' id='block_1_26' title="bbox 1937 1191 3618 1270">
    <p class='ocr_par' dir='ltr' id='par_1_26' title="bbox 1937 1191 3618 1270">
     <span class='ocr_line' id='line_1_26' title="bbox 1937 1191 3618 1270; baseline 0.002 -23"><span class='ocrx_word' id='word_1_164' title='bbox 1937 1191 2138 1249; x_wconf 90' lang='lat' dir='ltr'><strong>latam.</strong></span> <span class='ocrx_word' id='word_1_165' title='bbox 2172 1194 2235 1249; x_wconf 87' lang='lat' dir='ltr'><strong>In</strong></span> <span class='ocrx_word' id='word_1_166' title='bbox 2269 1193 2416 1251; x_wconf 83' lang='lat' dir='ltr'><strong>festo</strong></span> <span class='ocrx_word' id='word_1_167' title='bbox 2455 1196 2608 1252; x_wconf 86' lang='lat' dir='ltr'><strong>beati</strong></span> <span class='ocrx_word' id='word_1_168' title='bbox 2655 1196 2808 1252; x_wconf 88' lang='lat' dir='ltr'><strong>Petri</strong></span> <span class='ocrx_word' id='word_1_169' title='bbox 2851 1195 3062 1268; x_wconf 90' lang='lat' dir='ltr'><strong>accipit</strong></span> <span class='ocrx_word' id='word_1_170' title='bbox 3107 1195 3358 1270; x_wconf 85' lang='lat' dir='ltr'><strong>claviger</strong></span> <span class='ocrx_word' id='word_1_171' title='bbox 3403 1211 3582 1251; x_wconf 88' lang='lat' dir='ltr'><strong>unam</strong></span> <span class='ocrx_word' id='word_1_172' title='bbox 3615 1221 3618 1224; x_wconf 92' lang='grc'><strong>·</strong></span> 
     </span>
    </p>
   </div>
   <div class='ocr_carea' id='block_1_27' title="bbox 1937 1283 3128 1358">
    <p class='ocr_par' dir='ltr' id='par_1_27' title="bbox 1937 1283 3128 1358">
     <span class='ocr_line' id='line_1_27' title="bbox 1937 1283 3128 1358; baseline 0.002 -20"><span class='ocrx_word' id='word_1_173' title='bbox 1937 1283 2246 1354; x_wconf 87' lang='lat' dir='ltr'><strong>corrigiam</strong></span> <span class='ocrx_word' id='word_1_174' title='bbox 2277 1283 2348 1339; x_wconf 91' lang='lat' dir='ltr'><strong>de</strong></span> <span class='ocrx_word' id='word_1_175' title='bbox 2368 1301 2724 1358; x_wconf 87' lang='lat' dir='ltr'><strong>unoquoque</strong></span> <span class='ocrx_word' id='word_1_176' title='bbox 2751 1285 3128 1343; x_wconf 88' lang='lat' dir='ltr'><strong>mercenario.</strong></span> 
     </span>
    </p>
   </div>
   <div class='ocr_carea' id='block_1_28' title="bbox 2011 1367 3585 1450">
    <p class='ocr_par' dir='ltr' id='par_1_28' title="bbox 2011 1367 3585 1450">
     <span class='ocr_line' id='line_1_28' title="bbox 2011 1367 3585 1450; baseline 0.002 -24"><span class='ocrx_word' id='word_1_177' title='bbox 2011 1371 2155 1426; x_wconf 85' lang='lat' dir='ltr'><strong>Item</strong></span> <span class='ocrx_word' id='word_1_178' title='bbox 2187 1372 2514 1447; x_wconf 88' lang='lat' dir='ltr'><strong>Passapont</strong></span> <span class='ocrx_word' id='word_1_179' title='bbox 2541 1375 2754 1448; x_wconf 86' lang='lat' dir='ltr'><strong>recepit</strong></span> <span class='ocrx_word' id='word_1_180' title='bbox 2785 1375 3020 1432; x_wconf 89' lang='lat' dir='ltr'><strong>nomine</strong></span> <span class='ocrx_word' id='word_1_181' title='bbox 3039 1377 3238 1432; x_wconf 88' lang='lat' dir='ltr'><strong>nostro</strong></span> <span class='ocrx_word' id='word_1_182' title='bbox 3267 1373 3338 1432; x_wconf 91' lang='lat' dir='ltr'><strong>de</strong></span> <span class='ocrx_word' id='word_1_183' title='bbox 3366 1367 3585 1450; x_wconf 82' lang='lat' dir='ltr'><strong>ligassa</strong></span> 
     </span>
    </p>
   </div>
   <div class='ocr_carea' id='block_1_29' title="bbox 1939 1459 3581 1537">
    <p class='ocr_par' dir='ltr' id='par_1_29' title="bbox 1939 1459 3581 1537">
     <span class='ocr_line' id='line_1_29' title="bbox 1939 1459 3581 1537; baseline 0.002 -21"><span class='ocrx_word' id='word_1_184' title='bbox 1939 1459 2046 1516; x_wconf 88' lang='lat' dir='ltr'><strong>lini</strong></span> <span class='ocrx_word' id='word_1_185' title='bbox 2077 1475 2262 1517; x_wconf 89' lang='lat' dir='ltr'><strong>unum</strong></span> <span class='ocrx_word' id='word_1_186' title='bbox 2294 1461 2564 1534; x_wconf 54' lang='lat' dir='ltr'><strong>paladui-r</strong></span> <span class='ocrx_word' id='word_1_187' title='bbox 2587 1464 2646 1519; x_wconf 88' lang='lat' dir='ltr'><strong>in</strong></span> <span class='ocrx_word' id='word_1_188' title='bbox 2673 1465 2880 1533; x_wconf 75' lang='lat' dir='ltr'><strong>foro,et</strong></span> <span class='ocrx_word' id='word_1_189' title='bbox 2907 1463 3140 1537; x_wconf 81' lang='lat' dir='ltr'><strong>plenam</strong></span> <span class='ocrx_word' id='word_1_190' title='bbox 3155 1479 3395 1520; x_wconf 88' lang='lat' dir='ltr'><strong>manum</strong></span> <span class='ocrx_word' id='word_1_191' title='bbox 3413 1461 3581 1534; x_wconf 70' lang='lat' dir='ltr'><strong>lanae,</strong></span> 
     </span>
    </p>
   </div>
   <div class='ocr_carea' id='block_1_30' title="bbox 1933 1549 3624 1626">
    <p class='ocr_par' dir='ltr' id='par_1_30' title="bbox 1933 1549 3624 1626">
     <span class='ocr_line' id='line_1_30' title="bbox 1933 1549 3624 1626; baseline 0.003 -22"><span class='ocrx_word' id='word_1_192' title='bbox 1933 1549 2106 1621; x_wconf 84' lang='lat' dir='ltr'><strong>juxta</strong></span> <span class='ocrx_word' id='word_1_193' title='bbox 2135 1552 2290 1622; x_wconf 88' lang='lat' dir='ltr'><strong>quod</strong></span> <span class='ocrx_word' id='word_1_194' title='bbox 2321 1551 2401 1607; x_wconf 90' lang='lat' dir='ltr'><strong>ibi</strong></span> <span class='ocrx_word' id='word_1_195' title='bbox 2435 1553 2625 1622; x_wconf 89' lang='lat' dir='ltr'><strong>fuerit;</strong></span> <span class='ocrx_word' id='word_1_196' title='bbox 2641 1555 2716 1609; x_wconf 83' lang='lat' dir='ltr'><strong>de</strong></span> <span class='ocrx_word' id='word_1_197' title='bbox 2745 1553 3120 1610; x_wconf 85' lang='lat' dir='ltr'><strong>mercenariis</strong></span> <span class='ocrx_word' id='word_1_198' title='bbox 3149 1553 3585 1626; x_wconf 88' lang='lat' dir='ltr'><strong>quintodecimo</strong></span> <span class='ocrx_word' id='word_1_199' title='bbox 3615 1549 3624 1556; x_wconf 87' lang='grc'><em>’</em></span> 
     </span>
    </p>
   </div>
   <div class='ocr_carea' id='block_1_31' title="bbox 1943 1638 3586 1714">
    <p class='ocr_par' dir='ltr' id='par_1_31' title="bbox 1943 1638 3586 1714">
     <span class='ocr_line' id='line_1_31' title="bbox 1943 1638 3586 1714; baseline 0.002 -20"><span class='ocrx_word' id='word_1_200' title='bbox 1943 1638 2036 1694; x_wconf 91' lang='lat' dir='ltr'><strong>die</strong></span> <span class='ocrx_word' id='word_1_201' title='bbox 2065 1639 2301 1695; x_wconf 89' lang='lat' dir='ltr'><strong>obolum</strong></span> <span class='ocrx_word' id='word_1_202' title='bbox 2335 1657 2348 1696; x_wconf 90' lang='lat'><strong>:</strong></span> <span class='ocrx_word' id='word_1_203' title='bbox 2381 1641 2452 1697; x_wconf 92' lang='lat' dir='ltr'><strong>de</strong></span> <span class='ocrx_word' id='word_1_204' title='bbox 2477 1641 2569 1700; x_wconf 87' lang='lat' dir='ltr'><strong>his</strong></span> <span class='ocrx_word' id='word_1_205' title='bbox 2599 1641 2699 1714; x_wconf 86' lang='lat' dir='ltr'><strong>qui</strong></span> <span class='ocrx_word' id='word_1_206' title='bbox 2727 1643 2996 1699; x_wconf 80' lang='lat' dir='ltr'><strong>deferunt</strong></span> <span class='ocrx_word' id='word_1_207' title='bbox 3021 1659 3162 1699; x_wconf 87' lang='lat' dir='ltr'><strong>vasa</strong></span> <span class='ocrx_word' id='word_1_208' title='bbox 3188 1641 3392 1712; x_wconf 83' lang='lat' dir='ltr'><strong>vitrea,</strong></span> <span class='ocrx_word' id='word_1_209' title='bbox 3405 1657 3586 1698; x_wconf 86' lang='lat' dir='ltr'><strong>unam</strong></span> 
     </span>
    </p>
   </div>
   <div class='ocr_carea' id='block_1_32' title="bbox 1939 1721 3587 1799">
    <p class='ocr_par' dir='ltr' id='par_1_32' title="bbox 1939 1721 3587 1799">
     <span class='ocr_line' id='line_1_32' title="bbox 1939 1721 3587 1799; baseline 0.002 -16"><span class='ocrx_word' id='word_1_210' title='bbox 1939 1727 2313 1799; x_wconf 87' lang='lat' dir='ltr'><strong>lampadem;</strong></span> <span class='ocrx_word' id='word_1_211' title='bbox 2345 1730 2417 1786; x_wconf 89' lang='lat' dir='ltr'><strong>de</strong></span> <span class='ocrx_word' id='word_1_212' title='bbox 2467 1730 2745 1787; x_wconf 61' lang='lat' dir='ltr'><strong>fasciculi)</strong></span> <span class='ocrx_word' id='word_1_213' title='bbox 2793 1721 3062 1799; x_wconf 84' lang='lat' dir='ltr'><strong>ciforum,</strong></span> <span class='ocrx_word' id='word_1_214' title='bbox 3091 1747 3298 1788; x_wconf 88' lang='lat' dir='ltr'><strong>unum.</strong></span> <span class='ocrx_word' id='word_1_215' title='bbox 3335 1731 3445 1788; x_wconf 88' lang='lat' dir='ltr'><strong>Pro</strong></span> <span class='ocrx_word' id='word_1_216' title='bbox 3491 1729 3587 1787; x_wconf 90' lang='lat' dir='ltr'><strong>his</strong></span> 
     </span>
    </p>
   </div>
   <div class='ocr_carea' id='block_1_33' title="bbox 255 1813 3590 1922">
    <p class='ocr_par' dir='ltr' id='par_1_33' title="bbox 255 1813 3590 1922">
     <span class='ocr_line' id='line_1_33' title="bbox 255 1813 3590 1922; baseline 0.002 -53"><span class='ocrx_word' id='word_1_217' title='bbox 255 1813 400 1870; x_wconf 87' lang='lat' dir='ltr'><strong>Item</strong></span> <span class='ocrx_word' id='word_1_218' title='bbox 449 1813 499 1922; x_wconf 68' lang='lat' dir='ltr'><strong>si</strong></span> <span class='ocrx_word' id='word_1_219' title='bbox 545 1815 662 1922; x_wconf 75' lang='lat' dir='ltr'><strong>duo</strong></span> <span class='ocrx_word' id='word_1_220' title='bbox 711 1816 800 1922; x_wconf 72' lang='lat' dir='ltr'><strong>vel</strong></span> <span class='ocrx_word' id='word_1_221' title='bbox 843 1821 965 1876; x_wconf 85' lang='lat' dir='ltr'><strong>tres</strong></span> <span class='ocrx_word' id='word_1_222' title='bbox 1010 1821 1152 1878; x_wconf 88' lang='lat' dir='ltr'><strong>socii</strong></span> <span class='ocrx_word' id='word_1_223' title='bbox 1197 1821 1414 1922; x_wconf 74' lang='lat' dir='ltr'><strong>fuerint</strong></span> <span class='ocrx_word' id='word_1_224' title='bbox 1448 1823 1508 1879; x_wconf 91' lang='lat' dir='ltr'><strong>in</strong></span> <span class='ocrx_word' id='word_1_225' title='bbox 1538 1841 1712 1898; x_wconf 68' lang='lat' dir='ltr'><strong>porco</strong></span> <span class='ocrx_word' id='word_1_226' title='bbox 1741 1826 1830 1882; x_wconf 77' lang='lat' dir='ltr'><strong>vel</strong></span> <span class='ocrx_word' id='word_1_227' title='bbox 1861 1856 1914 1922; x_wconf 81' lang='grc' dir='ltr'>Β</span> <span class='ocrx_word' id='word_1_228' title='bbox 1939 1816 2522 1922; x_wconf 50' lang='lat' dir='ltr'><strong>tenetur‘Passapont</strong></span> <span class='ocrx_word' id='word_1_229' title='bbox 2629 1821 2764 1920; x_wconf 63' lang='lat' dir='ltr'><strong>ejus</strong></span> <span class='ocrx_word' id='word_1_230' title='bbox 2779 1835 3146 1920; x_wconf 78' lang='lat' dir='ltr'><strong>successores</strong></span> <span class='ocrx_word' id='word_1_231' title='bbox 3175 1819 3590 1922; x_wconf 77' lang='lat' dir='ltr'><strong>indormitorio</strong></span> 
     </span>
    </p>
   </div>
   <div class='ocr_carea' id='block_1_34' title="bbox 179 1902 3592 1987">
    <p class='ocr_par' dir='ltr' id='par_1_34' title="bbox 179 1902 3592 1987">
     <span class='ocr_line' id='line_1_34' title="bbox 179 1902 3592 1987; baseline 0.002 -29"><span class='ocrx_word' id='word_1_232' title='bbox 179 1917 378 1972; x_wconf 75' lang='lat' dir='ltr'><strong>vacca,</strong></span> <span class='ocrx_word' id='word_1_233' title='bbox 407 1902 498 1960; x_wconf 87' lang='lat' dir='ltr'><strong>vel</strong></span> <span class='ocrx_word' id='word_1_234' title='bbox 515 1903 700 1964; x_wconf 79' lang='lat' dir='ltr'><strong>ariete</strong></span> <span class='ocrx_word' id='word_1_235' title='bbox 729 1907 802 1964; x_wconf 84' lang='lat' dir='ltr'><strong>de</strong></span> <span class='ocrx_word' id='word_1_236' title='bbox 832 1923 1185 1982; x_wconf 79' lang='lat' dir='ltr'><strong>unoquoque</strong></span> <span class='ocrx_word' id='word_1_237' title='bbox 1215 1912 1632 1981; x_wconf 67' lang='grc' dir='ltr'><strong>ωαῃυιβναδίι,</strong></span> <span class='ocrx_word' id='word_1_238' title='bbox 1663 1918 1838 1987; x_wconf 72' lang='lat' dir='ltr'><strong>prout</strong></span> <span class='ocrx_word' id='word_1_239' title='bbox 1861 1902 1914 1922; x_wconf 81' lang='lat'>”</span> <span class='ocrx_word' id='word_1_240' title='bbox 1942 1905 2132 1962; x_wconf 80' lang='lat' dir='ltr'><strong>facere</strong></span> <span class='ocrx_word' id='word_1_241' title='bbox 2174 1905 2489 1978; x_wconf 88' lang='lat' dir='ltr'><strong>luminare,</strong></span> <span class='ocrx_word' id='word_1_242' title='bbox 2517 1912 2580 1964; x_wconf 89' lang='lat' dir='ltr'><strong>et</strong></span> <span class='ocrx_word' id='word_1_243' title='bbox 2625 1908 2687 1964; x_wconf 91' lang='lat' dir='ltr'><strong>in</strong></span> <span class='ocrx_word' id='word_1_244' title='bbox 2737 1925 2968 1966; x_wconf 86' lang='lat' dir='ltr'><strong>camera</strong></span> <span class='ocrx_word' id='word_1_245' title='bbox 3013 1909 3245 1982; x_wconf 77' lang='lat' dir='ltr'><strong>prioris,</strong></span> <span class='ocrx_word' id='word_1_246' title='bbox 3277 1909 3421 1965; x_wconf 88' lang='lat' dir='ltr'><strong>dum</strong></span> <span class='ocrx_word' id='word_1_247' title='bbox 3465 1909 3592 1980; x_wconf 81' lang='lat' dir='ltr'><strong>ipse</strong></span> 
     </span>
    </p>
   </div>
   <div class='ocr_carea' id='block_1_35' title="bbox 185 1989 1835 2077">
    <p class='ocr_par' dir='ltr' id='par_1_35' title="bbox 185 1989 1835 2077">
     <span class='ocr_line' id='line_1_35' title="bbox 185 1989 1835 2077; baseline 0.008 -31"><span class='ocrx_word' id='word_1_248' title='bbox 185 1989 416 2052; x_wconf 82' lang='lat' dir='ltr'><strong>dictum</strong></span> <span class='ocrx_word' id='word_1_249' title='bbox 441 1996 536 2050; x_wconf 89' lang='lat' dir='ltr'><strong>est</strong></span> <span class='ocrx_word' id='word_1_250' title='bbox 565 1996 860 2067; x_wconf 85' lang='lat' dir='ltr'><strong>superius,</strong></span> <span class='ocrx_word' id='word_1_251' title='bbox 890 1997 1123 2055; x_wconf 87' lang='lat' dir='ltr'><strong>etiamsi</strong></span> <span class='ocrx_word' id='word_1_252' title='bbox 1167 2005 1322 2057; x_wconf 87' lang='lat' dir='ltr'><strong>unus</strong></span> <span class='ocrx_word' id='word_1_253' title='bbox 1371 2002 1702 2060; x_wconf 85' lang='lat' dir='ltr'><strong>vendiderit</strong></span> <span class='ocrx_word' id='word_1_254' title='bbox 1731 2019 1835 2077; x_wconf 89' lang='lat' dir='ltr'><strong>pro</strong></span> 
     </span>
    </p>
   </div>
   <div class='ocr_carea' id='block_1_36' title="bbox 185 2079 1836 2165">
    <p class='ocr_par' dir='ltr' id='par_1_36' title="bbox 185 2079 1836 2165">
     <span class='ocr_line' id='line_1_36' title="bbox 185 2079 1836 2165; baseline 0.006 -27"><span class='ocrx_word' id='word_1_255' title='bbox 185 2079 486 2160; x_wconf 75' lang='lat' dir='ltr'><strong>erunibus.</strong></span> <span class='ocrx_word' id='word_1_256' title='bbox 515 2082 802 2142; x_wconf 84' lang='lat' dir='ltr'><strong>Similiter</strong></span> <span class='ocrx_word' id='word_1_257' title='bbox 843 2085 894 2142; x_wconf 88' lang='lat' dir='ltr'><strong>si</strong></span> <span class='ocrx_word' id='word_1_258' title='bbox 922 2091 1230 2145; x_wconf 85' lang='lat' dir='ltr'><strong>extraneus</strong></span> <span class='ocrx_word' id='word_1_259' title='bbox 1259 2107 1604 2148; x_wconf 84' lang='lat' dir='ltr'><strong>saumonem</strong></span> <span class='ocrx_word' id='word_1_260' title='bbox 1637 2097 1836 2165; x_wconf 88' lang='lat' dir='ltr'><strong>porta-</strong></span> 
     </span>
    </p>
   </div>
   <div class='ocr_carea' id='block_1_37' title="bbox 186 2153 1896 2252">
    <p class='ocr_par' dir='ltr' id='par_1_37' title="bbox 186 2153 1896 2252">
     <span class='ocr_line' id='line_1_37' title="bbox 186 2153 1896 2252; baseline 0.004 -22"><span class='ocrx_word' id='word_1_261' title='bbox 186 2169 357 2242; x_wconf 79' lang='lat' dir='ltr'><strong>verit,</strong></span> <span class='ocrx_word' id='word_1_262' title='bbox 390 2153 628 2242; x_wconf 81' lang='lat' dir='ltr'><strong>obolum</strong></span> <span class='ocrx_word' id='word_1_263' title='bbox 659 2173 906 2232; x_wconf 78' lang='lat' dir='ltr'><strong>dabit.8i</strong></span> <span class='ocrx_word' id='word_1_264' title='bbox 937 2180 1246 2235; x_wconf 77' lang='lat' dir='ltr'><strong>extraneas</strong></span> <span class='ocrx_word' id='word_1_265' title='bbox 1275 2180 1590 2252; x_wconf 87' lang='lat' dir='ltr'><strong>portaverit</strong></span> <span class='ocrx_word' id='word_1_266' title='bbox 1619 2153 1837 2240; x_wconf 55' lang='lat' dir='ltr'><strong>duodec</strong></span> <span class='ocrx_word' id='word_1_267' title='bbox 1893 2233 1896 2236; x_wconf 89' lang='lat'><strong>.</strong></span> 
     </span>
    </p>
   </div>
   <div class='ocr_carea' id='block_1_38' title="bbox 189 2258 1836 2340">
    <p class='ocr_par' dir='ltr' id='par_1_38' title="bbox 189 2258 1836 2340">
     <span class='ocr_line' id='line_1_38' title="bbox 189 2258 1836 2340; baseline 0.009 -27"><span class='ocrx_word' id='word_1_268' title='bbox 189 2269 330 2314; x_wconf 85' lang='lat' dir='ltr'><strong>nam</strong></span> <span class='ocrx_word' id='word_1_269' title='bbox 380 2258 814 2333; x_wconf 85' lang='lat' dir='ltr'><strong>lampredarum</strong></span> <span class='ocrx_word' id='word_1_270' title='bbox 855 2265 1164 2324; x_wconf 83' lang='lat' dir='ltr'><strong>denarium</strong></span> <span class='ocrx_word' id='word_1_271' title='bbox 1215 2269 1416 2340; x_wconf 89' lang='lat' dir='ltr'><strong>dabit;</strong></span> <span class='ocrx_word' id='word_1_272' title='bbox 1451 2269 1500 2326; x_wconf 89' lang='lat' dir='ltr'><strong>si</strong></span> <span class='ocrx_word' id='word_1_273' title='bbox 1547 2285 1666 2339; x_wconf 85' lang='lat' dir='ltr'><strong>sex,</strong></span> <span class='ocrx_word' id='word_1_274' title='bbox 1699 2271 1836 2327; x_wconf 91' lang='lat' dir='ltr'><strong>obo-</strong></span> 
     </span>
    </p>
   </div>
   <div class='ocr_carea' id='block_1_39' title="bbox 187 2344 1837 2432">
    <p class='ocr_par' dir='ltr' id='par_1_39' title="bbox 187 2344 1837 2432">
     <span class='ocr_line' id='line_1_39' title="bbox 187 2344 1837 2432; baseline 0.008 -30"><span class='ocrx_word' id='word_1_275' title='bbox 187 2344 337 2404; x_wconf 81' lang='lat' dir='ltr'><strong>luin.</strong></span> <span class='ocrx_word' id='word_1_276' title='bbox 371 2347 432 2404; x_wconf 91' lang='lat' dir='ltr'><strong>Si</strong></span> <span class='ocrx_word' id='word_1_277' title='bbox 457 2349 766 2407; x_wconf 89' lang='lat' dir='ltr'><strong>duodecim</strong></span> <span class='ocrx_word' id='word_1_278' title='bbox 807 2353 1040 2428; x_wconf 87' lang='lat' dir='ltr'><strong>colagos</strong></span> <span class='ocrx_word' id='word_1_279' title='bbox 1087 2358 1401 2428; x_wconf 87' lang='lat' dir='ltr'><strong>portaverit</strong></span> <span class='ocrx_word' id='word_1_280' title='bbox 1450 2375 1554 2432; x_wconf 91' lang='lat' dir='ltr'><strong>per</strong></span> <span class='ocrx_word' id='word_1_281' title='bbox 1600 2375 1837 2432; x_wconf 88' lang='lat' dir='ltr'><strong>aquam,</strong></span> 
     </span>
    </p>
   </div>
   <div class='ocr_carea' id='block_1_40' title="bbox 190 2437 1841 2523">
    <p class='ocr_par' dir='ltr' id='par_1_40' title="bbox 190 2437 1841 2523">
     <span class='ocr_line' id='line_1_40' title="bbox 190 2437 1841 2523; baseline 0.008 -31"><span class='ocrx_word' id='word_1_282' title='bbox 190 2453 378 2494; x_wconf 86' lang='lat' dir='ltr'><strong>unum</strong></span> <span class='ocrx_word' id='word_1_283' title='bbox 410 2437 610 2508; x_wconf 80' lang='lat' dir='ltr'><strong>dabit;</strong></span> <span class='ocrx_word' id='word_1_284' title='bbox 645 2440 696 2498; x_wconf 91' lang='lat' dir='ltr'><strong>si</strong></span> <span class='ocrx_word' id='word_1_285' title='bbox 725 2459 846 2512; x_wconf 87' lang='lat' dir='ltr'><strong>sex,</strong></span> <span class='ocrx_word' id='word_1_286' title='bbox 901 2444 1176 2515; x_wconf 86' lang='lat' dir='ltr'><strong>obolum;</strong></span> <span class='ocrx_word' id='word_1_287' title='bbox 1211 2445 1260 2503; x_wconf 90' lang='lat' dir='ltr'><strong>si</strong></span> <span class='ocrx_word' id='word_1_288' title='bbox 1307 2463 1444 2503; x_wconf 91' lang='lat' dir='ltr'><strong>cum</strong></span> <span class='ocrx_word' id='word_1_289' title='bbox 1493 2449 1658 2506; x_wconf 85' lang='lat' dir='ltr'><strong>asino</strong></span> <span class='ocrx_word' id='word_1_290' title='bbox 1707 2467 1841 2523; x_wconf 72' lang='lat' dir='ltr'><strong>por-</strong></span> 
     </span>
    </p>
   </div>
   <div class='ocr_carea' id='block_1_41' title="bbox 187 2526 1838 2612">
    <p class='ocr_par' dir='ltr' id='par_1_41' title="bbox 187 2526 1838 2612">
     <span class='ocr_line' id='line_1_41' title="bbox 187 2526 1838 2612; baseline 0.008 -30"><span class='ocrx_word' id='word_1_291' title='bbox 187 2526 418 2594; x_wconf 78' lang='lat' dir='ltr'><strong>taverit,</strong></span> <span class='ocrx_word' id='word_1_292' title='bbox 473 2531 594 2585; x_wconf 84' lang='lat' dir='ltr'><strong>tres</strong></span> <span class='ocrx_word' id='word_1_293' title='bbox 649 2531 960 2603; x_wconf 84' lang='lat' dir='ltr'><strong>denarios;</strong></span> <span class='ocrx_word' id='word_1_294' title='bbox 1020 2534 1070 2590; x_wconf 88' lang='lat' dir='ltr'><strong>si</strong></span> <span class='ocrx_word' id='word_1_295' title='bbox 1125 2539 1260 2591; x_wconf 82' lang='lat' dir='ltr'><strong>cum</strong></span> <span class='ocrx_word' id='word_1_296' title='bbox 1320 2552 1472 2609; x_wconf 84' lang='lat' dir='ltr'><strong>equo</strong></span> <span class='ocrx_word' id='word_1_297' title='bbox 1521 2538 1610 2594; x_wconf 89' lang='lat' dir='ltr'><strong>vel</strong></span> <span class='ocrx_word' id='word_1_298' title='bbox 1669 2553 1838 2612; x_wconf 88' lang='lat' dir='ltr'><strong>equa,</strong></span> 
     </span>
    </p>
   </div>
   <div class='ocr_carea' id='block_1_42' title="bbox 189 2615 1840 2693">
    <p class='ocr_par' dir='ltr' id='par_1_42' title="bbox 189 2615 1840 2693">
     <span class='ocr_line' id='line_1_42' title="bbox 189 2615 1840 2693; baseline 0.007 -19"><span class='ocrx_word' id='word_1_299' title='bbox 189 2615 352 2674; x_wconf 85' lang='lat' dir='ltr'><strong>mulo</strong></span> <span class='ocrx_word' id='word_1_300' title='bbox 402 2615 494 2692; x_wconf 75' lang='lat' dir='ltr'><strong>vel</strong></span> <span class='ocrx_word' id='word_1_301' title='bbox 537 2617 702 2676; x_wconf 81' lang='lat' dir='ltr'><strong>mula</strong></span> <span class='ocrx_word' id='word_1_302' title='bbox 745 2622 780 2676; x_wconf 82' lang='grc'>4</span> <span class='ocrx_word' id='word_1_303' title='bbox 829 2623 960 2678; x_wconf 88' lang='lat' dir='ltr'><strong>den.</strong></span> <span class='ocrx_word' id='word_1_304' title='bbox 1009 2623 1207 2693; x_wconf 83' lang='lat' dir='ltr'><strong>dabit;</strong></span> <span class='ocrx_word' id='word_1_305' title='bbox 1259 2625 1312 2681; x_wconf 90' lang='lat' dir='ltr'><strong>si</strong></span> <span class='ocrx_word' id='word_1_306' title='bbox 1349 2641 1482 2682; x_wconf 88' lang='lat' dir='ltr'><strong>cum</strong></span> <span class='ocrx_word' id='word_1_307' title='bbox 1514 2627 1663 2684; x_wconf 89' lang='lat' dir='ltr'><strong>collo</strong></span> <span class='ocrx_word' id='word_1_308' title='bbox 1695 2629 1840 2684; x_wconf 88' lang='lat' dir='ltr'><strong>duo—</strong></span> 
     </span>
    </p>
   </div>
   <div class='ocr_carea' id='block_1_43' title="bbox 191 2704 1838 2783">
    <p class='ocr_par' dir='ltr' id='par_1_43' title="bbox 191 2704 1838 2783">
     <span class='ocr_line' id='line_1_43' title="bbox 191 2704 1838 2783; baseline 0.007 -22"><span class='ocrx_word' id='word_1_309' title='bbox 191 2704 344 2762; x_wconf 86' lang='lat' dir='ltr'><strong>dena</strong></span> <span class='ocrx_word' id='word_1_310' title='bbox 369 2704 704 2778; x_wconf 70' lang='lat' dir='ltr'><strong>colagerum</strong></span> <span class='ocrx_word' id='word_1_311' title='bbox 735 2709 822 2764; x_wconf 87' lang='lat' dir='ltr'><strong>vel</strong></span> <span class='ocrx_word' id='word_1_312' title='bbox 853 2709 1626 2783; x_wconf 82' lang='lat' dir='ltr'><strong>lampredarnm,denarium</strong></span> <span class='ocrx_word' id='word_1_313' title='bbox 1659 2715 1838 2772; x_wconf 86' lang='lat' dir='ltr'><strong>dabit.</strong></span> 
     </span>
    </p>
   </div>
   <div class='ocr_carea' id='block_1_44' title="bbox 190 2793 1840 2874">
    <p class='ocr_par' dir='ltr' id='par_1_44' title="bbox 190 2793 1840 2874">
     <span class='ocr_line' id='line_1_44' title="bbox 190 2793 1840 2874; baseline 0.005 -22"><span class='ocrx_word' id='word_1_314' title='bbox 190 2793 275 2852; x_wconf 83' lang='lat' dir='ltr'><strong>De</strong></span> <span class='ocrx_word' id='word_1_315' title='bbox 301 2794 563 2852; x_wconf 81' lang='lat' dir='ltr'><strong>sturione</strong></span> <span class='ocrx_word' id='word_1_316' title='bbox 587 2800 652 2853; x_wconf 87' lang='lat' dir='ltr'><strong>et</strong></span> <span class='ocrx_word' id='word_1_317' title='bbox 678 2798 977 2856; x_wconf 88' lang='lat' dir='ltr'><strong>selomone</strong></span> <span class='ocrx_word' id='word_1_318' title='bbox 1003 2801 1192 2874; x_wconf 89' lang='lat' dir='ltr'><strong>primo</strong></span> <span class='ocrx_word' id='word_1_319' title='bbox 1222 2803 1406 2874; x_wconf 83' lang='lat' dir='ltr'><strong>captis</strong></span> <span class='ocrx_word' id='word_1_320' title='bbox 1435 2803 1494 2858; x_wconf 93' lang='lat' dir='ltr'><strong>in</strong></span> <span class='ocrx_word' id='word_1_321' title='bbox 1526 2804 1683 2866; x_wconf 87' lang='lat' dir='ltr'><strong>Beta.</strong></span> <span class='ocrx_word' id='word_1_322' title='bbox 1718 2821 1840 2861; x_wconf 87' lang='lat' dir='ltr'><strong>me-</strong></span> 
     </span>
    </p>
   </div>
   <div class='ocr_carea' id='block_1_45' title="bbox 191 2883 1840 2967">
    <p class='ocr_par' dir='ltr' id='par_1_45' title="bbox 191 2883 1840 2967">
     <span class='ocr_line' id='line_1_45' title="bbox 191 2883 1840 2967; baseline 0.007 -28"><span class='ocrx_word' id='word_1_323' title='bbox 191 2883 470 2942; x_wconf 66' lang='lat' dir='ltr'><strong>dietatem</strong></span> <span class='ocrx_word' id='word_1_324' title='bbox 499 2885 822 2958; x_wconf 77' lang='lat' dir='ltr'><strong>piscatores</strong></span> <span class='ocrx_word' id='word_1_325' title='bbox 851 2889 1076 2946; x_wconf 85' lang='lat' dir='ltr'><strong>dabunt</strong></span> <span class='ocrx_word' id='word_1_326' title='bbox 1105 2906 1120 2946; x_wconf 89' lang='lat'><strong>:</strong></span> <span class='ocrx_word' id='word_1_327' title='bbox 1153 2894 1212 2946; x_wconf 91' lang='lat' dir='ltr'><strong>et</strong></span> <span class='ocrx_word' id='word_1_328' title='bbox 1253 2895 1397 2948; x_wconf 81' lang='lat' dir='ltr'><strong>tunc</strong></span> <span class='ocrx_word' id='word_1_329' title='bbox 1441 2891 1730 2967; x_wconf 83' lang='lat' dir='ltr'><strong>accipient</strong></span> <span class='ocrx_word' id='word_1_330' title='bbox 1756 2889 1840 2950; x_wconf 90' lang='lat' dir='ltr'><strong>illi</strong></span> 
     </span>
    </p>
   </div>
   <div class='ocr_carea' id='block_1_46' title="bbox 191 2971 1845 3050">
    <p class='ocr_par' dir='ltr' id='par_1_46' title="bbox 191 2971 1845 3050">
     <span class='ocr_line' id='line_1_46' title="bbox 191 2971 1845 3050; baseline 0.008 -23"><span class='ocrx_word' id='word_1_331' title='bbox 191 2971 310 3030; x_wconf 83' lang='lat' dir='ltr'><strong>dno</strong></span> <span class='ocrx_word' id='word_1_332' title='bbox 337 2971 662 3046; x_wconf 80' lang='lat' dir='ltr'><strong>piscatores</strong></span> <span class='ocrx_word' id='word_1_333' title='bbox 683 2976 832 3033; x_wconf 89' lang='lat' dir='ltr'><strong>duos</strong></span> <span class='ocrx_word' id='word_1_334' title='bbox 843 2995 1026 3050; x_wconf 89' lang='lat' dir='ltr'><strong>panes</strong></span> <span class='ocrx_word' id='word_1_335' title='bbox 1050 2978 1424 3038; x_wconf 81' lang='lat' dir='ltr'><strong>servientales</strong></span> <span class='ocrx_word' id='word_1_336' title='bbox 1445 2985 1502 3038; x_wconf 88' lang='lat' dir='ltr'><strong>et</strong></span> <span class='ocrx_word' id='word_1_337' title='bbox 1521 2982 1670 3038; x_wconf 90' lang='lat' dir='ltr'><strong>duas</strong></span> <span class='ocrx_word' id='word_1_338' title='bbox 1686 2999 1845 3040; x_wconf 88' lang='lat' dir='ltr'><strong>men-</strong></span> 
     </span>
    </p>
   </div>
   <div class='ocr_carea' id='block_1_47' title="bbox 191 3062 1843 3144">
    <p class='ocr_par' dir='ltr' id='par_1_47' title="bbox 191 3062 1843 3144">
     <span class='ocr_line' id='line_1_47' title="bbox 191 3062 1843 3144; baseline 0.007 -27"><span class='ocrx_word' id='word_1_339' title='bbox 191 3077 366 3118; x_wconf 82' lang='lat' dir='ltr'><strong>suras</strong></span> <span class='ocrx_word' id='word_1_340' title='bbox 393 3062 540 3119; x_wconf 90' lang='lat' dir='ltr'><strong>vini:</strong></span> <span class='ocrx_word' id='word_1_341' title='bbox 564 3067 622 3120; x_wconf 88' lang='lat' dir='ltr'><strong>et</strong></span> <span class='ocrx_word' id='word_1_342' title='bbox 649 3066 922 3138; x_wconf 84' lang='lat' dir='ltr'><strong>deinceps</strong></span> <span class='ocrx_word' id='word_1_343' title='bbox 953 3068 1024 3124; x_wconf 87' lang='lat' dir='ltr'><strong>de</strong></span> <span class='ocrx_word' id='word_1_344' title='bbox 1053 3068 1328 3126; x_wconf 85' lang='lat' dir='ltr'><strong>omnibus</strong></span> <span class='ocrx_word' id='word_1_345' title='bbox 1354 3069 1843 3144; x_wconf 83' lang='lat' dir='ltr'><strong>piscibusibidem</strong></span> 
     </span>
    </p>
   </div>
   <div class='ocr_carea' id='block_1_48' title="bbox 191 3149 1254 3228">
    <p class='ocr_par' dir='ltr' id='par_1_48' title="bbox 191 3149 1254 3228">
     <span class='ocr_line' id='line_1_48' title="bbox 191 3149 1254 3228; baseline 0.008 -24"><span class='ocrx_word' id='word_1_346' title='bbox 191 3149 382 3222; x_wconf 80' lang='lat' dir='ltr'><strong>captis</strong></span> <span class='ocrx_word' id='word_1_347' title='bbox 409 3151 696 3210; x_wconf 78' lang='lat' dir='ltr'><strong>decimam</strong></span> <span class='ocrx_word' id='word_1_348' title='bbox 721 3155 836 3210; x_wconf 85' lang='lat' dir='ltr'><strong>sub</strong></span> <span class='ocrx_word' id='word_1_349' title='bbox 867 3161 1254 3228; x_wconf 77' lang='lat' dir='ltr'><strong>sacra-mento.</strong></span> 
     </span>
    </p>
   </div>
   <div class='ocr_carea' id='block_1_49' title="bbox 1943 1994 3592 2070">
    <p class='ocr_par' dir='ltr' id='par_1_49' title="bbox 1943 1994 3592 2070">
     <span class='ocr_line' id='line_1_49' title="bbox 1943 1994 3592 2070; baseline 0.002 -21"><span class='ocrx_word' id='word_1_350' title='bbox 1943 2010 2202 2067; x_wconf 73' lang='lat' dir='ltr'><strong>praesens</strong></span> <span class='ocrx_word' id='word_1_351' title='bbox 2231 1994 2506 2052; x_wconf 80' lang='lat' dir='ltr'><strong>foeiit.De</strong></span> <span class='ocrx_word' id='word_1_352' title='bbox 2535 1997 2714 2054; x_wconf 88' lang='lat' dir='ltr'><strong>nattis</strong></span> <span class='ocrx_word' id='word_1_353' title='bbox 2745 2014 2926 2054; x_wconf 91' lang='lat' dir='ltr'><strong>unam</strong></span> <span class='ocrx_word' id='word_1_354' title='bbox 2955 1997 3195 2054; x_wconf 90' lang='lat' dir='ltr'><strong>habebit</strong></span> <span class='ocrx_word' id='word_1_355' title='bbox 3223 1997 3475 2070; x_wconf 88' lang='lat' dir='ltr'><strong>claviger</strong></span> <span class='ocrx_word' id='word_1_356' title='bbox 3501 2011 3592 2054; x_wconf 87' lang='lat' dir='ltr'><strong>se-</strong></span> 
     </span>
    </p>
   </div>
   <div class='ocr_carea' id='block_1_50' title="bbox 1943 2079 3468 2159">
    <p class='ocr_par' dir='ltr' id='par_1_50' title="bbox 1943 2079 3468 2159">
     <span class='ocr_line' id='line_1_50' title="bbox 1943 2079 3468 2159; baseline 0.001 -19"><span class='ocrx_word' id='word_1_357' title='bbox 1943 2082 2059 2140; x_wconf 88' lang='lat' dir='ltr'><strong>mel</strong></span> <span class='ocrx_word' id='word_1_358' title='bbox 2089 2081 2150 2139; x_wconf 90' lang='lat' dir='ltr'><strong>in</strong></span> <span class='ocrx_word' id='word_1_359' title='bbox 2182 2097 2372 2153; x_wconf 87' lang='lat' dir='ltr'><strong>anno;</strong></span> <span class='ocrx_word' id='word_1_360' title='bbox 2403 2085 2460 2140; x_wconf 85' lang='lat' dir='ltr'><strong>et</strong></span> <span class='ocrx_word' id='word_1_361' title='bbox 2487 2081 2575 2141; x_wconf 85' lang='lat' dir='ltr'><strong>sic</strong></span> <span class='ocrx_word' id='word_1_362' title='bbox 2603 2085 2676 2142; x_wconf 87' lang='lat' dir='ltr'><strong>de</strong></span> <span class='ocrx_word' id='word_1_363' title='bbox 2707 2079 2928 2142; x_wconf 70' lang='lat' dir='ltr'><strong>caeteris</strong></span> <span class='ocrx_word' id='word_1_364' title='bbox 2959 2099 3090 2159; x_wconf 85' lang='lat' dir='ltr'><strong>quae</strong></span> <span class='ocrx_word' id='word_1_365' title='bbox 3115 2085 3468 2142; x_wconf 79' lang='lat' dir='ltr'><strong>vendantur.</strong></span> 
     </span>
    </p>
   </div>
   <div class='ocr_carea' id='block_1_51' title="bbox 2015 2173 3595 2248">
    <p class='ocr_par' dir='ltr' id='par_1_51' title="bbox 2015 2173 3595 2248">
     <span class='ocr_line' id='line_1_51' title="bbox 2015 2173 3595 2248; baseline 0.002 -20"><span class='ocrx_word' id='word_1_366' title='bbox 2015 2173 2315 2230; x_wconf 84' lang='lat' dir='ltr'><strong>Statutum</strong></span> <span class='ocrx_word' id='word_1_367' title='bbox 2345 2177 2438 2230; x_wconf 84' lang='lat' dir='ltr'><strong>est</strong></span> <span class='ocrx_word' id='word_1_368' title='bbox 2463 2175 2618 2247; x_wconf 87' lang='lat' dir='ltr'><strong>quod</strong></span> <span class='ocrx_word' id='word_1_369' title='bbox 2649 2173 2746 2231; x_wconf 88' lang='lat' dir='ltr'><strong>ille</strong></span> <span class='ocrx_word' id='word_1_370' title='bbox 2777 2181 2950 2247; x_wconf 83' lang='lat' dir='ltr'><strong>quem</strong></span> <span class='ocrx_word' id='word_1_371' title='bbox 2981 2175 3141 2248; x_wconf 85' lang='lat' dir='ltr'><strong>prior</strong></span> <span class='ocrx_word' id='word_1_372' title='bbox 3167 2175 3227 2231; x_wconf 88' lang='lat' dir='ltr'><strong>in</strong></span> <span class='ocrx_word' id='word_1_373' title='bbox 3250 2175 3595 2247; x_wconf 84' lang='lat' dir='ltr'><strong>jusvocave-</strong></span> 
     </span>
    </p>
   </div>
   <div class='ocr_carea' id='block_1_52' title="bbox 1945 2259 3590 2336">
    <p class='ocr_par' dir='ltr' id='par_1_52' title="bbox 1945 2259 3590 2336">
     <span class='ocr_line' id='line_1_52' title="bbox 1945 2259 3590 2336; baseline 0.002 -20"><span class='ocrx_word' id='word_1_374' title='bbox 1945 2259 2244 2330; x_wconf 80' lang='lat' dir='ltr'><strong>rit,statim</strong></span> <span class='ocrx_word' id='word_1_375' title='bbox 2267 2277 2464 2318; x_wconf 88' lang='lat' dir='ltr'><strong>coram</strong></span> <span class='ocrx_word' id='word_1_376' title='bbox 2485 2277 2552 2320; x_wconf 90' lang='lat' dir='ltr'><strong>eo</strong></span> <span class='ocrx_word' id='word_1_377' title='bbox 2574 2279 2707 2319; x_wconf 91' lang='lat' dir='ltr'><strong>cum</strong></span> <span class='ocrx_word' id='word_1_378' title='bbox 2721 2263 3169 2336; x_wconf 77' lang='lat' dir='ltr'><strong>ﬁdejnssOribus</strong></span> <span class='ocrx_word' id='word_1_379' title='bbox 3189 2279 3251 2320; x_wconf 85' lang='lat' dir='ltr'><strong>se</strong></span> <span class='ocrx_word' id='word_1_380' title='bbox 3263 2263 3590 2336; x_wconf 72' lang='lat' dir='ltr'><strong>praesentet,</strong></span> 
     </span>
    </p>
   </div>
   <div class='ocr_carea' id='block_1_53' title="bbox 1946 2349 3594 2422">
    <p class='ocr_par' dir='ltr' id='par_1_53' title="bbox 1946 2349 3594 2422">
     <span class='ocr_line' id='line_1_53' title="bbox 1946 2349 3594 2422; baseline 0.001 -16"><span class='ocrx_word' id='word_1_381' title='bbox 1946 2349 2062 2406; x_wconf 85' lang='lat' dir='ltr'><strong>nisi</strong></span> <span class='ocrx_word' id='word_1_382' title='bbox 2085 2352 2210 2422; x_wconf 83' lang='lat' dir='ltr'><strong>jam</strong></span> <span class='ocrx_word' id='word_1_383' title='bbox 2243 2365 2486 2408; x_wconf 83' lang='lat' dir='ltr'><strong>manum</strong></span> <span class='ocrx_word' id='word_1_384' title='bbox 2515 2353 2588 2408; x_wconf 85' lang='lat' dir='ltr'><strong>ad</strong></span> <span class='ocrx_word' id='word_1_385' title='bbox 2617 2353 3044 2409; x_wconf 84' lang='lat' dir='ltr'><strong>comedendum</strong></span> <span class='ocrx_word' id='word_1_386' title='bbox 3073 2352 3368 2420; x_wconf 80' lang='lat' dir='ltr'><strong>lavaverit,</strong></span> <span class='ocrx_word' id='word_1_387' title='bbox 3399 2351 3490 2408; x_wconf 87' lang='lat' dir='ltr'><strong>vel</strong></span> <span class='ocrx_word' id='word_1_388' title='bbox 3519 2351 3594 2409; x_wconf 87' lang='lat' dir='ltr'><strong>ad</strong></span> 
     </span>
    </p>
   </div>
   <div class='ocr_carea' id='block_1_54' title="bbox 1947 2438 3596 2515">
    <p class='ocr_par' dir='ltr' id='par_1_54' title="bbox 1947 2438 3596 2515">
     <span class='ocr_line' id='line_1_54' title="bbox 1947 2438 3596 2515; baseline 0.002 -21"><span class='ocrx_word' id='word_1_389' title='bbox 1947 2438 2261 2495; x_wconf 80' lang='lat' dir='ltr'><strong>iuvandum</strong></span> <span class='ocrx_word' id='word_1_390' title='bbox 2293 2445 2470 2513; x_wconf 87' lang='lat' dir='ltr'><strong>caput</strong></span> <span class='ocrx_word' id='word_1_391' title='bbox 2491 2443 2618 2514; x_wconf 89' lang='lat' dir='ltr'><strong>jam</strong></span> <span class='ocrx_word' id='word_1_392' title='bbox 2648 2459 2710 2499; x_wconf 89' lang='lat' dir='ltr'><strong>se</strong></span> <span class='ocrx_word' id='word_1_393' title='bbox 2739 2443 3044 2515; x_wconf 74' lang='lat' dir='ltr'><strong>paraverit.</strong></span> <span class='ocrx_word' id='word_1_394' title='bbox 3067 2442 3126 2499; x_wconf 86' lang='lat' dir='ltr'><strong>Si</strong></span> <span class='ocrx_word' id='word_1_395' title='bbox 3153 2455 3288 2498; x_wconf 80' lang='lat' dir='ltr'><strong>vero</strong></span> <span class='ocrx_word' id='word_1_396' title='bbox 3317 2445 3450 2514; x_wconf 85' lang='lat' dir='ltr'><strong>post</strong></span> <span class='ocrx_word' id='word_1_397' title='bbox 3469 2457 3596 2498; x_wconf 86' lang='lat' dir='ltr'><strong>ves-</strong></span> 
     </span>
    </p>
   </div>
   <div class='ocr_carea' id='block_1_55' title="bbox 1949 2529 3596 2603">
    <p class='ocr_par' dir='ltr' id='par_1_55' title="bbox 1949 2529 3596 2603">
     <span class='ocr_line' id='line_1_55' title="bbox 1949 2529 3596 2603; baseline 0.001 -18"><span class='ocrx_word' id='word_1_398' title='bbox 1949 2546 2120 2603; x_wconf 76' lang='lat' dir='ltr'><strong>perae</strong></span> <span class='ocrx_word' id='word_1_399' title='bbox 2148 2543 2284 2586; x_wconf 88' lang='lat' dir='ltr'><strong>eum</strong></span> <span class='ocrx_word' id='word_1_400' title='bbox 2310 2532 2599 2588; x_wconf 88' lang='lat' dir='ltr'><strong>vocaverit</strong></span> <span class='ocrx_word' id='word_1_401' title='bbox 2629 2533 2688 2588; x_wconf 91' lang='lat' dir='ltr'><strong>in</strong></span> <span class='ocrx_word' id='word_1_402' title='bbox 2715 2533 3042 2589; x_wconf 88' lang='lat' dir='ltr'><strong>crastinum</strong></span> <span class='ocrx_word' id='word_1_403' title='bbox 3072 2545 3266 2588; x_wconf 83' lang='lat' dir='ltr'><strong>coram</strong></span> <span class='ocrx_word' id='word_1_404' title='bbox 3288 2547 3354 2588; x_wconf 88' lang='lat' dir='ltr'><strong>eo</strong></span> <span class='ocrx_word' id='word_1_405' title='bbox 3386 2529 3596 2588; x_wconf 71' lang='lat' dir='ltr'><strong>cum-fl-</strong></span> 
     </span>
    </p>
   </div>
   <div class='ocr_carea' id='block_1_56' title="bbox 1949 2619 3598 2696">
    <p class='ocr_par' dir='ltr' id='par_1_56' title="bbox 1949 2619 3598 2696">
     <span class='ocr_line' id='line_1_56' title="bbox 1949 2619 3598 2696; baseline 0.001 -22"><span class='ocrx_word' id='word_1_406' title='bbox 1949 2619 2353 2690; x_wconf 89' lang='lat' dir='ltr'><strong>dejussoribus</strong></span> <span class='ocrx_word' id='word_1_407' title='bbox 2383 2625 2677 2693; x_wconf 87' lang='lat' dir='ltr'><strong>appareat.</strong></span> <span class='ocrx_word' id='word_1_408' title='bbox 2709 2621 2810 2678; x_wconf 90' lang='lat' dir='ltr'><strong>Ille</strong></span> <span class='ocrx_word' id='word_1_409' title='bbox 2837 2638 2969 2678; x_wconf 90' lang='lat' dir='ltr'><strong>vero</strong></span> <span class='ocrx_word' id='word_1_410' title='bbox 3008 2621 3122 2696; x_wconf 6' lang='lat' dir='ltr'><strong>qui,</strong></span> <span class='ocrx_word' id='word_1_411' title='bbox 3159 2619 3252 2677; x_wconf 90' lang='lat' dir='ltr'><strong>die</strong></span> <span class='ocrx_word' id='word_1_412' title='bbox 3297 2620 3598 2693; x_wconf 78' lang='lat' dir='ltr'><strong>assignate</strong></span> 
     </span>
    </p>
   </div>
   <div class='ocr_carea' id='block_1_57' title="bbox 1949 2707 3596 2782">
    <p class='ocr_par' dir='ltr' id='par_1_57' title="bbox 1949 2707 3596 2782">
     <span class='ocr_line' id='line_1_57' title="bbox 1949 2707 3596 2782; baseline 0.002 -20"><span class='ocrx_word' id='word_1_413' title='bbox 1949 2721 2138 2780; x_wconf 86' lang='lat' dir='ltr'><strong>usque</strong></span> <span class='ocrx_word' id='word_1_414' title='bbox 2167 2708 2239 2764; x_wconf 89' lang='lat' dir='ltr'><strong>ad</strong></span> <span class='ocrx_word' id='word_1_415' title='bbox 2269 2707 2472 2767; x_wconf 88' lang='lat' dir='ltr'><strong>horam</strong></span> <span class='ocrx_word' id='word_1_416' title='bbox 2505 2713 2730 2766; x_wconf 85' lang='lat' dir='ltr'><strong>sextam</strong></span> <span class='ocrx_word' id='word_1_417' title='bbox 2755 2725 2953 2766; x_wconf 87' lang='lat' dir='ltr'><strong>coram</strong></span> <span class='ocrx_word' id='word_1_418' title='bbox 2985 2710 3178 2782; x_wconf 87' lang='lat' dir='ltr'><strong>priore</strong></span> <span class='ocrx_word' id='word_1_419' title='bbox 3214 2725 3330 2766; x_wconf 87' lang='lat' dir='ltr'><strong>non</strong></span> <span class='ocrx_word' id='word_1_420' title='bbox 3361 2723 3596 2782; x_wconf 88' lang='lat' dir='ltr'><strong>compa-</strong></span> 
     </span>
    </p>
   </div>
   <div class='ocr_carea' id='block_1_58' title="bbox 1950 2785 3599 2872">
    <p class='ocr_par' dir='ltr' id='par_1_58' title="bbox 1950 2785 3599 2872">
     <span class='ocr_line' id='line_1_58' title="bbox 1950 2785 3599 2872; baseline 0.001 -20"><span class='ocrx_word' id='word_1_421' title='bbox 1950 2797 2152 2863; x_wconf 34' lang='lat' dir='ltr'><strong>ru‘erit,</strong></span> <span class='ocrx_word' id='word_1_422' title='bbox 2203 2801 2485 2869; x_wconf 85' lang='lat' dir='ltr'><strong>tanquam</strong></span> <span class='ocrx_word' id='word_1_423' title='bbox 2533 2799 2836 2856; x_wconf 79' lang='lat' dir='ltr'><strong>convictos</strong></span> <span class='ocrx_word' id='word_1_424' title='bbox 2883 2797 3268 2872; x_wconf 85' lang='lat' dir='ltr'><strong>judicabitur.</strong></span> <span class='ocrx_word' id='word_1_425' title='bbox 3325 2793 3514 2864; x_wconf 81' lang='lat' dir='ltr'><strong>Quod</strong></span> <span class='ocrx_word' id='word_1_426' title='bbox 3549 2785 3599 2854; x_wconf 80' lang='lat' dir='ltr'><strong>si</strong></span> 
     </span>
    </p>
   </div>
   <div class='ocr_carea' id='block_1_59' title="bbox 1949 2887 3600 2961">
    <p class='ocr_par' dir='ltr' id='par_1_59' title="bbox 1949 2887 3600 2961">
     <span class='ocr_line' id='line_1_59' title="bbox 1949 2887 3600 2961; baseline 0.001 -21"><span class='ocrx_word' id='word_1_427' title='bbox 1949 2899 2207 2958; x_wconf 78' lang='lat' dir='ltr'><strong>praesens</strong></span> <span class='ocrx_word' id='word_1_428' title='bbox 2262 2888 2424 2960; x_wconf 86' lang='lat' dir='ltr'><strong>prior</strong></span> <span class='ocrx_word' id='word_1_429' title='bbox 2479 2903 2594 2944; x_wconf 89' lang='lat' dir='ltr'><strong>non</strong></span> <span class='ocrx_word' id='word_1_430' title='bbox 2649 2889 2841 2958; x_wconf 72' lang='lat' dir='ltr'><strong>fuerit,</strong></span> <span class='ocrx_word' id='word_1_431' title='bbox 2897 2887 3184 2961; x_wconf 75' lang='lat' dir='ltr'><strong>claviger-0</strong></span> <span class='ocrx_word' id='word_1_432' title='bbox 3241 2901 3304 2944; x_wconf 85' lang='lat' dir='ltr'><strong>se</strong></span> <span class='ocrx_word' id='word_1_433' title='bbox 3343 2895 3600 2960; x_wconf 69' lang='lat' dir='ltr'><strong>praesen-</strong></span> 
     </span>
    </p>
   </div>
   <div class='ocr_carea' id='block_1_60' title="bbox 1949 2977 2052 3031">
    <p class='ocr_par' dir='ltr' id='par_1_60' title="bbox 1949 2977 2052 3031">
     <span class='ocr_line' id='line_1_60' title="bbox 1949 2977 2052 3031; baseline -0.01 0"><span class='ocrx_word' id='word_1_434' title='bbox 1949 2977 2052 3031; x_wconf 87' lang='lat' dir='ltr'><strong>tet.</strong></span> 
     </span>
    </p>
   </div>
   <div class='ocr_carea' id='block_1_61' title="bbox 2022 3061 3624 3138">
    <p class='ocr_par' dir='ltr' id='par_1_61' title="bbox 2022 3061 3624 3138">
     <span class='ocr_line' id='line_1_61' title="bbox 2022 3061 3624 3138; baseline -0.001 -19"><span class='ocrx_word' id='word_1_435' title='bbox 2022 3063 2164 3120; x_wconf 85' lang='lat' dir='ltr'><strong>Item</strong></span> <span class='ocrx_word' id='word_1_436' title='bbox 2197 3063 2268 3119; x_wconf 87' lang='lat' dir='ltr'><strong>de</strong></span> <span class='ocrx_word' id='word_1_437' title='bbox 2291 3077 2644 3138; x_wconf 85' lang='lat' dir='ltr'><strong>unaquaque</strong></span> <span class='ocrx_word' id='word_1_438' title='bbox 2655 3070 2926 3122; x_wconf 82' lang='lat' dir='ltr'><strong>sau&#39;mata</strong></span> <span class='ocrx_word' id='word_1_439' title='bbox 2949 3064 3244 3134; x_wconf 75' lang='lat' dir='ltr'><strong>lignorum</strong></span> <span class='ocrx_word' id='word_1_440' title='bbox 3255 3061 3624 3120; x_wconf 76' lang='lat' dir='ltr'><strong>dahitur‘do-~</strong></span> 
     </span>
    </p>
   </div>
   <div class='ocr_carea' id='block_1_62' title="bbox 1953 3149 3604 3228">
    <p class='ocr_par' dir='ltr' id='par_1_62' title="bbox 1953 3149 3604 3228">
     <span class='ocr_line' id='line_1_62' title="bbox 1953 3149 3604 3228; baseline 0.001 -21"><span class='ocrx_word' id='word_1_441' title='bbox 1953 3153 2076 3207; x_wconf 74' lang='lat' dir='ltr'><strong>tnui</strong></span> <span class='ocrx_word' id='word_1_442' title='bbox 2109 3157 2321 3209; x_wconf 63' lang='lat' dir='ltr'><strong>nostris</strong></span> <span class='ocrx_word' id='word_1_443' title='bbox 2351 3167 2535 3209; x_wconf 86' lang='lat' dir='ltr'><strong>unum</strong></span> <span class='ocrx_word' id='word_1_444' title='bbox 2567 3153 2795 3228; x_wconf 79' lang='lat' dir='ltr'><strong>lignum</strong></span> <span class='ocrx_word' id='word_1_445' title='bbox 2827 3171 2931 3228; x_wconf 84' lang='lat' dir='ltr'><strong>per</strong></span> <span class='ocrx_word' id='word_1_446' title='bbox 2957 3169 3163 3210; x_wconf 86' lang='lat' dir='ltr'><strong>omnes</strong></span> <span class='ocrx_word' id='word_1_447' title='bbox 3183 3155 3382 3226; x_wconf 81' lang='lat' dir='ltr'><strong>portas</strong></span> <span class='ocrx_word' id='word_1_448' title='bbox 3403 3149 3474 3208; x_wconf 82' lang='lat' dir='ltr'><strong>de</strong></span> <span class='ocrx_word' id='word_1_449' title='bbox 3505 3151 3604 3208; x_wconf 84' lang='lat' dir='ltr'><strong>his</strong></span> 
     </span>
    </p>
   </div>
   <div class='ocr_carea' id='block_1_63' title="bbox 263 3227 2532 3317">
    <p class='ocr_par' dir='ltr' id='par_1_63' title="bbox 263 3227 2532 3317">
     <span class='ocr_line' id='line_1_63' title="bbox 263 3227 2532 3317; baseline 0.005 -22"><span class='ocrx_word' id='word_1_450' title='bbox 263 3239 324 3295; x_wconf 90' lang='lat' dir='ltr'><strong>Si</strong></span> <span class='ocrx_word' id='word_1_451' title='bbox 355 3237 579 3297; x_wconf 67' lang='lat' dir='ltr'><strong>balinns</strong></span> <span class='ocrx_word' id='word_1_452' title='bbox 605 3242 826 3300; x_wconf 69' lang='lat' dir='ltr'><strong>feratur</strong></span> <span class='ocrx_word' id='word_1_453' title='bbox 853 3261 958 3317; x_wconf 86' lang='lat' dir='ltr'><strong>per</strong></span> <span class='ocrx_word' id='word_1_454' title='bbox 979 3251 1140 3302; x_wconf 82' lang='lat' dir='ltr'><strong>mare</strong></span> <span class='ocrx_word' id='word_1_455' title='bbox 1153 3227 1442 3310; x_wconf 81' lang='lat' dir='ltr'><strong>frust‘rum</strong></span> <span class='ocrx_word' id='word_1_456' title='bbox 1472 3248 1710 3306; x_wconf 80' lang='lat' dir='ltr'><strong>habebit</strong></span> <span class='ocrx_word' id='word_1_457' title='bbox 1726 3249 1843 3306; x_wconf 88' lang='lat' dir='ltr'><strong>cla-</strong></span> <span class='ocrx_word' id='word_1_458' title='bbox 1869 3227 1922 3296; x_wconf 65' lang='grc' dir='ltr'><strong>(ἶ</strong></span> <span class='ocrx_word' id='word_1_459' title='bbox 1953 3241 2056 3314; x_wconf 82' lang='lat' dir='ltr'><strong>qui</strong></span> <span class='ocrx_word' id='word_1_460' title='bbox 2089 3247 2230 3298; x_wconf 67' lang='lat' dir='ltr'><strong>sunt</strong></span> <span class='ocrx_word' id='word_1_461' title='bbox 2255 3243 2532 3300; x_wconf 67' lang='lat' dir='ltr'><strong>extranei.</strong></span> 
     </span>
    </p>
   </div>
   <div class='ocr_carea' id='block_1_64' title="bbox 188 3327 1839 3411">
    <p class='ocr_par' dir='ltr' id='par_1_64' title="bbox 188 3327 1839 3411">
     <span class='ocr_line' id='line_1_64' title="bbox 188 3327 1839 3411; baseline 0.007 -27"><span class='ocrx_word' id='word_1_462' title='bbox 188 3327 391 3400; x_wconf 89' lang='lat' dir='ltr'><strong>viger;</strong></span> <span class='ocrx_word' id='word_1_463' title='bbox 423 3329 472 3384; x_wconf 88' lang='lat' dir='ltr'><strong>si</strong></span> <span class='ocrx_word' id='word_1_464' title='bbox 503 3347 607 3402; x_wconf 90' lang='lat' dir='ltr'><strong>per</strong></span> <span class='ocrx_word' id='word_1_465' title='bbox 635 3335 820 3389; x_wconf 87' lang='lat' dir='ltr'><strong>terras</strong></span> <span class='ocrx_word' id='word_1_466' title='bbox 853 3333 1074 3390; x_wconf 85' lang='lat' dir='ltr'><strong>feratur</strong></span> <span class='ocrx_word' id='word_1_467' title='bbox 1099 3335 1189 3391; x_wconf 84' lang='lat' dir='ltr'><strong>vel</strong></span> <span class='ocrx_word' id='word_1_468' title='bbox 1219 3335 1316 3392; x_wconf 72' lang='lat' dir='ltr'><strong>alii</strong></span> <span class='ocrx_word' id='word_1_469' title='bbox 1349 3337 1594 3409; x_wconf 88' lang='lat' dir='ltr'><strong>quilibet</strong></span> <span class='ocrx_word' id='word_1_470' title='bbox 1630 3339 1839 3411; x_wconf 83' lang='lat' dir='ltr'><strong>pisces,</strong></span> 
     </span>
    </p>
   </div>
   <div class='ocr_carea' id='block_1_65' title="bbox 191 3416 1846 3564">
    <p class='ocr_par' dir='ltr' id='par_1_65' title="bbox 191 3416 1846 3564">
     <span class='ocr_line' id='line_1_65' title="bbox 191 3416 1846 3562; baseline 0.007 -90"><span class='ocrx_word' id='word_1_471' title='bbox 191 3416 482 3562; x_wconf 57' lang='lat' dir='ltr'><strong>ﬁazdsicnt</strong></span> <span class='ocrx_word' id='word_1_472' title='bbox 505 3420 778 3492; x_wconf 80' lang='lat' dir='ltr'><strong>superius</strong></span> <span class='ocrx_word' id='word_1_473' title='bbox 807 3423 1094 3495; x_wconf 86' lang='lat' dir='ltr'><strong>scriptum</strong></span> <span class='ocrx_word' id='word_1_474' title='bbox 1123 3428 1216 3481; x_wconf 86' lang='lat' dir='ltr'><strong>est</strong></span> <span class='ocrx_word' id='word_1_475' title='bbox 1241 3425 1314 3482; x_wconf 80' lang='lat' dir='ltr'><strong>de</strong></span> <span class='ocrx_word' id='word_1_476' title='bbox 1336 3426 1554 3500; x_wconf 83' lang='lat' dir='ltr'><strong>colagis</strong></span> <span class='ocrx_word' id='word_1_477' title='bbox 1581 3427 1670 3483; x_wconf 90' lang='lat' dir='ltr'><strong>vel</strong></span> <span class='ocrx_word' id='word_1_478' title='bbox 1702 3427 1846 3484; x_wconf 87' lang='lat' dir='ltr'><strong>lam-</strong></span> 
     </span>
     <span class='ocr_line' id='line_1_66' title="bbox 192 3519 411 3564; baseline -0.009 0"><span class='ocrx_word' id='word_1_479' title='bbox 192 3521 266 3564; x_wconf 83' lang='lat' dir='ltr'><strong>nr</strong></span> <span class='ocrx_word' id='word_1_480' title='bbox 341 3519 411 3564; x_wconf 81' lang='lat' dir='ltr'><strong>is.</strong></span> 
     </span>
    </p>
   </div>
   <div class='ocr_carea' id='block_1_66' title="bbox 192 3521 1845 3682">
    <p class='ocr_par' dir='ltr' id='par_1_66' title="bbox 192 3521 1845 3682">
     <span class='ocr_line' id='line_1_67' title="bbox 233 3521 411 3562; baseline 0 0"><span class='ocrx_word' id='word_1_481' title='bbox 233 3521 358 3562; x_wconf 77' lang='lat' dir='ltr'><strong>rem</strong></span> <span class='ocrx_word' id='word_1_482' title='bbox 398 3547 411 3562; x_wconf 94' lang='lat'><strong>.</strong></span> 
     </span>
     <span class='ocr_line' id='line_1_68' title="bbox 192 3521 1845 3682; baseline 0.005 -31"><span class='ocrx_word' id='word_1_483' title='bbox 192 3521 232 3578; x_wconf 68' lang='grc' dir='ltr'>Ρ</span> <span class='ocrx_word' id='word_1_484' title='bbox 267 3521 410 3654; x_wconf 58' lang='lat' dir='ltr'><strong>Iter;</strong></span> <span class='ocrx_word' id='word_1_485' title='bbox 441 3597 512 3654; x_wconf 82' lang='lat' dir='ltr'><strong>de</strong></span> <span class='ocrx_word' id='word_1_486' title='bbox 541 3597 636 3655; x_wconf 87' lang='lat' dir='ltr'><strong>his</strong></span> <span class='ocrx_word' id='word_1_487' title='bbox 663 3615 792 3682; x_wconf 72' lang='lat' dir='ltr'><strong>quin</strong></span> <span class='ocrx_word' id='word_1_488' title='bbox 823 3601 1158 3658; x_wconf 83' lang='lat' dir='ltr'><strong>ven-duntur</strong></span> <span class='ocrx_word' id='word_1_489' title='bbox 1185 3603 1244 3658; x_wconf 87' lang='lat' dir='ltr'><strong>in</strong></span> <span class='ocrx_word' id='word_1_490' title='bbox 1279 3603 1421 3672; x_wconf 83' lang='lat' dir='ltr'><strong>foro;</strong></span> <span class='ocrx_word' id='word_1_491' title='bbox 1441 3605 1514 3660; x_wconf 88' lang='lat' dir='ltr'><strong>de</strong></span> <span class='ocrx_word' id='word_1_492' title='bbox 1539 3619 1714 3677; x_wconf 84' lang='lat' dir='ltr'><strong>porco</strong></span> <span class='ocrx_word' id='word_1_493' title='bbox 1745 3603 1845 3677; x_wconf 87' lang='lat' dir='ltr'><strong>qui</strong></span> 
     </span>
    </p>
   </div>
   <div class='ocr_carea' id='block_1_67' title="bbox 192 3684 1845 3767">
    <p class='ocr_par' dir='ltr' id='par_1_67' title="bbox 192 3684 1845 3767">
     <span class='ocr_line' id='line_1_69' title="bbox 192 3684 1845 3767; baseline 0.007 -29"><span class='ocrx_word' id='word_1_494' title='bbox 192 3684 468 3744; x_wconf 82' lang='lat' dir='ltr'><strong>venditur</strong></span> <span class='ocrx_word' id='word_1_495' title='bbox 505 3685 660 3746; x_wconf 83' lang='lat' dir='ltr'><strong>ultra</strong></span> <span class='ocrx_word' id='word_1_496' title='bbox 687 3690 761 3745; x_wconf 77' lang='lat'><strong>20</strong></span> <span class='ocrx_word' id='word_1_497' title='bbox 787 3690 1058 3748; x_wconf 77' lang='lat' dir='ltr'><strong>denarios</strong></span> <span class='ocrx_word' id='word_1_498' title='bbox 1090 3692 1334 3765; x_wconf 85' lang='lat' dir='ltr'><strong>accipiet</strong></span> <span class='ocrx_word' id='word_1_499' title='bbox 1377 3693 1632 3767; x_wconf 79' lang='lat' dir='ltr'><strong>clavi-ger</strong></span> <span class='ocrx_word' id='word_1_500' title='bbox 1660 3709 1845 3749; x_wconf 87' lang='lat' dir='ltr'><strong>unum</strong></span> 
     </span>
    </p>
   </div>
   <div class='ocr_carea' id='block_1_68' title="bbox 194 3772 1890 3854">
    <p class='ocr_par' dir='ltr' id='par_1_68' title="bbox 194 3772 1890 3854">
     <span class='ocr_line' id='line_1_70' title="bbox 194 3772 1890 3854; baseline 0.006 -26"><span class='ocrx_word' id='word_1_501' title='bbox 194 3772 503 3831; x_wconf 76' lang='lat' dir='ltr'><strong>denarium</strong></span> <span class='ocrx_word' id='word_1_502' title='bbox 529 3793 544 3844; x_wconf 88' lang='lat'><strong>;</strong></span> <span class='ocrx_word' id='word_1_503' title='bbox 572 3779 630 3832; x_wconf 91' lang='lat' dir='ltr'><strong>et</strong></span> <span class='ocrx_word' id='word_1_504' title='bbox 671 3777 721 3834; x_wconf 88' lang='lat' dir='ltr'><strong>si</strong></span> <span class='ocrx_word' id='word_1_505' title='bbox 763 3778 986 3848; x_wconf 87' lang='lat' dir='ltr'><strong>minus,</strong></span> <span class='ocrx_word' id='word_1_506' title='bbox 1017 3780 1255 3836; x_wconf 82' lang='lat' dir='ltr'><strong>obolu‘m</strong></span> <span class='ocrx_word' id='word_1_507' title='bbox 1287 3798 1299 3836; x_wconf 92' lang='lat'>:</span> <span class='ocrx_word' id='word_1_508' title='bbox 1331 3782 1404 3838; x_wconf 88' lang='lat' dir='ltr'><strong>de</strong></span> <span class='ocrx_word' id='word_1_509' title='bbox 1433 3799 1610 3854; x_wconf 81' lang='lat' dir='ltr'><strong>capra</strong></span> <span class='ocrx_word' id='word_1_510' title='bbox 1635 3782 1846 3838; x_wconf 87' lang='lat' dir='ltr'><strong>simili-</strong></span> <span class='ocrx_word' id='word_1_511' title='bbox 1888 3789 1890 3792; x_wconf 78' lang='grc'><em>’</em></span> 
     </span>
    </p>
   </div>
   <div class='ocr_carea' id='block_1_69' title="bbox 193 3862 1850 3936">
    <p class='ocr_par' dir='ltr' id='par_1_69' title="bbox 193 3862 1850 3936">
     <span class='ocr_line' id='line_1_71' title="bbox 193 3862 1850 3936; baseline 0.007 -20"><span class='ocrx_word' id='word_1_512' title='bbox 193 3864 328 3930; x_wconf 81' lang='lat' dir='ltr'><strong>ter;</strong></span> <span class='ocrx_word' id='word_1_513' title='bbox 371 3862 445 3920; x_wconf 88' lang='lat' dir='ltr'><strong>de</strong></span> <span class='ocrx_word' id='word_1_514' title='bbox 487 3873 662 3922; x_wconf 79' lang='lat' dir='ltr'><strong>vacca</strong></span> <span class='ocrx_word' id='word_1_515' title='bbox 711 3865 1021 3936; x_wconf 88' lang='lat' dir='ltr'><strong>similiter;</strong></span> <span class='ocrx_word' id='word_1_516' title='bbox 1068 3870 1140 3925; x_wconf 89' lang='lat' dir='ltr'><strong>de</strong></span> <span class='ocrx_word' id='word_1_517' title='bbox 1190 3871 1334 3926; x_wconf 89' lang='lat' dir='ltr'><strong>bove</strong></span> <span class='ocrx_word' id='word_1_518' title='bbox 1385 3869 1712 3927; x_wconf 83' lang='lat' dir='ltr'><strong>denarium.</strong></span> <span class='ocrx_word' id='word_1_519' title='bbox 1767 3873 1850 3928; x_wconf 85' lang='lat' dir='ltr'><strong>De</strong></span> 
     </span>
    </p>
   </div>
   <div class='ocr_carea' id='block_1_70' title="bbox 197 3950 1850 4030">
    <p class='ocr_par' dir='ltr' id='par_1_70' title="bbox 197 3950 1850 4030">
     <span class='ocr_line' id='line_1_72' title="bbox 197 3950 1850 4030; baseline 0.007 -24"><span class='ocrx_word' id='word_1_520' title='bbox 197 3967 300 4007; x_wconf 74' lang='lat' dir='ltr'><strong>ove</strong></span> <span class='ocrx_word' id='word_1_521' title='bbox 327 3950 483 4008; x_wconf 75' lang='lat' dir='ltr'><strong>sicut</strong></span> <span class='ocrx_word' id='word_1_522' title='bbox 526 3954 599 4010; x_wconf 86' lang='lat' dir='ltr'><strong>de</strong></span> <span class='ocrx_word' id='word_1_523' title='bbox 647 3969 860 4027; x_wconf 87' lang='lat' dir='ltr'><strong>porco;</strong></span> <span class='ocrx_word' id='word_1_524' title='bbox 911 3958 982 4013; x_wconf 87' lang='lat' dir='ltr'><strong>de</strong></span> <span class='ocrx_word' id='word_1_525' title='bbox 1025 3958 1192 4014; x_wconf 85' lang='lat' dir='ltr'><strong>asin-0</strong></span> <span class='ocrx_word' id='word_1_526' title='bbox 1241 3959 1395 4015; x_wconf 85' lang='lat' dir='ltr'><strong>sicut</strong></span> <span class='ocrx_word' id='word_1_527' title='bbox 1437 3961 1509 4016; x_wconf 88' lang='lat' dir='ltr'><strong>de</strong></span> <span class='ocrx_word' id='word_1_528' title='bbox 1553 3961 1737 4030; x_wconf 85' lang='lat' dir='ltr'><strong>bove;</strong></span> <span class='ocrx_word' id='word_1_529' title='bbox 1775 3962 1850 4016; x_wconf 86' lang='lat' dir='ltr'><strong>de</strong></span> 
     </span>
    </p>
   </div>
   <div class='ocr_carea' id='block_1_71' title="bbox 199 4042 1847 4118">
    <p class='ocr_par' dir='ltr' id='par_1_71' title="bbox 199 4042 1847 4118">
     <span class='ocr_line' id='line_1_73' title="bbox 199 4042 1847 4118; baseline 0.005 -22"><span class='ocrx_word' id='word_1_530' title='bbox 199 4055 350 4112; x_wconf 80' lang='lat' dir='ltr'><strong>equo</strong></span> <span class='ocrx_word' id='word_1_531' title='bbox 376 4045 434 4098; x_wconf 79' lang='lat' dir='ltr'><strong>et</strong></span> <span class='ocrx_word' id='word_1_532' title='bbox 461 4042 622 4100; x_wconf 83' lang='lat' dir='ltr'><strong>mulo</strong></span> <span class='ocrx_word' id='word_1_533' title='bbox 649 4047 904 4115; x_wconf 78' lang='lat' dir='ltr'><strong>quatuor</strong></span> <span class='ocrx_word' id='word_1_534' title='bbox 933 4046 1204 4102; x_wconf 84' lang='lat' dir='ltr'><strong>denarios</strong></span> <span class='ocrx_word' id='word_1_535' title='bbox 1229 4065 1242 4116; x_wconf 93' lang='lat'><strong>;</strong></span> <span class='ocrx_word' id='word_1_536' title='bbox 1277 4049 1346 4106; x_wconf 87' lang='lat' dir='ltr'><strong>de</strong></span> <span class='ocrx_word' id='word_1_537' title='bbox 1373 4048 1572 4105; x_wconf 87' lang='lat' dir='ltr'><strong>ciﬁset</strong></span> <span class='ocrx_word' id='word_1_538' title='bbox 1599 4048 1847 4118; x_wconf 77' lang='lat' dir='ltr'><strong>salariis,</strong></span> 
     </span>
    </p>
   </div>
   <div class='ocr_carea' id='block_1_72' title="bbox 201 4129 1847 4208">
    <p class='ocr_par' dir='ltr' id='par_1_72' title="bbox 201 4129 1847 4208">
     <span class='ocr_line' id='line_1_74' title="bbox 201 4129 1847 4208; baseline 0.005 -22"><span class='ocrx_word' id='word_1_539' title='bbox 201 4129 272 4186; x_wconf 87' lang='lat' dir='ltr'><strong>de</strong></span> <span class='ocrx_word' id='word_1_540' title='bbox 301 4139 468 4187; x_wconf 78' lang='lat' dir='ltr'><strong>earra</strong></span> <span class='ocrx_word' id='word_1_541' title='bbox 491 4131 696 4190; x_wconf 66' lang='lat' dir='ltr'><strong>bestias</strong></span> <span class='ocrx_word' id='word_1_542' title='bbox 725 4138 978 4208; x_wconf 81' lang='lat' dir='ltr'><strong>quatuor</strong></span> <span class='ocrx_word' id='word_1_543' title='bbox 1001 4135 1146 4191; x_wconf 84' lang='lat' dir='ltr'><strong>cifos</strong></span> <span class='ocrx_word' id='word_1_544' title='bbox 1185 4141 1244 4192; x_wconf 86' lang='lat' dir='ltr'><strong>et</strong></span> <span class='ocrx_word' id='word_1_545' title='bbox 1271 4136 1515 4193; x_wconf 84' lang='lat' dir='ltr'><strong>totidem</strong></span> <span class='ocrx_word' id='word_1_546' title='bbox 1561 4137 1805 4194; x_wconf 84' lang='lat' dir='ltr'><strong>salerios</strong></span> <span class='ocrx_word' id='word_1_547' title='bbox 1831 4157 1847 4208; x_wconf 92' lang='lat'><strong>;</strong></span> 
     </span>
    </p>
   </div>
   <div class='ocr_carea' id='block_1_73' title="bbox 199 4218 1852 4283">
    <p class='ocr_par' dir='ltr' id='par_1_73' title="bbox 199 4218 1852 4283">
     <span class='ocr_line' id='line_1_75' title="bbox 199 4218 1852 4283; baseline 0.005 -9"><span class='ocrx_word' id='word_1_548' title='bbox 199 4218 274 4274; x_wconf 85' lang='lat' dir='ltr'><strong>de</strong></span> <span class='ocrx_word' id='word_1_549' title='bbox 317 4219 464 4276; x_wconf 72' lang='lat' dir='ltr'><strong>collo</strong></span> <span class='ocrx_word' id='word_1_550' title='bbox 515 4225 726 4279; x_wconf 86' lang='lat' dir='ltr'><strong>onusto</strong></span> <span class='ocrx_word' id='word_1_551' title='bbox 775 4223 942 4280; x_wconf 86' lang='lat' dir='ltr'><strong>duos.</strong></span> <span class='ocrx_word' id='word_1_552' title='bbox 979 4223 1080 4280; x_wconf 91' lang='lat' dir='ltr'><strong>Die</strong></span> <span class='ocrx_word' id='word_1_553' title='bbox 1127 4225 1364 4281; x_wconf 85' lang='lat' dir='ltr'><strong>Sabbati</strong></span> <span class='ocrx_word' id='word_1_554' title='bbox 1420 4243 1590 4282; x_wconf 84' lang='lat' dir='ltr'><strong>nemo</strong></span> <span class='ocrx_word' id='word_1_555' title='bbox 1637 4229 1852 4283; x_wconf 82' lang='lat' dir='ltr'><strong>vendat</strong></span> 
     </span>
    </p>
   </div>
   <div class='ocr_carea' id='block_1_74' title="bbox 199 4306 1850 4388">
    <p class='ocr_par' dir='ltr' id='par_1_74' title="bbox 199 4306 1850 4388">
     <span class='ocr_line' id='line_1_76' title="bbox 199 4306 1850 4388; baseline 0.006 -26"><span class='ocrx_word' id='word_1_556' title='bbox 199 4306 357 4363; x_wconf 85' lang='lat' dir='ltr'><strong>intra</strong></span> <span class='ocrx_word' id='word_1_557' title='bbox 383 4307 471 4364; x_wconf 91' lang='lat' dir='ltr'><strong>vel</strong></span> <span class='ocrx_word' id='word_1_558' title='bbox 499 4315 662 4366; x_wconf 84' lang='lat' dir='ltr'><strong>extra</strong></span> <span class='ocrx_word' id='word_1_559' title='bbox 690 4309 934 4383; x_wconf 90' lang='lat' dir='ltr'><strong>aliquid,</strong></span> <span class='ocrx_word' id='word_1_560' title='bbox 966 4312 1108 4384; x_wconf 91' lang='lat' dir='ltr'><strong>quin</strong></span> <span class='ocrx_word' id='word_1_561' title='bbox 1140 4315 1348 4370; x_wconf 89' lang='lat' dir='ltr'><strong>reddat</strong></span> <span class='ocrx_word' id='word_1_562' title='bbox 1391 4315 1686 4388; x_wconf 68' lang='lat' dir='ltr'><strong>claviger-0&#39;</strong></span> <span class='ocrx_word' id='word_1_563' title='bbox 1715 4331 1850 4372; x_wconf 82' lang='lat' dir='ltr'><strong>con-</strong></span> 
     </span>
    </p>
   </div>
   <div class='ocr_carea' id='block_1_75' title="bbox 200 4397 712 4458">
    <p class='ocr_par' dir='ltr' id='par_1_75' title="bbox 200 4397 712 4458">
     <span class='ocr_line' id='line_1_77' title="bbox 200 4397 712 4458; baseline 0.006 -6"><span class='ocrx_word' id='word_1_564' title='bbox 200 4399 402 4454; x_wconf 80' lang='lat' dir='ltr'><strong>suetos</strong></span> <span class='ocrx_word' id='word_1_565' title='bbox 429 4397 712 4458; x_wconf 78' lang='lat' dir='ltr'><strong>redditus.</strong></span> 
     </span>
    </p>
   </div>
   <div class='ocr_carea' id='block_1_76' title="bbox 265 4485 1854 4565">
    <p class='ocr_par' dir='ltr' id='par_1_76' title="bbox 265 4485 1854 4565">
     <span class='ocr_line' id='line_1_78' title="bbox 265 4485 1854 4565; baseline 0.004 -21"><span class='ocrx_word' id='word_1_566' title='bbox 265 4485 573 4546; x_wconf 56' lang='lat' dir='ltr'><strong>sulatum</strong></span> <span class='ocrx_word' id='word_1_567' title='bbox 595 4491 690 4544; x_wconf 66' lang='lat' dir='ltr'><strong>est</strong></span> <span class='ocrx_word' id='word_1_568' title='bbox 713 4487 894 4564; x_wconf 75' lang='lat' dir='ltr'><strong>etiam</strong></span> <span class='ocrx_word' id='word_1_569' title='bbox 925 4491 1083 4561; x_wconf 84' lang='lat' dir='ltr'><strong>quod</strong></span> <span class='ocrx_word' id='word_1_570' title='bbox 1113 4490 1168 4546; x_wconf 91' lang='lat' dir='ltr'><strong>si</strong></span> <span class='ocrx_word' id='word_1_571' title='bbox 1213 4491 1350 4563; x_wconf 78' lang='lat' dir='ltr'><strong>quis</strong></span> <span class='ocrx_word' id='word_1_572' title='bbox 1395 4505 1641 4565; x_wconf 85' lang='lat' dir='ltr'><strong>porcum</strong></span> <span class='ocrx_word' id='word_1_573' title='bbox 1689 4498 1854 4551; x_wconf 68' lang='lat' dir='ltr'><strong>extra</strong></span> 
     </span>
    </p>
   </div>
   <div class='ocr_carea' id='block_1_77' title="bbox 2023 3323 3632 3406">
    <p class='ocr_par' dir='ltr' id='par_1_77' title="bbox 2023 3323 3632 3406">
     <span class='ocr_line' id='line_1_79' title="bbox 2023 3323 3632 3406; baseline 0 -20"><span class='ocrx_word' id='word_1_574' title='bbox 2023 3331 2318 3387; x_wconf 87' lang='lat' dir='ltr'><strong>Statutum</strong></span> <span class='ocrx_word' id='word_1_575' title='bbox 2350 3335 2438 3388; x_wconf 89' lang='lat' dir='ltr'><strong>est</strong></span> <span class='ocrx_word' id='word_1_576' title='bbox 2462 3332 2638 3388; x_wconf 87' lang='lat' dir='ltr'><strong>etiam</strong></span> <span class='ocrx_word' id='word_1_577' title='bbox 2669 3332 2824 3404; x_wconf 89' lang='lat' dir='ltr'><strong>quod</strong></span> <span class='ocrx_word' id='word_1_578' title='bbox 2867 3331 3044 3404; x_wconf 88' lang='lat' dir='ltr'><strong>priori</strong></span> <span class='ocrx_word' id='word_1_579' title='bbox 3095 3334 3353 3406; x_wconf 84' lang='lat' dir='ltr'><strong>tempore</strong></span> <span class='ocrx_word' id='word_1_580' title='bbox 3397 3325 3597 3386; x_wconf 81' lang='lat' dir='ltr'><strong>vinds-</strong></span> <span class='ocrx_word' id='word_1_581' title='bbox 3629 3323 3632 3326; x_wconf 34' lang='grc'><em>⁴</em></span> 
     </span>
    </p>
   </div>
   <div class='ocr_carea' id='block_1_78' title="bbox 1953 3410 3602 3494">
    <p class='ocr_par' dir='ltr' id='par_1_78' title="bbox 1953 3410 3602 3494">
     <span class='ocr_line' id='line_1_80' title="bbox 1953 3410 3602 3494; baseline 0.001 -20"><span class='ocrx_word' id='word_1_582' title='bbox 1953 3419 2206 3476; x_wconf 83' lang='lat' dir='ltr'><strong>miarum</strong></span> <span class='ocrx_word' id='word_1_583' title='bbox 2239 3433 2344 3492; x_wconf 78' lang='lat' dir='ltr'><strong>per</strong></span> <span class='ocrx_word' id='word_1_584' title='bbox 2363 3431 2566 3478; x_wconf 86' lang='lat' dir='ltr'><strong>omnes</strong></span> <span class='ocrx_word' id='word_1_585' title='bbox 2597 3410 2794 3493; x_wconf 79' lang='lat' dir='ltr'><strong>portas</strong></span> <span class='ocrx_word' id='word_1_586' title='bbox 2821 3420 2970 3477; x_wconf 74' lang='lat' dir='ltr'><strong>villa:</strong></span> <span class='ocrx_word' id='word_1_587' title='bbox 2990 3419 3602 3494; x_wconf 75' lang='lat' dir='ltr'><strong>dirigetuuntios‘squ</strong></span> 
     </span>
    </p>
   </div>
   <div class='ocr_carea' id='block_1_79' title="bbox 1953 3507 3604 3583">
    <p class='ocr_par' dir='ltr' id='par_1_79' title="bbox 1953 3507 3604 3583">
     <span class='ocr_line' id='line_1_81' title="bbox 1953 3507 3604 3583; baseline -0.001 -18"><span class='ocrx_word' id='word_1_588' title='bbox 1953 3509 2024 3566; x_wconf 89' lang='lat' dir='ltr'><strong>ad</strong></span> <span class='ocrx_word' id='word_1_589' title='bbox 2058 3521 2308 3581; x_wconf 82' lang='lat' dir='ltr'><strong>quorum</strong></span> <span class='ocrx_word' id='word_1_590' title='bbox 2337 3513 2717 3583; x_wconf 84' lang='lat' dir='ltr'><strong>conspectum</strong></span> <span class='ocrx_word' id='word_1_591' title='bbox 2747 3509 2983 3566; x_wconf 65' lang='lat' dir='ltr'><strong>decimas</strong></span> <span class='ocrx_word' id='word_1_592' title='bbox 3029 3509 3150 3564; x_wconf 89' lang='lat' dir='ltr'><strong>vini</strong></span> <span class='ocrx_word' id='word_1_593' title='bbox 3181 3511 3238 3565; x_wconf 91' lang='lat' dir='ltr'><strong>et</strong></span> <span class='ocrx_word' id='word_1_594' title='bbox 3285 3511 3495 3582; x_wconf 82' lang='lat' dir='ltr'><strong>quarta</strong></span> <span class='ocrx_word' id='word_1_595' title='bbox 3539 3507 3604 3563; x_wconf 82' lang='lat' dir='ltr'><strong>ﬁ-</strong></span> 
     </span>
    </p>
   </div>
   <div class='ocr_carea' id='block_1_80' title="bbox 1954 3593 3604 3672">
    <p class='ocr_par' dir='ltr' id='par_1_80' title="bbox 1954 3593 3604 3672">
     <span class='ocr_line' id='line_1_82' title="bbox 1954 3593 3604 3672; baseline 0 -19"><span class='ocrx_word' id='word_1_596' title='bbox 1954 3597 2149 3654; x_wconf 85' lang='lat' dir='ltr'><strong>diliter</strong></span> <span class='ocrx_word' id='word_1_597' title='bbox 2174 3597 2512 3668; x_wconf 82' lang='lat' dir='ltr'><strong>reddantur,</strong></span> <span class='ocrx_word' id='word_1_598' title='bbox 2547 3602 2719 3672; x_wconf 86' lang='lat' dir='ltr'><strong>prout</strong></span> <span class='ocrx_word' id='word_1_599' title='bbox 2743 3598 2806 3655; x_wconf 89' lang='lat' dir='ltr'><strong>in</strong></span> <span class='ocrx_word' id='word_1_600' title='bbox 2839 3598 3074 3672; x_wconf 79' lang='lat' dir='ltr'><strong>scriptis</strong></span> <span class='ocrx_word' id='word_1_601' title='bbox 3113 3611 3316 3672; x_wconf 81' lang='lat' dir='ltr'><strong>eorum</strong></span> <span class='ocrx_word' id='word_1_602' title='bbox 3346 3593 3604 3654; x_wconf 80' lang='lat' dir='ltr'><strong>contine-</strong></span> 
     </span>
    </p>
   </div>
   <div class='ocr_carea' id='block_1_81' title="bbox 1955 3683 3604 3761">
    <p class='ocr_par' dir='ltr' id='par_1_81' title="bbox 1955 3683 3604 3761">
     <span class='ocr_line' id='line_1_83' title="bbox 1955 3683 3604 3761; baseline 0 -19"><span class='ocrx_word' id='word_1_603' title='bbox 1955 3687 2134 3743; x_wconf 85' lang='lat' dir='ltr'><strong>bitur.</strong></span> <span class='ocrx_word' id='word_1_604' title='bbox 2171 3688 2238 3748; x_wconf 80' lang='lat' dir='ltr'><strong>Et</strong></span> <span class='ocrx_word' id='word_1_605' title='bbox 2267 3688 2482 3743; x_wconf 83' lang='lat' dir='ltr'><strong>debent</strong></span> <span class='ocrx_word' id='word_1_606' title='bbox 2497 3688 2724 3744; x_wconf 85' lang='lat' dir='ltr'><strong>deferre</strong></span> <span class='ocrx_word' id='word_1_607' title='bbox 2755 3687 2839 3744; x_wconf 83' lang='lat' dir='ltr'><strong>illi</strong></span> <span class='ocrx_word' id='word_1_608' title='bbox 2881 3697 3134 3761; x_wconf 85' lang='lat' dir='ltr'><strong>quorum</strong></span> <span class='ocrx_word' id='word_1_609' title='bbox 3166 3691 3304 3746; x_wconf 84' lang='lat' dir='ltr'><strong>sunt</strong></span> <span class='ocrx_word' id='word_1_610' title='bbox 3330 3683 3509 3743; x_wconf 77' lang='lat' dir='ltr'><strong>vineae</strong></span> <span class='ocrx_word' id='word_1_611' title='bbox 3531 3685 3604 3758; x_wconf 85' lang='lat' dir='ltr'><strong>ad</strong></span> 
     </span>
    </p>
   </div>
   <div class='ocr_carea' id='block_1_82' title="bbox 1953 3775 3604 3850">
    <p class='ocr_par' dir='ltr' id='par_1_82' title="bbox 1953 3775 3604 3850">
     <span class='ocr_line' id='line_1_84' title="bbox 1953 3775 3604 3850; baseline -0.001 -18"><span class='ocrx_word' id='word_1_612' title='bbox 1953 3776 2212 3833; x_wconf 85' lang='lat' dir='ltr'><strong>torcular</strong></span> <span class='ocrx_word' id='word_1_613' title='bbox 2229 3776 2440 3849; x_wconf 86' lang='lat' dir='ltr'><strong>prioris</strong></span> <span class='ocrx_word' id='word_1_614' title='bbox 2471 3776 2598 3833; x_wconf 85' lang='lat' dir='ltr'><strong>sine</strong></span> <span class='ocrx_word' id='word_1_615' title='bbox 2626 3777 2816 3850; x_wconf 89' lang='lat' dir='ltr'><strong>ipsius</strong></span> <span class='ocrx_word' id='word_1_616' title='bbox 2845 3777 3157 3850; x_wconf 83' lang='lat' dir='ltr'><strong>adjutorio.</strong></span> <span class='ocrx_word' id='word_1_617' title='bbox 3189 3779 3330 3834; x_wconf 89' lang='lat' dir='ltr'><strong>Item</strong></span> <span class='ocrx_word' id='word_1_618' title='bbox 3377 3775 3450 3832; x_wconf 86' lang='lat' dir='ltr'><strong>de</strong></span> <span class='ocrx_word' id='word_1_619' title='bbox 3481 3789 3604 3831; x_wconf 90' lang='lat' dir='ltr'><strong>om-</strong></span> 
     </span>
    </p>
   </div>
   <div class='ocr_carea' id='block_1_83' title="bbox 1956 3855 3605 3942">
    <p class='ocr_par' dir='ltr' id='par_1_83' title="bbox 1956 3855 3605 3942">
     <span class='ocr_line' id='line_1_85' title="bbox 1956 3855 3605 3942; baseline 0 -22"><span class='ocrx_word' id='word_1_620' title='bbox 1956 3866 2132 3921; x_wconf 88' lang='lat' dir='ltr'><strong>nibus</strong></span> <span class='ocrx_word' id='word_1_621' title='bbox 2181 3864 2446 3922; x_wconf 84' lang='lat' dir='ltr'><strong>obliariis</strong></span> <span class='ocrx_word' id='word_1_622' title='bbox 2476 3866 2578 3939; x_wconf 85' lang='lat' dir='ltr'><strong>qui</strong></span> <span class='ocrx_word' id='word_1_623' title='bbox 2629 3868 2834 3924; x_wconf 81' lang='lat' dir='ltr'><strong>fabb&#39;as</strong></span> <span class='ocrx_word' id='word_1_624' title='bbox 2881 3855 3173 3935; x_wconf 84' lang='lat' dir='ltr'><strong>excolunt,</strong></span> <span class='ocrx_word' id='word_1_625' title='bbox 3205 3865 3442 3942; x_wconf 84' lang='lat' dir='ltr'><strong>dabitur</strong></span> <span class='ocrx_word' id='word_1_626' title='bbox 3467 3879 3605 3920; x_wconf 89' lang='lat' dir='ltr'><strong>con-</strong></span> 
     </span>
    </p>
   </div>
   <div class='ocr_carea' id='block_1_84' title="bbox 1955 3951 3603 4027">
    <p class='ocr_par' dir='ltr' id='par_1_84' title="bbox 1955 3951 3603 4027">
     <span class='ocr_line' id='line_1_86' title="bbox 1955 3951 3603 4027; baseline -0.001 -18"><span class='ocrx_word' id='word_1_627' title='bbox 1955 3954 2153 4010; x_wconf 88' lang='lat' dir='ltr'><strong>ventui</strong></span> <span class='ocrx_word' id='word_1_628' title='bbox 2185 3971 2408 4027; x_wconf 86' lang='lat' dir='ltr'><strong>coquus</strong></span> <span class='ocrx_word' id='word_1_629' title='bbox 2436 3954 2523 4010; x_wconf 89' lang='lat' dir='ltr'><strong>vel</strong></span> <span class='ocrx_word' id='word_1_630' title='bbox 2554 3955 2704 4010; x_wconf 90' lang='lat' dir='ltr'><strong>alter</strong></span> <span class='ocrx_word' id='word_1_631' title='bbox 2733 3954 2990 4011; x_wconf 85' lang='lat' dir='ltr'><strong>serviens</strong></span> <span class='ocrx_word' id='word_1_632' title='bbox 3020 3959 3270 4012; x_wconf 89' lang='lat' dir='ltr'><strong>onustus</strong></span> <span class='ocrx_word' id='word_1_633' title='bbox 3289 3953 3358 4009; x_wconf 84' lang='lat' dir='ltr'><strong>de</strong></span> <span class='ocrx_word' id='word_1_634' title='bbox 3391 3951 3603 4026; x_wconf 81' lang='lat' dir='ltr'><strong>fabbis.</strong></span> 
     </span>
    </p>
   </div>
   <div class='ocr_carea' id='block_1_85' title="bbox 1957 4039 3609 4116">
    <p class='ocr_par' dir='ltr' id='par_1_85' title="bbox 1957 4039 3609 4116">
     <span class='ocr_line' id='line_1_87' title="bbox 1957 4039 3609 4116; baseline -0.003 -15"><span class='ocrx_word' id='word_1_635' title='bbox 1957 4046 2242 4116; x_wconf 84' lang='lat' dir='ltr'><strong>Tempore</strong></span> <span class='ocrx_word' id='word_1_636' title='bbox 2270 4059 2403 4099; x_wconf 82' lang='lat' dir='ltr'><strong>vero</strong></span> <span class='ocrx_word' id='word_1_637' title='bbox 2433 4059 2542 4099; x_wconf 89' lang='lat' dir='ltr'><strong>suo</strong></span> <span class='ocrx_word' id='word_1_638' title='bbox 2569 4045 2644 4099; x_wconf 91' lang='lat' dir='ltr'><strong>de</strong></span> <span class='ocrx_word' id='word_1_639' title='bbox 2673 4049 2902 4116; x_wconf 76' lang='lat' dir='ltr'><strong>agreste</strong></span> <span class='ocrx_word' id='word_1_640' title='bbox 2939 4061 3044 4116; x_wconf 86' lang='lat' dir='ltr'><strong>per</strong></span> <span class='ocrx_word' id='word_1_641' title='bbox 3089 4043 3289 4099; x_wconf 88' lang='lat' dir='ltr'><strong>vineas</strong></span> <span class='ocrx_word' id='word_1_642' title='bbox 3326 4039 3609 4114; x_wconf 76' lang='lat' dir='ltr'><strong>arripiant</strong></span> 
     </span>
    </p>
   </div>
   <div class='ocr_carea' id='block_1_86' title="bbox 1958 4123 3608 4204">
    <p class='ocr_par' dir='ltr' id='par_1_86' title="bbox 1958 4123 3608 4204">
     <span class='ocr_line' id='line_1_88' title="bbox 1958 4123 3608 4204; baseline -0.003 -15"><span class='ocrx_word' id='word_1_643' title='bbox 1958 4123 2272 4189; x_wconf 85' lang='lat' dir='ltr'><strong>servientes</strong></span> <span class='ocrx_word' id='word_1_644' title='bbox 2303 4131 2566 4204; x_wconf 75' lang='lat' dir='ltr'><strong>coquinae</strong></span> <span class='ocrx_word' id='word_1_645' title='bbox 2601 4150 2614 4188; x_wconf 92' lang='lat'>:</span> <span class='ocrx_word' id='word_1_646' title='bbox 2650 4132 2922 4188; x_wconf 90' lang='lat' dir='ltr'><strong>similiter</strong></span> <span class='ocrx_word' id='word_1_647' title='bbox 2950 4133 3021 4188; x_wconf 91' lang='lat' dir='ltr'><strong>de</strong></span> <span class='ocrx_word' id='word_1_648' title='bbox 3051 4131 3308 4188; x_wconf 82' lang='lat' dir='ltr'><strong>oleribus</strong></span> <span class='ocrx_word' id='word_1_649' title='bbox 3357 4147 3391 4186; x_wconf 85' lang='lat' dir='ltr'><strong>a</strong></span> <span class='ocrx_word' id='word_1_650' title='bbox 3418 4127 3608 4186; x_wconf 76' lang='lat' dir='ltr'><strong>Natali</strong></span> 
     </span>
    </p>
   </div>
   <div class='ocr_carea' id='block_1_87' title="bbox 1957 4218 3610 4294">
    <p class='ocr_par' dir='ltr' id='par_1_87' title="bbox 1957 4218 3610 4294">
     <span class='ocr_line' id='line_1_89' title="bbox 1957 4218 3610 4294; baseline -0.002 -17"><span class='ocrx_word' id='word_1_651' title='bbox 1957 4237 2148 4294; x_wconf 85' lang='lat' dir='ltr'><strong>usque</strong></span> <span class='ocrx_word' id='word_1_652' title='bbox 2175 4221 2246 4276; x_wconf 88' lang='lat' dir='ltr'><strong>ad</strong></span> <span class='ocrx_word' id='word_1_653' title='bbox 2275 4220 2796 4294; x_wconf 87' lang='lat' dir='ltr'><strong>Quadragesimam</strong></span> <span class='ocrx_word' id='word_1_654' title='bbox 2827 4225 2885 4277; x_wconf 89' lang='lat' dir='ltr'><strong>et</strong></span> <span class='ocrx_word' id='word_1_655' title='bbox 2913 4221 2994 4277; x_wconf 70' lang='lat' dir='ltr'><strong>in</strong></span> <span class='ocrx_word' id='word_1_656' title='bbox 3045 4218 3510 4293; x_wconf 80' lang='lat' dir='ltr'><strong>Quadragesima</strong></span> <span class='ocrx_word' id='word_1_657' title='bbox 3535 4218 3610 4290; x_wconf 80' lang='lat' dir='ltr'><strong>de</strong></span> 
     </span>
    </p>
   </div>
   <div class='ocr_carea' id='block_1_88' title="bbox 1958 4307 2469 4384">
    <p class='ocr_par' dir='ltr' id='par_1_88' title="bbox 1958 4307 2469 4384">
     <span class='ocr_line' id='line_1_90' title="bbox 1958 4307 2469 4384; baseline -0.002 -18"><span class='ocrx_word' id='word_1_658' title='bbox 1958 4311 2148 4384; x_wconf 87' lang='lat' dir='ltr'><strong>porris</strong></span> <span class='ocrx_word' id='word_1_659' title='bbox 2177 4307 2469 4366; x_wconf 86' lang='lat' dir='ltr'><strong>similiter.</strong></span> 
     </span>
    </p>
   </div>
   <div class='ocr_carea' id='block_1_89' title="bbox 2027 4393 3636 4472">
    <p class='ocr_par' dir='ltr' id='par_1_89' title="bbox 2027 4393 3636 4472">
     <span class='ocr_line' id='line_1_91' title="bbox 2027 4393 3636 4472; baseline -0.004 -16"><span class='ocrx_word' id='word_1_660' title='bbox 2027 4401 2327 4456; x_wconf 82' lang='lat' dir='ltr'><strong>Statutum</strong></span> <span class='ocrx_word' id='word_1_661' title='bbox 2357 4402 2446 4455; x_wconf 89' lang='lat' dir='ltr'><strong>est</strong></span> <span class='ocrx_word' id='word_1_662' title='bbox 2469 4399 2748 4472; x_wconf 65' lang='lat' dir='ltr'><strong>printeren</strong></span> <span class='ocrx_word' id='word_1_663' title='bbox 2763 4399 2922 4472; x_wconf 76' lang='lat' dir='ltr'><strong>quod</strong></span> <span class='ocrx_word' id='word_1_664' title='bbox 2955 4403 3159 4455; x_wconf 77' lang='lat' dir='ltr'><strong>omnes</strong></span> <span class='ocrx_word' id='word_1_665' title='bbox 3181 4393 3472 4454; x_wconf 65' lang='lat' dir='ltr'><strong>baiiiviad</strong></span> <span class='ocrx_word' id='word_1_666' title='bbox 3499 4395 3636 4451; x_wconf 37' lang='lat' dir='ltr'><strong>hec.</strong></span> 
     </span>
    </p>
   </div>
   <div class='ocr_carea' id='block_1_90' title="bbox 1960 4479 3651 4557">
    <p class='ocr_par' dir='ltr' id='par_1_90' title="bbox 1960 4479 3651 4557">
     <span class='ocr_line' id='line_1_92' title="bbox 1960 4479 3651 4557; baseline -0.004 -10"><span class='ocrx_word' id='word_1_667' title='bbox 1960 4492 2100 4547; x_wconf 86' lang='lat' dir='ltr'><strong>sunt</strong></span> <span class='ocrx_word' id='word_1_668' title='bbox 2123 4487 2451 4557; x_wconf 83' lang='lat' dir='ltr'><strong>constituti,</strong></span> <span class='ocrx_word' id='word_1_669' title='bbox 2481 4491 2546 4543; x_wconf 80' lang='lat' dir='ltr'><strong>ut</strong></span> <span class='ocrx_word' id='word_1_670' title='bbox 2583 4479 2804 4544; x_wconf 75' lang='lat' dir='ltr'><strong>census</strong></span> <span class='ocrx_word' id='word_1_671' title='bbox 2829 4487 3145 4544; x_wconf 74' lang='lat' dir='ltr'><strong>belliarum</strong></span> <span class='ocrx_word' id='word_1_672' title='bbox 3175 4485 3348 4543; x_wconf 82' lang='lat' dir='ltr'><strong>nobis</strong></span> <span class='ocrx_word' id='word_1_673' title='bbox 3383 4485 3613 4557; x_wconf 71' lang='lat' dir='ltr'><strong>absque</strong></span> <span class='ocrx_word' id='word_1_674' title='bbox 3649 4505 3651 4508; x_wconf 91' lang='grc'>·</span> 
     </span>
    </p>
   </div>
   <div class='ocr_carea' id='block_1_91' title="bbox 198 4563 3614 4666">
    <p class='ocr_par' dir='ltr' id='par_1_91' title="bbox 198 4563 3614 4666">
     <span class='ocr_line' id='line_1_93' title="bbox 198 4563 3614 4666; baseline -0 -36"><span class='ocrx_word' id='word_1_675' title='bbox 198 4573 399 4634; x_wconf 73' lang='lat' dir='ltr'><strong>villam</strong></span> <span class='ocrx_word' id='word_1_676' title='bbox 429 4576 638 4652; x_wconf 69' lang='lat' dir='ltr'><strong>emerit</strong></span> <span class='ocrx_word' id='word_1_677' title='bbox 659 4579 722 4634; x_wconf 77' lang='lat' dir='ltr'><strong>et</strong></span> <span class='ocrx_word' id='word_1_678' title='bbox 755 4577 910 4634; x_wconf 83' lang='lat' dir='ltr'><strong>infra</strong></span> <span class='ocrx_word' id='word_1_679' title='bbox 953 4581 1086 4635; x_wconf 72' lang='lat' dir='ltr'><strong>eote</strong></span> <span class='ocrx_word' id='word_1_680' title='bbox 1121 4578 1254 4636; x_wconf 79' lang='lat' dir='ltr'><strong>dies</strong></span> <span class='ocrx_word' id='word_1_681' title='bbox 1295 4563 1640 4650; x_wconf 72' lang='lat' dir='ltr'><strong>vendiderit,</strong></span> <span class='ocrx_word' id='word_1_682' title='bbox 1671 4583 1852 4639; x_wconf 86' lang='lat' dir='ltr'><strong>d&#39;ena-</strong></span> <span class='ocrx_word' id='word_1_683' title='bbox 1879 4598 1930 4666; x_wconf 71' lang='grc' dir='ltr'>θ</span> <span class='ocrx_word' id='word_1_684' title='bbox 1953 4578 2304 4666; x_wconf 64' lang='lat' dir='ltr'><strong>difficultate</strong></span> <span class='ocrx_word' id='word_1_685' title='bbox 2331 4576 2495 4634; x_wconf 77' lang='lat' dir='ltr'><strong>reddi</strong></span> <span class='ocrx_word' id='word_1_686' title='bbox 2526 4573 2786 4666; x_wconf 77' lang='lat' dir='ltr'><strong>faciant:</strong></span> <span class='ocrx_word' id='word_1_687' title='bbox 2817 4563 3088 4644; x_wconf 76' lang='lat' dir='ltr'><strong>videlicet</strong></span> <span class='ocrx_word' id='word_1_688' title='bbox 3117 4573 3614 4666; x_wconf 50' lang='lat' dir='ltr'><strong>humenti,_avenui</strong></span> 
     </span>
    </p>
   </div>
   <div class='ocr_carea' id='block_1_92' title="bbox 200 4664 1849 4742">
    <p class='ocr_par' dir='ltr' id='par_1_92' title="bbox 200 4664 1849 4742">
     <span class='ocr_line' id='line_1_94' title="bbox 200 4664 1849 4742; baseline 0.004 -21"><span class='ocrx_word' id='word_1_689' title='bbox 200 4664 357 4722; x_wconf 78' lang='lat' dir='ltr'><strong>rium</strong></span> <span class='ocrx_word' id='word_1_690' title='bbox 400 4664 602 4724; x_wconf 70' lang='lat' dir='ltr'><strong>dabit:</strong></span> <span class='ocrx_word' id='word_1_691' title='bbox 645 4666 721 4722; x_wconf 81' lang='lat' dir='ltr'><strong>‘de</strong></span> <span class='ocrx_word' id='word_1_692' title='bbox 761 4667 1041 4741; x_wconf 78' lang='lat' dir='ltr'><strong>nomeriis</strong></span> <span class='ocrx_word' id='word_1_693' title='bbox 1095 4671 1156 4724; x_wconf 88' lang='lat' dir='ltr'><strong>et</strong></span> <span class='ocrx_word' id='word_1_694' title='bbox 1199 4667 1408 4738; x_wconf 79' lang='lat' dir='ltr'><strong>cultris</strong></span> <span class='ocrx_word' id='word_1_695' title='bbox 1454 4673 1513 4726; x_wconf 86' lang='lat' dir='ltr'><strong>et</strong></span> <span class='ocrx_word' id='word_1_696' title='bbox 1565 4671 1849 4742; x_wconf 83' lang='lat' dir='ltr'><strong>fosseriis,</strong></span> 
     </span>
    </p>
   </div>
   <div class='ocr_carea' id='block_1_93' title="bbox 201 4752 1852 4825">
    <p class='ocr_par' dir='ltr' id='par_1_93' title="bbox 201 4752 1852 4825">
     <span class='ocr_line' id='line_1_95' title="bbox 201 4752 1852 4825; baseline 0.004 -15"><span class='ocrx_word' id='word_1_697' title='bbox 201 4752 772 4824; x_wconf 47' lang='lat' dir='ltr'><strong>sareulisrfaleibus,</strong></span> <span class='ocrx_word' id='word_1_698' title='bbox 821 4756 1078 4825; x_wconf 74' lang='lat' dir='ltr'><strong>toseriis,</strong></span> <span class='ocrx_word' id='word_1_699' title='bbox 1110 4757 1354 4815; x_wconf 82' lang='lat' dir='ltr'><strong>vasoriis</strong></span> <span class='ocrx_word' id='word_1_700' title='bbox 1399 4762 1458 4815; x_wconf 89' lang='lat' dir='ltr'><strong>et</strong></span> <span class='ocrx_word' id='word_1_701' title='bbox 1481 4759 1710 4817; x_wconf 65' lang='lat' dir='ltr'><strong>ociter-is</strong></span> <span class='ocrx_word' id='word_1_702' title='bbox 1739 4762 1852 4817; x_wconf 84' lang='lat' dir='ltr'><strong>fer-</strong></span> 
     </span>
    </p>
   </div>
   <div class='ocr_carea' id='block_1_94' title="bbox 202 4841 1852 4920">
    <p class='ocr_par' dir='ltr' id='par_1_94' title="bbox 202 4841 1852 4920">
     <span class='ocr_line' id='line_1_96' title="bbox 202 4841 1852 4920; baseline 0.004 -21"><span class='ocrx_word' id='word_1_703' title='bbox 202 4841 486 4912; x_wconf 77' lang='lat' dir='ltr'><strong>ramentis</strong></span> <span class='ocrx_word' id='word_1_704' title='bbox 525 4857 658 4920; x_wconf 68' lang='lat' dir='ltr'><strong>qua</strong></span> <span class='ocrx_word' id='word_1_705' title='bbox 683 4846 1018 4902; x_wconf 64' lang='lat' dir='ltr'><strong>vendantur</strong></span> <span class='ocrx_word' id='word_1_706' title='bbox 1061 4847 1124 4903; x_wconf 81' lang='lat' dir='ltr'><strong>in</strong></span> <span class='ocrx_word' id='word_1_707' title='bbox 1171 4847 1318 4917; x_wconf 81' lang='lat' dir='ltr'><strong>fore,</strong></span> <span class='ocrx_word' id='word_1_708' title='bbox 1351 4847 1531 4906; x_wconf 83' lang='lat' dir='ltr'><strong>semel</strong></span> <span class='ocrx_word' id='word_1_709' title='bbox 1583 4849 1646 4904; x_wconf 89' lang='lat' dir='ltr'><strong>in</strong></span> <span class='ocrx_word' id='word_1_710' title='bbox 1699 4866 1852 4906; x_wconf 83' lang='lat' dir='ltr'><strong>anno</strong></span> 
     </span>
    </p>
   </div>
   <div class='ocr_carea' id='block_1_95' title="bbox 204 4931 1856 5012">
    <p class='ocr_par' dir='ltr' id='par_1_95' title="bbox 204 4931 1856 5012">
     <span class='ocr_line' id='line_1_97' title="bbox 204 4931 1856 5012; baseline 0.004 -23"><span class='ocrx_word' id='word_1_711' title='bbox 204 4931 280 4990; x_wconf 76' lang='lat' dir='ltr'><strong>ab</strong></span> <span class='ocrx_word' id='word_1_712' title='bbox 301 4939 660 5008; x_wconf 63' lang='lat' dir='ltr'><strong>unoquoque</strong></span> <span class='ocrx_word' id='word_1_713' title='bbox 683 4934 982 4992; x_wconf 77' lang='lat' dir='ltr'><strong>venditem</strong></span> <span class='ocrx_word' id='word_1_714' title='bbox 1013 4953 1200 5004; x_wconf 69' lang='lat' dir='ltr'><strong>unum</strong></span> <span class='ocrx_word' id='word_1_715' title='bbox 1229 4937 1442 5010; x_wconf 78' lang='lat' dir='ltr'><strong>accipit</strong></span> <span class='ocrx_word' id='word_1_716' title='bbox 1465 4935 1742 5012; x_wconf 75' lang='lat' dir='ltr'><strong>claviger.</strong></span> <span class='ocrx_word' id='word_1_717' title='bbox 1773 4939 1856 4996; x_wconf 84' lang='lat' dir='ltr'><strong>De</strong></span> 
     </span>
    </p>
   </div>
   <div class='ocr_carea' id='block_1_96' title="bbox 202 5021 1854 5101">
    <p class='ocr_par' dir='ltr' id='par_1_96' title="bbox 202 5021 1854 5101">
     <span class='ocr_line' id='line_1_98' title="bbox 202 5021 1854 5101; baseline 0.004 -22"><span class='ocrx_word' id='word_1_718' title='bbox 202 5021 492 5080; x_wconf 69' lang='lat' dir='ltr'><strong>retum&#39;his&#39;</strong></span> <span class='ocrx_word' id='word_1_719' title='bbox 509 5025 574 5098; x_wconf 69' lang='lat' dir='ltr'><strong>et</strong></span> <span class='ocrx_word' id='word_1_720' title='bbox 603 5023 730 5080; x_wconf 82' lang='lat' dir='ltr'><strong>oiﬁs</strong></span> <span class='ocrx_word' id='word_1_721' title='bbox 757 5024 982 5094; x_wconf 58' lang='lat' dir='ltr'><strong>vitreis,</strong></span> <span class='ocrx_word' id='word_1_722' title='bbox 1013 5026 1088 5082; x_wconf 89' lang='lat' dir='ltr'><strong>de</strong></span> <span class='ocrx_word' id='word_1_723' title='bbox 1115 5026 1290 5099; x_wconf 63' lang='lat' dir='ltr'><strong>capis</strong></span> <span class='ocrx_word' id='word_1_724' title='bbox 1329 5027 1394 5083; x_wconf 77' lang='lat' dir='ltr'><strong>et</strong></span> <span class='ocrx_word' id='word_1_725' title='bbox 1423 5026 1556 5085; x_wconf 66' lang='lat' dir='ltr'><strong>aliis</strong></span> <span class='ocrx_word' id='word_1_726' title='bbox 1581 5037 1854 5101; x_wconf 70' lang='lat' dir='ltr'><strong>unoque-</strong></span> 
     </span>
    </p>
   </div>
   <div class='ocr_carea' id='block_1_97' title="bbox 204 5111 1854 5191">
    <p class='ocr_par' dir='ltr' id='par_1_97' title="bbox 204 5111 1854 5191">
     <span class='ocr_line' id='line_1_99' title="bbox 204 5111 1854 5191; baseline 0.005 -25"><span class='ocrx_word' id='word_1_727' title='bbox 204 5125 320 5184; x_wconf 89' lang='lat' dir='ltr'><strong>que</strong></span> <span class='ocrx_word' id='word_1_728' title='bbox 347 5111 602 5168; x_wconf 87' lang='lat' dir='ltr'><strong>Sabbato</strong></span> <span class='ocrx_word' id='word_1_729' title='bbox 632 5115 691 5168; x_wconf 91' lang='lat' dir='ltr'><strong>et</strong></span> <span class='ocrx_word' id='word_1_730' title='bbox 719 5112 1040 5172; x_wconf 90' lang='lat' dir='ltr'><strong>Dominica.</strong></span> <span class='ocrx_word' id='word_1_731' title='bbox 1075 5115 1330 5188; x_wconf 84' lang='lat' dir='ltr'><strong>exceptis</strong></span> <span class='ocrx_word' id='word_1_732' title='bbox 1372 5115 1491 5175; x_wconf 90' lang='lat' dir='ltr'><strong>illis</strong></span> <span class='ocrx_word' id='word_1_733' title='bbox 1535 5118 1606 5173; x_wconf 91' lang='lat' dir='ltr'><strong>de</strong></span> <span class='ocrx_word' id='word_1_734' title='bbox 1635 5118 1854 5191; x_wconf 81' lang='lat' dir='ltr'><strong>Papey-</strong></span> 
     </span>
    </p>
   </div>
   <div class='ocr_carea' id='block_1_98' title="bbox 203 5201 1858 5280">
    <p class='ocr_par' dir='ltr' id='par_1_98' title="bbox 203 5201 1858 5280">
     <span class='ocr_line' id='line_1_100' title="bbox 203 5201 1858 5280; baseline 0.004 -24"><span class='ocrx_word' id='word_1_735' title='bbox 203 5213 312 5256; x_wconf 77' lang='lat' dir='ltr'><strong>ran</strong></span> <span class='ocrx_word' id='word_1_736' title='bbox 347 5211 538 5262; x_wconf 75' lang='lat' dir='ltr'><strong>unam</strong></span> <span class='ocrx_word' id='word_1_737' title='bbox 585 5201 824 5260; x_wconf 67' lang='lat' dir='ltr'><strong>surdam</strong></span> <span class='ocrx_word' id='word_1_738' title='bbox 872 5206 932 5260; x_wconf 81' lang='lat' dir='ltr'><strong>et</strong></span> <span class='ocrx_word' id='word_1_739' title='bbox 975 5205 1048 5261; x_wconf 89' lang='lat' dir='ltr'><strong>de</strong></span> <span class='ocrx_word' id='word_1_740' title='bbox 1088 5204 1354 5270; x_wconf 65' lang='lat' dir='ltr'><strong>scutor-iis</strong></span> <span class='ocrx_word' id='word_1_741' title='bbox 1381 5221 1563 5262; x_wconf 80' lang='lat' dir='ltr'><strong>unum</strong></span> <span class='ocrx_word' id='word_1_742' title='bbox 1593 5208 1858 5280; x_wconf 84' lang='lat' dir='ltr'><strong>garbam.</strong></span> 
     </span>
    </p>
   </div>
   <div class='ocr_carea' id='block_1_99' title="bbox 203 5288 1860 5368">
    <p class='ocr_par' dir='ltr' id='par_1_99' title="bbox 203 5288 1860 5368">
     <span class='ocr_line' id='line_1_101' title="bbox 203 5288 1860 5368; baseline 0.003 -20"><span class='ocrx_word' id='word_1_743' title='bbox 203 5288 550 5348; x_wconf 79' lang='lat' dir='ltr'><strong>Hahitaates</strong></span> <span class='ocrx_word' id='word_1_744' title='bbox 577 5289 642 5364; x_wconf 70' lang='lat' dir='ltr'><strong>in</strong></span> <span class='ocrx_word' id='word_1_745' title='bbox 668 5294 826 5348; x_wconf 72' lang='lat' dir='ltr'><strong>tam</strong></span> <span class='ocrx_word' id='word_1_746' title='bbox 851 5293 924 5349; x_wconf 84' lang='lat' dir='ltr'><strong>de</strong></span> <span class='ocrx_word' id='word_1_747' title='bbox 953 5293 1446 5368; x_wconf 42' lang='lat' dir='ltr'><strong>Papeyran&#39;liberi</strong></span> <span class='ocrx_word' id='word_1_748' title='bbox 1477 5303 1615 5352; x_wconf 81' lang='lat' dir='ltr'><strong>sunt</strong></span> <span class='ocrx_word' id='word_1_749' title='bbox 1643 5295 1704 5352; x_wconf 86' lang='lat' dir='ltr'><strong>in</strong></span> <span class='ocrx_word' id='word_1_750' title='bbox 1733 5311 1860 5353; x_wconf 78' lang='lat' dir='ltr'><strong>om-</strong></span> 
     </span>
    </p>
   </div>
   <div class='ocr_carea' id='block_1_100' title="bbox 204 5379 1858 5452">
    <p class='ocr_par' dir='ltr' id='par_1_100' title="bbox 204 5379 1858 5452">
     <span class='ocr_line' id='line_1_102' title="bbox 204 5379 1858 5452; baseline 0.002 -16"><span class='ocrx_word' id='word_1_751' title='bbox 204 5379 384 5436; x_wconf 81' lang='lat' dir='ltr'><strong>nibus</strong></span> <span class='ocrx_word' id='word_1_752' title='bbox 413 5395 544 5452; x_wconf 70' lang='lat' dir='ltr'><strong>quin</strong></span> <span class='ocrx_word' id='word_1_753' title='bbox 571 5383 896 5446; x_wconf 81' lang='lat' dir='ltr'><strong>nascuntur</strong></span> <span class='ocrx_word' id='word_1_754' title='bbox 922 5380 983 5436; x_wconf 92' lang='lat' dir='ltr'><strong>in</strong></span> <span class='ocrx_word' id='word_1_755' title='bbox 1015 5383 1222 5440; x_wconf 74' lang='lat' dir='ltr'><strong>eadem</strong></span> <span class='ocrx_word' id='word_1_756' title='bbox 1263 5385 1418 5440; x_wconf 74' lang='lat' dir='ltr'><strong>terra</strong></span> <span class='ocrx_word' id='word_1_757' title='bbox 1445 5401 1460 5440; x_wconf 90' lang='lat'>:</span> <span class='ocrx_word' id='word_1_758' title='bbox 1493 5385 1544 5440; x_wconf 88' lang='lat' dir='ltr'><strong>si</strong></span> <span class='ocrx_word' id='word_1_759' title='bbox 1564 5387 1728 5441; x_wconf 82' lang='lat' dir='ltr'><strong>extra</strong></span> <span class='ocrx_word' id='word_1_760' title='bbox 1744 5385 1858 5441; x_wconf 72' lang='lat' dir='ltr'><strong>tar-</strong></span> 
     </span>
    </p>
   </div>
   <div class='ocr_carea' id='block_1_101' title="bbox 206 5467 1749 5543">
    <p class='ocr_par' dir='ltr' id='par_1_101' title="bbox 206 5467 1749 5543">
     <span class='ocr_line' id='line_1_103' title="bbox 206 5467 1749 5543; baseline 0.003 -18"><span class='ocrx_word' id='word_1_761' title='bbox 206 5477 334 5526; x_wconf 85' lang='lat' dir='ltr'><strong>ram</strong></span> <span class='ocrx_word' id='word_1_762' title='bbox 363 5467 528 5526; x_wconf 84' lang='lat' dir='ltr'><strong>illam</strong></span> <span class='ocrx_word' id='word_1_763' title='bbox 557 5468 782 5543; x_wconf 84' lang='lat' dir='ltr'><strong>aliquid</strong></span> <span class='ocrx_word' id='word_1_764' title='bbox 811 5470 1214 5542; x_wconf 77' lang='lat' dir='ltr'><strong>acquisierint,</strong></span> <span class='ocrx_word' id='word_1_765' title='bbox 1245 5489 1362 5529; x_wconf 89' lang='lat' dir='ltr'><strong>non</strong></span> <span class='ocrx_word' id='word_1_766' title='bbox 1393 5476 1534 5529; x_wconf 89' lang='lat' dir='ltr'><strong>sunt</strong></span> <span class='ocrx_word' id='word_1_767' title='bbox 1561 5473 1749 5531; x_wconf 86' lang='lat' dir='ltr'><strong>liberi.</strong></span> 
     </span>
    </p>
   </div>
   <div class='ocr_carea' id='block_1_102' title="bbox 279 5557 1862 5632">
    <p class='ocr_par' dir='ltr' id='par_1_102' title="bbox 279 5557 1862 5632">
     <span class='ocr_line' id='line_1_104' title="bbox 279 5557 1862 5632; baseline 0.004 -17"><span class='ocrx_word' id='word_1_768' title='bbox 279 5557 426 5616; x_wconf 72' lang='lat' dir='ltr'><strong>Item</strong></span> <span class='ocrx_word' id='word_1_769' title='bbox 455 5557 670 5631; x_wconf 76' lang='lat' dir='ltr'><strong>accipit</strong></span> <span class='ocrx_word' id='word_1_770' title='bbox 695 5557 950 5632; x_wconf 78' lang='lat' dir='ltr'><strong>claviger</strong></span> <span class='ocrx_word' id='word_1_771' title='bbox 976 5561 1048 5616; x_wconf 87' lang='lat' dir='ltr'><strong>de</strong></span> <span class='ocrx_word' id='word_1_772' title='bbox 1073 5562 1464 5622; x_wconf 76' lang='lat' dir='ltr'><strong>vendentibus</strong></span> <span class='ocrx_word' id='word_1_773' title='bbox 1489 5561 1577 5619; x_wconf 89' lang='lat' dir='ltr'><strong>sal</strong></span> <span class='ocrx_word' id='word_1_774' title='bbox 1607 5563 1704 5620; x_wconf 88' lang='lat' dir='ltr'><strong>die</strong></span> <span class='ocrx_word' id='word_1_775' title='bbox 1721 5564 1862 5621; x_wconf 86' lang='lat' dir='ltr'><strong>Sab-</strong></span> 
     </span>
    </p>
   </div>
   <div class='ocr_carea' id='block_1_103' title="bbox 209 5646 1858 5725">
    <p class='ocr_par' dir='ltr' id='par_1_103' title="bbox 209 5646 1858 5725">
     <span class='ocr_line' id='line_1_105' title="bbox 209 5646 1858 5725; baseline 0.003 -19"><span class='ocrx_word' id='word_1_776' title='bbox 209 5647 334 5706; x_wconf 60' lang='grc' dir='ltr'><strong>ωτι</strong></span> <span class='ocrx_word' id='word_1_777' title='bbox 351 5646 418 5704; x_wconf 76' lang='lat' dir='ltr'><strong>in</strong></span> <span class='ocrx_word' id='word_1_778' title='bbox 441 5646 572 5720; x_wconf 68' lang='lat' dir='ltr'><strong>fore</strong></span> <span class='ocrx_word' id='word_1_779' title='bbox 607 5647 682 5706; x_wconf 84' lang='lat' dir='ltr'><strong>de</strong></span> <span class='ocrx_word' id='word_1_780' title='bbox 705 5659 1060 5722; x_wconf 72' lang='lat' dir='ltr'><strong>unoquoque</strong></span> <span class='ocrx_word' id='word_1_781' title='bbox 1085 5666 1266 5708; x_wconf 87' lang='lat' dir='ltr'><strong>unam</strong></span> <span class='ocrx_word' id='word_1_782' title='bbox 1317 5650 1662 5725; x_wconf 63' lang='lat' dir='ltr'><strong>palmatam,</strong></span> <span class='ocrx_word' id='word_1_783' title='bbox 1694 5655 1752 5710; x_wconf 84' lang='lat' dir='ltr'><strong>et</strong></span> <span class='ocrx_word' id='word_1_784' title='bbox 1791 5652 1858 5711; x_wconf 73' lang='lat' dir='ltr'><strong>in</strong></span> 
     </span>
    </p>
   </div>
   <div class='ocr_carea' id='block_1_104' title="bbox 1961 4661 3613 4742">
    <p class='ocr_par' dir='ltr' id='par_1_104' title="bbox 1961 4661 3613 4742">
     <span class='ocr_line' id='line_1_106' title="bbox 1961 4661 3613 4742; baseline -0.005 -15"><span class='ocrx_word' id='word_1_785' title='bbox 1961 4672 2020 4727; x_wconf 89' lang='lat' dir='ltr'><strong>et</strong></span> <span class='ocrx_word' id='word_1_786' title='bbox 2064 4665 2458 4726; x_wconf 77' lang='lat' dir='ltr'><strong>denariorum.</strong></span> <span class='ocrx_word' id='word_1_787' title='bbox 2499 4666 2666 4732; x_wconf 75' lang='lat' dir='ltr'><strong>Quod</strong></span> <span class='ocrx_word' id='word_1_788' title='bbox 2711 4665 2767 4723; x_wconf 83' lang='lat' dir='ltr'><strong>si</strong></span> <span class='ocrx_word' id='word_1_789' title='bbox 2821 4665 2882 4722; x_wconf 84' lang='lat' dir='ltr'><strong>in</strong></span> <span class='ocrx_word' id='word_1_790' title='bbox 2929 4667 3082 4722; x_wconf 65' lang='lat' dir='ltr'><strong>testo</strong></span> <span class='ocrx_word' id='word_1_791' title='bbox 3127 4665 3195 4722; x_wconf 88' lang='lat' dir='ltr'><strong>B.</strong></span> <span class='ocrx_word' id='word_1_792' title='bbox 3243 4661 3506 4742; x_wconf 11' lang='lat' dir='ltr'><strong>Martini,</strong></span> <span class='ocrx_word' id='word_1_793' title='bbox 3539 4661 3613 4719; x_wconf 84' lang='lat' dir='ltr'><strong>ad</strong></span> 
     </span>
    </p>
   </div>
   <div class='ocr_carea' id='block_1_105' title="bbox 1959 4751 3612 4838">
    <p class='ocr_par' dir='ltr' id='par_1_105' title="bbox 1959 4751 3612 4838">
     <span class='ocr_line' id='line_1_107' title="bbox 1959 4751 3612 4838; baseline -0.004 -23"><span class='ocrx_word' id='word_1_794' title='bbox 1959 4757 2230 4832; x_wconf 72' lang='lat' dir='ltr'><strong>pmfates</strong></span> <span class='ocrx_word' id='word_1_795' title='bbox 2273 4767 2488 4814; x_wconf 79' lang='lat' dir='ltr'><strong>census</strong></span> <span class='ocrx_word' id='word_1_796' title='bbox 2527 4753 2804 4813; x_wconf 69' lang='lat' dir='ltr'><strong>subditos</strong></span> <span class='ocrx_word' id='word_1_797' title='bbox 2845 4761 2986 4812; x_wconf 78' lang='lat' dir='ltr'><strong>suos</strong></span> <span class='ocrx_word' id='word_1_798' title='bbox 3034 4761 3152 4812; x_wconf 74' lang='lat' dir='ltr'><strong>non</strong></span> <span class='ocrx_word' id='word_1_799' title='bbox 3201 4751 3612 4838; x_wconf 68' lang='lat' dir='ltr'><strong>compulerint,</strong></span> 
     </span>
    </p>
   </div>
   <div class='ocr_carea' id='block_1_106' title="bbox 1959 4841 3617 4920">
    <p class='ocr_par' dir='ltr' id='par_1_106' title="bbox 1959 4841 3617 4920">
     <span class='ocr_line' id='line_1_108' title="bbox 1959 4841 3617 4920; baseline -0.004 -16"><span class='ocrx_word' id='word_1_800' title='bbox 1959 4846 2182 4904; x_wconf 77' lang='lat' dir='ltr'><strong>baillivi-</strong></span> <span class='ocrx_word' id='word_1_801' title='bbox 2211 4847 2428 4904; x_wconf 76' lang='lat' dir='ltr'><strong>debent</strong></span> <span class='ocrx_word' id='word_1_802' title='bbox 2451 4846 2796 4920; x_wconf 75' lang='lat' dir='ltr'><strong>pignorars;</strong></span> <span class='ocrx_word' id='word_1_803' title='bbox 2831 4845 2932 4902; x_wconf 79' lang='lat' dir='ltr'><strong>sed</strong></span> <span class='ocrx_word' id='word_1_804' title='bbox 2965 4845 3040 4902; x_wconf 82' lang='lat' dir='ltr'><strong>ad</strong></span> <span class='ocrx_word' id='word_1_805' title='bbox 3071 4844 3327 4919; x_wconf 79' lang='lat' dir='ltr'><strong>priorem</strong></span> <span class='ocrx_word' id='word_1_806' title='bbox 3353 4841 3617 4920; x_wconf 69' lang='lat' dir='ltr'><strong>pertinet</strong></span> 
     </span>
    </p>
   </div>
   <div class='ocr_carea' id='block_1_107' title="bbox 1952 4931 2212 5008">
    <p class='ocr_par' dir='ltr' id='par_1_107' title="bbox 1952 4931 2212 5008">
     <span class='ocr_line' id='line_1_109' title="bbox 1952 4931 2212 5008; baseline 0 -16"><span class='ocrx_word' id='word_1_807' title='bbox 1952 4931 2212 5008; x_wconf 72' lang='lat' dir='ltr'><strong>jnsﬁtla.</strong></span> 
     </span>
    </p>
   </div>
   <div class='ocr_carea' id='block_1_108' title="bbox 2033 5017 3614 5096">
    <p class='ocr_par' dir='ltr' id='par_1_108' title="bbox 2033 5017 3614 5096">
     <span class='ocr_line' id='line_1_110' title="bbox 2033 5017 3614 5096; baseline -0.003 -16"><span class='ocrx_word' id='word_1_808' title='bbox 2033 5025 2314 5081; x_wconf 82' lang='lat' dir='ltr'><strong>Praeterea</strong></span> <span class='ocrx_word' id='word_1_809' title='bbox 2364 5027 2649 5082; x_wconf 87' lang='lat' dir='ltr'><strong>statutum</strong></span> <span class='ocrx_word' id='word_1_810' title='bbox 2706 5026 2796 5080; x_wconf 85' lang='lat' dir='ltr'><strong>est</strong></span> <span class='ocrx_word' id='word_1_811' title='bbox 2843 5023 2999 5096; x_wconf 89' lang='lat' dir='ltr'><strong>quod</strong></span> <span class='ocrx_word' id='word_1_812' title='bbox 3051 5017 3310 5094; x_wconf 63' lang='lat' dir='ltr'><strong>claviger</strong></span> <span class='ocrx_word' id='word_1_813' title='bbox 3363 5027 3472 5094; x_wconf 79' lang='lat' dir='ltr'><strong>per</strong></span> <span class='ocrx_word' id='word_1_814' title='bbox 3523 5019 3614 5076; x_wconf 80' lang='lat' dir='ltr'><strong>tu-</strong></span> 
     </span>
    </p>
   </div>
   <div class='ocr_carea' id='block_1_109' title="bbox 1961 5105 3616 5190">
    <p class='ocr_par' dir='ltr' id='par_1_109' title="bbox 1961 5105 3616 5190">
     <span class='ocr_line' id='line_1_111' title="bbox 1961 5105 3616 5190; baseline -0.002 -20"><span class='ocrx_word' id='word_1_815' title='bbox 1961 5117 2086 5172; x_wconf 83' lang='lat' dir='ltr'><strong>tam</strong></span> <span class='ocrx_word' id='word_1_816' title='bbox 2127 5111 2327 5169; x_wconf 78' lang='lat' dir='ltr'><strong>villam</strong></span> <span class='ocrx_word' id='word_1_817' title='bbox 2357 5114 2610 5187; x_wconf 79' lang='lat' dir='ltr'><strong>accipiat</strong></span> <span class='ocrx_word' id='word_1_818' title='bbox 2633 5113 2836 5170; x_wconf 83' lang='lat' dir='ltr'><strong>asinos</strong></span> <span class='ocrx_word' id='word_1_819' title='bbox 2867 5105 2938 5169; x_wconf 85' lang='lat' dir='ltr'><strong>ad</strong></span> <span class='ocrx_word' id='word_1_820' title='bbox 2970 5105 3616 5190; x_wconf 57' lang='lat' dir='ltr'><strong>deferendum-bladum</strong></span> 
     </span>
    </p>
   </div>
   <div class='ocr_carea' id='block_1_110' title="bbox 1968 5215 2165 5260">
    <p class='ocr_par' dir='ltr' id='par_1_110' title="bbox 1968 5215 2165 5260">
     <span class='ocr_line' id='line_1_112' title="bbox 1968 5215 2165 5260; baseline -0.015 0"><span class='ocrx_word' id='word_1_821' title='bbox 1968 5215 2165 5260; x_wconf 81' lang='lat' dir='ltr'><strong>suum.</strong></span> 
     </span>
    </p>
   </div>
   <div class='ocr_carea' id='block_1_111' title="bbox 2038 5285 3620 5366">
    <p class='ocr_par' dir='ltr' id='par_1_111' title="bbox 2038 5285 3620 5366">
     <span class='ocr_line' id='line_1_113' title="bbox 2038 5285 3620 5366; baseline -0.002 -18"><span class='ocrx_word' id='word_1_822' title='bbox 2038 5293 2183 5348; x_wconf 90' lang='lat' dir='ltr'><strong>Item</strong></span> <span class='ocrx_word' id='word_1_823' title='bbox 2215 5305 2349 5348; x_wconf 88' lang='lat' dir='ltr'><strong>cum</strong></span> <span class='ocrx_word' id='word_1_824' title='bbox 2381 5299 2584 5349; x_wconf 79' lang='lat' dir='ltr'><strong>nemos</strong></span> <span class='ocrx_word' id='word_1_825' title='bbox 2633 5291 3103 5366; x_wconf 77' lang='lat' dir='ltr'><strong>procurationem</strong></span> <span class='ocrx_word' id='word_1_826' title='bbox 3147 5295 3326 5348; x_wconf 78' lang='lat' dir='ltr'><strong>suam</strong></span> <span class='ocrx_word' id='word_1_827' title='bbox 3372 5285 3620 5362; x_wconf 79' lang='lat' dir='ltr'><strong>accipiet</strong></span> 
     </span>
    </p>
   </div>
   <div class='ocr_carea' id='block_1_112' title="bbox 1967 5369 3622 5454">
    <p class='ocr_par' dir='ltr' id='par_1_112' title="bbox 1967 5369 3622 5454">
     <span class='ocr_line' id='line_1_114' title="bbox 1967 5369 3622 5454; baseline -0.003 -15"><span class='ocrx_word' id='word_1_828' title='bbox 1967 5379 2219 5454; x_wconf 79' lang='lat' dir='ltr'><strong>claviger</strong></span> <span class='ocrx_word' id='word_1_829' title='bbox 2241 5395 2346 5454; x_wconf 84' lang='lat' dir='ltr'><strong>per</strong></span> <span class='ocrx_word' id='word_1_830' title='bbox 2383 5383 2568 5437; x_wconf 74' lang='lat' dir='ltr'><strong>totum</strong></span> <span class='ocrx_word' id='word_1_831' title='bbox 2615 5369 2819 5438; x_wconf 80' lang='lat' dir='ltr'><strong>villam</strong></span> <span class='ocrx_word' id='word_1_832' title='bbox 2862 5379 3258 5438; x_wconf 79' lang='lat' dir='ltr'><strong>manulevabit</strong></span> <span class='ocrx_word' id='word_1_833' title='bbox 3303 5394 3512 5453; x_wconf 86' lang='lat' dir='ltr'><strong>porcos</strong></span> <span class='ocrx_word' id='word_1_834' title='bbox 3563 5379 3622 5434; x_wconf 89' lang='lat' dir='ltr'><strong>et</strong></span> 
     </span>
    </p>
   </div>
   <div class='ocr_carea' id='block_1_113' title="bbox 1968 5467 2823 5543">
    <p class='ocr_par' dir='ltr' id='par_1_113' title="bbox 1968 5467 2823 5543">
     <span class='ocr_line' id='line_1_115' title="bbox 1968 5467 2823 5543; baseline 0 -16"><span class='ocrx_word' id='word_1_835' title='bbox 1968 5469 2156 5543; x_wconf 88' lang='lat' dir='ltr'><strong>capiet</strong></span> <span class='ocrx_word' id='word_1_836' title='bbox 2179 5467 2432 5542; x_wconf 83' lang='lat' dir='ltr'><strong>gallinas</strong></span> <span class='ocrx_word' id='word_1_837' title='bbox 2463 5483 2567 5542; x_wconf 85' lang='lat' dir='ltr'><strong>per</strong></span> <span class='ocrx_word' id='word_1_838' title='bbox 2596 5470 2823 5529; x_wconf 83' lang='lat' dir='ltr'><strong>domos.</strong></span> 
     </span>
    </p>
   </div>
   <div class='ocr_carea' id='block_1_114' title="bbox 2035 5555 3618 5634">
    <p class='ocr_par' dir='ltr' id='par_1_114' title="bbox 2035 5555 3618 5634">
     <span class='ocr_line' id='line_1_116' title="bbox 2035 5555 3618 5634; baseline -0.002 -19"><span class='ocrx_word' id='word_1_839' title='bbox 2035 5555 2352 5615; x_wconf 73' lang='lat' dir='ltr'><strong>Sciendum</strong></span> <span class='ocrx_word' id='word_1_840' title='bbox 2383 5561 2662 5630; x_wconf 67' lang='lat' dir='ltr'><strong>praeterea</strong></span> <span class='ocrx_word' id='word_1_841' title='bbox 2687 5561 2848 5630; x_wconf 84' lang='lat' dir='ltr'><strong>quod</strong></span> <span class='ocrx_word' id='word_1_842' title='bbox 2879 5577 2985 5634; x_wconf 90' lang='lat' dir='ltr'><strong>per</strong></span> <span class='ocrx_word' id='word_1_843' title='bbox 3007 5575 3210 5617; x_wconf 87' lang='lat' dir='ltr'><strong>omnes</strong></span> <span class='ocrx_word' id='word_1_844' title='bbox 3245 5557 3452 5616; x_wconf 74' lang='lat' dir='ltr'><strong>bai&#39;lias</strong></span> <span class='ocrx_word' id='word_1_845' title='bbox 3482 5571 3618 5614; x_wconf 88' lang='lat' dir='ltr'><strong>nos-</strong></span> 
     </span>
    </p>
   </div>
   <div class='ocr_carea' id='block_1_115' title="bbox 1967 5635 3618 5724">
    <p class='ocr_par' dir='ltr' id='par_1_115' title="bbox 1967 5635 3618 5724">
     <span class='ocr_line' id='line_1_117' title="bbox 1967 5635 3618 5724; baseline -0.001 -18"><span class='ocrx_word' id='word_1_846' title='bbox 1967 5645 2423 5720; x_wconf 77' lang='lat' dir='ltr'><strong>trasaueipimus</strong></span> <span class='ocrx_word' id='word_1_847' title='bbox 2437 5647 2510 5704; x_wconf 84' lang='lat' dir='ltr'><strong>ab</strong></span> <span class='ocrx_word' id='word_1_848' title='bbox 2517 5635 2880 5720; x_wconf 75' lang='lat' dir='ltr'><strong>unoquoque</strong></span> <span class='ocrx_word' id='word_1_849' title='bbox 2891 5647 3108 5708; x_wconf 72' lang='lat' dir='ltr'><strong>vilisac</strong></span> <span class='ocrx_word' id='word_1_850' title='bbox 3119 5659 3301 5708; x_wconf 71' lang='lat' dir='ltr'><strong>unum</strong></span> <span class='ocrx_word' id='word_1_851' title='bbox 3311 5645 3618 5724; x_wconf 78' lang='lat' dir='ltr'><strong>gallinam,</strong></span> 
     </span>
    </p>
   </div>
  </div>
