4050 6426
377 349 533 416 1307

1095 349 1465 414 RICHARDI
1507 350 1684 414 ABB.
1728 348 2010 414 FLORIA
2053 350 2330 414 CONST.
2376 352 2594 416 ECCL.
2640 352 2744 415 DE
2787 350 3070 416 REGUL.

3623 345 3797 412 I308

378 483 530 543 duos
558 484 742 541 fasces
773 481 970 557 palea,
994 488 1245 541 etunum
1269 501 1479 557 panem
1492 489 1813 542 ettraceam
1844 483 2021 540 boum
2052 486 2108 552 Î‘
2136 485 2258 541 foro
2291 485 2610 558 Regula,et
2637 487 2697 542 in
2729 451 3092 560 Salargiis,et
3121 501 3226 559 pro
3253 483 3436 542 feedis
3467 484 3792 540 domorum

376 575 439 630 in
470 574 667 647 vigilia
693 573 913 629 Natalis
939 573 1193 629 Domini.

451 665 591 719 Item
629 678 834 718 omnes
862 662 1059 718 bailivi
1091 664 1275 718 nostri
1307 667 1364 719 et
1402 663 1542 719 foris
1573 663 1786 718 debent
1815 679 2024 734 procu-

380 751 660 808 rationem
691 751 869 824 priori
904 751 1080 808 semel
1113 753 1170 806 in
1203 769 1356 808 anno
1406 756 1613 824 prater
1654 752 1923 807 homines
1955 751 2024 804 de

379 840 536 897 Pins.

449 930 593 985 Item
625 947 830 986 omnes
856 930 1055 986 villani
1087 932 1158 986 de
1189 931 1403 986 bailliis
1435 931 1649 986 nostris
1671 931 1882 986 debent
1900 946 2028 1001 pro-

384 1019 745 1075 curationem
777 1020 956 1092 priori
988 1020 1166 1076 semel
1187 1021 1246 1075 in
1279 1037 1452 1076 anno.

454 1107 672 1164 Boneta
697 1109 767 1164 de
797 1109 1012 1165 Bordes
1044 1115 1100 1165 et
1129 1126 1494 1165 successores
1517 1110 1608 1164 sui
1638 1109 1852 1164 debent
1880 1107 2030 1179 prio-

381 1196 429 1251 ri
461 1198 925 1269 procurationem
958 1200 1112 1270 apud
1145 1198 1526 1271 Burdegalam
1553 1215 1686 1254 cum
1717 1197 1810 1252 his
1841 1195 2028 1252 omni-

382 1285 494 1342 bus
525 1303 671 1359 quos
702 1303 902 1343 secum
935 1288 1203 1357 habebit;
1237 1293 1294 1344 et
1317 1305 1498 1360 equos
1529 1287 1800 1344 similiter
1823 1302 2028 1357 procu-

383 1373 555 1440 rabit,
581 1378 639 1430 et
666 1375 774 1431 hoc
807 1375 986 1432 semel
1021 1377 1077 1432 in
1111 1395 1284 1432 anno.

457 1462 668 1518 Milites
699 1465 770 1519 de
799 1465 1014 1520 Bordes
1046 1464 1281 1520 solvunt
1309 1466 1776 1538 procurationem
1800 1463 2032 1536 plenam

385 1551 565 1624 priori
591 1556 649 1607 et
678 1552 851 1609 sociis
883 1554 1030 1618 suis,
1052 1559 1108 1610 et
1136 1555 1412 1610 omnibus
1442 1571 1590 1627 quos
1621 1570 1816 1610 secum
1850 1553 2032 1607 addu-

384 1645 510 1709 cet;
552 1645 609 1698 et
655 1644 1131 1714 supervenientes
1176 1643 1451 1700 similiter
1502 1643 1900 1715 procurabunt
1932 1658 1945 1696 :
1980 1644 2037 1696 et

386 1730 601 1786 debent
630 1732 1000 1786 commodare
1031 1731 1206 1803 priori
1240 1749 1422 1786 unum
1457 1747 1696 1802 equum,
1729 1747 1861 1786 cum
1907 1735 2036 1784 stu-

387 1818 582 1874 rienes
612 1818 684 1874 ad
718 1823 987 1874 sanctum
1020 1819 1394 1875 Benedictum
1425 1819 1668 1875 miserit.
1705 1820 1865 1883 Quod
1898 1819 1945 1873 si
1977 1819 2034 1872 in

386 1906 482 1962 via
510 1923 699 1978 equus
728 1907 1062 1975 decesserit,
1095 1908 1255 1980 prior
1288 1907 1420 1980 equi
1453 1908 1703 1980 pretium
1737 1908 1821 1964 eis
1870 1907 2037 1963 resti-

389 1998 536 2052 tuet.

461 2084 560 2158 De_
562 2085 700 2156 jure
729 2085 941 2157 prioris
971 2089 1060 2142 est
1088 2091 1144 2142 et
1173 2086 1440 2144 Ecclesia
1471 2088 1542 2142 de
1559 2084 2036 2158 Regula,utlites,

390 2171 731 2243 discordias,
765 2190 972 2231 causas
1004 2176 1307 2247 etjudicia
1354 2193 1458 2248 per
1488 2175 1714 2245 iudices
1764 2191 1912 2245 quos
1944 2189 2038 2227 vo-

387 2261 582 2330 luerit,
617 2266 675 2318 et
705 2263 1094 2336 undecunque
1123 2264 1372 2320 voluerit
1410 2265 1570 2320 intus
1617 2263 1706 2320 vel
1737 2266 1900 2318 extra
1929 2265 2040 2316 ter-

391 2349 614 2406 minet:
649 2351 698 2407 si
729 2353 830 2423 qui
877 2369 1011 2408 vero
1057 2353 1410 2410 adventitius
1455 2353 1543 2408 vel
1595 2351 1880 2409 naturalis
1913 2351 2039 2406 sine

391 2438 618 2494 harede
672 2439 933 2513 legitimo
992 2442 1327 2510 decesserit,
1378 2459 1471 2498 res
1527 2444 1674 2514 ejus,
1710 2441 1759 2496 si
1811 2439 2041 2494 solutus

393 2526 568 2583 fuerit
595 2529 666 2584 ad
699 2529 952 2602 priorem
984 2530 1312 2602 pertinent;
1344 2531 1393 2587 si
1425 2531 1792 2602 conjugatus,
1824 2527 2038 2583 medie-

391 2619 505 2673 tas.

465 2706 742 2762 Homines
771 2708 843 2763 de
886 2709 1133 2764 Lavizon
1179 2708 1514 2766 Willelmus
1563 2710 1790 2775 Textor,
1836 2707 2042 2762 Petrus

395 2794 580 2866 Ogau,
609 2796 954 2852 Willermus
984 2797 1219 2854 Garsias
1246 2802 1304 2854 et
1344 2797 1552 2854 Vitalis
1581 2796 1800 2853 Juliani
1832 2796 2043 2850 debent

397 2887 630 2956 portare
660 2884 913 2956 priorem
943 2902 1046 2958 per
1079 2904 1240 2944 mare
1270 2904 1404 2943 cum
1435 2886 1609 2943 sociis
1641 2885 1764 2942 suis
1796 2885 2039 2940 ubicun-

398 2987 513 3044 que
541 2969 807 3040 voluerit,
840 2977 898 3030 et
937 2975 1211 3031 reducere
1259 2974 1548 3042 similiter,
1582 2979 1638 3030 et
1685 2975 1898 3030 debent
1943 2973 2040 3028 de-

397 3060 546 3118 ferre
576 3061 848 3119 similiter
870 3063 1133 3120 bladium
1167 3082 1270 3138 per
1311 3081 1471 3121 mare
1500 3080 1848 3137 quacunque
1881 3066 2042 3135 parte

397 3149 608 3206 domus
647 3155 847 3207 nostra
893 3152 1184 3223 habuerit,
1236 3159 1295 3210 et
1348 3158 1514 3210 nocte
1572 3171 1689 3225 qua
1741 3151 2040 3216 redierint,

395 3237 699 3295 habebunt
753 3241 824 3297 de
882 3241 1114 3298 cellario
1170 3246 1492 3315 portatores
1540 3243 1636 3299 isti
1708 3257 1919 3314 panem
1987 3229 2114 3297 etC

395 3326 621 3384 vinum.

469 3416 817 3490 Prapositus
847 3421 919 3476 de
948 3421 1256 3494 Lobanaeg
1269 3422 1441 3478 debet
1469 3436 1780 3494 procurare
1792 3418 2042 3492 priorem

397 3507 456 3560 et
482 3507 680 3562 socius
710 3525 849 3564 suos
871 3509 1051 3565 semel
1081 3510 1142 3564 in
1173 3527 1356 3567 anno:
1381 3515 1439 3566 et
1469 3509 1882 3581 omnesilliqui
1905 3511 2046 3563 sunt

397 3594 469 3650 de
499 3597 882 3668 prapositura
909 3597 1037 3655 illa:
1073 3599 1248 3655 aliam
1279 3603 1511 3656 tantum
1541 3601 1754 3656 debent
1777 3613 2046 3671 procura-

397 3683 618 3739 tionem
649 3685 829 3758 priori
858 3691 915 3741 et
946 3687 1119 3742 sociis
1151 3689 1276 3743 suis
1307 3689 1486 3744 semel
1526 3690 1586 3744 in
1617 3706 1788 3755 anno,
1823 3703 2044 3759 prapo-

400 3772 551 3828 situs
581 3777 794 3828 sancta
831 3775 1152 3830 Aureliana
1180 3793 1312 3832 cum
1345 3778 1724 3850 participibus
1768 3777 1914 3846 suis,
1947 3775 2044 3831 de-

399 3861 539 3917 bent
567 3863 1035 3935 procurationem
1058 3865 1236 3937 priori
1266 3866 1448 3922 semel
1479 3869 1537 3922 in
1569 3865 1884 3935 anno,etin
1914 3882 2043 3919 mu-

399 3951 616 4007 tatione
646 3953 934 4025 cujusque
973 3953 1185 4026 prioris
1219 3956 1284 4010 14
1314 3954 1531 4012 solidos
1584 3954 2045 4027 Burdegalenses

401 4040 635 4097 nomine
665 4041 960 4114 sportula,
989 4047 1046 4098 et
1072 4043 1405 4115 Aiquilinus
1437 4043 1508 4100 de
1539 4045 1715 4100 Fonte
1744 4059 1845 4100 sex
1875 4043 2047 4099 dena-

399 4129 517 4186 rios
547 4129 840 4202 sportula.

469 4219 768 4276 Amaneus
799 4221 869 4276 de
901 4220 1165 4294 Lobengs
1195 4226 1253 4278 et
1283 4223 1375 4279 sui
1402 4223 1614 4279 debent
1646 4223 1830 4279 facere
1861 4222 2047 4278 homi-

400 4306 567 4363 nium
597 4309 773 4380 priori
803 4326 908 4382 pro
941 4313 1100 4367 mota
1137 4328 1244 4367 sua
1288 4314 1345 4368 et
1391 4329 1494 4384 pro
1534 4312 1699 4368 feodo
1730 4311 1960 4384 Regula
1991 4316 2048 4368 et

400 4413 505 4469 pro
528 4396 764 4468 justitia
788 4397 897 4454 fori
925 4402 984 4455 et
1012 4416 1118 4472 pro
1149 4399 1243 4456 his
1272 4417 1400 4472 qua
1431 4403 1587 4456 tenet
1613 4401 1684 4456 ab
1718 4416 1783 4456 eo
1818 4400 1971 4456 intra
1991 4405 2048 4456 et

399 4489 562 4541 extra
593 4503 606 4542 :
640 4489 697 4542 et
726 4491 1002 4559 praterea
1031 4505 1133 4562 pro
1159 4489 1252 4545 his
1283 4489 1558 4545 omnibus
1587 4489 1811 4544 faciunt
1839 4488 2047 4545 solem-

402 4591 537 4631 nem
567 4575 628 4631 in
660 4576 754 4633 die
780 4576 1015 4633 Pascha
1046 4578 1151 4634 toti
1183 4578 1492 4634 conventui
1523 4579 1594 4634 de
1625 4577 1864 4651 Regula.

474 4665 618 4719 Item
647 4665 939 4722 Arnaldus
969 4667 1250 4724 Bernardi
1284 4668 1355 4722 de
1403 4667 1730 4740 Taurignac
1774 4668 1912 4724 facit
1943 4668 2046 4723 ho-

404 4753 657 4809 minium
689 4756 868 4826 priori
904 4773 1009 4828 pro
1058 4757 1322 4814 devalata
1353 4757 1584 4830 pedagii
1616 4757 1807 4813 Maria
1839 4758 1910 4812 de
1941 4757 2047 4813 Ge-

403 4842 596 4898 runda
640 4846 700 4899 et
744 4848 1022 4916 praterea
1066 4862 1170 4918 pro
1227 4846 1646 4902 communitate
1695 4847 1876 4902 casati
1915 4862 2050 4902 cum

401 4931 792 5006 participibus
813 4933 938 4989 suis
970 4933 1275 4990 annuatim
1303 4934 1363 4990 in
1393 4933 1628 4991 vincula
1657 4935 1873 4991 B.Petri
1903 4936 1939 4991 5
1959 4952 2050 4991 so-

401 5019 553 5078 lidos
579 5021 1065 5096 Burdegalenses.

472 5111 617 5167 Item
648 5111 842 5169 Helias
871 5113 942 5168 de
971 5111 1171 5169 Barela
1198 5112 1368 5169 debet
1399 5111 1620 5169 solvere
1650 5113 1955 5169 conventui
1981 5113 2052 5170 de

403 5200 627 5274 Regula
682 5202 988 5258 annuatim
1033 5204 1104 5258 24
1151 5219 1334 5275 panes
1382 5205 1439 5258 et
1489 5202 1558 5257 12
1615 5201 1949 5274 lampredas
1997 5208 2053 5260 et

404 5305 583 5345 unam
613 5296 946 5347 saumatam
972 5291 1093 5347 vini
1124 5292 1184 5347 in
1216 5292 1396 5348 ramis
1427 5290 1785 5347 Palmarum.

478 5378 620 5433 Item
653 5381 928 5437 dominus
958 5381 1027 5437 de
1059 5379 1233 5438 Culed
1265 5381 1522 5437 Maviron
1555 5381 1928 5438 debetfacere
1959 5382 2055 5439 ho-

410 5464 865 5539 miniumzpriori
903 5487 1006 5542 pro
1055 5471 1222 5527 feodo
1270 5487 1443 5543 quem
1491 5474 1648 5526 tenet
1695 5471 1756 5526 in
1803 5470 1942 5527 villa
1984 5472 2055 5529 de

410 5553 651 5626 Regula.
679 5555 960 5614 Dominus
1011 5561 1080 5616 de
1128 5561 1419 5616 Landerro
1469 5563 1528 5616 et
1557 5565 1770 5616 sancta
1796 5561 2054 5617 Basilica

411 5642 582 5702 debet
610 5643 1362 5723 facere.hominium_'-priori
1392 5667 1494 5722 pro
1526 5649 1618 5706 his
1650 5666 1776 5722 qua
1811 5653 1967 5707 tenet
1996 5652 2056 5707 in

2132 591 2260 646 qua
2295 580 2435 632 sunt
2489 577 2548 632 in
2581 578 2783 633 eadem
2812 575 2950 632 villa
2981 580 3039 632 et
3068 592 3172 648 pro
3203 575 3297 630 bis
3344 573 3624 630 omnibus
3656 589 3793 645 qua

2132 668 2289 720 tenet
2319 682 2352 720 a
2380 664 2499 720 rivo
2532 671 2632 737 qui
2667 665 2880 721 dicitur
2907 665 3221 721 Merdanus
3267 679 3455 734 usque
3485 662 3556 717 ad
3591 662 3794 732 Reguâ€”

2133 751 2272 808 lam.

2209 844 2350 898 Item
2384 844 2641 900 Donatus
2681 845 2894 901 Garsia
2933 843 3022 898 vel
3053 843 3272 898 Berned
3302 845 3360 897 et
3389 841 3518 912 ejus
3551 856 3792 895 succes-

2135 948 2298 988 sores
2327 933 2540 988 debent
2571 933 2844 989 assistere
2887 932 3064 1005 priori
3096 932 3156 987 in
3182 930 3425 1003 judiciis
3471 946 3575 1002 pro
3619 929 3793 983 feodo

2137 1037 2312 1092 quem
2346 1026 2499 1077 tenet
2527 1022 2679 1078 infra
2708 1021 3011 1094 Regulam.

2210 1111 2352 1166 Item
2384 1111 2652 1167 homines
2682 1112 2750 1167 de
2779 1111 3103 1183 Taurignac
3133 1114 3188 1165 et
3207 1108 3471 1164 homines
3494 1107 3563 1163 de
3586 1109 3795 1162 sancto

2141 1199 2439 1267 Michaele,
2470 1205 2526 1256 et
2574 1202 2645 1256 de
2677 1202 2954 1257 Guarzac.
2987 1200 3035 1255 si
3088 1201 3234 1254 forte
3283 1197 3442 1270 prior
3489 1196 3796 1268 propriam

2139 1304 2412 1360 guerram
2445 1290 2734 1358 habuerit,
2767 1291 2980 1345 debent
3008 1289 3203 1344 venire
3235 1287 3294 1342 in
3345 1286 3472 1357 ejus
3504 1284 3797 1340 auxilium

2141 1394 2243 1449 pro
2278 1378 2460 1433 feodis
2490 1397 2615 1451 qua
2641 1383 2841 1434 tenent
2871 1379 3025 1434 intra
3051 1377 3271 1432 villam.

2214 1468 2356 1522 Item
2388 1467 2434 1523 si
2467 1469 2624 1539 prior
2653 1468 2956 1540 proprium
2988 1466 3206 1522 bellum
3238 1463 3511 1520 habuerit
3559 1479 3664 1536 pro
3695 1478 3802 1517 ex-

2143 1556 2532 1612 haredatione
2564 1557 3128 1625 terra,medietatem
3160 1568 3548 1625 expensarum
3581 1551 3804 1606 facient

2142 1645 2484 1718 burgenses,
2518 1645 2691 1701 aliam
2723 1646 3097 1701 medietatem
3129 1643 3308 1716 prior.
3343 1643 3452 1697 Pro
3501 1639 3605 1695 tali
3643 1637 3802 1694 bello

2143 1738 2417 1790 tenentur
2447 1751 2508 1790 se
2539 1739 2886 1806 prasentare
2913 1733 3186 1789 dominus
3207 1731 3487 1787 Gerunda
3519 1733 3576 1784 et
3607 1725 3802 1782 domi-

2145 1841 2258 1879 nus
2289 1825 2359 1878 de
2393 1824 2720 1896 Taurignac
2749 1827 2805 1880 et
2833 1823 3108 1879 dominus
3141 1820 3232 1876 del
3257 1819 3498 1876 Berned.

2218 1913 2358 1968 Item
2392 1913 2440 1968 si
2490 1913 2702 1985 aliquis
2746 1913 2918 1967 miles
2964 1910 3317 1967 feodetarius
3346 1905 3556 1980 prioris
3585 1911 3795 1962 contra

2147 2001 2419 2073 priorem,
2453 2002 2604 2072 quod
2637 2001 2809 2069 absit,
2839 2000 2899 2054 in
2926 1997 3121 2070 aliquo
3151 1993 3482 2067 deliquerit,
3516 2009 3619 2065 per
3646 2008 3806 2046 nun-

2147 2091 2295 2146 tium
2328 2107 2502 2145 suum
2534 2091 2728 2161 ipsum
2763 2089 2818 2143 in
2844 2090 2947 2160 jus
2973 2085 3289 2151 voeabit,et
3313 2083 3374 2138 in
3392 2099 3570 2137 manu
3588 2080 3807 2153 prioris

2148 2180 2218 2236 de
2245 2179 2516 2251 querelis,
2553 2179 2707 2250 quod
2746 2180 2978 2250 justum
3011 2173 3206 2242 fuerit,
3239 2174 3607 2243 exsequetur.
3637 2167 3808 2236 Quod

2149 2269 2198 2323 si
2230 2268 2287 2323 in
2318 2270 2448 2339 ejus
2478 2284 2717 2324 manum
2734 2269 2834 2338 jus
2865 2281 3067 2338 parere
3090 2258 3609 2328 noluerit,feodum
3640 2256 3808 2330 prior

2148 2357 2472 2429 occupabit.

2219 2447 2519 2502 Statutum
2549 2449 2638 2501 est
2669 2449 2945 2516 praterea
2964 2442 3118 2514 quod
3138 2441 3187 2496 si
3209 2440 3448 2495 Judaus
3476 2435 3800 2492 transitum

2149 2536 2348 2591 fecerit
2375 2552 2476 2608 per
2502 2534 2724 2601 villam,
2757 2535 2790 2588 4
2837 2531 3106 2588 denarios
3155 2529 3340 2586 solvat
3383 2525 3687 2598 clavigero.
3716 2523 3804 2579 De

2149 2640 2299 2697 equo
2331 2624 2681 2697 Hispania,4
2701 2622 2999 2690 denarios;
3024 2621 3096 2676 de
3125 2621 3312 2674 tracta
3329 2616 3500 2690 (foret
3522 2617 3587 2668 ut
3600 2615 3808 2686 postea

2150 2715 2342 2785 carga)
2373 2712 2664 2768 coriorum
2692 2713 2890 2779 boum,
2930 2709 3123 2766 ovium
3152 2707 3240 2763 vel
3272 2719 3605 2778 caprarum,
3639 2703 3672 2757 4
3702 2701 3808 2756 de-

2150 2801 2454 2858 narios.De
2484 2819 2599 2857 uno
2630 2801 2784 2856 corio
2815 2816 3000 2855 unum
3032 2795 3442 2853 denariumzde
3473 2807 3649 2864 carga
3681 2793 3806 2846 sta-

2150 2891 2248 2964 gni
2278 2888 2367 2946 vel
2399 2889 2640 2958 metalli,
2673 2891 2705 2944 4
2749 2889 3040 2945 denarios.
3089 2884 3431 2956 Quicunque
3475 2878 3810 2937 vendiderit

2151 2995 2370 3052 equum
2401 2980 2462 3037 in
2495 2980 2616 3035 foro
2648 2977 2895 3052 qualuor
2921 2975 3211 3032 denarios:
3235 2977 3542 3028 extraneus
3558 2967 3800 3040 ubique.

2151 3068 2548 3125 Constitutum
2575 3073 2664 3124 est
2691 3071 2968 3140 praterea
2997 3069 3054 3121 et
3073 3061 3455 3136 jurejurando
3501 3060 3807 3114 ï¬rmatum

2151 3159 2307 3230 quod
2338 3173 2526 3230 neque
2559 3157 2738 3230 prior,
2769 3173 2959 3228 neque
2988 3154 3236 3225 claviger
3282 3151 3538 3222 aliquem
3567 3146 3656 3202 vel
3687 3144 3808 3202 ali-

2153 3263 2329 3319 quam
2361 3250 2755 3320 supercurrat,
2786 3247 2927 3301 dum
2957 3244 3056 3299 ille
3108 3241 3198 3298 vel
3247 3239 3346 3295 illa
3389 3238 3802 3309 fidejussorem

2154 3336 2332 3409 priori
2363 3340 2596 3409 gratum
2627 3336 2765 3392 dare
2790 3333 3019 3407 poterit.

2224 3427 2366 3481 Item
2400 3441 2570 3481 nemo
2603 3423 3158 3492 cultellum,ensem,
3179 3420 3464 3485 lanceam,
3484 3413 3804 3488 spiculum,

2153 3513 2428 3584 securim,
2458 3513 2786 3587 besogium,
2821 3528 3010 3584 neque
3035 3510 3302 3584 gtadium
3333 3507 3393 3561 in
3431 3503 3805 3561 contentione

2151 3603 2394 3660 trahat:
2451 3604 2604 3675 quod
2667 3603 2716 3658 si
2763 3601 3006 3658 traxerit
3062 3603 3118 3655 et
3173 3615 3290 3653 non
3338 3592 3695 3668 percusserit
3749 3594 3808 3647 et

2153 3693 2401 3750 traxisse
2445 3692 2745 3748 convictus
2796 3689 2988 3755 fuerit,
3042 3705 3141 3745 sex
3187 3686 3405 3743 solidos
3456 3683 3637 3757 priori
3681 3680 3808 3737 sine

2153 3781 2588 3838 intermissione
2618 3780 2798 3836 dabit.
2833 3779 2894 3836 Si
2922 3795 3057 3834 vero
3085 3773 3439 3849 percusserit
3471 3776 3528 3828 et
3558 3769 3807 3843 sangui-

2157 3889 2289 3927 nem
2323 3869 2610 3936 effuderit,
2639 3870 2710 3924 66
2741 3867 2956 3924 solidos
3003 3865 3276 3923 similiter
3306 3861 3470 3919 dabit
3518 3857 3720 3934 priori,
3752 3862 3811 3914 et

2156 3962 2438 4016 damnum
2469 3975 2744 4030 percusso
2777 3975 2845 4013 ex
2873 3957 3098 4028 integro
3129 3953 3418 4010 restituet.
3439 3953 3555 4006 Aut
3619 3948 3670 4005 si
3701 3947 3811 4004 hoc

2153 4055 2343 4107 totum
2376 4050 2562 4104 facere
2590 4065 2707 4104 non
2738 4046 2970 4120 poterit,
3012 4061 3130 4101 uno
3159 4043 3426 4099 membro
3455 4037 3805 4096 curtabitur.

2155 4141 2215 4197 Si
2247 4155 2561 4212 percussus
2599 4141 2868 4193 mortuus
2899 4134 3093 4200 fuerit,
3125 4133 3224 4188 ille
3255 4131 3356 4204 qui
3397 4126 3690 4203 percussit
3718 4143 3810 4183 ex-

2155 4227 2563 4295 haredabitur,
2595 4230 2653 4282 et
2681 4224 2991 4282 hareditas
3020 4227 3142 4280 tota
3187 4225 3248 4278 et
3296 4217 3594 4293 possessio
3626 4215 3809 4290 pertiâ€”

2157 4319 2317 4374 nebit
2347 4318 2420 4374 ad
2451 4316 2724 4390 priorem.

2226 4409 2370 4464 Item
2393 4422 2562 4462 nemo
2594 4409 2755 4461 extra
2776 4401 2977 4459 villam
3007 4401 3095 4457 vel
3126 4400 3279 4455 infra
3318 4397 3575 4471 aliquem
3605 4410 3808 4469 capere

2156 4499 2472 4570 prasumat
2503 4495 2628 4551 sine
2641 4509 2886 4550 assensu
2918 4490 3139 4548 domini
3173 4488 3384 4562 prioris
3404 4486 3492 4543 vel
3505 4484 3808 4558 Clavigeri,

2076 4605 2123 4670 D
2156 4587 2255 4642 sed
2289 4585 2338 4641 si
2365 4601 2502 4640 casu
2536 4579 3025 4654 contigerit,quod
3049 4581 3183 4634 ante
3207 4575 3578 4650 prasentiam
3599 4572 3809 4647 prioris

2156 4674 2244 4731 vel
2277 4672 2546 4746 clavigeri
2576 4687 2711 4727 cum
2742 4673 2909 4742 capto
2938 4685 3000 4724 se
3021 4665 3407 4740 prasentet,si
3438 4667 3636 4720 tamen
3665 4665 3809 4718 tem-

2162 4781 2272 4836 pus
2293 4762 2468 4818 fuerit
2495 4763 2911 4834 opportunum.
2946 4757 3107 4824 Quod
3157 4756 3208 4811 si
3239 4756 3296 4810 id
3331 4755 3519 4810 facere
3548 4750 3810 4825 neglexe-

2160 4853 2255 4921 rit,
2287 4854 2322 4908 6
2352 4850 2570 4908 solidos
2603 4847 2766 4904 dabit
2791 4847 2990 4921 priori.
3025 4849 3172 4900 Item
3203 4845 3253 4900 si
3303 4841 3612 4916 contigerit
3657 4838 3809 4912 quod

2162 4940 2376 5012 aliquis
2408 4939 2665 5010 aliquem
2697 4940 2830 4993 ante
2857 4933 3229 5010 prasentiam
3252 4931 3485 4989 Domini
3516 4945 3814 5004 percusse-

2159 5031 2256 5098 rit,
2291 5031 2513 5100 absque
2544 5026 2721 5084 dubio
2755 5027 3038 5082 damnum
3071 5023 3342 5080 restituet
3377 5024 3436 5078 et
3488 5018 3668 5094 priori
3715 5035 3812 5074 sa-

2159 5119 2431 5176 tisfaciet.

2233 5210 2374 5265 Item
2406 5209 2477 5263 de
2509 5205 2804 5262 mensuris
2833 5206 3239 5276 cujuscunque
3282 5202 3440 5258 modi
3485 5200 3624 5271 sint,
3649 5202 3716 5255 ut
3745 5199 3812 5254 de

2161 5295 2420 5362 conchis,
2455 5295 2526 5350 de
2554 5293 2755 5366 virgis,
2783 5293 2853 5347 de
2875 5291 3186 5359 cubitis,de
3220 5290 3380 5346 canis
3403 5288 3618 5362 quibus
3636 5285 3810 5361 panni

2159 5386 2513 5452 venduntur,
2545 5386 2602 5439 et
2631 5383 2702 5438 de
2731 5380 2898 5437 libris
2927 5385 2984 5437 et
3007 5381 3077 5436 de
3111 5379 3348 5436 rasoriis
3380 5379 3597 5451 quibus
3649 5381 3734 5433 sal
3759 5379 3813 5431 et

2123 5485 2130 5491 '
2164 5478 2386 5547 segetes
2417 5473 2723 5538 raduntur,
2757 5471 3003 5526 ï¬rmiter
3049 5469 3160 5524 fuit
3201 5467 3588 5525 constitutum
3622 5464 3815 5522 omnia

2165 5581 2293 5620 esse
2324 5561 2570 5636 aqualia
2599 5566 2654 5616 et
2677 5561 2861 5630 justa.
2892 5560 3055 5624 Quod
3101 5558 3149 5614 si
3202 5575 3378 5630 penes
3426 5557 3682 5628 aliquem
3721 5553 3815 5611 ali-

2167 5653 2323 5726 quod
2373 5653 2622 5709 istorum
2671 5648 2887 5706 falsum
2943 5649 3246 5705 inventum
3297 5648 3494 5718 fuerit,
3525 5647 3561 5702 6
3601 5644 3813 5703 solidos
