4050 6424
277 445 438 508 1309

1317 449 1762 512 ADALBERTI
1817 449 2162 511 METENS.
2209 448 2648 513 PROLOGUS.

3535 450 3692 515 1310

275 580 460 655 priori
491 580 692 638 solvet.
725 581 886 646 Quod
911 582 958 638 si
978 581 1191 655 aliquis
1213 581 1613 640 reclamaverit
1633 587 1688 639 et
1714 584 1925 656 proba-
1958 584 2012 651 Α
2040 583 2153 639 sibi
2186 583 2434 655 injurias
2463 583 2740 657 irrogare,
2789 586 2846 640 et
2893 582 3042 640 nolit
3077 581 3252 655 juxta
3295 586 3516 641 statuta
3544 584 3690 641 villae

275 670 425 727 verit
453 688 515 728 se
544 671 604 726 in
634 670 974 742 hujusmodi
1020 671 1318 728 mensuris
1373 673 1554 728 fuisse
1598 674 1928 745 deceptum,

279 761 556 833 deceptor
585 761 869 816 damnum
902 761 1169 817 restituet
1223 764 1279 817 et
1329 761 1508 834 priori
1567 779 1669 818 sex
1713 762 1932 818 solidos

281 848 489 905 solvet.

351 938 631 994 Similiter
659 939 730 994 de
759 939 944 994 hortis
971 939 1032 993 in
1061 938 1199 995 villa
1229 941 1566 996 constitutis
1597 945 1654 996 et
1682 940 1934 996 circum-

273 1026 632 1098 jacentibus,
663 1031 720 1082 et
749 1029 819 1082 de
848 1028 1034 1085 vineis
1056 1032 1341 1084 statutum
1365 1033 1452 1084 est
1473 1033 1526 1084 et
1549 1031 1933 1100 jurejurando

281 1116 581 1172 ﬁrmatum
614 1117 770 1188 quod
803 1133 973 1172 nemo
997 1119 1208 1172 audeat
1229 1118 1288 1172 in
1320 1118 1555 1174 hortum
1586 1119 1674 1173 vel
1705 1119 1934 1174 vineam

281 1203 528 1261 alterius
557 1205 794 1273 intrare,
828 1223 934 1260 nec
998 1205 1218 1278 aliquid
1277 1224 1500 1278 rapere,
1535 1225 1726 1281 neque
1757 1207 1932 1278 olera,

281 1309 474 1366 neque
504 1298 758 1366 portum,
793 1311 982 1366 neque
1013 1295 1237 1351 fructus
1265 1296 1314 1351 si
1344 1297 1562 1352 fuerint
1593 1297 1726 1353 sibi.

353 1382 636 1440 Similiter
659 1384 730 1440 de
757 1383 944 1441 vineis
971 1402 1161 1457 neque
1203 1389 1523 1459 agrestum,
1557 1403 1747 1459 neque
1776 1403 1934 1443 race-

282 1488 434 1540 mos,
461 1490 651 1545 neque
681 1475 959 1546 paxellos,
993 1491 1182 1547 neque
1233 1475 1453 1547 aliquid
1511 1492 1736 1531 earum.
1770 1477 1935 1541 Quod

281 1561 334 1618 si
358 1561 574 1634 aliquis
605 1563 806 1620 fecerit
847 1568 903 1619 et
952 1565 1023 1619 de
1080 1565 1230 1620 facto
1288 1565 1702 1636 comprobatus
1735 1565 1930 1634 fuerit,

285 1651 573 1707 damnum
607 1653 892 1718 restituet,
925 1657 983 1708 et
1016 1653 1194 1725 priori
1224 1670 1324 1708 sex
1355 1653 1570 1710 solidos
1602 1653 1869 1721 solvet,et
1886 1655 1935 1710 si

287 1738 427 1794 dare
454 1755 572 1795 non
605 1740 812 1812 possit,
845 1739 1167 1796 auriculam
1191 1741 1414 1812 perdet.

359 1827 504 1883 Item
537 1831 823 1884 statutum
855 1833 943 1883 est
971 1846 1042 1884 ne
1067 1827 1283 1900 aliquis
1308 1828 1433 1883 sine
1452 1844 1698 1882 assensu
1720 1827 1934 1899 prioris

286 1916 348 1971 in
379 1917 748 1988 expeditione
773 1921 883 1985 eat,
906 1934 1008 1973 nec
1041 1934 1227 1989 prece,
1260 1933 1365 1973 nec
1388 1917 1570 1988 pretio
1601 1915 1932 1988 aliquorum
1970 1945 2017 2010 B

287 2005 502 2061 ductus
523 2005 830 2063 castellum
861 2007 1221 2078 ingrediatur
1253 2007 1324 2061 ad
1362 2006 1816 2074 defendendum,
1847 2004 1935 2061 vel

286 2094 444 2149 foras
469 2095 541 2150 ad
571 2096 1046 2167 expugnandum.
1081 2095 1242 2158 Quod
1275 2095 1324 2150 si
1377 2095 1577 2150 fecerit
1632 2099 1688 2149 et
1717 2093 1935 2149 vnlnus

285 2181 572 2250 intulerit,
593 2183 664 2238 66
693 2183 913 2239 solidos
938 2183 1118 2255 priori
1144 2184 1324 2250 dabit,
1358 2188 1416 2238 et
1445 2199 1724 2255 percusso
1770 2184 1935 2238 dam-

287 2288 432 2326 num
462 2271 750 2327 restituet.
783 2273 843 2327 Si
889 2272 1167 2329 occiderit
1219 2272 1538 2340 hominem,
1572 2272 1771 2327 omnia
1800 2289 1936 2327 con-

287 2360 574 2416 ﬁscantur
602 2361 802 2433 priori.
836 2361 897 2416 Si
943 2362 1078 2434 quis
1137 2365 1333 2417 autem
1391 2361 1676 2433 superbia
1711 2361 1935 2416 facibus

2031 671 2256 742 judicio
2287 672 2992 746 injuriaspersequi,post
3006 673 3259 745 primam
3287 677 3344 729 et
3373 674 3691 730 secundam

2041 761 2496 818 admonitionem
2530 763 2743 834 prioris
2773 779 2876 835 per
2907 778 2968 818 se
2997 761 3087 818 vel
3131 778 3235 834 per
3280 779 3419 818 snos
3451 763 3688 830 factam,

2040 849 2136 905 ille
2165 850 2302 906 talis
2332 851 2606 906 omnibus
2639 851 2844 907 diebus
2872 852 3001 906 vitae
3025 867 3144 906 suae
3172 868 3240 906 ex
3269 855 3410 907 tunc
3441 852 3604 908 exsul
3633 856 3692 908 et

2042 940 2325 1012 profugus
2357 957 2471 995 non
2503 957 2842 996 reversurus
2862 941 3114 1007 abeat,et
3135 940 3329 996 omnis
3362 942 3489 1012 ejus
3510 941 3691 997 haere-

2043 1027 2194 1084 ditas
2226 1028 2403 1100 priori
2433 1029 2786 1085 incurratur.
3247 1051 3251 1054 λ

2114 1122 2360 1173 Demum
2392 1122 2682 1174 statutum
2712 1123 2802 1174 est
2842 1119 3000 1190 quod
3050 1118 3385 1191 quicunque
3414 1118 3576 1174 intus
3599 1119 3689 1174 vel

2044 1209 2204 1262 extra
2235 1206 2489 1278 aliquem
2519 1207 2608 1262 vel
2648 1207 2906 1280 aliquam
2941 1207 3315 1277 interfecerit,
3356 1207 3483 1263 sine
3513 1207 3688 1263 mise-

2045 1294 2294 1350 ricordia
2325 1295 2662 1351 incurratur
2691 1297 2960 1352 Domino.

2115 1384 2196 1439 De
2224 1383 2487 1440 minimis
2517 1389 2714 1441 autem
2747 1385 3093 1457 querelis,ut
3116 1388 3205 1441 est
3225 1385 3295 1440 de
3314 1383 3690 1456 percussione

2046 1472 2167 1528 sive
2196 1473 2503 1545 sanguinis
2527 1474 2810 1530 effusione
2835 1471 2988 1530 facta
3009 1478 3065 1529 et
3085 1474 3156 1529 de
3184 1472 3364 1529 illatis
3393 1476 3693 1528 contume-

2045 1559 2159 1628 liis,
2189 1562 2260 1617 de
2300 1561 2527 1633 capillis
2577 1563 2765 1635 ruptis
2816 1567 2873 1619 et
2919 1564 2992 1618 de
3047 1561 3178 1618 aliis
3233 1560 3594 1633 hujusmodi,
3627 1564 3694 1616 ut

2046 1653 2392 1706 consuetum
2425 1655 2515 1706 est
2545 1655 2600 1707 et
2630 1655 2915 1707 statutum
2945 1655 3235 1707 teneatur.

2118 1739 2260 1794 Item
2293 1739 2342 1795 si
2385 1739 2520 1812 quis
2555 1739 2840 1815 virginem
2896 1739 3221 1812 corruperit
3242 1738 3336 1794 vi:
3370 1738 3421 1794 si
3480 1738 3692 1794 mulier

2045 1826 2222 1882 fuerit
2243 1827 2412 1883 vilior
2439 1829 2698 1896 eo,dabit
2718 1828 2768 1884 ei
2793 1827 3069 1884 maritum
3091 1827 3336 1883 consilio
3369 1827 3691 1882 amicorum

2047 1932 2310 1984 suorum,
2340 1915 2424 1971 vel
2456 1915 2702 1988 accipiet
2726 1933 2854 1972 eam
2888 1917 2948 1970 in
2990 1932 3253 1971 uxorem.
3290 1915 3452 1981 Quod
3483 1915 3534 1971 si
3561 1931 3692 1970 mu-

2044 2003 2152 2060 lier
2181 2004 2354 2060 fuerit
2383 2003 2652 2072 nobilior,
2687 2007 2760 2060 ad
2793 2005 3099 2062 arbitrium
3147 2003 3360 2076 prioris
3390 2007 3449 2059 et
3477 2002 3692 2059 amico-

2045 2109 2176 2146 rum
2226 2091 2508 2157 mulieris,
2572 2091 2804 2148 mulieri
2859 2091 3177 2149 satisfaciet
3231 2095 3290 2147 et
3345 2091 3417 2146 66
3470 2091 3690 2147 solidos

2045 2181 2222 2253 priori
2253 2181 2454 2236 solvet.

2114 2270 2255 2325 Item
2279 2270 2329 2325 si
2359 2268 2572 2341 aliquis
2605 2268 2926 2339 quamlibet
2954 2268 3130 2324 aliam
3152 2271 3460 2340 stupratus
3491 2267 3685 2336 fuerit,

2044 2359 2079 2413 6
2106 2357 2322 2413 solidos
2349 2357 2512 2413 dabit
2535 2357 2712 2429 priori
2744 2361 2802 2413 et
2829 2357 3061 2413 mulieri
3092 2356 3431 2414 satisfaciet.
3463 2357 3523 2414 Si
3556 2355 3692 2428 quis

287 2466 570 2506 accensus
600 2449 962 2523 negligenter
991 2452 1062 2506 de
1118 2450 1256 2505 villa
1310 2450 1516 2505 exierit
1555 2450 1839 2522 profugus
1871 2466 1940 2504 ea
2047 2447 2419 2519 conjugatam
2452 2445 2709 2518 rapuerit
2738 2449 2795 2501 et
2841 2463 2975 2502 cum
3018 2463 3089 2502 ea
3119 2446 3354 2518 fugerit,
3387 2449 3454 2501 ut
3481 2446 3552 2501 de
3582 2445 3686 2500 ho-

285 2537 611 2607 occasione,
643 2539 799 2610 quod
830 2539 969 2595 dicit
996 2541 1319 2612 burgenses
1349 2537 1438 2594 vel
1467 2538 1663 2610 ipsum
1686 2538 1938 2610 priorem

2052 2535 2287 2591 micidio
2318 2534 2782 2591 stabilimentum
2806 2534 2952 2590 villa
2984 2539 3262 2591 servetur.

289 2691 3676 2734 mw

1594 2830 1747 2868 ANNO
1787 2828 1990 2868 DOMINI
2029 2827 2388 2867 DCCCCLXXIX.

1176 2970 2821 3138 ADALBERTUS

1529 3234 1881 3290 METENSIS
1919 3229 2460 3289 SCHOLASTICUS.

899 3530 1362 3617 ΝΟΤΙἹἸΑ
1424 3529 2041 3616 HISTORICA
2103 3527 2217 3613 IN
2272 3522 3074 3613 ADALBEBTUM.

1446 3705 1692 3776 (Fabric.
1724 3707 1984 3762 Biblioth.
2017 3722 2153 3761 mer.
2187 3707 2240 3760 et
2270 3702 2377 3778 inf.
2413 3701 2538 3774 lat.)

357 3970 726 4055 Adalbertus,
759 3973 1107 4055 levitatsive
1139 3975 1462 4055 monachus
1490 3977 1547 4029 et
1576 3974 1868 4055 sacerdos,
1900 3972 2138 4055 scripsit
2181 3972 2363 4053 Heres
2411 3987 2481 4025 ea:
2538 3968 2845 4055 Marcii-bu:
3002 3966 3458 4055 Gregergz'tpqpfe
3480 3965 3546 4055 in
3559 3964 3691 4055 iob;

284 4058 502 4126 eosque
523 4035 831 4126 dedicavit
848 4035 1202 4126 Herimanno
1236 4047 1591 4126 presbytero.
1626 4035 1936 4126 Prologum
1977 4035 2050 4100 ad
2089 4043 2554 4126 Herimannu’nnin
2569 4040 2751 4095 edidit
2806 4035 3152 4093 Edmundus
3206 4035 3465 4092 Martene
3493 4038 3637 4091 tom.
3672 4035 3694 4090 Ι

284 4113 584 4182 AneCdot.,
612 4132 788 4187 quem
816 4120 1068 4173 testatur
1097 4113 1508 4190 depromptum
1539 4134 1607 4172 ex
1641 4113 1838 4172 codice
1869 4131 2156 4172 annorum
2189 4113 2421 4169 circiter
2449 4113 2575 4167 600.

633 4432 1154 4558 INCIPIT
1214 4430 1890 4556 PROLOGUS
1950 4425 2727 4554 ADALBEBTI
2780 4423 3332 4552 LEVITfE

1394 4662 1487 4717 AD
1525 4660 2014 4718 HERIMANNUM
2054 4656 2577 4717 PRESBYTERUM

367 4814 441 4876 In
461 4834 574 4897 quo
598 4815 896 4897 promittit
934 4812 1381 4897 subnectendum
1410 4814 1470 4873 εἰ
1517 4811 1857 4897 opusculum
1894 4821 2238 4897 cecc-emtum
2275 4836 2305 4897 ς(
2361 4809 2535 4892 quasi
2591 4808 2754 4897 lz'lz'a_
2778 4805 3093 4897 candentia
3139 4824 3177 4866 a
3204 4802 3535 4868 Moralz'bus
3563 4820 3692 4884 quae

529 4887 659 4976 qdae
685 4896 765 4956 Β.
802 4893 1122 4975 Gregorius
1152 4893 1390 4975 Spiritu
1415 4887 1612 4954 saneto
1643 4891 1894 4973 afﬂatus
1925 4887 2388 4954 lucu-lentissime
2409 4909 2670 4951 sermone
2711 4888 2986 4950 disseruit
3010 4887 3123 4968 (1).
3148 4909 3178 4943 ››

1323 5052 1512 5124 (Apud
1543 5052 1810 5118 Martem,
1842 5049 2095 5107 Anecdot.
2127 5053 2272 5106 tom.
2306 5051 2350 5119 Ι,
2382 5066 2514 5124 pag.
2549 5047 2664 5120 84.)

365 5330 757 5388 Dilectissimo
786 5330 845 5385 in
871 5329 1098 5385 Christo
1128 5347 1193 5385 ac
1235 5328 1548 5385 venerabili
1590 5328 1744 5384 Patri
1776 5345 1936 5383 rmm-
1964 5330 2006 5398 ρ
2118 5328 2343 5382 Mecum
2375 5325 2554 5398 saepiu
2620 5326 2886 5388 retracto,
2917 5319 3223 5376 revcrende
3253 5319 3441 5387 Pater,
3464 5315 3694 5372 creber-

295 5439 454 5480 MANO
482 5421 1204 5494 presbyteroADALBEn'rus
1223 5417 1593 5474 humillimus
1626 5417 1937 5474 levitarum
2049 5416 2198 5471 rima
2238 5412 2392 5469 circa
2438 5430 2532 5469 me
2589 5410 2969 5484 benignitatis
3026 5408 3446 5479 charitatisque
3491 5409 3693 5462 vestrae

294 5511 710 5584 sempiternam
739 5509 800 5564 in
833 5507 1074 5563 Domino
1104 5507 1463 5564 felicitatem.

365 5645 451 5728 (1).
472 5644 673 5728 Exstat
701 5640 1190 5728 h‘oe‘opu‘sculum
1238 5641 1296 5728 in
1338 5658 1458 5726 .ms.
1490 5640 1931 5728 _codic‘ermona-

2044 5654 2229 5695 annos
2258 5634 2486 5692 circiter
2513 5634 2619 5688 600

2047 5504 2313 5576 impensa
2327 5501 2628 5567 beneﬁcia,
2664 5517 2897 5556 necnon
2929 5497 3104 5554 etiam
3133 5497 3334 5554 suavia
3353 5501 3527 5568 atque
3551 5494 3695 5551 satis

2777 5651 2821 5688 aa
2858 5638 3038 5690 entat.
3074 5633 3234 5689 Idem
3248 5647 3310 5688 se
3330 5629 3612 5703 reperisse
3633 5628 3694 5703 in

295 5701 456 5776 sterii
487 5715 675 5775 sancti
708 5701 896 5771 lllidii‘
926 5711 1375 5785 Claromontani,
1410 5712 1578 5784 cujus
1635 5711 1932 5769 character
2041 5727 2152 5768 ms.
2187 5703 2724 5768 Pracmonstratensi
2755 5709 3001 5763 testatur
3037 5701 3411 5763 Mabillonius
3441 5706 3613 5782 Vtomo
3673 5701 3696 5758 Ι
