4038 5388
1451 289 1833 298 _———_————.

217 286 3447 349 ΗΜ

1394 456 1565 501 ANNO
1615 454 1844 499 DOMINI
1888 454 2306 503 DCCCCLXXIV.

1010 480 2725 848 arranius

1431 966 1867 1028 VERONENSIS
1905 966 2283 1025 EPISCOPUS

199 1149 387 1224 (iuxta
418 1147 725 1206 editionem
755 1148 937 1204 datam
966 1146 1196 1205 Veronae
1227 1160 1370 1201 anno
1419 1144 1631 1199 Domini
1681 1144 1838 1207 1763,
1873 1144 2186 1201 curantibus
2235 1144 2397 1203 Petro
2420 1156 2476 1203 et
2504 1146 2829 1218 Hieronymo
2868 1148 3128 1207 fratribus
3156 1150 3491 1220 Balleriniis,

1454 1236 1787 1307 presbyteris
1812 1236 2256 1309 Veronensibus).

1700 1397 2024 1413 ὴ

1293 1534 2380 1655 PROLEGOMENA.

1113 1902 1696 1999 EPISTOLA
1771 1905 2617 1999 DEDICATORIA.

273 2170 508 2228 Thomze
536 2174 775 2238 Qntnmo
804 2167 971 2237 equiti
1003 2182 1064 2221 ac
1096 2166 1225 2221 tedis
1248 2164 1304 2219 S.
1338 2163 1502 2219 Marci
1534 2160 1866 2233 procuratori
1895 2160 2087 2229 Petrus
2123 2170 2177 2217 et
2216 2160 2574 2232 Hieronymus
2612 2160 2807 2216 fratres
2850 2161 3159 2220 Bxusnmu
3197 2169 3503 2240 presbyteri

214 2268 567 2325 Yeronenses
604 2268 667 2321 S.
706 2265 767 2320 P.
808 2266 873 2319 Ι).

281 2359 393 2413 Cur
428 2355 689 2411 Ratherii
719 2352 958 2425 episcopi
986 2348 1316 2406 Veronensis
1354 2348 1496 2403 inter
1528 2346 1611 2401 sui
1639 2346 1738 2401 τενί
1773 2346 2064 2415 scriptores
2092 2344 2328 2399 maxime
2358 2344 2585 2399 celebris
2622 2344 2818 2414 Opera,
2852 2362 2994 2401 nunc
3024 2348 3254 2417 primum
3282 2365 3312 2403 a
3350 2349 3508 2407 nobis

224 2455 469 2518 collecta,
502 2462 560 2507 et
589 2452 813 2507 ineditis
851 2458 1006 2505 aucta
1032 2488 1047 2514 ,
1091 2447 1371 2516 multoque
1399 2444 1576 2500 studio
1606 2442 1893 2507 illustrata,
1932 2458 2051 2511 qua:
2077 2443 2216 2512 apud
2243 2443 2484 2497 eruditos
2511 2442 2562 2496 in
2593 2444 2861 2499 desiderio
2893 2454 3065 2508 erant,
3101 2458 3227 2502 ante
3253 2456 3302 2502 te
3339 2449 3508 2505 sista-

226 2566 363 2615 mus,
395 2550 581 2618 Eques
612 2556 668 2601 et
696 2547 754 2602 S.
785 2544 950 2601 Marci
978 2546 1307 2601 Procurator
1333 2541 1685 2611 amplissime,
1710 2555 1816 2594 non
1849 2554 1953 2594 una
1988 2539 2172 2595 existit
2197 2553 2381 2593 causa.
2413 2537 2573 2594 Plura
2608 2539 2660 2593 in
2694 2540 2884 2608 primis
2918 2550 2968 2597 te
2995 2556 3212 2611 ornant,
3240 2546 3507 2617 antiquis-

231 2648 348 2704 simi
378 2645 597 2717 generis
627 2642 905 2707 nobilitas,
942 2641 1208 2710 majorum
1258 2638 1545 2693 illustrium
1590 2653 1696 2693 non
1729 2636 1955 2706 exiguus
2006 2650 2304 2701 numerus,
2352 2644 2409 2690 et
2454 2636 2609 2691 dotes
2657 2651 2723 2690 ac
2768 2640 3142 2710 prterogatirze
3169 2643 3510 2712 potissimum

235 2741 461 2812 propria:
488 2750 629 2805 tum,
670 2754 789 2808 quae
821 2746 871 2791 te
900 2736 1319 2791 clarissimorum
1357 2732 1622 2803 majorum
1672 2746 1777 2787 non
1824 2732 2143 2801 degenerem
2166 2771 2179 2795 ,
2211 2731 2303 2786 sed
2336 2730 2665 2787 imitatorem
2717 2732 3165 2803 gloriosissimum
3221 2740 3509 2805 exhibent,

233 2838 364 2890 adeo
392 2843 473 2901 ut,
504 2835 549 2889 si
581 2835 648 2889 ab
680 2833 786 2888 illis
821 2832 967 2887 omni
1014 2832 1209 2887 decore
1243 2828 1585 2885 afﬂuentibus
1620 2829 1689 2883 ad
1725 2836 1777 2882 te
1815 2827 2119 2882 ornandum
2168 2827 2460 2896 quidquam
2511 2828 2719 2893 hauris,
2759 2829 2985 2885 multum
3036 2831 3088 2887 in
3124 2842 3174 2887 te
3203 2834 3365 2889 etiam
3418 2837 3510 2901 sit,

235 2932 373 2985 unde
404 2932 473 2986 ad
504 2930 624 2985 illos
657 2930 939 2984 redundet.
967 2926 1026 2982 In
1056 2925 1394 2998 gravissimis
1420 2925 1565 2979 enim
1596 2932 1761 2994 atque
1787 2922 2119 2978 difﬁcillimis
2169 2922 2485 2978 muneribus
2528 2924 2757 2994 publicis
2790 2926 2883 2980 tibi
2928 2928 3168 2995 creditis,
3203 2946 3307 2985 non
3336 2932 3512 2987 solum

243 3029 470 3093 Verona,
496 3025 681 3081 Brixia
724 3035 782 3081 et
816 3024 1020 3089 Palma,
1052 3024 1249 3094 quibus
1274 3021 1473 3077 multos
1499 3036 1672 3075 annos
1700 3018 1984 3088 pmfuisti,
2017 3028 2162 3072 tuam
2192 3018 2548 3088 diligentiam,
2594 3022 2954 3089 prudentiam,
2999 3025 3332 3095 aequitatem,
3355 3027 3515 3097 justi-

239 3126 391 3188 tiam,
424 3124 846 3187 humanitatem,
876 3120 1260 3185 constantiam,
1304 3116 1759 3181 munificentiam,
1794 3130 1859 3169 ac
1893 3114 2229 3186 religionem,
2263 3114 2647 3186 religionisque
2694 3125 2854 3172 sarta:
2886 3125 3040 3174 tecta:
3072 3123 3352 3177 servanda:
3400 3134 3514 3179 stu~

236 3218 402 3284 dium,
428 3228 486 3273 et
518 3218 572 3272 in
603 3217 766 3273 officii
794 3216 1094 3287 praesertim
1127 3216 1292 3270 rebus
1316 3212 1565 3285 gerendis
1605 3211 1930 3267 indefessam
1966 3224 2207 3281 operam,
2249 3212 2623 3283 insignemque
2672 3229 2777 3268 non
2809 3223 2914 3268 tam
2948 3214 3149 3270 laboris
3175 3217 3511 3285 patientiam,

236 3329 397 3383 quam
439 3314 824 3385 periculorum,
851 3312 940 3367 ubi
970 3325 1103 3380 opus
1129 3318 1292 3374 esset,
1318 3316 1687 3377 contemptum
1714 3308 1995 3362 admirata:
2023 3316 2177 3371 sunt;
2205 3322 2393 3387 verum
2421 3308 2583 3364 etiam
2606 3309 2817 3380 Anglia,
2850 3310 2939 3364 ubi
2968 3312 3516 3372 honorificentissima

237 3406 545 3477 reipublicae
571 3404 839 3475 legatione
866 3412 1019 3457 extra
1047 3401 1293 3457 ordinem
1323 3401 1633 3470 nuperrime
1664 3398 1882 3455 functus
1911 3416 1989 3456 es.
2017 3400 2153 3455 Hinc
2178 3401 2394 3471 quidem
2437 3401 2625 3457 eadem
2656 3402 2972 3473 Respublica
2994 3444 3007 3468 ,
3057 3420 3175 3474 quae
3207 3406 3515 3464 benemori-

247 3503 477 3558 tissimis
511 3501 717 3556 civibus
740 3499 988 3568 quaedam
1018 3497 1342 3568 perillustria
1368 3496 1665 3551 reservavit
1693 3496 1947 3566 insignia,
1990 3512 2168 3551 rerum
2201 3512 2232 3551 a
2262 3505 2315 3552 te
2346 3497 2602 3566 prmclare
2630 3506 2902 3567 gestarum
2926 3499 3119 3567 duplex
3144 3503 3510 3559 testimonium

240 3598 405 3653 dedit.
437 3597 568 3652 Post
594 3596 899 3651 exantlatos
929 3595 1073 3649 enim
1103 3594 1317 3649 labores
1347 3594 1594 3657 Veronae,
1620 3593 1817 3646 Brixia:
1847 3602 1903 3647 et
1926 3592 2144 3658 Palmm,
2178 3603 2230 3649 te
2258 3602 2663 3662 procuratorem
2690 3594 2821 3648 aadis
2848 3593 2908 3648 S.
2939 3594 3102 3650 Marci
3129 3597 3257 3668 (quo
3285 3601 3511 3670 honore,

242 3694 284 3749 si
308 3707 554 3748 summus
578 3691 919 3761 principatus
944 3690 1268 3761 excipiatur,
1299 3688 1475 3743 nullus
1498 3696 1581 3743 est
1610 3684 1824 3757 major.)
1846 3702 2038 3754 magno
2065 3687 2304 3742 omnium
2336 3702 2603 3743 consensu
2635 3697 2687 3742 et
2715 3687 2902 3757 plausu
2932 3690 3159 3743 creavit.
3189 3689 3321 3745 Cum
3351 3708 3514 3762 porro

242 3798 294 3842 te
328 3788 761 3843 extraordinaria
801 3786 1066 3857 legatione
1088 3799 1301 3840 summa
1333 3800 1455 3839 cum
1492 3784 1649 3838 laude
1679 3782 2019 3853 perfunctum
2055 3800 2085 3837 a
2123 3782 2328 3853 Magnae
2366 3781 2660 3837 Britanniae
2689 3798 2812 3852 rege
2840 3783 2892 3837 in
2925 3783 3311 3854 amplissimum
3342 3786 3513 3859 Equi-

245 3894 353 3939 tum
384 3864 631 3941 ordinem
658 3882 890 3937 relatum
912 3924 926 3947 ,
954 3882 1459 3952 perhonorificoque
1505 3879 1795 3950 diplomate
1826 3879 2260 3934 commendatum
2312 3880 2544 3949 accepit,
2575 3879 2802 3934 alterum
2835 3880 2978 3934 hunc
3024 3882 3246 3938 honoris
3290 3888 3515 3953 gradum

244 3981 636 4051 gratulabunda
667 3979 987 4051 approbavit
1029 3992 1093 4035 eo
1123 3980 1361 4043 decreto,
1401 3992 1509 4048 quo
1554 3992 1751 4031 novum
1784 3986 1997 4031 tuorum
2030 3976 2346 4031 meritorum
2381 3976 2744 4031 testimonium
2774 3976 3107 4031 declaratum
3153 3980 3342 4034 voluit.
3391 3981 3518 4037 Haec

244 4078 424 4133 omnia
464 4086 615 4131 tanta
654 4092 720 4131 ac
751 4085 857 4130 tam
889 4076 1169 4146 splendida
1199 4075 1411 4143 lateque
1439 4073 1697 4145 fulgentia
1737 4081 1861 4128 sunt
1888 4088 1993 4126 non
2022 4072 2192 4128 solum
2225 4072 2472 4137 honoris,
2503 4087 2688 4125 verum
2716 4072 2879 4126 etiam
2911 4075 3248 4131 auctoritatis
3276 4080 3517 4144 nomina,

247 4183 301 4228 ut
323 4174 659 4229 Rathcriana
696 4172 883 4229 isthicc
911 4172 1078 4226 editio
1110 4171 1236 4239 (nisi
1264 4170 1463 4235 aliquid
1494 4170 1634 4224 aliud
1681 4169 1930 4239 pmprius
1957 4177 2154 4239 prmsto
2180 4168 2372 4240 esset),
2422 4168 2513 4223 tibi
2556 4179 2860 4239 nuncupata
2890 4179 2945 4224 et
2968 4176 3343 4230 commendata
3391 4191 3520 4249 pro-

247 4272 398 4326 diens
438 4272 492 4326 in
534 4271 733 4336 lucem,
765 4284 1020 4340 magnum
1055 4269 1157 4324 sibi
1197 4284 1260 4323 ex
1296 4278 1347 4321 te
1388 4284 1492 4323 non
1524 4270 1682 4324 modo
1709 4267 2074 4338 splendorem,
2105 4268 2200 4321 sed
2231 4267 2590 4337 patrocinium
2619 4269 2783 4323 etiam
2837 4279 3020 4339 posset
3057 4268 3181 4338 jure
3211 4250 3276 4325 ac
3321 4272 3519 4325 mer-ito

248 4368 509 4437 polliceri.
539 4368 608 4421 At
637 4383 740 4423 non
770 4366 965 4421 desunt
992 4366 1095 4420 alia
1129 4374 1182 4420 et
1221 4374 1463 4421 nostrum
1490 4376 1543 4421 et
1574 4369 1741 4438 ipsius
1776 4370 2031 4426 editionis
2058 4371 2294 4441 propria.
2324 4370 2441 4425 Jam
2467 4372 2535 4427 ab
2566 4387 2630 4427 eo
2672 4380 2913 4443 tempore
2938 4414 2953 4440 ,
2999 4389 3107 4444 quo
3134 4372 3424 4444 praefectus
3464 4384 3521 4428 et

250 4473 546 4533 propraetor
574 4470 816 4517 nostram
842 4461 985 4516 hanc
1009 4460 1379 4518 Veronensem
1406 4463 1677 4519 civitatem
1707 4466 2112 4536 gubernandam
2143 4468 2426 4538 suscepisti
2454 4509 2469 4534 ,
2512 4470 2584 4523 ita
2624 4484 2723 4524 nos
2754 4469 2995 4539 pluribus
3035 4470 3389 4525 humanitatis
3415 4477 3520 4525 tuae

250 4556 443 4613 officiis
471 4558 744 4629 obligasti,
788 4568 849 4615 ut
888 4559 1165 4630 publicum
1194 4561 1409 4630 aliquod
1451 4562 1593 4633 grati
1629 4564 1793 4618 animi
1826 4572 1882 4618 et
1910 4565 2152 4634 obsequii
2181 4567 2352 4620 nostri
2381 4566 2746 4623 testimonium
2779 4567 2872 4621 tibi
2902 4567 3262 4637 prarstandum
3287 4582 3519 4623 censue-

254 4654 451 4719 rimus,
509 4670 635 4710 cum
680 4666 982 4726 opportuna
1028 4673 1146 4714 sese
1196 4657 1412 4713 offerret
1468 4660 1700 4715 occasio.
1768 4659 1883 4715 Hac
1936 4670 2118 4715 autem
2182 4662 2421 4717 editione
2491 4663 2623 4717 nihil
2692 4663 2870 4733 aptius
2922 4671 3083 4733 atque
3151 4664 3511 4733 opportunius

253 4751 498 4808 accidere
525 4753 718 4823 potuit.
769 4752 941 4809 Sicuti
985 4762 1038 4807 tu
1067 4754 1288 4823 optimis
1316 4754 1506 4808 studiis
1534 4754 1851 4823 delectatus,
1883 4770 2112 4826 quorum
2137 4771 2298 4812 causa
2346 4757 2600 4814 selectam
2649 4758 3003 4829 insigniorum
3030 4757 3291 4812 librorum
3320 4757 3517 4812 biblio-
3567 4802 3570 4806 .

254 4849 484 4915 thecam,
529 4865 633 4905 non
669 4866 817 4906 mero
847 4852 1085 4915 ornatui,
1115 4850 1209 4905 sed
1242 4858 1331 4903 tuo
1357 4850 1535 4905 studio
1562 4850 1883 4906 destinatam
1912 4853 2290 4919 construxisti,
2338 4861 2393 4908 et
2446 4854 2502 4908 in
2541 4854 2656 4909 dies
2694 4854 2878 4908 itidem
2929 4869 3094 4925 auges
3123 4894 3139 4918 ,
3186 4854 3517 4925 praecipuum

253 4960 371 4999 cum
404 4947 456 4999 in
494 4947 694 5001 eadem
735 4950 933 5013 studia,
980 4957 1088 5003 tum
1120 4948 1172 5001 in
1210 4947 1451 5017 ipsorum
1480 4949 1780 5004 studiorum
1821 4949 2058 5005 cultores
2096 4950 2379 5007 ostendisti
2409 4967 2686 5018 amorem;
2716 4953 2788 5006 ita
2816 4968 2917 5009 nos
2945 4961 3090 5008 tuam
3116 4950 3173 5003 in
3203 4959 3436 5016 nosmet,
3466 4960 3523 5007 et

255 5033 304 5086 in
342 5044 558 5089 nostras
594 5036 885 5094 litterarias
935 5052 1094 5093 curas
1131 5039 1546 5108 propensionem
1577 5048 1741 5110 atque
1790 5038 2031 5096 favorem
2078 5041 2281 5113 pluries
2307 5045 2517 5112 experti
2543 5058 2749 5100 sumus.
2797 5042 2935 5101 Cum
2963 5056 3093 5099 vero
3140 5040 3280 5095 inter
3326 5051 3525 5100 caetera

256 5130 425 5182 studia
453 5130 609 5182 illud.
636 5146 738 5182 (mo
770 5135 1000 5182 maxime
1028 5132 1288 5182 afficeris.
1319 5134 1390 5182 sit
1434 5134 1669 5182 studium
1716 5151 1896 5182 rerum
1930 5137 2089 5182 medii
2116 5136 2234 5182 mvi-
2280 5143 2445 5182 atmm
2470 5152 2656 5182 pnmm
2694 5143 2995 5182 ﬁrmem-lim
3026 5140 3282 5182 lihrm-nm
3336 5143 3428 5182 nni
3461 5146 3523 5182 ml
