4038 5388
492 174 547 227 ιι
1452 156 1860 229 'RATHERIUS
1899 171 2333 231 vsnoasasrs
2372 175 2792 239 EPISCOPUS-
3692 193 3759 246 η

488 301 814 364 perpetuum
844 307 949 347 non
984 291 1163 348 minus
1202 298 1416 347 tuorum
1447 290 1755 349 officiorum
1802 290 1855 346 in
1893 306 1991 347 nos
2017 334 2032 374 ,
2061 285 2224 363 quam
2257 294 2392 365 grati
2425 295 2588 350 animi
2619 312 2746 366 erga
2780 305 2832 352 te
2874 301 3045 354 nostri
3082 300 3464 358 documentum
3495 314 3760 375 praestan-

489 393 644 454 dum,
676 398 733 444 et
759 389 953 444 futuris
979 401 1192 458 quoque
1215 387 1464 442 .etatibus
1490 385 1919 456 relinquendum.
1947 387 2146 459 Accipe
2170 389 2351 459 itaque
2377 390 2480 446 hoc
2502 391 2874 463 qualecunque
2904 397 3284 452 munusculum
3310 408 3589 456 nostrum:
3618 403 3765 472 quod

490 477 536 532 si
568 479 749 536 minus
769 481 988 551 dignum
1018 480 1230 535 videtur
1251 479 1604 549 amplitudine
1631 486 1743 545 tua,
1772 478 1945 548 ipsam
1981 487 2162 535 tamen
2190 480 2308 550 ejus
2343 483 2685 551 tenuitatem,
2717 493 2778 539 ut
2809 500 3113 556 speramus,
3139 489 3490 548 humanitatis
3511 507 3637 565 erga
3665 511 3767 550 nos

493 581 602 626 tua:
626 573 939 643 magnitudo
961 572 1282 628 sublevabit.
1315 571 1390 628 Te
1414 578 1688 642 postremo
1713 579 1959 642 rogatum
1986 571 2254 638 volumus,
2285 580 2365 637 ιιι,
2390 573 2436 628 si
2467 589 2566 630 nos
2593 586 2715 630 eam
2745 575 2866 643 tibi,
2889 592 3054 648 quam
3083 579 3342 640 debemus
3368 593 3423 640 et
3452 600 3767 656 possumus,

495 659 655 732 hujus
678 664 929 719 editionis
957 665 1360 734 nuncupatione
1389 669 1649 732 praestare
1674 661 2073 718 observantiam
2109 661 2402 733 perspicis;
2435 673 2492 719 ιιι
2536 680 2638 720 nos
2666 679 2752 733 eo,
2779 681 2887 738 quo
2901 665 3112 741 jamdiu
3144 671 3424 730 instituisti
3451 715 3467 742 ,
3494 674 3681 733 favore
3703 692 3772 733 ae

496 756 802 826 patrocinio
827 759 1081 830 prosequi
1111 774 1180 814 ne
1207 757 1443 814 desinas.

518 927 820 939 ~—

821 923 3694 949 W
883 937 3024 949 ______—_—___——.————————————-——.—————_——

517 942 876 953 ~—

883 941 1439 952 ——____—.——

677 1083 1312 1180 PB/EFATIO
1389 1085 1512 1175 IN
1586 1081 2276 1174 EDITIONEM
2350 1039 2849 1176 OPERUM
2938 1091 3564 1188 RATHERII.

567 1443 608 1496 1.
641 1439 706 1514 [ι]
737 1440 862 1495 Post
887 1436 1178 1494 editionem
1209 1448 1431 1504 operum
1457 1434 1684 1489 duorum
1716 1448 2086 1506 cpiscoporum
2116 1433 2164 1495 Α
2195 1433 2364 1503 ipsius
2403 1443 2583 1490 autem
2628 1433 2946 1492 celebritate
3000 1437 3072 1494 ob
3122 1439 3389 1511 insignem
3439 1441 3767 1516 doctrinam,

497 1534 916 1596 Veronensium,
964 1528 1221 1585 nimirum
1258 1526 1318 1583 S.
1346 1526 1611 1593 Zenonis,
1658 1526 1750 1596 qui
1779 1533 2001 1596 quarto,
2037 1533 2091 1582 et

498 1629 721 1685 Joannis
749 1625 982 1681 Matthzei
1010 1621 1254 1685 Giberti,
1305 1621 1395 1692 qui
1445 1629 1597 1676 sexto
1645 1620 1855 1676 decimo
1896 1618 2091 1675 saeculo

498 1719 698 1783 ﬂoruit,
735 1725 949 1772 nostras
977 1728 1138 1770 curas
1165 1721 1221 1768 et
1256 1711 1609 1782 cogitationes
1638 1711 1816 1782 rapuit
1844 1710 2090 1766 collectio

499 1822 553 1866 et
593 1810 758 1865 editio
801 1807 1034 1880 Operum
1085 1804 1330 1860 Ratherii
1382 1803 1553 1860 nostri
1605 1802 1731 1859 item
1761 1802 2090 1860 Veronensis

499 1903 772 1975 episc0pi,
813 1901 903 1970 qui
954 1899 1056 1953 etsi
1097 1897 1306 1953 decimo
1352 1891 1580 1963 saeculo,
1629 1896 1870 1952 omnium
1903 1910 2091 1952 corru-

495 1995 748 2068 ptissimo
771 2001 824 2046 et
854 1988 1261 2054 obscurissime,
1283 1987 1498 2052 vixerit,
1524 1987 1596 2041 ita
1624 1995 1799 2040 tamen
1821 1985 2089 2058 probitate

498 2099 738 2147 morum,
780 2078 1078 2148 disciplina:
1108 2077 1244 2143 zelo,
1275 2077 1465 2132 studiis
1500 2076 1804 2130 litterarum
1833 2075 2088 2145 omnique

497 2173 851 2232 Scientiarum
887 2183 1084 2242 genere
1123 2167 1342 2234 claruit,
1377 2175 1437 2222 ut
1475 2166 1616 2222 inter
1642 2166 1881 2237 ejusdem
1909 2163 2089 2219 saeculi

496 2267 791 2336 scriptores
809 2259 1197 2317 celeberrimus
1217 2269 1271 2312 et
1287 2255 1692 2312 laudatissimus
1709 2254 1796 2309 sit.
1815 2252 2087 2320 Quantum

498 2356 604 2411 hoc
629 2365 868 2422 tempore
913 2355 1158 2420 grassata
1192 2344 1395 2401 fuerint
1421 2344 1552 2398 vitia
1573 2383 1588 2408 ,
1626 2351 1887 2412 quantum
1937 2341 2090 2414 igno-

497 2448 675 2504 rantia
705 2453 914 2500 mentes
943 2440 1221 2497 hominum
1261 2437 1581 2507 occuparit,
1616 2434 1957 2491 notissimum
1983 2443 2084 2490 est.

497 2541 639 2596 llinc
669 2554 772 2594 non
814 2535 970 2607 pauci
1002 2532 1318 2589 heterodoxi
1349 2530 1692 2586 occasionem
1737 2535 2090 2600 sumpserunt

499 2629 793 2689 insultandi
820 2626 1094 2692 Ecelesim,
1129 2639 1193 2680 ac
1242 2624 1286 2678 si
1341 2638 1439 2694 per
1469 2619 1670 2676 effusas
1715 2618 1878 2690 hujus
1903 2618 2084 2675 saeculi

502 2723 758 2781 tenebras
785 2717 1157 2776 ecclesiastica
1195 2713 1481 2785 disciplina
1509 2712 1748 2768 maxime
1774 2710 1939 2768 fuerit
1968 2724 2088 2766 cor-

2193 1539 2297 1594 qua
2329 1522 2566 1579 maxime
2588 1525 2905 1582 nobilitatus
2930 1537 3033 1595 est,
3068 1530 3120 1583 in
3154 1531 3569 1600 praesentiarum
3598 1550 3768 1608 agen-
3865 1565 3867 1567 ι

2189 1613 2340 1669 dum.
2385 1613 2573 1670 Testes
2621 1615 2962 1686 proferemus
3003 1617 3242 1689 ejusdem
3292 1622 3392 1676 aevi
3442 1625 3769 1695 scriptores,

2178 1707 2281 1777 qui
2318 1707 2550 1778 vulgata:
2575 1708 2849 1778 opinionis
2871 1724 2936 1765 ac
2981 1709 3139 1767 fama:
3170 1712 3330 1768 fidem
3361 1713 3585 1784 faciunt,
3618 1725 3677 1772 ut
3703 1735 3773 1775 ne

2187 1813 2324 1869 Opus
2350 1799 2422 1854 sit
2447 1798 2758 1856 testimonio
2795 1802 3180 1870 posteriorum,
3228 1804 3320 1874 qui
3351 1806 3539 1862 eadem
3571 1809 3639 1864 ab
3666 1809 3774 1867 illis

2189 1891 2385 1948 hausta
2441 1901 2714 1962 repetunt.
2769 1891 3084 1950 Audiendus
3137 1895 3192 1950 in
3229 1896 3422 1966 primis
3452 1897 3770 1970 Everaclus,

2189 1984 2535 2040 Leodicensis
2563 1985 2881 2057 episcopus,
2921 1987 3013 2058 qui
3045 1988 3098 2043 in
3146 1989 3373 2058 epistola
3412 1991 3480 2046 ad
3524 2002 3774 2050 nostrum

2190 2075 2536 2142 Batherium,
2576 2075 2751 2148 ipsum
2784 2077 2868 2134 his
2895 2079 3073 2134 verbis
3100 2079 3392 2150 alloquitur
3422 2095 3438 2136 :
3479 2100 3497 2134 ι
3534 2082 3664 2150 Quis
3690 2095 3778 2142 est

2187 2165 2343 2222 vobis
2373 2174 2465 2221 aut
2488 2167 2752 2237 sapientia
2780 2213 2794 2235 ,
2820 2176 2914 2222 aut
2939 2169 3210 2239 probitate
3238 2210 3253 2236 ,
3306 2179 3400 2226 aut
3446 2171 3776 2242 optimarum

2193 2255 2392 2310 artium
2425 2257 2624 2323 studio,
2666 2267 2760 2312 aut
2788 2258 3117 2326 innocentia,
3150 2269 3244 2316 aut
3269 2260 3377 2317 ullo
3405 2261 3579 2319 laudis
3609 2279 3779 2335 gene-

2190 2347 2650 2417 repraestantior?
2687 2367 2707 2400 ι
2741 2346 2852 2404 Nec
2881 2349 3202 2406 absimiliter
3222 2350 3328 2407 duo
3349 2353 3514 2408 comi
3560 2369 3780 2425 quoque
3812 2337 3816 2340 ’

2191 2446 2470 2503 auctores,
2496 2438 2768 2509 Rotgerus
2791 2439 2844 2493 in
2873 2439 2992 2496 Vita
3021 2439 3080 2496 S.
3107 2442 3378 2500 Brunonis
3415 2445 3779 2516 archiepisco-

2191 2527 2245 2598 pi
2277 2525 2636 2595 Coloniensis,
2675 2544 2824 2583 num.
2883 2530 2973 2597 54,
3032 2541 3086 2586 et
3132 2533 3428 2590 Fulcuinus
3477 2536 3543 2592 de
3595 2537 3784 2597 Gestis

2191 2620 2443 2676 abbatum
2473 2619 2796 2677 Lobieusum
2834 2620 2983 2694 [tu],
3035 2638 3157 2694 cap.
3196 2624 3298 2689 25,
3333 2625 3524 2682 iisdem
3553 2631 3780 2688 omnino

2190 2712 2392 2779 verbis,
2430 2727 2551 2784 quae
2581 2713 2718 2768 alter
2731 2713 2798 2767 ab
2821 2714 2993 2769 altero
3023 2724 3300 2771 mutuatus
3328 2724 3416 2772 est
3442 2734 3456 2770 :
3492 2735 3511 2769 ι
3543 2717 3779 2791 Propter

503 2824 687 2888 rupta,
710 2825 765 2870 et
796 2812 1014 2882 antiqua
1041 2809 1164 2866 fidei
1186 2807 1396 2878 puritas
1422 2805 1681 2861 defecerit
1709 2823 1724 2858 :
1757 2819 1878 2860 eum
1901 2811 2088 2868 nemo,
2118 2801 2167 2862 B
2196 2804 2558 2860 abundantem
2609 2802 2911 2866 doctrinam
2957 2812 3015 2860 et
3055 2803 3422 2875 eloquentiam
3472 2809 3778 2880 copiosam,

517 2907 792 2978 inquiunt,
826 2901 1204 2976 grassantibus
1250 2898 1488 2968 undique
1532 2894 1730 2963 malis,
1779 2902 2090 2951 occurreret

505 2997 827 3072 ignorantiae
870 2994 1079 3050 scilicet
1113 3000 1169 3046 et
1210 2989 1397 3046 ell'reni
1428 2988 1674 3045 licentiae.
1707 2986 1861 3055 Quod
1891 2983 2087 3057 praeju-

509 3092 711 3147 dicium
750 3086 1004 3144 Ecclesiae
1034 3083 1352 3154 injuriosum
1382 3088 1444 3136 ut
1470 3079 1767 3146 refellatur,
1803 3077 1906 3134 etsi
1932 3091 2091 3148 nega-

503 3186 551 3238 ri
585 3199 688 3237 non
711 3182 899 3252 possit,
926 3180 1029 3234 hoc
1057 3175 1253 3233 saeculo
1275 3174 1418 3230 inter
1442 3172 1810 3229 crassissimas
1832 3169 1920 3244 [ιι]
1947 3170 2094 3240 igno-

507 3275 702 3330 rantize
729 3273 976 3328 tenebras
996 3283 1176 3325 mores
1199 3265 1366 3322 fuisse
1383 3264 1854 3335 corruptissimos;
1875 3261 2091 3333 probari

507 3380 694 3422 tamen
723 3375 899 3436 potest
949 3378 1054 3418 non
1087 3361 1266 3418 omnia
1305 3360 1377 3415 ita
1405 3366 1536 3414 tunc
1582 3356 1746 3413 fuisse
1774 3357 2090 3426 depravata,

506 3467 568 3513 ut
597 3456 864 3512 defuerint
886 3454 940 3510 in
972 3452 1212 3509 Ecclesia
1242 3449 1343 3505 viri
1372 3458 1428 3504 et
1452 3464 1663 3504 morum
1691 3447 1998 3514 sanctitate,
2039 3453 2096 3502 et

509 3550 755 3607 doctrina
801 3555 1154 3620 praestantes,
1206 3544 1297 3614 qui
1328 3542 1475 3599 vitiis
1504 3539 1967 3599 debacchantibus
1993 3541 2094 3597 ob-

513 3644 658 3698 viam
692 3642 871 3705 irent,
904 3648 958 3694 et
987 3653 1179 3708 puram
1229 3635 1353 3693 ﬁdei
1391 3634 1694 3692 doctrinam
1741 3633 1810 3689 ab
1860 3632 2098 3704 antiquis

511 3740 790 3802 acceptam
833 3731 1098 3798 integram
1138 3724 1496 3780 custodierint
1539 3733 1704 3793 atque
1752 3722 2090 3778 tradiderint.

509 3826 624 3881 liae
667 3825 732 3880 de
782 3835 944 3877 causa
1001 3828 1252 3874 auctores
1294 3815 1453 3886 hujus
1492 3815 1670 3872 sarculi
1703 3814 2099 3871 ecclesiasticos

510 3920 566 3975 in
602 3918 780 3974 lucem
830 3912 1098 3985 proferre,
1127 3925 1424 3981 eorumque
1463 3918 1610 3981 gesta
1637 3916 1693 3965 et
1726 3923 1892 3979 opera
1937 3923 2099 3964 accu-

511 4018 630 4065 mte
671 4007 939 4062 illustrare
981 4001 1210 4075 publica:
1256 4001 1333 4057 rei
1386 4001 1620 4056 maxime
1667 3999 1905 4071 expedit.
1963 3999 2097 4054 Cum

514 4117 648 4158 vero
673 4099 965 4155 Ratherius
1004 4096 1146 4152 inter
1172 4094 1274 4150 hos
1304 4094 1571 4165 praecipue
1599 4092 1880 4157 ﬂoruerit,
1928 4091 2094 4162 pluri-

2192 2910 2298 2966 qua
2338 2895 2479 2950 inter
2507 2895 2938 2965 sapientissimos
2972 2895 3167 2953 ﬂorere
3219 2897 3368 2954 visus
3409 2907 3512 2966 est,
3541 2916 3650 2957 non
3701 2903 3776 2958 ei-

2191 2985 2311 3041 dem
2344 2985 2515 3040 solum
2543 2985 2794 3041 Ecclesiae
2820 2986 2903 3041 cui
2947 2985 3189 3058 praefuit,
3236 2988 3331 3044 sed
3366 2997 3423 3044 et
3447 2989 3631 3046 multis
3659 2990 3782 3047 aliis

2150 3121 2156 3128 .
2191 3076 2615 3147 circumquaque
2637 3076 2795 3132 valde
2823 3078 3123 3148 proficuum
3167 3078 3282 3135 fore
3329 3088 3577 3151 putatum
3620 3090 3721 3137 est.
3753 3101 3774 3134 ι

2191 3167 2557 3238 Liutprandus
2585 3169 2842 3226 diaconus
2871 3169 3175 3228 Ticinensis
3203 3213 3218 3238 ,
3267 3181 3457 3244 postea
3484 3189 3612 3230 vero
3648 3172 3781 3231 Cre-

2192 3261 2470 3316 monensis
2519 3260 2844 3332 episcopus,
2895 3261 3157 3318 Ratherio
3212 3263 3338 3319 item
3396 3265 3780 3344 synchrouus,

2192 3351 2286 3407 lib.
2316 3367 2374 3405 ιιι
2415 3349 2578 3418 liist.,
2607 3366 2724 3422 cap.
2759 3353 2818 3407 ll
2852 3370 2864 3406 :
2902 3371 2921 3404 ι
2954 3351 3188 3408 Venerat
3211 3362 3394 3410 autem
3430 3354 3506 3426 (in
3545 3354 3783 3428 ltaiiam)

2193 3459 2315 3501 cum
2343 3443 2570 3514 praefato
2601 3443 2854 3512 Hilduiuo
2883 3447 3183 3501 monachus
3217 3447 3459 3517 quidam,
3486 3447 3784 3505 Ratherius

2195 3534 2452 3602 nomine,
2483 3534 2575 3606 qui
2622 3535 2692 3590 ob
2747 3535 3059 3606 religionem
3107 3546 3423 3608 septemque
3471 3536 3784 3594 liberalium

2197 3627 2395 3684 artium
2452 3627 2701 3699 peritiam
2745 3626 2970 3684 Verona:
3015 3629 3302 3700 episcopus
3354 3629 3720 3685 constituitur.
3756 3649 3782 3684 ι

2197 3719 2335 3775 iliuc
2369 3717 2569 3775 factum
2595 3727 2681 3776 est
2701 3729 2760 3774 ut
2793 3719 2950 3791 vulgo
2980 3719 3341 3791 appellaretur
3370 3719 3632 3776 litteratus
3659 3720 3788 3793 (Iti-

2198 3828 2310 3866 ner.
2340 3829 2394 3867 n.
2427 3811 2506 3884 Ξ),
2547 3827 2677 3878 seu,
2710 3821 2768 3867 ut
2792 3812 2920 3868 alibi
2969 3812 3200 3867 traditur
3253 3811 3541 3883 (Discant.
3571 3828 3626 3867 n.
3669 3811 3703 3867 7
3729 3822 3786 3869 et

2199 3902 2452 3960 Pltrenes.
2494 3920 2549 3958 n.
2585 3905 2697 3973 ll),
2739 3914 2847 3958 toto
2896 3903 3108 3969 saeculo,
3160 3903 3214 3959 id
3254 3912 3338 3960 est
3380 3902 3616 3972 ubique.
3655 3904 3776 3976 ejus

2197 3993 2454 4064 sapientia
2481 3995 2882 4065 pra’dicaretur.

2266 4083 2353 4138 lll.
2388 4083 2463 4139 Ne
2494 4098 2623 4139 vero
2653 4081 2769 4138 haec
2814 4083 3104 4154 gloriosius
3131 4083 3275 4139 dicta
3309 4084 3601 4140 credantur
3621 4099 3786 4155 quam

511 4208 659 4250 mum
685 4191 858 4246 laudis
885 4189 1142 4245 debemus
1168 4186 1234 4241 iis
1255 4184 1346 4254 qui
1377 4183 1622 4254 quaedam
1650 4183 1819 4254 ipsius
1841 4179 2094 4253 opuscula
2124 4152 2170 4216 Ο
2201 4176 2406 4242 verius,
2439 4175 2972 4231 animadvertendum
2996 4183 3080 4231 est
3100 4191 3224 4231 eum
3268 4191 3300 4230 a
3338 4176 3520 4246 pueris
3557 4191 3682 4232 sese
3701 4185 3787 4232 to-

513 4272 914 4344 ehihliothecis
959 4281 1012 4336 in
1045 4279 1242 4351 quibus
1281 4277 1522 4332 latebant
1556 4283 1814 4344 excerpta
1855 4273 2092 4328 edidere.

513 4379 670 4436 Nunc
690 4391 822 4433 vero
844 4387 911 4432 ea
936 4389 1056 4444 qum
1100 4372 1190 4428 hic
1234 4379 1289 4428 et
1331 4369 1441 4425 illic
1493 4368 1788 4440 separatim
1832 4367 2096 4437 impressa

516 4479 682 4540 atque
725 4469 966 4538 dispersa
1006 4462 1175 4528 sunt,
1222 4461 1274 4516 in
1299 4476 1464 4516 unum
1495 4473 1692 4530 corpus
1720 4457 1991 4529 colligere,
2045 4463 2099 4512 et

516 4573 852 4629 qumcunque
880 4555 985 4610 alia
1022 4552 1249 4610 inveniri
1288 4552 1498 4623 possint
1525 4549 1763 4607 nondum
1811 4548 1955 4604 edita
2003 4549 2100 4604 ad-

527 4650 656 4706 dere
682 4665 696 4715 ;
723 4647 904 4703 omnia
937 4653 1117 4700 autem
1150 4643 1385 4699 auctoris
1413 4641 1532 4698 Vita
1560 4648 1617 4696 et
1636 4637 2005 4695 natationibus
2037 4637 2099 4692 il-

515 4742 785 4801 lustrare,
831 4748 892 4793 ut
939 4735 1097 4792 nobis
1143 4733 1445 4789 faciendum
1492 4731 1862 4801 sumpsimus,
1911 4728 2100 4799 majori

515 4832 696 4889 multo
722 4829 940 4885 utilitati
964 4827 1227 4892 futurum,
1250 4832 1306 4880 et
1333 4839 1362 4878 a
1387 4822 1645 4880 studiosis
1665 4822 1795 4878 viris
1816 4820 2104 4892 probatum

519 4925 588 4982 iri
633 4923 954 4979 conlidimus

1273 5008 1381 5081 §l.

529 5106 605 5161 De
641 5106 936 5162 celebritate
966 5101 1198 5158 auctoris
1224 5141 1239 5166 ,
1271 5118 1332 5154 ac
1369 5099 1432 5152 de
1462 5096 1694 5179 Operam
1741 5096 1856 5166 ejus
1880 5095 2107 5150 utilitate

938 5179 947 5188 ‘
1064 5182 1215 5244 atque
1244 5179 1572 5242 pra’stantta.

561 5265 566 5272 I
602 5287 664 5344 ll.
709 5286 784 5343 De
809 5285 1049 5341 Ratherii
1076 5282 1314 5338 moribus
1341 5295 1404 5336 ac
1428 5279 1702 5336 severiore
1726 5277 1850 5334 vitae
1874 5277 2118 5341 ratione,-

2202 4277 2315 4322 tum
2369 4267 2666 4322 litterarum
2693 4267 2888 4322 studiis
2913 4268 3208 4324 devovisse.
3234 4266 3352 4324 Non
3383 4269 3555 4324 solum
3591 4279 3785 4324 aucto-

2204 4358 2353 4412 ribus
2376 4356 2546 4411 sacris
2587 4356 2822 4412 studium
2865 4356 3156 4427 impendit,
3187 4372 3376 4413 verum
3402 4357 3566 4413 etiam
3599 4357 3786 4427 profa-

2206 4448 2290 4502 nis
2320 4445 2613 4512 historicis,
2651 4446 2981 4514 oratoribus,
3015 4449 3207 4519 poetis,
3241 4458 3404 4519 atque
3429 4448 3785 4520 philosophis.

2208 4541 2321 4597 Hac
2369 4541 2435 4595 de
2477 4555 2638 4596 causa
2700 4541 3026 4619 quaestiones
3082 4542 3288 4613 aliquot
3341 4544 3442 4614 ipsi
3503 4546 3792 4615 propositre

2208 4633 2426 4689 fuerunt
2453 4633 2739 4703 primuma
2769 4631 3291 4701 Mediolanensibus,
3340 4633 3532 4690 deinde
3577 4650 3607 4688 a
3657 4634 3791 4689 Rot-

2207 4728 2362 4783 berto
2411 4726 2821 4796 archiepiscopo
2861 4723 3211 4791 Trevirensi,
3263 4741 3382 4795 quae
3433 4740 3502 4780 ex
3549 4724 3792 4795 profanis

2209 4817 2520 4874 auctoribus
2544 4815 2857 4872 dirimenda:
2885 4824 3060 4879 erant,
3091 4823 3148 4870 ut
3171 4830 3238 4871 ex
3261 4813 3487 4886 epistola
3513 4815 3580 4868 ad
3613 4815 3790 4884 ipsum

2213 4910 2511 4965 Robertum
2543 4908 2822 4978 explorate
2849 4906 3156 4962 didicimus.
3192 4905 3445 4960 Eamdem
3470 4904 3524 4958 in
3556 4903 3793 4972 antiquis

2212 5000 2454 5070 profanis
2485 4997 2840 5068 scriptoribus
2868 4997 3117 5066 peritiam
3146 5009 3307 5066 Opera
3343 5009 3463 5063 qua:
3499 5002 3792 5064 supersunt

2215 5093 2347 5148 satis
2375 5091 2771 5154 demonstrant,
2802 5105 2924 5144 eum
2975 5107 3079 5146 non
3133 5090 3305 5146 solum
3355 5103 3448 5144 eos
3496 5088 3792 5144 identidem

2217 5181 2450 5252 alleget,
2487 5194 2676 5235 verum
2703 5177 2868 5232 etiam
2895 5179 3092 5248 saepius
3120 5180 3323 5248 absque
3352 5176 3592 5245 ipsorum
3645 5191 3796 5232 men-

2217 5272 2361 5326 tione
2387 5284 2573 5325 versus
2600 5275 2657 5322 et
2683 5267 2980 5322 sententias
3009 5267 3232 5335 inserat,
3281 5281 3582 5336 eorumque
3629 5269 3798 5325 veluti

2239 5366 2392 5388 2......“
2441 5377 2503 5388 ΑΔ
2547 5358 2788 5388 ἰι-..ηιιιῖη
2825 5367 2880 5388 ιε.

2888 5368 3010 5388 ιιι-η.
3063 5359 3196 5388 u..:..
3224 5367 3401 5388 nullnm
3433 5359 3611 5388 pou-Ah.
3639 5372 3769 5388 “An-
