4038 5388
346 310 351 315 ,
426 234 494 308 is
1372 246 1774 305 RATHERIUS
1809 246 2246 303 VEllONENSIS
2283 247 2678 317 ertscorus.
3620 256 3691 312 is

428 373 510 418 lca
537 361 746 433 vulgata
766 359 935 428 fuere,
962 360 1055 416 sed
1079 360 1365 431 separatim
1390 361 1440 415 in
1467 361 1645 414 varias
1667 359 2009 415 collectiones
2037 363 2086 423 Α
2111 359 2358 416 Ratherii
2402 362 2728 419 Veronensis
2755 365 2969 435 quidem
3012 367 3265 425 Ecclesiae
3297 368 3556 440 episcopi,
3595 368 3690 427 sed

426 457 626 509 inserta
676 447 836 523 atque
866 455 1145 524 dispersa;
1179 454 1319 523 quod
1357 453 1542 524 quanti
1584 450 1906 506 incommodi
1936 451 2008 506 sit

426 562 585 600 nemo
614 561 719 599 non
752 545 913 598 videt.
949 543 1006 598 S.
1039 543 1278 599 Ursmari
1309 543 1452 608 Vita,
1494 556 1657 612 quam
1689 541 1758 595 ab
1790 540 2007 595 Ansoue

426 637 623 692 abbate
647 636 929 690 obscurius
970 635 1224 705 scriptam
1274 633 1563 689 Ratherius
1601 630 2006 702 explicatiorem

428 735 680 799 reddidit,
718 736 949 805 primum
987 735 1182 805 prodiit
1210 749 1375 805 opera
1423 730 1700 787 Laurentii
1751 729 1899 787 Surii
1951 730 2005 785 in

424 826 565 881 Vitis
609 825 929 890 Sanctorum
971 827 1169 881 mensis
1208 824 1424 896 Aprilis.

497 917 623 972 Vill.
656 914 891 972 Joannes
922 915 1353 987 Chapeauvillius
1402 923 1545 969 tomo
1593 914 1770 983 primo
1816 914 2006 970 Gesto-

423 1020 544 1059 rum
576 1005 885 1074 pontiﬁcum
918 1004 1308 1074 Tungrensium
1340 1018 1483 1057 anno
1537 1003 1674 1056 1615
1704 1018 1736 1058 e
1767 1018 1869 1057 ms.
1917 1016 2008 1057 co-

423 1094 543 1148 dice
564 1090 876 1155 monasterii
904 1093 1181 1149 Lobiensis
1205 1093 1257 1147 in
1278 1092 1460 1164 Belgio
1488 1100 1599 1148 tres
1620 1091 1862 1147 Ratherii
1886 1091 2001 1160 epi-

424 1183 594 1239 stolas
622 1183 890 1253 vulgavit:
923 1198 1085 1237 uuam
1116 1184 1181 1236 ad
1209 1182 1470 1238 Joannem
1494 1196 1761 1237 summum
1783 1180 2004 1251 pontiti-

421 1287 561 1336 cem,
592 1273 813 1331 alteram
841 1273 908 1326 ad
946 1287 1135 1328 omnes
1162 1273 1345 1338 italia),
1390 1271 1694 1328 Germania:
1725 1280 1779 1327 et
1819 1271 2006 1327 Galli:e

422 1363 722 1434 episcopos,
754 1363 820 1417 ad
846 1363 1150 1419 Brunonem
1195 1376 1379 1435 poswa
1409 1364 1872 1435 archiepiscopum
1902 1362 2007 1418 Co-

421 1452 715 1507 ioniensem
749 1452 1004 1519 tertiam;
1049 1454 1361 1524 addiditque
1388 1453 1550 1509 aliam
1604 1452 1851 1509 Everacli
1892 1454 2007 1524 epi-

420 1542 569 1612 scopi
596 1540 946 1598 Leodicensis
967 1541 1032 1596 ad
1060 1542 1236 1613 ipsum
1266 1544 1605 1600 Ratherium.

491 1632 582 1687 lX.
625 1632 758 1689 Dein
795 1633 857 1688 P.
908 1632 1085 1690 Lucas
1113 1633 1399 1706 d’Achery,
1429 1636 1521 1706 qui
1552 1650 1584 1690 e
1624 1633 1854 1690 diversis
1895 1649 1998 1689 ms.

2106 451 2389 509 Lobiensis
2421 456 2690 522 monachi,
2718 472 2856 527 quas
2896 457 2948 512 in
2979 474 3073 514 sex
3106 460 3342 531 digestas
3377 459 3571 515 libellis
3598 477 3692 516 vo-

2107 543 2287 600 lumen
2349 547 2563 603 censuit
2619 548 2877 619 appellari
2926 538 3376 620 Praequuiorum,
3431 566 3497 606 co
3543 552 3690 621 quod

2107 639 2373 707 quoddam
2435 638 2841 711 praeloquantur
2887 643 3226 713 opusculum,
3274 644 3417 714 quod
3464 654 3691 701 vocatur

2106 728 2477 799 Agonisticum
2499 746 2512 796 ;
2532 730 2783 801 Epistolm
2805 732 2953 800 dum;
2980 734 3113 789 liber
3136 736 3210 790 De
3229 749 3457 805 corpore
3484 743 3539 791 et
3558 751 3690 791 san-

2106 817 2266 889 guine
2292 818 2500 873 Domini
2528 830 2784 877 constans
2811 822 3101 894 nonaginta
3133 838 3322 879 novem
3352 823 3628 895 capitulis.
3660 845 3683 877 ι

2107 908 2231 963 llaec
2262 923 2383 963 cum
2414 910 2632 980 scripsit
2661 912 2714 966 in
2739 912 2984 978 elencho,
3020 912 3133 983 ipsa
3165 913 3405 983 profecto
3428 916 3690 986 cpuscula

2105 999 2188 1054 vel
2220 1000 2457 1055 nomium
2501 1012 2805 1073 acceperat,
2835 1002 2917 1059 vel
2943 1019 3053 1060 non
3081 1004 3444 1073 expenderat;
3479 1019 3600 1074 qua:
3641 1005 3692 1060 si

2107 1087 2349 1160 legisset,
2388 1091 2701 1160 opusculum
2732 1092 2808 1147 De
2839 1094 3051 1164 proprio
3080 1092 3228 1163 lapsu
3262 1094 3534 1149 diversum
3570 1108 3694 1151 esse

2109 1193 2140 1232 a
2169 1181 2512 1236 sermonibus
2537 1181 2614 1236 De
2640 1182 2897 1239 Paschate
2918 1186 3204 1255 perspicue
3221 1184 3692 1257 deprehendisset;

2106 1268 2327 1325 Librum
2359 1271 2432 1325 De
2457 1289 2671 1342 corpore
2693 1284 2742 1328 et
2764 1276 3019 1346 sanguine
3040 1275 3253 1333 Domini
3282 1276 3540 1334 Ratherio
3568 1292 3693 1347 per-

2104 1374 2291 1429 peram
2317 1360 2637 1416 attributum
2665 1362 2825 1433 paulo
2854 1372 2978 1434 post
3001 1364 3511 1422 demonstrabimus.
3543 1364 3691 1420 Nihil

2103 1465 2268 1522 porro
2292 1465 2358 1507 ex
2393 1452 2478 1508 his
2500 1468 2622 1523 quae
2654 1453 2919 1510 Acherius
2951 1465 3096 1511 ton.o
3126 1455 3286 1513 tertio
3325 1456 3686 1527 imprimenda

2103 1540 2448 1611 promiserat,
2482 1542 2672 1598 eodem
2704 1552 2852 1598 tomo
2880 1544 3024 1615 typis
3062 1544 3231 1600 dedit.
3258 1543 3432 1601 Unam
3476 1553 3688 1600 tantum

2104 1631 2349 1688 Ratherii
2374 1633 2667 1705 epistolam
2697 1634 2764 1690 ad
2787 1635 3058 1692 Patricum
3092 1636 3346 1707 produxit
3377 1645 3523 1693 torno
3558 1637 3691 1692 duo-

420 1723 821 1795 exemplaribus
846 1722 967 1797 [vn]
996 1724 1147 1796 plura
1166 1740 1332 1795 opera
1361 1726 1563 1782 inedita
1590 1725 2001 1798 diligentissime
2030 1712 2077 1773 B
2105 1722 2333 1777 decimo.
2359 1722 2416 1777 ln
2453 1723 2750 1779 novissima
2771 1734 2950 1780 autem
2981 1735 3037 1782 ct
3060 1726 3416 1783 emendatiori
3445 1727 3688 1798 ejusdem

421 1817 711 1887 excerpsit,
744 1825 802 1872 et
831 1817 883 1871 in
916 1817 1207 1888 Spicilegio
1239 1818 1425 1884 edidit,
1457 1817 1874 1875 'Lauduuensem
1911 1833 2003 1871 co-

421 1907 594 1963 dicem
617 1916 810 1963 nactus
831 1907 882 1962 in
906 1906 1115 1973 Galliis,
1136 1908 1230 1979 qui
1251 1908 1719 1979 aliquot'Ratherii
1741 1907 2001 1979 opuscula

423 2000 658 2054 nondum
701 2001 964 2072 impressa
1006 2001 1334 2066 continebat,
1365 2001 1479 2056 haec
1526 2015 1592 2056 ex
1644 2000 1833 2056 eodem
1873 2014 2003 2070 pro-

422 2088 575 2143 duxit
603 2090 654 2144 in
686 2089 859 2145 lucem
888 2098 1032 2145 tomo
1073 2090 1311 2160 ejusdem
1343 2089 1614 2161 Spicilegii
1652 2089 1854 2161 prioris
1882 2089 1997 2145 edi-

421 2179 585 2236 tionis
614 2180 872 2247 secundo,
902 2196 1022 2251 quae
1054 2182 1137 2237 his
1183 2181 1351 2236 titulis
1380 2181 1769 2237 inscribuntur.

561 2272 637 2328 De
660 2281 968 2342 contemptu
990 2287 1257 2328 canonum
1287 2281 1468 2342 partes
1495 2272 1635 2327 duae.

559 2363 847 2420 Conclusio
869 2363 1221 2419 deliberativa
1250 2362 1466 2418 Leodici
1496 2371 1641 2418 acta.

560 2454 711 2523 Quali
722 2455 848 2510 tatis
864 2453 1196 2523 conjectura.

558 2547 840 2602 Discordia
866 2547 1007 2600 inter
1034 2544 1350 2600 Rathcrium
1381 2552 1437 2598 et
1464 2542 1710 2599 clericos.

562 2636 1123 2709 Apologeticus-liber.

565 2729 642 2785 De
670 2728 881 2786 clericis
910 2728 1220 2785 rebellibus.

560 2821 643 2876 Ex
676 2820 946 2877 abbatiola
990 2820 1327 2893 Magonziani
1376 2818 1678 2875 amandatis
1721 2816 2003 2874 monachis

627 2913 813 2970 clerici
836 2914 1220 2985 subrogantur.

560 3005 638 3061 De
661 3018 827 3076 nuptu
856 3004 1138 3074 cujusdam
1183 3005 1395 3061 illicito.

563 3095 801 3165 l'lpistola
833 3096 900 3150 ad
933 3094 1241 3149 Martinum.

564 3188 683 3243 Alia
717 3189 783 3242 ad
822 3187 1118 3242 Romanam
1150 3186 1470 3242 Ecclesiam.

569 3279 835 3349 Synodica
865 3278 932 3332 ad
959 3279 1322 3350 presbyteros,
1345 3288 1453 3334 etc.

564 3371 901 3427 ltinerarium
935 3369 1174 3426 Ratherii
1206 3371 1431 3427 [lernam
1459 3371 1658 3426 euntis.

564 3464 754 3518 Sermo
783 3461 940 3515 valde
968 3460 1208 3531 prolixus
1231 3460 1298 3516 de
1323 3459 1771 3531 Quadragesima.

564 3553 765 3615 Contra
795 3550 1210 3622 reprehensores
1231 3550 1474 3621 ejusdem
1505 3551 1790 3606 sermonis.

466 3676 467 3679 η
556 3647 750 3701 Sermo
772 3642 1044 3699 secundus
1072 3642 1141 3697 de
1171 3641 1619 3713 Quadragesima.

466 3776 473 3783 .
568 3735 860 3791 Sermones
885 3734 951 3789 de
970 3732 1177 3787 Pascha
1213 3732 1229 3785 Ι
1259 3742 1313 3787 et
1333 3732 1396 3786 ll.

464 3872 471 3877 .
563 3822 720 3881 Alius
741 3825 805 3879 de
821 3822 1041 3879 Octavia
1063 3820 1300 3877 Paschae.

564 3914 719 3970 Alius
751 3920 873 3984 post
896 3911 1125 3967 Pascha.

466 4038 473 4039 ν
568 4006 646 4061 De
667 4002 999 4059 Ascensione
1022 4000 1149 4056 duo.

426 4098 554 4154 iltcc
597 4110 667 4151 ex
707 4108 815 4148 uno
848 4090 1190 4147 Lauduneusi
1236 4091 1420 4148 codice
1462 4089 1520 4144 P.
1555 4088 1712 4145 Lucae
1740 4087 2002 4158 d’Achery

429 4196 626 4258 praesto
671 4183 906 4238 fuerunt.
954 4180 1272 4236 lnterseruit
1302 4188 1480 4234 autem
1529 4180 1718 4234 eodem
1764 4178 1817 4233 in
1859 4186 2006 4233 tumo
2081 4252 2083 4256 Α

428 4289 539 4333 tres
582 4276 716 4332 alias
760 4272 1014 4344 epistolas
1058 4288 1089 4326 a
1129 4270 1532 4342 Chapeauvillio
1564 4268 1827 4341 volgatas,
1870 4283 2007 4340 quas

426 4387 539 4427 non
565 4384 629 4426 ex
675 4365 1018 4423 Laudunensi
1050 4365 1255 4430 codice,
1292 4364 1384 4421 sed
1419 4378 1486 4419 ex
1525 4363 1693 4433 ipsius
1730 4360 2007 4432 Chapeau-

426 4462 561 4517 villii
602 4460 843 4515 editione
899 4457 1076 4529 ipsum
1131 4448 1427 4526 sumpsisse
1477 4454 1815 4522 deteximus;
1883 4468 2008 4509 cum

428 4552 647 4607 easdem
674 4549 954 4616 lectiones,
976 4546 1193 4603 eosdem
1213 4560 1427 4615 errores
1457 4559 1519 4601 ac
1548 4544 1771 4600 lacunas
1792 4544 2007 4600 easdem

432 4641 803 4717 prtesel‘erant.
833 4638 1083 4696 Secundo
1116 4646 1261 4693 tomo
1291 4636 1404 4707 jam
1434 4637 1721 4708 impresso,
1752 4636 1846 4691 sed
1877 4651 2011 4691 non-

376 4760 397 4776 »
436 4736 559 4789 dum
599 4731 768 4796 edito,
810 4729 913 4784 alia
947 4727 1194 4784 Ratberii
1232 4726 1487 4799 opuscula
1515 4725 1691 4782 Caroli
1727 4726 2011 4782 Boesmani

431 4833 649 4895 sumptu
718 4836 750 4877 e
798 4818 1156 4876 Lobiensibus
1225 4819 1611 4888 manuscriptis
1685 4818 2010 4887 transcripta

433 4914 575 4968 idem
602 4910 867 4967 Acherius
898 4910 1126 4981 accepit,
1162 4924 1282 4979 quae
1313 4918 1459 4964 tomo
1490 4910 1649 4964 tertio
1677 4923 1800 4963 sese
1832 4909 2008 4963 editu-

434 5022 554 5060 rum
600 5006 653 5060 i-n
683 5003 927 5075 ejusdem
964 5002 1099 5058 torni
1141 4999 1361 5057 secundi
1391 4997 1706 5070 praefatione
1744 4998 2010 5069 pollicitus

435 5106 514 5128 an.
589 5095 846 5128 nnmnnnn
894 5108 1025 5128 mann
1070 5094 1181 5128 l-mnn
1223 5090 1478 5128 nnncnnln
1524 5090 1630 5128 cini
1694 5090 1744 5128 in
1783 5088 2011 5128 olant-lin

2106 1809 2379 1881 Spicilegii
2408 1809 2702 1868 Acheriani
2744 1813 2981 1870 editione
3029 1814 3319 1872 Parisiensi
3362 1816 3493 1871 anni
3528 1816 3688 1892 “25,

2103 1916 2166 1956 ea
2206 1917 2325 1972 quae
2347 1903 2614 1959 Acherius
2649 1904 2888 1960 secundo
2913 1913 2969 1960 et
2992 1905 3309 1962 duodecimo
3336 1916 3485 1962 tomo
3507 1907 3692 1962 edide-

2104 2000 2209 2057 rat,
2243 1991 2398 2047 novis
2441 2003 2498 2049 et
2535 1993 2964 2066 diligentioribus
3000 1997 3147 2052 curis
3186 1996 3488 2053 Ludovicus
3519 1996 3695 2052 Fran-

2102 2081 2282 2137 ciscus
2317 2081 2516 2154 Ioseph
2556 2085 2623 2140 de
2657 2084 2709 2139 la
2746 2085 2912 2141 Barre
2968 2102 3184 2141 rursum
3220 2087 3545 2157 producens,
3584 2087 3692 2142 alia

2102 2172 2417 2239 emendare,
2447 2173 2551 2228 alia
2583 2172 2855 2231 illustrare
2893 2176 3134 2232 studuit:
3165 2192 3339 2248 eaque
3385 2193 3573 2234 recusa
3606 2177 3689 2234 lc-

2104 2271 2304 2335 guntur
2333 2272 2477 2319 tomo
2506 2266 2703 2334 primo,
2728 2280 2850 2337 pag.
2881 2266 2986 2323 345
3011 2278 3067 2323 et
3094 2282 3247 2338 seqq.

2066 2372 2071 2377 λ
2170 2352 2242 2407 Χ.
2274 2353 2697 2410 Bartholomzcus
2726 2355 3108 2427 Campagnola,
3141 2359 3581 2431 archipresbyter
3615 2359 3677 2414 S.

2103 2443 2350 2508 Cmcilite,
2383 2444 2508 2498 dum
2548 2460 2692 2499 anno
2727 2446 2865 2502 1728
2905 2447 3132 2502 Veronae
3169 2447 3443 2518 impressit
3490 2446 3688 2506 librum

2101 2534 2253 2590 luris
2283 2536 2449 2590 civilis
2485 2537 2628 2590 urbis
2671 2536 2910 2603 Veromr,
2951 2539 3157 2595 addidit
3201 2540 3255 2595 in
3296 2541 3405 2598 ﬁn‘e
3442 2540 3689 2597 Ratherii

2109 2624 2469 2694 opusculum,
2514 2638 2616 2678 seu
2672 2624 2849 2695 potius
2898 2625 3261 2696 fragmentum
3315 2630 3557 2700 opusculi
3610 2630 3692 2685 De

2062 2714 2067 2717 ’
2103 2715 2207 2769 vita
2238 2723 2284 2769 et
2320 2714 2665 2770 translatione
2702 2713 2759 2769 S.
2795 2714 3068 2782 Metronis,
3118 2731 3220 2771 nec
3260 2714 3380 2773 non'
3402 2719 3690 2789 epistolam

2102 2802 2341 2872 ejusdem
2385 2800 2625 2857 Ratherii
2675 2819 2796 2858 cum
2836 2803 3060 2860 alterius
3111 2805 3354 2876 epistolaa
3387 2805 3692 2879 fragmento

2105 2897 2171 2952 ad
2220 2896 2543 2961 Manassem,
2587 2905 2646 2951 ut
2691 2898 2899 2967 putavit
2934 2897 3230 2970 (legendum
3270 2900 3337 2956 ad
3384 2899 3685 2970 Milonem),

2105 2989 2439 3059 episcopum,
2480 3003 2601 3058 qua:
2648 2988 2819 3059 ipsius
2864 2989 3105 3044 auctoris
3144 3004 3304 3045 manu
3349 2999 3573 3044 exarata
3630 2990 3688 3043 in

2022 3069 2079 3132 Ὀ
2110 3067 2318 3137 duobus
2348 3090 2551 3137 nostrae
2581 3080 2898 3152 capituiaris
2925 3080 3268 3138 bibliothecae
3296 3082 3570 3139 codicibus
3601 3097 3690 3137 rc-

2107 3172 2269 3243 perit.

2175 3261 2267 3317 XI.
2306 3260 2368 3315 P.
2420 3261 2728 3319 Bcrnardus
2758 3261 2860 3319 Pez
2900 3264 2953 3320 in
2989 3263 3375 3320 Dissertatione
3419 3262 3688 3334 isagogica

2105 3362 2251 3409 tomo
2274 3354 2295 3409 l
2321 3355 2583 3410 Thesauri
2605 3356 3003 3412 Anecdotorum
3036 3356 3333 3427 praemissa,
3357 3356 3688 3411 mentionem

2104 3444 2312 3500 fecerat
2336 3446 2546 3515 antiqui
2577 3445 2696 3501 libri
2721 3445 2938 3516 capituli
2967 3444 3332 3517 Frisingensis
3360 3446 3415 3501 in
3437 3440 3689 3509 Bavaria,

2103 3537 2195 3608 qui
2229 3553 2332 3593 non
2362 3553 2534 3608 pauca
2574 3530 2748 3593 nostri
2793 3536 3077 3607 scriptoris
3115 3550 3280 3607 opera
3327 3545 3385 3592 et
3430 3537 3689 3607 epistolas

2104 3628 2343 3683 exhibet.
2383 3627 2525 3682 Idem
2558 3643 2687 3682 vero
2714 3625 2960 3698 quaedam
3007 3637 3216 3680 tantum
3260 3625 3454 3682 exinde
3491 3640 3687 3680 excer-

2104 3716 2230 3788 psit,
2262 3726 2317 3773 ct
2358 3734 2501 3774 anno
2536 3718 2674 3773 i729
2714 3718 2911 3789 publici
2939 3718 3078 3789 juris
3113 3717 3236 3773 fecit
3274 3725 3404 3772 tom.
3442 3715 3511 3772 Vl
3550 3716 3692 3773 The-

2106 3812 2275 3875 sauri,
2316 3810 2403 3864 cui
2451 3810 2711 3865 volumini
2768 3808 2871 3883 [lx]
2915 3810 3075 3865 etiam
3126 3808 3418 3891 separatim
3472 3806 3693 3877 vulgato

2106 3897 2315 3954 Codicis
2365 3899 3312 3971 diplomatico-historico-epistolaris
3360 3897 3691 3969 epigraphcn

2107 3988 2318 4045 indidit.
2348 3989 2480 4055 Quae
2504 3999 2686 4045 autem
2714 3991 2881 4046 edidit
2911 3992 3028 4046 haec
3056 3999 3180 4046 sunt
3214 4008 3227 4044 :

2246 4076 2327 4132 Ad
2370 4077 2616 4134 ecclesiae
2665 4093 2775 4135 suae
2820 4078 3083 4143 clericos,
3133 4077 3200 4133 de
3252 4078 3318 4133 iis
3357 4078 3510 4149 quia
3542 4076 3686 4132 sedis

2218 4180 2228 4186 '
2324 4185 2437 4226 suae
2464 4172 2712 4227 invasore
2734 4171 2970 4226 ordinati
3007 4178 3151 4225 sunt.
3431 4188 3434 4191 λ

2250 4261 2500 4332 Epistulae
2522 4263 2590 4317 ad
2618 4262 2998 4326 Ambrosium,
3060 4260 3124 4315 ad
3154 4258 3465 4315 Adeleidem
3501 4258 3686 4327 Augu-

2325 4360 2463 4406 stam
2488 4391 2502 4418 ,
2528 4361 2583 4406 et
2622 4351 2691 4407 ad
2719 4349 3058 4406 Naunouem.

2255 4440 2661 4497 Testamentum
2686 4482 2701 4508 ,
2734 4449 2790 4497 et
2833 4440 3076 4496 fundatio
3103 4449 3264 4511 atque
3296 4437 3499 4494 dotatio
3529 4435 3691 4492 cleri-

2323 4548 2510 4588 corum
2568 4532 2810 4589 ecclesiae
2853 4531 3220 4595 Veronensis,
3257 4545 3417 4600 quam
3454 4527 3693 4583 Judicati

2322 4624 2479 4679 titulo
2507 4624 2560 4679 in
2601 4634 2787 4679 nostra
2816 4624 2918 4679 hac
2948 4624 3185 4678 editione
3210 4620 3457 4678 donaturi
3483 4634 3690 4674 sumus.

2186 4715 2298 4772 Xll.
2340 4716 2686 4772 Lobiensium
2739 4716 3228 4785 manuscriptorum
3292 4710 3693 4783 apograplmm,

2116 4810 2262 4880 quod
2287 4807 2352 4863 ad
2379 4809 2670 4863 Acherium
2700 4808 2922 4862 missum
2952 4804 3306 4862 indicavimus
3334 4820 3482 4858 num.
3524 4803 3580 4868 9,
3637 4801 3691 4855 in

2120 4899 2577 4971 Sangermanensi
2608 4898 2935 4955 bibliotheca
2978 4898 3044 4954 ab
3067 4897 3254 4953 eodem
3286 4892 3561 4960 relictum,
3594 4892 3697 4945 Pa-

2118 4989 2289 5044 tribus
2331 4989 2613 5044 Edmundo
2661 4988 2902 5043 Materne
2945 4997 3002 5043 et
3056 4986 3249 5044 Ursino
3276 4983 3533 5038 Durando
3576 4979 3695 5036 usui

2117 5082 2238 5128 fuit.
2279 5081 2351 5128 Ex
2386 5082 2503 5128 insn
2529 5081 2674 5128 enim
2704 5080 2778 5128 illi
2819 5088 2963 5128 tumo
2995 5076 3065 5128 IX
3092 5075 3440 5128 Amplissinue
3467 5083 3694 5128 veterum
