  <div class='ocr_page' id='page_1' title='image "/cluster/home/n/w/nwhite01/storage/ocr_20150623/136/hvd.32044015471766/014.png"; bbox 0 0 4038 5388; ppageno 0'>
   <div class='ocr_carea' id='block_1_1' title="bbox 310 206 3570 275">
    <p class='ocr_par' dir='ltr' id='par_1_1' title="bbox 310 206 3570 275">
     <span class='ocr_line' id='line_1_1' title="bbox 310 206 3570 275; baseline 0.003 -10"><span class='ocrx_word' id='word_1_1' title='bbox 310 210 376 265; x_wconf 76' lang='grc' dir='ltr'><strong>ΓΙ</strong></span> <span class='ocrx_word' id='word_1_2' title='bbox 1232 208 1767 267; x_wconf 79' lang='lat' dir='ltr'><strong>PROLEGOMENA.</strong></span> <span class='ocrx_word' id='word_1_3' title='bbox 1808 238 1878 247; x_wconf 95' lang='lat'><em>—</em></span> <span class='ocrx_word' id='word_1_4' title='bbox 1915 206 2289 269; x_wconf 67' lang='grc' dir='ltr'><strong>ΡΒᾸΞΡΑΤΙΟ</strong></span> <span class='ocrx_word' id='word_1_5' title='bbox 2330 212 2690 270; x_wconf 73' lang='lat' dir='ltr'><strong>BALLEBIN.</strong></span> <span class='ocrx_word' id='word_1_6' title='bbox 3505 220 3570 275; x_wconf 87' lang='lat' dir='ltr'><strong>l8</strong></span> 
     </span>
    </p>
   </div>
   <div class='ocr_carea' id='block_1_2' title="bbox 307 306 3569 408">
    <p class='ocr_par' dir='ltr' id='par_1_2' title="bbox 307 306 3569 408">
     <span class='ocr_line' id='line_1_2' title="bbox 307 306 3569 408; baseline 0.005 -34"><span class='ocrx_word' id='word_1_7' title='bbox 307 324 460 391; x_wconf 81' lang='lat' dir='ltr'><strong>guine</strong></span> <span class='ocrx_word' id='word_1_8' title='bbox 507 322 721 378; x_wconf 84' lang='lat' dir='ltr'><strong>Domini</strong></span> <span class='ocrx_word' id='word_1_9' title='bbox 762 325 900 397; x_wconf 81' lang='lat' dir='ltr'><strong>typis</strong></span> <span class='ocrx_word' id='word_1_10' title='bbox 932 306 1127 381; x_wconf 83' lang='lat' dir='ltr'><strong>dedere</strong></span> <span class='ocrx_word' id='word_1_11' title='bbox 1156 327 1424 395; x_wconf 77' lang='lat' dir='ltr'><strong>quoddam</strong></span> <span class='ocrx_word' id='word_1_12' title='bbox 1456 326 1878 381; x_wconf 76' lang='lat' dir='ltr'><strong>additamentum</strong></span> <span class='ocrx_word' id='word_1_13' title='bbox 1912 326 1959 386; x_wconf 78' lang='grc' dir='ltr'>Α</span> <span class='ocrx_word' id='word_1_14' title='bbox 1986 338 2049 378; x_wconf 79' lang='lat' dir='ltr'><strong>ex</strong></span> <span class='ocrx_word' id='word_1_15' title='bbox 2068 324 2396 383; x_wconf 78' lang='lat' dir='ltr'><strong>Veronensis</strong></span> <span class='ocrx_word' id='word_1_16' title='bbox 2416 330 2627 400; x_wconf 60' lang='lat' dir='ltr'><strong>capituli</strong></span> <span class='ocrx_word' id='word_1_17' title='bbox 2652 330 2898 403; x_wconf 80' lang='lat' dir='ltr'><strong>exemplo</strong></span> <span class='ocrx_word' id='word_1_18' title='bbox 2922 332 3569 408; x_wconf 58' lang='lat' dir='ltr'><strong>vulgaveranFt-isingel-</strong></span> 
     </span>
    </p>
   </div>
   <div class='ocr_carea' id='block_1_3' title="bbox 308 419 1889 491">
    <p class='ocr_par' dir='ltr' id='par_1_3' title="bbox 308 419 1889 491">
     <span class='ocr_line' id='line_1_3' title="bbox 308 419 1889 491; baseline 0.004 -22"><span class='ocrx_word' id='word_1_19' title='bbox 308 432 369 469; x_wconf 68' lang='lat' dir='ltr'><strong>ex</strong></span> <span class='ocrx_word' id='word_1_20' title='bbox 404 419 780 489; x_wconf 89' lang='lat' dir='ltr'><strong>manuscripto</strong></span> <span class='ocrx_word' id='word_1_21' title='bbox 813 419 1087 483; x_wconf 83' lang='lat' dir='ltr'><strong>Lohiensi,</strong></span> <span class='ocrx_word' id='word_1_22' title='bbox 1124 421 1267 491; x_wconf 87' lang='lat' dir='ltr'><strong>quod</strong></span> <span class='ocrx_word' id='word_1_23' title='bbox 1291 438 1320 476; x_wconf 88' lang='lat' dir='ltr'><strong>a</strong></span> <span class='ocrx_word' id='word_1_24' title='bbox 1350 432 1536 476; x_wconf 88' lang='lat' dir='ltr'><strong>nostro</strong></span> <span class='ocrx_word' id='word_1_25' title='bbox 1560 431 1799 483; x_wconf 89' lang='lat' dir='ltr'><strong>auctore,</strong></span> <span class='ocrx_word' id='word_1_26' title='bbox 1829 428 1889 475; x_wconf 90' lang='lat' dir='ltr'><strong>ut</strong></span> 
     </span>
    </p>
   </div>
   <div class='ocr_carea' id='block_1_4' title="bbox 310 510 1891 583">
    <p class='ocr_par' dir='ltr' id='par_1_4' title="bbox 310 510 1891 583">
     <span class='ocr_line' id='line_1_4' title="bbox 310 510 1891 583; baseline 0.005 -22"><span class='ocrx_word' id='word_1_27' title='bbox 310 510 461 563; x_wconf 89' lang='lat' dir='ltr'><strong>nobis</strong></span> <span class='ocrx_word' id='word_1_28' title='bbox 486 511 703 579; x_wconf 90' lang='lat' dir='ltr'><strong>quidem</strong></span> <span class='ocrx_word' id='word_1_29' title='bbox 728 512 957 577; x_wconf 79' lang='lat' dir='ltr'><strong>videtur,</strong></span> <span class='ocrx_word' id='word_1_30' title='bbox 989 512 1326 568; x_wconf 80' lang='lat' dir='ltr'><strong>lucubratum</strong></span> <span class='ocrx_word' id='word_1_31' title='bbox 1358 555 1372 578; x_wconf 94' lang='lat'><strong>,</strong></span> <span class='ocrx_word' id='word_1_32' title='bbox 1409 515 1459 568; x_wconf 92' lang='lat' dir='ltr'><strong>in</strong></span> <span class='ocrx_word' id='word_1_33' title='bbox 1490 516 1724 569; x_wconf 82' lang='lat' dir='ltr'><strong>editione</strong></span> <span class='ocrx_word' id='word_1_34' title='bbox 1750 514 1891 583; x_wconf 86' lang='lat' dir='ltr'><strong>Ope-</strong></span> 
     </span>
    </p>
   </div>
   <div class='ocr_carea' id='block_1_5' title="bbox 312 601 1888 669">
    <p class='ocr_par' dir='ltr' id='par_1_5' title="bbox 312 601 1888 669">
     <span class='ocr_line' id='line_1_5' title="bbox 312 601 1888 669; baseline 0.005 -17"><span class='ocrx_word' id='word_1_35' title='bbox 312 615 423 653; x_wconf 90' lang='lat' dir='ltr'><strong>rum</strong></span> <span class='ocrx_word' id='word_1_36' title='bbox 457 601 629 669; x_wconf 88' lang='lat' dir='ltr'><strong>ipsius</strong></span> <span class='ocrx_word' id='word_1_37' title='bbox 681 602 824 656; x_wconf 82' lang='lat' dir='ltr'><strong>haud</strong></span> <span class='ocrx_word' id='word_1_38' title='bbox 872 604 1229 659; x_wconf 89' lang='lat' dir='ltr'><strong>omittendum</strong></span> <span class='ocrx_word' id='word_1_39' title='bbox 1263 607 1605 661; x_wconf 82' lang='lat' dir='ltr'><strong>credidimus.</strong></span> <span class='ocrx_word' id='word_1_40' title='bbox 1647 606 1888 661; x_wconf 79' lang='lat' dir='ltr'><strong>Ratherii</strong></span> 
     </span>
    </p>
   </div>
   <div class='ocr_carea' id='block_1_6' title="bbox 305 689 1889 767">
    <p class='ocr_par' dir='ltr' id='par_1_6' title="bbox 305 689 1889 767">
     <span class='ocr_line' id='line_1_6' title="bbox 305 689 1889 767; baseline 0.009 -27"><span class='ocrx_word' id='word_1_41' title='bbox 305 690 483 757; x_wconf 86' lang='lat' dir='ltr'><strong>itaque</strong></span> <span class='ocrx_word' id='word_1_42' title='bbox 514 689 690 760; x_wconf 85' lang='lat' dir='ltr'><strong>Opera</strong></span> <span class='ocrx_word' id='word_1_43' title='bbox 710 733 726 757; x_wconf 93' lang='lat'><strong>,</strong></span> <span class='ocrx_word' id='word_1_44' title='bbox 755 694 1015 750; x_wconf 83' lang='lat' dir='ltr'><strong>hactenus</strong></span> <span class='ocrx_word' id='word_1_45' title='bbox 1036 697 1326 766; x_wconf 84' lang='lat' dir='ltr'><strong>separatim</strong></span> <span class='ocrx_word' id='word_1_46' title='bbox 1356 698 1647 767; x_wconf 89' lang='lat' dir='ltr'><strong>impressa,</strong></span> <span class='ocrx_word' id='word_1_47' title='bbox 1676 716 1769 754; x_wconf 84' lang='lat' dir='ltr'><strong>sex</strong></span> <span class='ocrx_word' id='word_1_48' title='bbox 1797 709 1889 753; x_wconf 91' lang='lat' dir='ltr'><strong>aut</strong></span> 
     </span>
    </p>
   </div>
   <div class='ocr_carea' id='block_1_7' title="bbox 307 781 1887 859">
    <p class='ocr_par' dir='ltr' id='par_1_7' title="bbox 307 781 1887 859">
     <span class='ocr_line' id='line_1_7' title="bbox 307 781 1887 859; baseline 0.007 -25"><span class='ocrx_word' id='word_1_49' title='bbox 307 781 487 849; x_wconf 88' lang='lat' dir='ltr'><strong>potius</strong></span> <span class='ocrx_word' id='word_1_50' title='bbox 534 792 742 852; x_wconf 88' lang='lat' dir='ltr'><strong>septem</strong></span> <span class='ocrx_word' id='word_1_51' title='bbox 800 786 1069 841; x_wconf 87' lang='lat' dir='ltr'><strong>editorum</strong></span> <span class='ocrx_word' id='word_1_52' title='bbox 1112 787 1387 858; x_wconf 90' lang='lat' dir='ltr'><strong>diligentia</strong></span> <span class='ocrx_word' id='word_1_53' title='bbox 1431 790 1778 859; x_wconf 89' lang='lat' dir='ltr'><strong>prodierunt;</strong></span> <span class='ocrx_word' id='word_1_54' title='bbox 1821 806 1887 845; x_wconf 81' lang='lat' dir='ltr'><strong>ex</strong></span> 
     </span>
    </p>
   </div>
   <div class='ocr_carea' id='block_1_8' title="bbox 305 873 1885 950">
    <p class='ocr_par' dir='ltr' id='par_1_8' title="bbox 305 873 1885 950">
     <span class='ocr_line' id='line_1_8' title="bbox 305 873 1885 950; baseline 0.009 -27"><span class='ocrx_word' id='word_1_55' title='bbox 305 887 407 939; x_wconf 89' lang='lat' dir='ltr'><strong>quo</strong></span> <span class='ocrx_word' id='word_1_56' title='bbox 461 873 521 926; x_wconf 83' lang='lat' dir='ltr'><strong>ﬁt</strong></span> <span class='ocrx_word' id='word_1_57' title='bbox 555 883 613 928; x_wconf 96' lang='lat' dir='ltr'><strong>ut</strong></span> <span class='ocrx_word' id='word_1_58' title='bbox 657 876 790 930; x_wconf 88' lang='lat' dir='ltr'><strong>tanti</strong></span> <span class='ocrx_word' id='word_1_59' title='bbox 826 877 925 931; x_wconf 90' lang='lat' dir='ltr'><strong>viri</strong></span> <span class='ocrx_word' id='word_1_60' title='bbox 956 878 1213 934; x_wconf 89' lang='lat' dir='ltr'><strong>studiosis</strong></span> <span class='ocrx_word' id='word_1_61' title='bbox 1268 895 1404 950; x_wconf 90' lang='lat' dir='ltr'><strong>opus</strong></span> <span class='ocrx_word' id='word_1_62' title='bbox 1449 882 1520 936; x_wconf 91' lang='lat' dir='ltr'><strong>sit</strong></span> <span class='ocrx_word' id='word_1_63' title='bbox 1546 898 1636 936; x_wconf 81' lang='lat' dir='ltr'><strong>sex</strong></span> <span class='ocrx_word' id='word_1_64' title='bbox 1688 882 1885 939; x_wconf 84' lang='lat' dir='ltr'><strong>diversi</strong></span> 
     </span>
    </p>
   </div>
   <div class='ocr_carea' id='block_1_9' title="bbox 304 964 1881 1041">
    <p class='ocr_par' dir='ltr' id='par_1_9' title="bbox 304 964 1881 1041">
     <span class='ocr_line' id='line_1_9' title="bbox 304 964 1881 1041; baseline 0.008 -26"><span class='ocrx_word' id='word_1_65' title='bbox 304 964 522 1031; x_wconf 78' lang='lat' dir='ltr'><strong>generis</strong></span> <span class='ocrx_word' id='word_1_66' title='bbox 553 966 821 1021; x_wconf 87' lang='lat' dir='ltr'><strong>editiones</strong></span> <span class='ocrx_word' id='word_1_67' title='bbox 876 967 979 1023; x_wconf 89' lang='lat' dir='ltr'><strong>sibi</strong></span> <span class='ocrx_word' id='word_1_68' title='bbox 1018 984 1337 1039; x_wconf 82' lang='lat' dir='ltr'><strong>comparare</strong></span> <span class='ocrx_word' id='word_1_69' title='bbox 1375 980 1536 1041; x_wconf 89' lang='lat' dir='ltr'><strong>atque</strong></span> <span class='ocrx_word' id='word_1_70' title='bbox 1583 974 1881 1030; x_wconf 90' lang='lat' dir='ltr'><strong>consulere.</strong></span> 
     </span>
    </p>
   </div>
   <div class='ocr_carea' id='block_1_10' title="bbox 304 1052 1882 1131">
    <p class='ocr_par' dir='ltr' id='par_1_10' title="bbox 304 1052 1882 1131">
     <span class='ocr_line' id='line_1_10' title="bbox 304 1052 1882 1131; baseline 0.008 -25"><span class='ocrx_word' id='word_1_71' title='bbox 304 1052 436 1108; x_wconf 89' lang='lat' dir='ltr'><strong>llinc</strong></span> <span class='ocrx_word' id='word_1_72' title='bbox 462 1054 798 1112; x_wconf 88' lang='lat' dir='ltr'><strong>collectiouis</strong></span> <span class='ocrx_word' id='word_1_73' title='bbox 827 1060 1065 1113; x_wconf 91' lang='lat' dir='ltr'><strong>omnium</strong></span> <span class='ocrx_word' id='word_1_74' title='bbox 1092 1059 1356 1127; x_wconf 78' lang='lat' dir='ltr'><strong>eiusmodi</strong></span> <span class='ocrx_word' id='word_1_75' title='bbox 1388 1078 1611 1131; x_wconf 91' lang='lat' dir='ltr'><strong>operum</strong></span> <span class='ocrx_word' id='word_1_76' title='bbox 1640 1064 1842 1119; x_wconf 84' lang='lat' dir='ltr'><strong>utilitas</strong></span> <span class='ocrx_word' id='word_1_77' title='bbox 1866 1105 1882 1129; x_wconf 97' lang='lat'><strong>,</strong></span> 
     </span>
    </p>
   </div>
   <div class='ocr_carea' id='block_1_11' title="bbox 302 1146 1882 1227">
    <p class='ocr_par' dir='ltr' id='par_1_11' title="bbox 302 1146 1882 1227">
     <span class='ocr_line' id='line_1_11' title="bbox 302 1146 1882 1227; baseline 0.008 -28"><span class='ocrx_word' id='word_1_78' title='bbox 302 1160 371 1199; x_wconf 90' lang='lat' dir='ltr'><strong>ne</strong></span> <span class='ocrx_word' id='word_1_79' title='bbox 402 1146 648 1203; x_wconf 81' lang='lat' dir='ltr'><strong>dicamus</strong></span> <span class='ocrx_word' id='word_1_80' title='bbox 680 1151 993 1214; x_wconf 85' lang='lat' dir='ltr'><strong>necessitas,</strong></span> <span class='ocrx_word' id='word_1_81' title='bbox 1020 1150 1179 1207; x_wconf 79' lang='lat' dir='ltr'><strong>facile</strong></span> <span class='ocrx_word' id='word_1_82' title='bbox 1208 1155 1569 1223; x_wconf 83' lang='lat' dir='ltr'><strong>perspicitur;</strong></span> <span class='ocrx_word' id='word_1_83' title='bbox 1604 1173 1722 1211; x_wconf 92' lang='lat' dir='ltr'><strong>cum</strong></span> <span class='ocrx_word' id='word_1_84' title='bbox 1748 1173 1882 1227; x_wconf 79' lang='lat' dir='ltr'><strong>pra:-</strong></span> 
     </span>
    </p>
   </div>
   <div class='ocr_carea' id='block_1_12' title="bbox 301 1237 1882 1316">
    <p class='ocr_par' dir='ltr' id='par_1_12' title="bbox 301 1237 1882 1316">
     <span class='ocr_line' id='line_1_12' title="bbox 301 1237 1882 1316; baseline 0.009 -26"><span class='ocrx_word' id='word_1_85' title='bbox 301 1237 484 1291; x_wconf 88' lang='lat' dir='ltr'><strong>sertim</strong></span> <span class='ocrx_word' id='word_1_86' title='bbox 516 1242 766 1297; x_wconf 84' lang='lat' dir='ltr'><strong>accidere</strong></span> <span class='ocrx_word' id='word_1_87' title='bbox 798 1242 969 1299; x_wconf 86' lang='lat' dir='ltr'><strong>soleat</strong></span> <span class='ocrx_word' id='word_1_88' title='bbox 1017 1251 1077 1298; x_wconf 93' lang='lat' dir='ltr'><strong>ut</strong></span> <span class='ocrx_word' id='word_1_89' title='bbox 1120 1260 1185 1300; x_wconf 79' lang='lat' dir='ltr'><strong>ex</strong></span> <span class='ocrx_word' id='word_1_90' title='bbox 1223 1261 1330 1301; x_wconf 87' lang='lat' dir='ltr'><strong>uno</strong></span> <span class='ocrx_word' id='word_1_91' title='bbox 1364 1262 1529 1316; x_wconf 89' lang='lat' dir='ltr'><strong>opere</strong></span> <span class='ocrx_word' id='word_1_92' title='bbox 1549 1248 1773 1305; x_wconf 86' lang='lat' dir='ltr'><strong>alterius</strong></span> <span class='ocrx_word' id='word_1_93' title='bbox 1802 1250 1882 1304; x_wconf 86' lang='lat' dir='ltr'><strong>in-</strong></span> 
     </span>
    </p>
   </div>
   <div class='ocr_carea' id='block_1_13' title="bbox 301 1328 1879 1413">
    <p class='ocr_par' dir='ltr' id='par_1_13' title="bbox 301 1328 1879 1413">
     <span class='ocr_line' id='line_1_13' title="bbox 301 1328 1879 1413; baseline 0.011 -34"><span class='ocrx_word' id='word_1_94' title='bbox 301 1328 573 1399; x_wconf 87' lang='lat' dir='ltr'><strong>dulgentia</strong></span> <span class='ocrx_word' id='word_1_95' title='bbox 605 1334 869 1401; x_wconf 88' lang='lat' dir='ltr'><strong>pendeat,</strong></span> <span class='ocrx_word' id='word_1_96' title='bbox 909 1351 973 1390; x_wconf 93' lang='lat' dir='ltr'><strong>ac</strong></span> <span class='ocrx_word' id='word_1_97' title='bbox 1013 1349 1075 1391; x_wconf 82' lang='lat' dir='ltr'><strong>ex</strong></span> <span class='ocrx_word' id='word_1_98' title='bbox 1102 1336 1391 1394; x_wconf 86' lang='lat' dir='ltr'><strong>collatione</strong></span> <span class='ocrx_word' id='word_1_99' title='bbox 1418 1340 1658 1395; x_wconf 89' lang='lat' dir='ltr'><strong>onmium</strong></span> <span class='ocrx_word' id='word_1_100' title='bbox 1694 1344 1879 1413; x_wconf 81' lang='lat' dir='ltr'><strong>quanti</strong></span> 
     </span>
    </p>
   </div>
   <div class='ocr_carea' id='block_1_14' title="bbox 299 1421 927 1482">
    <p class='ocr_par' dir='ltr' id='par_1_14' title="bbox 299 1421 927 1482">
     <span class='ocr_line' id='line_1_14' title="bbox 299 1421 927 1482; baseline 0.019 -12"><span class='ocrx_word' id='word_1_101' title='bbox 299 1421 369 1472; x_wconf 90' lang='lat' dir='ltr'><strong>sit</strong></span> <span class='ocrx_word' id='word_1_102' title='bbox 393 1430 585 1476; x_wconf 88' lang='lat' dir='ltr'><strong>auctor</strong></span> <span class='ocrx_word' id='word_1_103' title='bbox 609 1426 927 1482; x_wconf 83' lang='lat' dir='ltr'><strong>aestimetur.</strong></span> 
     </span>
    </p>
   </div>
   <div class='ocr_carea' id='block_1_15' title="bbox 367 1512 1876 1599">
    <p class='ocr_par' dir='ltr' id='par_1_15' title="bbox 367 1512 1876 1599">
     <span class='ocr_line' id='line_1_15' title="bbox 367 1512 1876 1599; baseline 0.014 -34"><span class='ocrx_word' id='word_1_104' title='bbox 367 1512 502 1568; x_wconf 77' lang='lat' dir='ltr'>XIII.</span> <span class='ocrx_word' id='word_1_105' title='bbox 542 1514 676 1570; x_wconf 91' lang='lat' dir='ltr'><strong>Cum</strong></span> <span class='ocrx_word' id='word_1_106' title='bbox 702 1533 861 1587; x_wconf 91' lang='lat' dir='ltr'><strong>porro</strong></span> <span class='ocrx_word' id='word_1_107' title='bbox 884 1521 935 1574; x_wconf 90' lang='lat' dir='ltr'><strong>in</strong></span> <span class='ocrx_word' id='word_1_108' title='bbox 968 1522 1289 1578; x_wconf 85' lang='lat' dir='ltr'><strong>collectione</strong></span> <span class='ocrx_word' id='word_1_109' title='bbox 1318 1535 1373 1581; x_wconf 90' lang='lat' dir='ltr'><strong>et</strong></span> <span class='ocrx_word' id='word_1_110' title='bbox 1392 1527 1625 1583; x_wconf 88' lang='lat' dir='ltr'><strong>editione</strong></span> <span class='ocrx_word' id='word_1_111' title='bbox 1654 1545 1876 1599; x_wconf 85' lang='lat' dir='ltr'><strong>operum</strong></span> 
     </span>
    </p>
   </div>
   <div class='ocr_carea' id='block_1_16' title="bbox 293 1603 1873 1674">
    <p class='ocr_par' dir='ltr' id='par_1_16' title="bbox 293 1603 1873 1674">
     <span class='ocr_line' id='line_1_16' title="bbox 293 1603 1873 1674; baseline 0.01 -16"><span class='ocrx_word' id='word_1_112' title='bbox 293 1603 552 1673; x_wconf 84' lang='lat' dir='ltr'><strong>cujusque</strong></span> <span class='ocrx_word' id='word_1_113' title='bbox 583 1610 821 1664; x_wconf 92' lang='lat' dir='ltr'><strong>auctoris</strong></span> <span class='ocrx_word' id='word_1_114' title='bbox 856 1626 961 1666; x_wconf 94' lang='lat' dir='ltr'><strong>non</strong></span> <span class='ocrx_word' id='word_1_115' title='bbox 992 1622 1100 1667; x_wconf 92' lang='lat' dir='ltr'><strong>tam</strong></span> <span class='ocrx_word' id='word_1_116' title='bbox 1134 1615 1508 1671; x_wconf 86' lang='lat' dir='ltr'><strong>desiderentur</strong></span> <span class='ocrx_word' id='word_1_117' title='bbox 1548 1630 1704 1673; x_wconf 87' lang='lat' dir='ltr'><strong>antea</strong></span> <span class='ocrx_word' id='word_1_118' title='bbox 1731 1621 1873 1674; x_wconf 90' lang='lat' dir='ltr'><strong>edita</strong></span> 
     </span>
    </p>
   </div>
   <div class='ocr_carea' id='block_1_17' title="bbox 295 1696 1873 1778">
    <p class='ocr_par' dir='ltr' id='par_1_17' title="bbox 295 1696 1873 1778">
     <span class='ocr_line' id='line_1_17' title="bbox 295 1696 1873 1778; baseline 0.013 -31"><span class='ocrx_word' id='word_1_119' title='bbox 295 1704 348 1749; x_wconf 76' lang='grc' dir='ltr'><strong>«οι</strong></span> <span class='ocrx_word' id='word_1_120' title='bbox 376 1696 427 1749; x_wconf 92' lang='lat' dir='ltr'><strong>in</strong></span> <span class='ocrx_word' id='word_1_121' title='bbox 457 1698 626 1752; x_wconf 80' lang='lat' dir='ltr'><strong>variis</strong></span> <span class='ocrx_word' id='word_1_122' title='bbox 645 1700 1010 1758; x_wconf 82' lang='lat' dir='ltr'><strong>voluminibus</strong></span> <span class='ocrx_word' id='word_1_123' title='bbox 1036 1705 1275 1775; x_wconf 88' lang='lat' dir='ltr'><strong>dispersa</strong></span> <span class='ocrx_word' id='word_1_124' title='bbox 1309 1724 1468 1776; x_wconf 89' lang='lat' dir='ltr'><strong>quam</strong></span> <span class='ocrx_word' id='word_1_125' title='bbox 1493 1725 1611 1778; x_wconf 63' lang='lat' dir='ltr'><strong>quac</strong></span> <span class='ocrx_word' id='word_1_126' title='bbox 1638 1713 1873 1767; x_wconf 89' lang='lat' dir='ltr'><strong>nondum</strong></span> 
     </span>
    </p>
   </div>
   <div class='ocr_carea' id='block_1_18' title="bbox 290 1786 1871 1871">
    <p class='ocr_par' dir='ltr' id='par_1_18' title="bbox 290 1786 1871 1871">
     <span class='ocr_line' id='line_1_18' title="bbox 290 1786 1871 1871; baseline 0.012 -33"><span class='ocrx_word' id='word_1_127' title='bbox 290 1786 552 1855; x_wconf 89' lang='lat' dir='ltr'><strong>impressa</strong></span> <span class='ocrx_word' id='word_1_128' title='bbox 584 1786 833 1856; x_wconf 85' lang='lat' dir='ltr'><strong>fuerunt,</strong></span> <span class='ocrx_word' id='word_1_129' title='bbox 864 1793 969 1847; x_wconf 92' lang='lat' dir='ltr'><strong>alia</strong></span> <span class='ocrx_word' id='word_1_130' title='bbox 998 1802 1160 1863; x_wconf 86' lang='lat' dir='ltr'><strong>atque</strong></span> <span class='ocrx_word' id='word_1_131' title='bbox 1186 1796 1288 1850; x_wconf 81' lang='lat' dir='ltr'><strong>alia</strong></span> <span class='ocrx_word' id='word_1_132' title='bbox 1320 1797 1559 1853; x_wconf 83' lang='lat' dir='ltr'><strong>Ralherii</strong></span> <span class='ocrx_word' id='word_1_133' title='bbox 1589 1816 1751 1871; x_wconf 84' lang='lat' dir='ltr'><strong>opera</strong></span> <span class='ocrx_word' id='word_1_134' title='bbox 1773 1842 1787 1865; x_wconf 87' lang='lat'><strong>,</strong></span> <span class='ocrx_word' id='word_1_135' title='bbox 1827 1802 1871 1857; x_wconf 90' lang='lat' dir='ltr'><strong>si</strong></span> 
     </span>
    </p>
   </div>
   <div class='ocr_carea' id='block_1_19' title="bbox 287 1877 1872 1957">
    <p class='ocr_par' dir='ltr' id='par_1_19' title="bbox 287 1877 1872 1957">
     <span class='ocr_line' id='line_1_19' title="bbox 287 1877 1872 1957; baseline 0.013 -30"><span class='ocrx_word' id='word_1_136' title='bbox 287 1891 405 1944; x_wconf 70' lang='lat' dir='ltr'><strong>qua:</strong></span> <span class='ocrx_word' id='word_1_137' title='bbox 436 1877 667 1933; x_wconf 90' lang='lat' dir='ltr'><strong>aliorum</strong></span> <span class='ocrx_word' id='word_1_138' title='bbox 700 1881 1031 1951; x_wconf 82' lang='lat' dir='ltr'><strong>diligentiam</strong></span> <span class='ocrx_word' id='word_1_139' title='bbox 1056 1882 1358 1957; x_wconf 81' lang='lat' dir='ltr'><strong>cﬂ‘ugerint,</strong></span> <span class='ocrx_word' id='word_1_140' title='bbox 1396 1889 1716 1957; x_wconf 90' lang='lat' dir='ltr'><strong>inquirenda</strong></span> <span class='ocrx_word' id='word_1_141' title='bbox 1746 1910 1872 1947; x_wconf 86' lang='lat' dir='ltr'><strong>cen-</strong></span> 
     </span>
    </p>
   </div>
   <div class='ocr_carea' id='block_1_20' title="bbox 287 1967 1867 2051">
    <p class='ocr_par' dir='ltr' id='par_1_20' title="bbox 287 1967 1867 2051">
     <span class='ocr_line' id='line_1_20' title="bbox 287 1967 1867 2051; baseline 0.013 -32"><span class='ocrx_word' id='word_1_142' title='bbox 287 1967 512 2023; x_wconf 91' lang='lat' dir='ltr'><strong>suimus.</strong></span> <span class='ocrx_word' id='word_1_143' title='bbox 533 1969 613 2042; x_wconf 81' lang='lat' dir='ltr'><strong>[x]</strong></span> <span class='ocrx_word' id='word_1_144' title='bbox 632 1970 798 2042; x_wconf 83' lang='lat' dir='ltr'><strong>Igitur</strong></span> <span class='ocrx_word' id='word_1_145' title='bbox 813 1975 877 2029; x_wconf 88' lang='lat' dir='ltr'><strong>de</strong></span> <span class='ocrx_word' id='word_1_146' title='bbox 900 1975 1066 2045; x_wconf 88' lang='lat' dir='ltr'><strong>ipsius</strong></span> <span class='ocrx_word' id='word_1_147' title='bbox 1087 1980 1322 2035; x_wconf 88' lang='lat' dir='ltr'><strong>auctoris</strong></span> <span class='ocrx_word' id='word_1_148' title='bbox 1343 1982 1620 2038; x_wconf 90' lang='lat' dir='ltr'><strong>codicibus</strong></span> <span class='ocrx_word' id='word_1_149' title='bbox 1635 1985 1867 2051; x_wconf 88' lang='lat' dir='ltr'><strong>solliciti,</strong></span> 
     </span>
    </p>
   </div>
   <div class='ocr_carea' id='block_1_21' title="bbox 285 2055 1867 2143">
    <p class='ocr_par' dir='ltr' id='par_1_21' title="bbox 285 2055 1867 2143">
     <span class='ocr_line' id='line_1_21' title="bbox 285 2055 1867 2143; baseline 0.014 -34"><span class='ocrx_word' id='word_1_150' title='bbox 285 2055 336 2109; x_wconf 89' lang='lat' dir='ltr'><strong>in</strong></span> <span class='ocrx_word' id='word_1_151' title='bbox 367 2068 605 2125; x_wconf 89' lang='lat' dir='ltr'><strong>quatuor</strong></span> <span class='ocrx_word' id='word_1_152' title='bbox 632 2069 836 2117; x_wconf 89' lang='lat' dir='ltr'><strong>tantum</strong></span> <span class='ocrx_word' id='word_1_153' title='bbox 867 2065 1207 2123; x_wconf 79' lang='lat' dir='ltr'><strong>hthiOIhecis</strong></span> <span class='ocrx_word' id='word_1_154' title='bbox 1236 2074 1634 2143; x_wconf 90' lang='lat' dir='ltr'><strong>manuscriptos</strong></span> <span class='ocrx_word' id='word_1_155' title='bbox 1672 2075 1867 2141; x_wconf 91' lang='lat' dir='ltr'><strong>libros,</strong></span> 
     </span>
    </p>
   </div>
   <div class='ocr_carea' id='block_1_22' title="bbox 281 2151 1866 2229">
    <p class='ocr_par' dir='ltr' id='par_1_22' title="bbox 281 2151 1866 2229">
     <span class='ocr_line' id='line_1_22' title="bbox 281 2151 1866 2229; baseline 0.015 -29"><span class='ocrx_word' id='word_1_156' title='bbox 281 2151 371 2217; x_wconf 87' lang='lat' dir='ltr'><strong>qui</strong></span> <span class='ocrx_word' id='word_1_157' title='bbox 412 2151 593 2221; x_wconf 87' lang='lat' dir='ltr'><strong>aliqua</strong></span> <span class='ocrx_word' id='word_1_158' title='bbox 639 2154 880 2211; x_wconf 70' lang='lat' dir='ltr'><strong>Ilatlxerii</strong></span> <span class='ocrx_word' id='word_1_159' title='bbox 924 2160 1178 2228; x_wconf 89' lang='lat' dir='ltr'><strong>opuscula</strong></span> <span class='ocrx_word' id='word_1_160' title='bbox 1224 2164 1596 2229; x_wconf 89' lang='lat' dir='ltr'><strong>continerent,</strong></span> <span class='ocrx_word' id='word_1_161' title='bbox 1638 2168 1866 2223; x_wconf 78' lang='lat' dir='ltr'><strong>inveniri</strong></span> 
     </span>
    </p>
   </div>
   <div class='ocr_carea' id='block_1_23' title="bbox 280 2240 1867 2313">
    <p class='ocr_par' dir='ltr' id='par_1_23' title="bbox 280 2240 1867 2313">
     <span class='ocr_line' id='line_1_23' title="bbox 280 2240 1867 2313; baseline 0.015 -23"><span class='ocrx_word' id='word_1_162' title='bbox 280 2240 437 2294; x_wconf 89' lang='lat' dir='ltr'><strong>nobis</strong></span> <span class='ocrx_word' id='word_1_163' title='bbox 470 2242 728 2297; x_wconf 88' lang='lat' dir='ltr'><strong>innotuit.</strong></span> <span class='ocrx_word' id='word_1_164' title='bbox 767 2245 913 2302; x_wconf 89' lang='lat' dir='ltr'><strong>Unus</strong></span> <span class='ocrx_word' id='word_1_165' title='bbox 936 2250 1237 2305; x_wconf 88' lang='lat' dir='ltr'><strong>custoditur</strong></span> <span class='ocrx_word' id='word_1_166' title='bbox 1286 2252 1430 2308; x_wconf 90' lang='lat' dir='ltr'><strong>inter</strong></span> <span class='ocrx_word' id='word_1_167' title='bbox 1470 2256 1685 2312; x_wconf 86' lang='lat' dir='ltr'><strong>codices</strong></span> <span class='ocrx_word' id='word_1_168' title='bbox 1724 2257 1867 2313; x_wconf 80' lang='lat' dir='ltr'><strong>Lau-</strong></span> 
     </span>
    </p>
   </div>
   <div class='ocr_carea' id='block_1_24' title="bbox 280 2330 1867 2418">
    <p class='ocr_par' dir='ltr' id='par_1_24' title="bbox 280 2330 1867 2418">
     <span class='ocr_line' id='line_1_24' title="bbox 280 2330 1867 2418; baseline 0.014 -36"><span class='ocrx_word' id='word_1_169' title='bbox 280 2330 541 2388; x_wconf 87' lang='lat' dir='ltr'><strong>dunensis</strong></span> <span class='ocrx_word' id='word_1_170' title='bbox 571 2333 848 2401; x_wconf 72' lang='lat' dir='ltr'><strong>Ecclesize,</strong></span> <span class='ocrx_word' id='word_1_171' title='bbox 886 2338 951 2394; x_wconf 90' lang='lat' dir='ltr'><strong>de</strong></span> <span class='ocrx_word' id='word_1_172' title='bbox 978 2354 1084 2408; x_wconf 89' lang='lat' dir='ltr'><strong>quo</strong></span> <span class='ocrx_word' id='word_1_173' title='bbox 1123 2342 1238 2397; x_wconf 66' lang='lat' dir='ltr'><strong>haec</strong></span> <span class='ocrx_word' id='word_1_174' title='bbox 1271 2342 1536 2401; x_wconf 87' lang='lat' dir='ltr'><strong>Acherius</strong></span> <span class='ocrx_word' id='word_1_175' title='bbox 1576 2347 1629 2401; x_wconf 90' lang='lat' dir='ltr'><strong>in</strong></span> <span class='ocrx_word' id='word_1_176' title='bbox 1673 2350 1867 2418; x_wconf 61' lang='lat' dir='ltr'><strong>praefa-</strong></span> 
     </span>
    </p>
   </div>
   <div class='ocr_carea' id='block_1_25' title="bbox 281 2420 1864 2495">
    <p class='ocr_par' dir='ltr' id='par_1_25' title="bbox 281 2420 1864 2495">
     <span class='ocr_line' id='line_1_25' title="bbox 281 2420 1864 2495; baseline 0.015 -24"><span class='ocrx_word' id='word_1_177' title='bbox 281 2420 426 2475; x_wconf 89' lang='lat' dir='ltr'><strong>tione</strong></span> <span class='ocrx_word' id='word_1_178' title='bbox 468 2425 693 2479; x_wconf 79' lang='lat' dir='ltr'><strong>tradidit</strong></span> <span class='ocrx_word' id='word_1_179' title='bbox 720 2444 733 2479; x_wconf 89' lang='lat'><strong>:</strong></span> <span class='ocrx_word' id='word_1_180' title='bbox 763 2445 781 2477; x_wconf 73' lang='grc' dir='ltr'><strong><em>ι</em></strong></span> <span class='ocrx_word' id='word_1_181' title='bbox 802 2427 1066 2484; x_wconf 78' lang='lat' dir='ltr'><strong>Caeterum</strong></span> <span class='ocrx_word' id='word_1_182' title='bbox 1095 2431 1160 2486; x_wconf 92' lang='lat' dir='ltr'><strong>de</strong></span> <span class='ocrx_word' id='word_1_183' title='bbox 1188 2433 1375 2490; x_wconf 90' lang='lat' dir='ltr'><strong>codice</strong></span> <span class='ocrx_word' id='word_1_184' title='bbox 1414 2434 1864 2495; x_wconf 78' lang='lat' dir='ltr'><strong>Ratberianorum</strong></span> 
     </span>
    </p>
   </div>
   <div class='ocr_carea' id='block_1_26' title="bbox 278 2517 1862 2600">
    <p class='ocr_par' dir='ltr' id='par_1_26' title="bbox 278 2517 1862 2600">
     <span class='ocr_line' id='line_1_26' title="bbox 278 2517 1862 2600; baseline 0.015 -36"><span class='ocrx_word' id='word_1_185' title='bbox 278 2527 544 2580; x_wconf 87' lang='lat' dir='ltr'><strong>operum,</strong></span> <span class='ocrx_word' id='word_1_186' title='bbox 601 2517 842 2572; x_wconf 77' lang='lat' dir='ltr'><strong>Anselmi</strong></span> <span class='ocrx_word' id='word_1_187' title='bbox 886 2518 1074 2576; x_wconf 88' lang='lat' dir='ltr'><strong>decani</strong></span> <span class='ocrx_word' id='word_1_188' title='bbox 1108 2531 1427 2595; x_wconf 85' lang='lat' dir='ltr'><strong>tempestate</strong></span> <span class='ocrx_word' id='word_1_189' title='bbox 1471 2529 1742 2600; x_wconf 81' lang='lat' dir='ltr'><strong>eleganter</strong></span> <span class='ocrx_word' id='word_1_190' title='bbox 1767 2548 1862 2586; x_wconf 78' lang='lat' dir='ltr'><strong>ex-</strong></span> 
     </span>
    </p>
   </div>
   <div class='ocr_carea' id='block_1_27' title="bbox 277 2606 1865 2686">
    <p class='ocr_par' dir='ltr' id='par_1_27' title="bbox 277 2606 1865 2686">
     <span class='ocr_line' id='line_1_27' title="bbox 277 2606 1865 2686; baseline 0.016 -34"><span class='ocrx_word' id='word_1_191' title='bbox 277 2611 451 2665; x_wconf 89' lang='lat' dir='ltr'><strong>arato,</strong></span> <span class='ocrx_word' id='word_1_192' title='bbox 486 2606 579 2657; x_wconf 86' lang='lat' dir='ltr'><strong>sed</strong></span> <span class='ocrx_word' id='word_1_193' title='bbox 608 2608 817 2663; x_wconf 90' lang='lat' dir='ltr'><strong>mendis</strong></span> <span class='ocrx_word' id='word_1_194' title='bbox 836 2608 1082 2678; x_wconf 86' lang='lat' dir='ltr'><strong>plurimis</strong></span> <span class='ocrx_word' id='word_1_195' title='bbox 1105 2612 1331 2680; x_wconf 74' lang='lat' dir='ltr'><strong>foedata,</strong></span> <span class='ocrx_word' id='word_1_196' title='bbox 1360 2618 1448 2686; x_wconf 88' lang='lat' dir='ltr'><strong>qui</strong></span> <span class='ocrx_word' id='word_1_197' title='bbox 1472 2619 1596 2674; x_wconf 92' lang='lat' dir='ltr'><strong>olim</strong></span> <span class='ocrx_word' id='word_1_198' title='bbox 1619 2636 1648 2675; x_wconf 93' lang='lat' dir='ltr'><strong>e</strong></span> <span class='ocrx_word' id='word_1_199' title='bbox 1673 2621 1865 2677; x_wconf 89' lang='lat' dir='ltr'><strong>biblio-</strong></span> 
     </span>
    </p>
   </div>
   <div class='ocr_carea' id='block_1_28' title="bbox 280 2693 1865 2784">
    <p class='ocr_par' dir='ltr' id='par_1_28' title="bbox 280 2693 1865 2784">
     <span class='ocr_line' id='line_1_28' title="bbox 280 2693 1865 2784; baseline 0.018 -38"><span class='ocrx_word' id='word_1_200' title='bbox 280 2693 434 2749; x_wconf 83' lang='lat' dir='ltr'><strong>theca</strong></span> <span class='ocrx_word' id='word_1_201' title='bbox 474 2695 534 2751; x_wconf 90' lang='lat' dir='ltr'><strong>B.</strong></span> <span class='ocrx_word' id='word_1_202' title='bbox 573 2699 755 2755; x_wconf 73' lang='lat' dir='ltr'><strong>Maria:</strong></span> <span class='ocrx_word' id='word_1_203' title='bbox 791 2701 1163 2762; x_wconf 84' lang='lat' dir='ltr'><strong>Laudunensis</strong></span> <span class='ocrx_word' id='word_1_204' title='bbox 1202 2707 1377 2764; x_wconf 85' lang='lat' dir='ltr'><strong>fuerat</strong></span> <span class='ocrx_word' id='word_1_205' title='bbox 1422 2714 1743 2784; x_wconf 79' lang='lat' dir='ltr'><strong>subreptus,</strong></span> <span class='ocrx_word' id='word_1_206' title='bbox 1800 2734 1865 2775; x_wconf 91' lang='lat' dir='ltr'><strong>ac</strong></span> 
     </span>
    </p>
   </div>
   <div class='ocr_carea' id='block_1_29' title="bbox 277 2787 1861 2870">
    <p class='ocr_par' dir='ltr' id='par_1_29' title="bbox 277 2787 1861 2870">
     <span class='ocr_line' id='line_1_29' title="bbox 277 2787 1861 2870; baseline 0.016 -32"><span class='ocrx_word' id='word_1_207' title='bbox 277 2787 495 2843; x_wconf 87' lang='lat' dir='ltr'><strong>tandem</strong></span> <span class='ocrx_word' id='word_1_208' title='bbox 547 2793 860 2858; x_wconf 87' lang='lat' dir='ltr'><strong>restitutus,</strong></span> <span class='ocrx_word' id='word_1_209' title='bbox 908 2797 1109 2867; x_wconf 79' lang='lat' dir='ltr'><strong>gratias</strong></span> <span class='ocrx_word' id='word_1_210' title='bbox 1144 2813 1245 2870; x_wconf 88' lang='lat' dir='ltr'><strong>ago</strong></span> <span class='ocrx_word' id='word_1_211' title='bbox 1283 2800 1353 2856; x_wconf 93' lang='lat' dir='ltr'><strong>cl.</strong></span> <span class='ocrx_word' id='word_1_212' title='bbox 1382 2804 1443 2858; x_wconf 86' lang='lat' dir='ltr'><strong>V.</strong></span> <span class='ocrx_word' id='word_1_213' title='bbox 1476 2804 1711 2861; x_wconf 85' lang='lat' dir='ltr'><strong>Antonio</strong></span> <span class='ocrx_word' id='word_1_214' title='bbox 1740 2809 1861 2865; x_wconf 84' lang='lat' dir='ltr'><strong>Bel-</strong></span> 
     </span>
    </p>
   </div>
   <div class='ocr_carea' id='block_1_30' title="bbox 276 2876 1859 2959">
    <p class='ocr_par' dir='ltr' id='par_1_30' title="bbox 276 2876 1859 2959">
     <span class='ocr_line' id='line_1_30' title="bbox 276 2876 1859 2959; baseline 0.018 -31"><span class='ocrx_word' id='word_1_215' title='bbox 276 2876 424 2933; x_wconf 81' lang='lat' dir='ltr'><strong>lotte.</strong></span> <span class='ocrx_word' id='word_1_216' title='bbox 462 2900 479 2930; x_wconf 77' lang='grc' dir='ltr'><strong><em>ι</em></strong></span> <span class='ocrx_word' id='word_1_217' title='bbox 516 2881 649 2937; x_wconf 88' lang='lat' dir='ltr'><strong>Cum</strong></span> <span class='ocrx_word' id='word_1_218' title='bbox 701 2884 995 2944; x_wconf 82' lang='lat' dir='ltr'><strong>Ratherius</strong></span> <span class='ocrx_word' id='word_1_219' title='bbox 1028 2901 1151 2959; x_wconf 89' lang='lat' dir='ltr'><strong>post</strong></span> <span class='ocrx_word' id='word_1_220' title='bbox 1179 2892 1459 2948; x_wconf 92' lang='lat' dir='ltr'><strong>dimissum</strong></span> <span class='ocrx_word' id='word_1_221' title='bbox 1494 2895 1859 2957; x_wconf 89' lang='lat' dir='ltr'><strong>Veronensem</strong></span> 
     </span>
    </p>
   </div>
   <div class='ocr_carea' id='block_1_31' title="bbox 274 2970 1856 3060">
    <p class='ocr_par' dir='ltr' id='par_1_31' title="bbox 274 2970 1856 3060">
     <span class='ocr_line' id='line_1_31' title="bbox 274 2970 1856 3060; baseline 0.016 -38"><span class='ocrx_word' id='word_1_222' title='bbox 274 2970 641 3060; x_wconf 79' lang='lat' dir='ltr'><strong>cpiscOpatum</strong></span> <span class='ocrx_word' id='word_1_223' title='bbox 692 2976 939 3034; x_wconf 90' lang='lat' dir='ltr'><strong>Lauduni</strong></span> <span class='ocrx_word' id='word_1_224' title='bbox 966 2979 1161 3049; x_wconf 81' lang='lat' dir='ltr'><strong>fuerit,</strong></span> <span class='ocrx_word' id='word_1_225' title='bbox 1203 2983 1508 3057; x_wconf 89' lang='lat' dir='ltr'><strong>ibidemque</strong></span> <span class='ocrx_word' id='word_1_226' title='bbox 1546 2988 1856 3060; x_wconf 86' lang='lat' dir='ltr'><strong>aliquandiu</strong></span> 
     </span>
    </p>
   </div>
   <div class='ocr_carea' id='block_1_32' title="bbox 1992 413 3569 493">
    <p class='ocr_par' dir='ltr' id='par_1_32' title="bbox 1992 413 3569 493">
     <span class='ocr_line' id='line_1_32' title="bbox 1992 413 3569 493; baseline 0.008 -26"><span class='ocrx_word' id='word_1_227' title='bbox 1992 413 2074 469; x_wconf 90' lang='lat' dir='ltr'><strong>lus</strong></span> <span class='ocrx_word' id='word_1_228' title='bbox 2095 425 2295 480; x_wconf 89' lang='lat' dir='ltr'><strong>autem,</strong></span> <span class='ocrx_word' id='word_1_229' title='bbox 2330 420 2601 474; x_wconf 90' lang='lat' dir='ltr'><strong>nescimus</strong></span> <span class='ocrx_word' id='word_1_230' title='bbox 2629 436 2734 489; x_wconf 88' lang='lat' dir='ltr'><strong>quo</strong></span> <span class='ocrx_word' id='word_1_231' title='bbox 2758 436 2881 476; x_wconf 88' lang='lat' dir='ltr'><strong>casu</strong></span> <span class='ocrx_word' id='word_1_232' title='bbox 2920 421 3041 493; x_wconf 67' lang='lat' dir='ltr'><strong>[XI],</strong></span> <span class='ocrx_word' id='word_1_233' title='bbox 3067 424 3119 477; x_wconf 91' lang='lat' dir='ltr'><strong>in</strong></span> <span class='ocrx_word' id='word_1_234' title='bbox 3147 426 3331 479; x_wconf 89' lang='lat' dir='ltr'><strong>codice</strong></span> <span class='ocrx_word' id='word_1_235' title='bbox 3362 425 3569 493; x_wconf 80' lang='lat' dir='ltr'><strong>Frisiu-</strong></span> 
     </span>
    </p>
   </div>
   <div class='ocr_carea' id='block_1_33' title="bbox 1992 507 3565 585">
    <p class='ocr_par' dir='ltr' id='par_1_33' title="bbox 1992 507 3565 585">
     <span class='ocr_line' id='line_1_33' title="bbox 1992 507 3565 585; baseline 0.007 -24"><span class='ocrx_word' id='word_1_236' title='bbox 1992 507 2143 576; x_wconf 82' lang='lat' dir='ltr'><strong>gensi</strong></span> <span class='ocrx_word' id='word_1_237' title='bbox 2178 509 2588 580; x_wconf 90' lang='lat' dir='ltr'><strong>haudquaquam</strong></span> <span class='ocrx_word' id='word_1_238' title='bbox 2618 512 2918 579; x_wconf 88' lang='lat' dir='ltr'><strong>invenerit,</strong></span> <span class='ocrx_word' id='word_1_239' title='bbox 2960 516 3241 585; x_wconf 85' lang='lat' dir='ltr'><strong>solumque</strong></span> <span class='ocrx_word' id='word_1_240' title='bbox 3270 518 3481 572; x_wconf 90' lang='lat' dir='ltr'><strong>titulum</strong></span> <span class='ocrx_word' id='word_1_241' title='bbox 3515 521 3565 572; x_wconf 86' lang='lat' dir='ltr'><strong>in</strong></span> 
     </span>
    </p>
   </div>
   <div class='ocr_carea' id='block_1_34' title="bbox 1992 602 3567 677">
    <p class='ocr_par' dir='ltr' id='par_1_34' title="bbox 1992 602 3567 677">
     <span class='ocr_line' id='line_1_34' title="bbox 1992 602 3567 677; baseline 0.008 -24"><span class='ocrx_word' id='word_1_242' title='bbox 1992 602 2299 671; x_wconf 70' lang='lat' dir='ltr'><strong>apographo</strong></span> <span class='ocrx_word' id='word_1_243' title='bbox 2338 603 2676 671; x_wconf 74' lang='lat' dir='ltr'><strong>exhibuerit;</strong></span> <span class='ocrx_word' id='word_1_244' title='bbox 2715 623 2813 662; x_wconf 89' lang='lat' dir='ltr'><strong>nos</strong></span> <span class='ocrx_word' id='word_1_245' title='bbox 2852 619 3132 677; x_wconf 88' lang='lat' dir='ltr'><strong>sperantes</strong></span> <span class='ocrx_word' id='word_1_246' title='bbox 3178 610 3295 666; x_wconf 90' lang='lat' dir='ltr'><strong>fore</strong></span> <span class='ocrx_word' id='word_1_247' title='bbox 3343 621 3399 665; x_wconf 91' lang='lat' dir='ltr'><strong>ut</strong></span> <span class='ocrx_word' id='word_1_248' title='bbox 3433 613 3567 666; x_wconf 85' lang='lat' dir='ltr'><strong>inte-</strong></span> 
     </span>
    </p>
   </div>
   <div class='ocr_carea' id='block_1_35' title="bbox 1991 692 3565 769">
    <p class='ocr_par' dir='ltr' id='par_1_35' title="bbox 1991 692 3565 769">
     <span class='ocr_line' id='line_1_35' title="bbox 1991 692 3565 769; baseline 0.01 -28"><span class='ocrx_word' id='word_1_249' title='bbox 1991 705 2143 761; x_wconf 86' lang='lat' dir='ltr'><strong>grum</strong></span> <span class='ocrx_word' id='word_1_250' title='bbox 2174 692 2367 747; x_wconf 87' lang='lat' dir='ltr'><strong>ibidem</strong></span> <span class='ocrx_word' id='word_1_251' title='bbox 2396 695 2616 764; x_wconf 91' lang='lat' dir='ltr'><strong>reperiri</strong></span> <span class='ocrx_word' id='word_1_252' title='bbox 2643 708 2822 767; x_wconf 87' lang='lat' dir='ltr'><strong>posset</strong></span> <span class='ocrx_word' id='word_1_253' title='bbox 2850 700 3186 769; x_wconf 91' lang='lat' dir='ltr'><strong>opusculum,</strong></span> <span class='ocrx_word' id='word_1_254' title='bbox 3211 702 3420 769; x_wconf 79' lang='lat' dir='ltr'><strong>egimus</strong></span> <span class='ocrx_word' id='word_1_255' title='bbox 3445 718 3565 757; x_wconf 85' lang='lat' dir='ltr'><strong>cum</strong></span> 
     </span>
    </p>
   </div>
   <div class='ocr_carea' id='block_1_36' title="bbox 1990 784 3565 867">
    <p class='ocr_par' dir='ltr' id='par_1_36' title="bbox 1990 784 3565 867">
     <span class='ocr_line' id='line_1_36' title="bbox 1990 784 3565 867; baseline 0.008 -31"><span class='ocrx_word' id='word_1_256' title='bbox 1990 784 2328 841; x_wconf 84' lang='lat' dir='ltr'><strong>nobilissimo</strong></span> <span class='ocrx_word' id='word_1_257' title='bbox 2358 790 2587 856; x_wconf 88' lang='lat' dir='ltr'><strong>patricio</strong></span> <span class='ocrx_word' id='word_1_258' title='bbox 2612 801 2796 845; x_wconf 90' lang='lat' dir='ltr'><strong>nostro</strong></span> <span class='ocrx_word' id='word_1_259' title='bbox 2844 795 3042 849; x_wconf 90' lang='lat' dir='ltr'><strong>comite</strong></span> <span class='ocrx_word' id='word_1_260' title='bbox 3089 794 3293 850; x_wconf 87' lang='lat' dir='ltr'><strong>Joanne</strong></span> <span class='ocrx_word' id='word_1_261' title='bbox 3325 796 3565 867; x_wconf 79' lang='lat' dir='ltr'><strong>Baptista</strong></span> 
     </span>
    </p>
   </div>
   <div class='ocr_carea' id='block_1_37' title="bbox 1990 872 3568 946">
    <p class='ocr_par' dir='ltr' id='par_1_37' title="bbox 1990 872 3568 946">
     <span class='ocr_line' id='line_1_37' title="bbox 1990 872 3568 946; baseline 0.009 -19"><span class='ocrx_word' id='word_1_262' title='bbox 1990 874 2056 928; x_wconf 90' lang='lat' dir='ltr'><strong>de</strong></span> <span class='ocrx_word' id='word_1_263' title='bbox 2094 872 2357 942; x_wconf 88' lang='lat' dir='ltr'><strong>Veritate,</strong></span> <span class='ocrx_word' id='word_1_264' title='bbox 2398 878 2486 946; x_wconf 92' lang='lat' dir='ltr'><strong>qui</strong></span> <span class='ocrx_word' id='word_1_265' title='bbox 2543 894 2573 934; x_wconf 88' lang='lat' dir='ltr'><strong>e</strong></span> <span class='ocrx_word' id='word_1_266' title='bbox 2618 883 2979 937; x_wconf 72' lang='lat' dir='ltr'><strong>ICI‘CIIiSSltIIﬂ:</strong></span> <span class='ocrx_word' id='word_1_267' title='bbox 3031 884 3304 940; x_wconf 72' lang='lat' dir='ltr'><strong>an&#39;aricze</strong></span> <span class='ocrx_word' id='word_1_268' title='bbox 3348 886 3568 942; x_wconf 78' lang='lat' dir='ltr'><strong>familia:</strong></span> 
     </span>
    </p>
   </div>
   <div class='ocr_carea' id='block_1_38' title="bbox 1988 964 3568 1041">
    <p class='ocr_par' dir='ltr' id='par_1_38' title="bbox 1988 964 3568 1041">
     <span class='ocr_line' id='line_1_38' title="bbox 1988 964 3568 1041; baseline 0.01 -24"><span class='ocrx_word' id='word_1_269' title='bbox 1988 964 2106 1018; x_wconf 90' lang='lat' dir='ltr'><strong>aula</strong></span> <span class='ocrx_word' id='word_1_270' title='bbox 2140 964 2405 1022; x_wconf 89' lang='lat' dir='ltr'><strong>Veronam</strong></span> <span class='ocrx_word' id='word_1_271' title='bbox 2428 969 2720 1041; x_wconf 78' lang='lat' dir='ltr'><strong>digressus,</strong></span> <span class='ocrx_word' id='word_1_272' title='bbox 2753 975 2802 1027; x_wconf 91' lang='lat' dir='ltr'><strong>in</strong></span> <span class='ocrx_word' id='word_1_273' title='bbox 2827 975 3258 1031; x_wconf 87' lang='lat' dir='ltr'><strong>eamdemaulam</strong></span> <span class='ocrx_word' id='word_1_274' title='bbox 3283 988 3399 1033; x_wconf 87' lang='lat' dir='ltr'><strong>erat</strong></span> <span class='ocrx_word' id='word_1_275' title='bbox 3425 980 3568 1035; x_wconf 87' lang='lat' dir='ltr'><strong>redi-</strong></span> 
     </span>
    </p>
   </div>
   <div class='ocr_carea' id='block_1_39' title="bbox 1990 1059 3564 1142">
    <p class='ocr_par' dir='ltr' id='par_1_39' title="bbox 1990 1059 3564 1142">
     <span class='ocr_line' id='line_1_39' title="bbox 1990 1059 3564 1142; baseline 0.012 -33"><span class='ocrx_word' id='word_1_276' title='bbox 1990 1066 2171 1122; x_wconf 89' lang='lat' dir='ltr'><strong>turus,</strong></span> <span class='ocrx_word' id='word_1_277' title='bbox 2205 1068 2257 1113; x_wconf 90' lang='lat' dir='ltr'><strong>et</strong></span> <span class='ocrx_word' id='word_1_278' title='bbox 2286 1059 2353 1113; x_wconf 89' lang='lat' dir='ltr'><strong>ab</strong></span> <span class='ocrx_word' id='word_1_279' title='bbox 2379 1060 2565 1116; x_wconf 89' lang='lat' dir='ltr'><strong>eodem</strong></span> <span class='ocrx_word' id='word_1_280' title='bbox 2595 1064 2880 1132; x_wconf 81' lang='lat' dir='ltr'><strong>petivimus</strong></span> <span class='ocrx_word' id='word_1_281' title='bbox 2906 1066 3140 1123; x_wconf 78' lang='lat' dir='ltr'><strong>elliceret</strong></span> <span class='ocrx_word' id='word_1_282' title='bbox 3168 1079 3226 1123; x_wconf 92' lang='lat' dir='ltr'><strong>ut</strong></span> <span class='ocrx_word' id='word_1_283' title='bbox 3251 1072 3423 1142; x_wconf 89' lang='lat' dir='ltr'><strong>ipsum</strong></span> <span class='ocrx_word' id='word_1_284' title='bbox 3464 1087 3564 1127; x_wconf 88' lang='lat' dir='ltr'><strong>co—</strong></span> 
     </span>
    </p>
   </div>
   <div class='ocr_carea' id='block_1_40' title="bbox 1986 1142 3561 1225">
    <p class='ocr_par' dir='ltr' id='par_1_40' title="bbox 1986 1142 3561 1225">
     <span class='ocr_line' id='line_1_40' title="bbox 1986 1142 3561 1225; baseline 0.013 -27"><span class='ocrx_word' id='word_1_285' title='bbox 1986 1142 2158 1198; x_wconf 83' lang='lat' dir='ltr'><strong>dicem</strong></span> <span class='ocrx_word' id='word_1_286' title='bbox 2202 1147 2528 1217; x_wconf 84' lang='lat' dir='ltr'><strong>diligcntiori</strong></span> <span class='ocrx_word' id='word_1_287' title='bbox 2555 1167 2681 1206; x_wconf 89' lang='lat' dir='ltr'><strong>cura</strong></span> <span class='ocrx_word' id='word_1_288' title='bbox 2714 1155 2978 1223; x_wconf 75' lang='lat' dir='ltr'><strong>quispiam</strong></span> <span class='ocrx_word' id='word_1_289' title='bbox 3008 1159 3209 1225; x_wconf 86' lang='lat' dir='ltr'><strong>peritus</strong></span> <span class='ocrx_word' id='word_1_290' title='bbox 3253 1159 3523 1217; x_wconf 76' lang='lat' dir='ltr'><strong>evolveret</strong></span> <span class='ocrx_word' id='word_1_291' title='bbox 3546 1203 3561 1224; x_wconf 88' lang='lat'><strong>.</strong></span> 
     </span>
    </p>
   </div>
   <div class='ocr_carea' id='block_1_41' title="bbox 1984 1235 3559 1313">
    <p class='ocr_par' dir='ltr' id='par_1_41' title="bbox 1984 1235 3559 1313">
     <span class='ocr_line' id='line_1_41' title="bbox 1984 1235 3559 1313; baseline 0.011 -28"><span class='ocrx_word' id='word_1_292' title='bbox 1984 1235 2389 1305; x_wconf 79' lang='lat' dir='ltr'><strong>expetitumque</strong></span> <span class='ocrx_word' id='word_1_293' title='bbox 2453 1253 2623 1307; x_wconf 89' lang='lat' dir='ltr'><strong>opus,</strong></span> <span class='ocrx_word' id='word_1_294' title='bbox 2680 1242 2722 1294; x_wconf 90' lang='lat' dir='ltr'><strong>si</strong></span> <span class='ocrx_word' id='word_1_295' title='bbox 2780 1244 3139 1313; x_wconf 81' lang='lat' dir='ltr'><strong>inveniretur,</strong></span> <span class='ocrx_word' id='word_1_296' title='bbox 3208 1250 3559 1306; x_wconf 78' lang='lat' dir='ltr'><strong>exscribcret.</strong></span> 
     </span>
    </p>
   </div>
   <div class='ocr_carea' id='block_1_42' title="bbox 1986 1323 3559 1412">
    <p class='ocr_par' dir='ltr' id='par_1_42' title="bbox 1986 1323 3559 1412">
     <span class='ocr_line' id='line_1_42' title="bbox 1986 1323 3559 1412; baseline 0.012 -36"><span class='ocrx_word' id='word_1_297' title='bbox 1986 1323 2171 1378; x_wconf 86' lang='lat' dir='ltr'><strong>Virum</strong></span> <span class='ocrx_word' id='word_1_298' title='bbox 2204 1328 2345 1382; x_wconf 90' lang='lat' dir='ltr'><strong>nacti</strong></span> <span class='ocrx_word' id='word_1_299' title='bbox 2373 1344 2558 1385; x_wconf 90' lang='lat' dir='ltr'><strong>sumus</strong></span> <span class='ocrx_word' id='word_1_300' title='bbox 2593 1331 2892 1389; x_wconf 88' lang='lat' dir='ltr'><strong>litterarum</strong></span> <span class='ocrx_word' id='word_1_301' title='bbox 2932 1339 3419 1406; x_wconf 80' lang='lat' dir='ltr'><strong>studiosissimum,</strong></span> <span class='ocrx_word' id='word_1_302' title='bbox 3470 1344 3559 1412; x_wconf 83' lang='lat' dir='ltr'><strong>qui</strong></span> 
     </span>
    </p>
   </div>
   <div class='ocr_carea' id='block_1_43' title="bbox 1982 1418 3559 1502">
    <p class='ocr_par' dir='ltr' id='par_1_43' title="bbox 1982 1418 3559 1502">
     <span class='ocr_line' id='line_1_43' title="bbox 1982 1418 3559 1502; baseline 0.011 -31"><span class='ocrx_word' id='word_1_303' title='bbox 1982 1431 2103 1471; x_wconf 92' lang='lat' dir='ltr'><strong>cum</strong></span> <span class='ocrx_word' id='word_1_304' title='bbox 2155 1418 2294 1475; x_wconf 90' lang='lat' dir='ltr'><strong>hanc</strong></span> <span class='ocrx_word' id='word_1_305' title='bbox 2347 1420 2591 1477; x_wconf 82' lang='lat' dir='ltr'><strong>Ratherii</strong></span> <span class='ocrx_word' id='word_1_306' title='bbox 2646 1426 2935 1483; x_wconf 89' lang='lat' dir='ltr'><strong>editionem</strong></span> <span class='ocrx_word' id='word_1_307' title='bbox 2986 1432 3221 1487; x_wconf 76' lang='lat' dir='ltr'><strong>maxime</strong></span> <span class='ocrx_word' id='word_1_308' title='bbox 3266 1434 3516 1502; x_wconf 79' lang='lat' dir='ltr'><strong>probaret</strong></span> <span class='ocrx_word' id='word_1_309' title='bbox 3546 1477 3559 1498; x_wconf 90' lang='lat'><strong>,</strong></span> 
     </span>
    </p>
   </div>
   <div class='ocr_carea' id='block_1_44' title="bbox 1982 1511 3561 1590">
    <p class='ocr_par' dir='ltr' id='par_1_44' title="bbox 1982 1511 3561 1590">
     <span class='ocr_line' id='line_1_44' title="bbox 1982 1511 3561 1590; baseline 0.013 -32"><span class='ocrx_word' id='word_1_310' title='bbox 1982 1514 2093 1561; x_wconf 89' lang='lat' dir='ltr'><strong>tum</strong></span> <span class='ocrx_word' id='word_1_311' title='bbox 2135 1524 2261 1565; x_wconf 82' lang='lat' dir='ltr'><strong>vero</strong></span> <span class='ocrx_word' id='word_1_312' title='bbox 2296 1511 2470 1567; x_wconf 90' lang='lat' dir='ltr'><strong>eidem</strong></span> <span class='ocrx_word' id='word_1_313' title='bbox 2516 1529 2728 1570; x_wconf 89' lang='lat' dir='ltr'><strong>omnem</strong></span> <span class='ocrx_word' id='word_1_314' title='bbox 2775 1532 2928 1588; x_wconf 90' lang='lat' dir='ltr'><strong>opem</strong></span> <span class='ocrx_word' id='word_1_315' title='bbox 2978 1521 3356 1590; x_wconf 67' lang='lat' dir='ltr'><strong>prmstaturtts,</strong></span> <span class='ocrx_word' id='word_1_316' title='bbox 3394 1524 3561 1577; x_wconf 87' lang='lat' dir='ltr'><strong>Fran-</strong></span> 
     </span>
    </p>
   </div>
   <div class='ocr_carea' id='block_1_45' title="bbox 1981 1600 3556 1677">
    <p class='ocr_par' dir='ltr' id='par_1_45' title="bbox 1981 1600 3556 1677">
     <span class='ocr_line' id='line_1_45' title="bbox 1981 1600 3556 1677; baseline 0.01 -25"><span class='ocrx_word' id='word_1_317' title='bbox 1981 1600 2128 1653; x_wconf 86' lang='lat' dir='ltr'><strong>cisco</strong></span> <span class='ocrx_word' id='word_1_318' title='bbox 2153 1601 2216 1654; x_wconf 90' lang='lat' dir='ltr'><strong>de</strong></span> <span class='ocrx_word' id='word_1_319' title='bbox 2259 1600 2639 1658; x_wconf 82' lang='lat' dir='ltr'><strong>Werdeustein</strong></span> <span class='ocrx_word' id='word_1_320' title='bbox 2670 1607 2923 1677; x_wconf 82' lang='lat' dir='ltr'><strong>episcopo</strong></span> <span class='ocrx_word' id='word_1_321' title='bbox 2954 1608 3269 1666; x_wconf 82' lang='lat' dir='ltr'><strong>Tenaricnsi</strong></span> <span class='ocrx_word' id='word_1_322' title='bbox 3290 1654 3304 1677; x_wconf 96' lang='lat'><strong>,</strong></span> <span class='ocrx_word' id='word_1_323' title='bbox 3333 1628 3395 1667; x_wconf 89' lang='lat' dir='ltr'><strong>ac</strong></span> <span class='ocrx_word' id='word_1_324' title='bbox 3421 1614 3556 1667; x_wconf 76' lang='lat' dir='ltr'><strong>emi~</strong></span> 
     </span>
    </p>
   </div>
   <div class='ocr_carea' id='block_1_46' title="bbox 1984 1691 3561 1772">
    <p class='ocr_par' dir='ltr' id='par_1_46' title="bbox 1984 1691 3561 1772">
     <span class='ocr_line' id='line_1_46' title="bbox 1984 1691 3561 1772; baseline 0.01 -29"><span class='ocrx_word' id='word_1_325' title='bbox 1984 1691 2291 1747; x_wconf 87' lang='lat' dir='ltr'><strong>nentissimi</strong></span> <span class='ocrx_word' id='word_1_326' title='bbox 2322 1693 2681 1766; x_wconf 84' lang='lat' dir='ltr'><strong>Frisingcnsis</strong></span> <span class='ocrx_word' id='word_1_327' title='bbox 2733 1701 2967 1769; x_wconf 84' lang='lat' dir='ltr'><strong>episcopi</strong></span> <span class='ocrx_word' id='word_1_328' title='bbox 3018 1701 3384 1772; x_wconf 83' lang='lat' dir='ltr'><strong>sull‘raganeo,</strong></span> <span class='ocrx_word' id='word_1_329' title='bbox 3427 1706 3561 1757; x_wconf 90' lang='lat' dir='ltr'><strong>ami-</strong></span> 
     </span>
    </p>
   </div>
   <div class='ocr_carea' id='block_1_47' title="bbox 1978 1780 3607 1859">
    <p class='ocr_par' dir='ltr' id='par_1_47' title="bbox 1978 1780 3607 1859">
     <span class='ocr_line' id='line_1_47' title="bbox 1978 1780 3607 1859; baseline 0.009 -24"><span class='ocrx_word' id='word_1_330' title='bbox 1978 1780 2195 1836; x_wconf 83' lang='lat' dir='ltr'><strong>cissimo</strong></span> <span class='ocrx_word' id='word_1_331' title='bbox 2222 1799 2343 1847; x_wconf 87' lang='lat' dir='ltr'><strong>suo,</strong></span> <span class='ocrx_word' id='word_1_332' title='bbox 2375 1787 2812 1859; x_wconf 87' lang='lat' dir='ltr'><strong>optimorumque</strong></span> <span class='ocrx_word' id='word_1_333' title='bbox 2852 1793 3149 1847; x_wconf 85' lang='lat' dir='ltr'><strong>studiorum</strong></span> <span class='ocrx_word' id='word_1_334' title='bbox 3184 1796 3564 1849; x_wconf 75' lang='lat' dir='ltr'><strong>amantissime</strong></span> <span class='ocrx_word' id='word_1_335' title='bbox 3602 1782 3607 1787; x_wconf 61' lang='grc'><strong>’</strong></span> 
     </span>
    </p>
   </div>
   <div class='ocr_carea' id='block_1_48' title="bbox 1978 1873 3593 1952">
    <p class='ocr_par' dir='ltr' id='par_1_48' title="bbox 1978 1873 3593 1952">
     <span class='ocr_line' id='line_1_48' title="bbox 1978 1873 3593 1952; baseline 0.008 -26"><span class='ocrx_word' id='word_1_336' title='bbox 1978 1873 2028 1927; x_wconf 91' lang='lat' dir='ltr'><strong>id</strong></span> <span class='ocrx_word' id='word_1_337' title='bbox 2054 1876 2250 1944; x_wconf 81' lang='lat' dir='ltr'><strong>negotii</strong></span> <span class='ocrx_word' id='word_1_338' title='bbox 2273 1880 2691 1945; x_wconf 85' lang='lat' dir='ltr'><strong>commendavit,</strong></span> <span class='ocrx_word' id='word_1_339' title='bbox 2722 1882 2772 1934; x_wconf 90' lang='lat' dir='ltr'><strong>in</strong></span> <span class='ocrx_word' id='word_1_340' title='bbox 2799 1883 2940 1952; x_wconf 90' lang='lat' dir='ltr'><strong>quod</strong></span> <span class='ocrx_word' id='word_1_341' title='bbox 2971 1900 3090 1939; x_wconf 90' lang='lat' dir='ltr'><strong>eum</strong></span> <span class='ocrx_word' id='word_1_342' title='bbox 3117 1885 3162 1939; x_wconf 92' lang='lat' dir='ltr'><strong>is</strong></span> <span class='ocrx_word' id='word_1_343' title='bbox 3190 1900 3403 1941; x_wconf 90' lang='lat' dir='ltr'><strong>omnem</strong></span> <span class='ocrx_word' id='word_1_344' title='bbox 3428 1887 3593 1940; x_wconf 41' lang='lat' dir='ltr'><strong>dilia&#39;</strong></span> 
     </span>
    </p>
   </div>
   <div class='ocr_carea' id='block_1_49' title="bbox 1976 1967 3553 2047">
    <p class='ocr_par' dir='ltr' id='par_1_49' title="bbox 1976 1967 3553 2047">
     <span class='ocr_line' id='line_1_49' title="bbox 1976 1967 3553 2047; baseline 0.01 -32"><span class='ocrx_word' id='word_1_345' title='bbox 1976 1967 2215 2031; x_wconf 78' lang='lat' dir='ltr'><strong>gentiam</strong></span> <span class='ocrx_word' id='word_1_346' title='bbox 2264 1969 2617 2036; x_wconf 90' lang='lat' dir='ltr'><strong>contulisset,</strong></span> <span class='ocrx_word' id='word_1_347' title='bbox 2651 1973 2965 2042; x_wconf 79' lang='lat' dir='ltr'><strong>opusculum</strong></span> <span class='ocrx_word' id='word_1_348' title='bbox 3016 1977 3282 2047; x_wconf 82' lang='lat' dir='ltr'><strong>integrum</strong></span> <span class='ocrx_word' id='word_1_349' title='bbox 3309 1987 3363 2033; x_wconf 89' lang='lat' dir='ltr'><strong>et</strong></span> <span class='ocrx_word' id='word_1_350' title='bbox 3394 1994 3553 2034; x_wconf 74' lang='lat' dir='ltr'><strong>accu~</strong></span> 
     </span>
    </p>
   </div>
   <div class='ocr_carea' id='block_1_50' title="bbox 1974 2057 3552 2135">
    <p class='ocr_par' dir='ltr' id='par_1_50' title="bbox 1974 2057 3552 2135">
     <span class='ocr_line' id='line_1_50' title="bbox 1974 2057 3552 2135; baseline 0.013 -30"><span class='ocrx_word' id='word_1_351' title='bbox 1974 2062 2087 2106; x_wconf 86' lang='lat' dir='ltr'><strong>rate</strong></span> <span class='ocrx_word' id='word_1_352' title='bbox 2121 2057 2501 2128; x_wconf 89' lang='lat' dir='ltr'><strong>transcriptum</strong></span> <span class='ocrx_word' id='word_1_353' title='bbox 2541 2064 2867 2130; x_wconf 87' lang='lat' dir='ltr'><strong>accepimus.</strong></span> <span class='ocrx_word' id='word_1_354' title='bbox 2901 2064 3344 2135; x_wconf 77' lang='lat' dir='ltr'><strong>Aliud&#39;quiddam</strong></span> <span class='ocrx_word' id='word_1_355' title='bbox 3374 2070 3427 2123; x_wconf 91' lang='lat' dir='ltr'><strong>in</strong></span> <span class='ocrx_word' id='word_1_356' title='bbox 3459 2084 3552 2124; x_wconf 75' lang='lat'><strong>80-</strong></span> 
     </span>
    </p>
   </div>
   <div class='ocr_carea' id='block_1_51' title="bbox 1974 2142 3557 2229">
    <p class='ocr_par' dir='ltr' id='par_1_51' title="bbox 1974 2142 3557 2229">
     <span class='ocr_line' id='line_1_51' title="bbox 1974 2142 3557 2229; baseline 0.011 -33"><span class='ocrx_word' id='word_1_357' title='bbox 1974 2142 2092 2196; x_wconf 90' lang='lat' dir='ltr'><strong>dem</strong></span> <span class='ocrx_word' id='word_1_358' title='bbox 2137 2147 2322 2201; x_wconf 85' lang='lat' dir='ltr'><strong>codice</strong></span> <span class='ocrx_word' id='word_1_359' title='bbox 2354 2149 2911 2207; x_wconf 85' lang='lat' dir='ltr'><strong>animadvertendum.</strong></span> <span class='ocrx_word' id='word_1_360' title='bbox 2959 2154 3084 2210; x_wconf 79' lang='lat' dir='ltr'><strong>Post</strong></span> <span class='ocrx_word' id='word_1_361' title='bbox 3125 2156 3365 2212; x_wconf 81' lang='lat' dir='ltr'><strong>Ratherii</strong></span> <span class='ocrx_word' id='word_1_362' title='bbox 3389 2174 3557 2229; x_wconf 83' lang='lat' dir='ltr'><strong>opera</strong></span> 
     </span>
    </p>
   </div>
   <div class='ocr_carea' id='block_1_52' title="bbox 1972 2234 3551 2316">
    <p class='ocr_par' dir='ltr' id='par_1_52' title="bbox 1972 2234 3551 2316">
     <span class='ocr_line' id='line_1_52' title="bbox 1972 2234 3551 2316; baseline 0.013 -32"><span class='ocrx_word' id='word_1_363' title='bbox 1972 2234 2166 2302; x_wconf 79' lang='lat' dir='ltr'><strong>pagina</strong></span> <span class='ocrx_word' id='word_1_364' title='bbox 2222 2236 2340 2290; x_wconf 90' lang='lat' dir='ltr'><strong>alba</strong></span> <span class='ocrx_word' id='word_1_365' title='bbox 2385 2238 2596 2305; x_wconf 88' lang='lat' dir='ltr'><strong>relicta,</strong></span> <span class='ocrx_word' id='word_1_366' title='bbox 2628 2240 2714 2295; x_wconf 90' lang='lat' dir='ltr'><strong>hic</strong></span> <span class='ocrx_word' id='word_1_367' title='bbox 2757 2251 2961 2296; x_wconf 88' lang='lat' dir='ltr'><strong>tantum</strong></span> <span class='ocrx_word' id='word_1_368' title='bbox 2994 2244 3182 2300; x_wconf 92' lang='lat' dir='ltr'><strong>titulus</strong></span> <span class='ocrx_word' id='word_1_369' title='bbox 3225 2248 3551 2316; x_wconf 62' lang='lat' dir='ltr'><strong>praefertur:</strong></span> 
     </span>
    </p>
   </div>
   <div class='ocr_carea' id='block_1_53' title="bbox 1972 2322 3561 2405">
    <p class='ocr_par' dir='ltr' id='par_1_53' title="bbox 1972 2322 3561 2405">
     <span class='ocr_line' id='line_1_53' title="bbox 1972 2322 3561 2405; baseline 0.011 -30"><span class='ocrx_word' id='word_1_370' title='bbox 1972 2322 2386 2380; x_wconf 75' lang='lat' dir='ltr'><strong>Prwdicationes</strong></span> <span class='ocrx_word' id='word_1_371' title='bbox 2430 2329 2487 2381; x_wconf 85' lang='lat' dir='ltr'><strong>in</strong></span> <span class='ocrx_word' id='word_1_372' title='bbox 2526 2330 2835 2400; x_wconf 60' lang='lat' dir='ltr'><strong>quibusdam</strong></span> <span class='ocrx_word' id='word_1_373' title='bbox 2884 2332 3049 2399; x_wconf 73' lang='lat' dir='ltr'><strong>festis.</strong></span> <span class='ocrx_word' id='word_1_374' title='bbox 3106 2335 3322 2405; x_wconf 86' lang='lat' dir='ltr'><strong>Aliquot</strong></span> <span class='ocrx_word' id='word_1_375' title='bbox 3371 2348 3561 2392; x_wconf 80' lang='lat' dir='ltr'><strong>autem</strong></span> 
     </span>
    </p>
   </div>
   <div class='ocr_carea' id='block_1_54' title="bbox 1970 2414 3553 2494">
    <p class='ocr_par' dir='ltr' id='par_1_54' title="bbox 1970 2414 3553 2494">
     <span class='ocr_line' id='line_1_54' title="bbox 1970 2414 3553 2494; baseline 0.009 -27"><span class='ocrx_word' id='word_1_376' title='bbox 1970 2426 2248 2469; x_wconf 87' lang='lat' dir='ltr'><strong>sermones</strong></span> <span class='ocrx_word' id='word_1_377' title='bbox 2288 2414 2682 2485; x_wconf 81' lang='lat' dir='ltr'><strong>subjiciuntur,</strong></span> <span class='ocrx_word' id='word_1_378' title='bbox 2712 2422 2801 2490; x_wconf 81' lang='lat' dir='ltr'><strong>qui</strong></span> <span class='ocrx_word' id='word_1_379' title='bbox 2850 2436 2937 2476; x_wconf 84' lang='lat' dir='ltr'><strong>ex.</strong></span> <span class='ocrx_word' id='word_1_380' title='bbox 2971 2421 3032 2477; x_wconf 92' lang='lat' dir='ltr'><strong>S.</strong></span> <span class='ocrx_word' id='word_1_381' title='bbox 3080 2423 3327 2494; x_wconf 86' lang='lat' dir='ltr'><strong>Gregorii</strong></span> <span class='ocrx_word' id='word_1_382' title='bbox 3374 2428 3553 2482; x_wconf 81' lang='lat' dir='ltr'><strong>verbis</strong></span> 
     </span>
    </p>
   </div>
   <div class='ocr_carea' id='block_1_55' title="bbox 1970 2505 3552 2589">
    <p class='ocr_par' dir='ltr' id='par_1_55' title="bbox 1970 2505 3552 2589">
     <span class='ocr_line' id='line_1_55' title="bbox 1970 2505 3552 2589; baseline 0.009 -31"><span class='ocrx_word' id='word_1_383' title='bbox 1970 2505 2095 2560; x_wconf 91' lang='lat' dir='ltr'><strong>hinc</strong></span> <span class='ocrx_word' id='word_1_384' title='bbox 2124 2506 2248 2562; x_wconf 91' lang='lat' dir='ltr'><strong>inde</strong></span> <span class='ocrx_word' id='word_1_385' title='bbox 2273 2511 2544 2578; x_wconf 85' lang='lat' dir='ltr'><strong>excerptis</strong></span> <span class='ocrx_word' id='word_1_386' title='bbox 2575 2512 2861 2581; x_wconf 90' lang='lat' dir='ltr'><strong>compacti,</strong></span> <span class='ocrx_word' id='word_1_387' title='bbox 2905 2529 2934 2567; x_wconf 90' lang='lat' dir='ltr'><strong>a</strong></span> <span class='ocrx_word' id='word_1_388' title='bbox 2966 2513 3294 2572; x_wconf 80' lang='lat' dir='ltr'><strong>Ratheriano</strong></span> <span class='ocrx_word' id='word_1_389' title='bbox 3324 2518 3463 2589; x_wconf 84' lang='lat' dir='ltr'><strong>stylo</strong></span> <span class='ocrx_word' id='word_1_390' title='bbox 3494 2529 3552 2573; x_wconf 79' lang='lat' dir='ltr'><strong>et</strong></span> 
     </span>
    </p>
   </div>
   <div class='ocr_carea' id='block_1_56' title="bbox 1968 2599 3550 2663">
    <p class='ocr_par' dir='ltr' id='par_1_56' title="bbox 1968 2599 3550 2663">
     <span class='ocr_line' id='line_1_56' title="bbox 1968 2599 3550 2663; baseline 0.008 -13"><span class='ocrx_word' id='word_1_391' title='bbox 1968 2599 2357 2655; x_wconf 83' lang='lat' dir='ltr'><strong>consuetudine</strong></span> <span class='ocrx_word' id='word_1_392' title='bbox 2400 2600 2719 2657; x_wconf 89' lang='lat' dir='ltr'><strong>alienissimi</strong></span> <span class='ocrx_word' id='word_1_393' title='bbox 2766 2612 2912 2659; x_wconf 91' lang='lat' dir='ltr'><strong>sunt.</strong></span> <span class='ocrx_word' id='word_1_394' title='bbox 2962 2604 3018 2658; x_wconf 89' lang='lat' dir='ltr'><strong>In</strong></span> <span class='ocrx_word' id='word_1_395' title='bbox 3055 2606 3137 2661; x_wconf 86' lang='lat' dir='ltr'><strong>his</strong></span> <span class='ocrx_word' id='word_1_396' title='bbox 3174 2623 3311 2663; x_wconf 88' lang='lat' dir='ltr'><strong>unus</strong></span> <span class='ocrx_word' id='word_1_397' title='bbox 3359 2616 3441 2663; x_wconf 90' lang='lat' dir='ltr'><strong>est</strong></span> <span class='ocrx_word' id='word_1_398' title='bbox 3481 2609 3550 2663; x_wconf 88' lang='lat' dir='ltr'><strong>de</strong></span> 
     </span>
    </p>
   </div>
   <div class='ocr_carea' id='block_1_57' title="bbox 1967 2690 3550 2767">
    <p class='ocr_par' dir='ltr' id='par_1_57' title="bbox 1967 2690 3550 2767">
     <span class='ocr_line' id='line_1_57' title="bbox 1967 2690 3550 2767; baseline 0.006 -24"><span class='ocrx_word' id='word_1_399' title='bbox 1967 2690 2170 2744; x_wconf 88' lang='lat' dir='ltr'><strong>sanctis</strong></span> <span class='ocrx_word' id='word_1_400' title='bbox 2201 2690 2381 2746; x_wconf 87' lang='lat' dir='ltr'><strong>Firmo</strong></span> <span class='ocrx_word' id='word_1_401' title='bbox 2403 2700 2457 2746; x_wconf 91' lang='lat' dir='ltr'><strong>et</strong></span> <span class='ocrx_word' id='word_1_402' title='bbox 2487 2691 2710 2749; x_wconf 83' lang='lat' dir='ltr'><strong>Rustico</strong></span> <span class='ocrx_word' id='word_1_403' title='bbox 2735 2735 2749 2759; x_wconf 95' lang='lat'><strong>,</strong></span> <span class='ocrx_word' id='word_1_404' title='bbox 2800 2711 2865 2750; x_wconf 80' lang='lat' dir='ltr'><strong>ex</strong></span> <span class='ocrx_word' id='word_1_405' title='bbox 2910 2693 2962 2750; x_wconf 88' lang='lat' dir='ltr'><strong>S.</strong></span> <span class='ocrx_word' id='word_1_406' title='bbox 3002 2695 3265 2767; x_wconf 81' lang='lat' dir='ltr'><strong>Gregorio</strong></span> <span class='ocrx_word' id='word_1_407' title='bbox 3298 2698 3550 2754; x_wconf 89' lang='lat' dir='ltr'><strong>similiter</strong></span> 
     </span>
    </p>
   </div>
   <div class='ocr_carea' id='block_1_58' title="bbox 1966 2779 3545 2856">
    <p class='ocr_par' dir='ltr' id='par_1_58' title="bbox 1966 2779 3545 2856">
     <span class='ocr_line' id='line_1_58' title="bbox 1966 2779 3545 2856; baseline 0.005 -21"><span class='ocrx_word' id='word_1_408' title='bbox 1966 2779 2347 2847; x_wconf 88' lang='lat' dir='ltr'><strong>concinnatus,</strong></span> <span class='ocrx_word' id='word_1_409' title='bbox 2372 2796 2532 2852; x_wconf 90' lang='lat' dir='ltr'><strong>quem</strong></span> <span class='ocrx_word' id='word_1_410' title='bbox 2556 2783 2784 2853; x_wconf 82' lang='lat' dir='ltr'><strong>exempli</strong></span> <span class='ocrx_word' id='word_1_411' title='bbox 2810 2785 2981 2854; x_wconf 89' lang='lat' dir='ltr'><strong>gratia</strong></span> <span class='ocrx_word' id='word_1_412' title='bbox 3011 2786 3062 2839; x_wconf 92' lang='lat' dir='ltr'><strong>in</strong></span> <span class='ocrx_word' id='word_1_413' title='bbox 3094 2787 3402 2856; x_wconf 85' lang='lat' dir='ltr'><strong>Appendice</strong></span> <span class='ocrx_word' id='word_1_414' title='bbox 3425 2789 3545 2843; x_wconf 89' lang='lat' dir='ltr'><strong>ede-</strong></span> 
     </span>
    </p>
   </div>
   <div class='ocr_carea' id='block_1_59' title="bbox 1964 2871 3543 2949">
    <p class='ocr_par' dir='ltr' id='par_1_59' title="bbox 1964 2871 3543 2949">
     <span class='ocr_line' id='line_1_59' title="bbox 1964 2871 3543 2949; baseline 0.005 -23"><span class='ocrx_word' id='word_1_415' title='bbox 1964 2887 2084 2928; x_wconf 88' lang='lat' dir='ltr'><strong>mus</strong></span> <span class='ocrx_word' id='word_1_416' title='bbox 2107 2912 2120 2926; x_wconf 95' lang='lat'><strong>.</strong></span> <span class='ocrx_word' id='word_1_417' title='bbox 2170 2871 2376 2929; x_wconf 87' lang='lat' dir='ltr'><strong>Videsis</strong></span> <span class='ocrx_word' id='word_1_418' title='bbox 2402 2875 2842 2932; x_wconf 85' lang='lat' dir='ltr'><strong>Admonitionem</strong></span> <span class='ocrx_word' id='word_1_419' title='bbox 2892 2877 3065 2934; x_wconf 88' lang='lat' dir='ltr'><strong>eidem</strong></span> <span class='ocrx_word' id='word_1_420' title='bbox 3096 2880 3329 2934; x_wconf 87' lang='lat' dir='ltr'><strong>sermoni</strong></span> <span class='ocrx_word' id='word_1_421' title='bbox 3364 2880 3543 2949; x_wconf 78' lang='lat' dir='ltr'><strong>praeli-</strong></span> 
     </span>
    </p>
   </div>
   <div class='ocr_carea' id='block_1_60' title="bbox 1966 2980 2115 3018">
    <p class='ocr_par' dir='ltr' id='par_1_60' title="bbox 1966 2980 2115 3018">
     <span class='ocr_line' id='line_1_60' title="bbox 1966 2980 2115 3018; baseline -0.007 0"><span class='ocrx_word' id='word_1_422' title='bbox 1966 2980 2115 3018; x_wconf 68' lang='lat' dir='ltr'><strong>xam.</strong></span> 
     </span>
    </p>
   </div>
   <div class='ocr_carea' id='block_1_61' title="bbox 274 3040 3548 3140">
    <p class='ocr_par' dir='ltr' id='par_1_61' title="bbox 274 3040 3548 3140">
     <span class='ocr_line' id='line_1_61' title="bbox 274 3040 3548 3140; baseline 0.007 -43"><span class='ocrx_word' id='word_1_423' title='bbox 274 3040 613 3130; x_wconf 52' lang='grc' dir='ltr'><strong>ξηηηιοέηιυε,</strong></span> <span class='ocrx_word' id='word_1_424' title='bbox 659 3067 746 3121; x_wconf 64' lang='grc' dir='ltr'><strong>(ηε</strong></span> <span class='ocrx_word' id='word_1_425' title='bbox 783 3068 841 3122; x_wconf 48' lang='grc' dir='ltr'><strong>δ,</strong></span> <span class='ocrx_word' id='word_1_426' title='bbox 876 3040 1159 3140; x_wconf 57' lang='lat' dir='ltr'><strong>Stephani&#39;</strong></span> <span class='ocrx_word' id='word_1_427' title='bbox 1183 3040 1501 3131; x_wconf 38' lang='grc' dir='ltr'><strong>θωπί)ηῶ</strong></span> <span class='ocrx_word' id='word_1_428' title='bbox 1530 3040 1778 3137; x_wconf 35' lang='lat' dir='ltr'><strong>male“,</strong></span> <span class='ocrx_word' id='word_1_429' title='bbox 1806 3084 1857 3139; x_wconf 67' lang='lat' dir='ltr'><strong>in</strong></span> <span class='ocrx_word' id='word_1_430' title='bbox 1888 3040 1932 3103; x_wconf 83' lang='lat' dir='ltr'>C</span> <span class='ocrx_word' id='word_1_431' title='bbox 2034 3061 2147 3116; x_wconf 83' lang='lat' dir='ltr'><strong>XV.</strong></span> <span class='ocrx_word' id='word_1_432' title='bbox 2184 3062 2239 3116; x_wconf 91' lang='lat' dir='ltr'><strong>In</strong></span> <span class='ocrx_word' id='word_1_433' title='bbox 2273 3079 2398 3118; x_wconf 92' lang='lat' dir='ltr'><strong>mss.</strong></span> <span class='ocrx_word' id='word_1_434' title='bbox 2435 3065 2711 3120; x_wconf 87' lang='lat' dir='ltr'><strong>codicibus</strong></span> <span class='ocrx_word' id='word_1_435' title='bbox 2740 3066 2958 3135; x_wconf 89' lang='lat' dir='ltr'><strong>capituli</strong></span> <span class='ocrx_word' id='word_1_436' title='bbox 2990 3067 3313 3123; x_wconf 80' lang='lat' dir='ltr'><strong>Veronensis</strong></span> <span class='ocrx_word' id='word_1_437' title='bbox 3352 3066 3548 3122; x_wconf 82' lang='lat' dir='ltr'><strong>Eccle—</strong></span> 
     </span>
    </p>
   </div>
   <div class='ocr_carea' id='block_1_62' title="bbox 274 3150 1856 3238">
    <p class='ocr_par' dir='ltr' id='par_1_62' title="bbox 274 3150 1856 3238">
     <span class='ocr_line' id='line_1_62' title="bbox 274 3150 1856 3238; baseline 0.017 -37"><span class='ocrx_word' id='word_1_438' title='bbox 274 3150 508 3217; x_wconf 79' lang='lat' dir='ltr'><strong>capitulo</strong></span> <span class='ocrx_word' id='word_1_439' title='bbox 532 3156 845 3211; x_wconf 88' lang='lat' dir='ltr'><strong>monialium</strong></span> <span class='ocrx_word' id='word_1_440' title='bbox 876 3158 1129 3231; x_wconf 74' lang='lat' dir='ltr'><strong>(Prwioq.</strong></span> <span class='ocrx_word' id='word_1_441' title='bbox 1161 3161 1197 3215; x_wconf 93' lang='lat' dir='ltr'><strong>l.</strong></span> <span class='ocrx_word' id='word_1_442' title='bbox 1227 3180 1281 3231; x_wconf 75' lang='grc' dir='ltr'><strong>ν,</strong></span> <span class='ocrx_word' id='word_1_443' title='bbox 1310 3180 1358 3221; x_wconf 93' lang='lat' dir='ltr'><strong>c.</strong></span> <span class='ocrx_word' id='word_1_444' title='bbox 1387 3167 1507 3238; x_wconf 90' lang='lat' dir='ltr'><strong>ult.)</strong></span> <span class='ocrx_word' id='word_1_445' title='bbox 1535 3186 1548 3234; x_wconf 90' lang='lat'><strong>;</strong></span> <span class='ocrx_word' id='word_1_446' title='bbox 1590 3173 1693 3226; x_wconf 90' lang='lat' dir='ltr'><strong>hoc</strong></span> <span class='ocrx_word' id='word_1_447' title='bbox 1718 3172 1856 3229; x_wconf 88' lang='lat' dir='ltr'><strong>forte</strong></span> 
     </span>
    </p>
   </div>
   <div class='ocr_carea' id='block_1_63' title="bbox 275 3244 1857 3332">
    <p class='ocr_par' dir='ltr' id='par_1_63' title="bbox 275 3244 1857 3332">
     <span class='ocr_line' id='line_1_63' title="bbox 275 3244 1857 3332; baseline 0.017 -39"><span class='ocrx_word' id='word_1_448' title='bbox 275 3244 516 3310; x_wconf 86' lang='lat' dir='ltr'><strong>tempore</strong></span> <span class='ocrx_word' id='word_1_449' title='bbox 538 3244 680 3299; x_wconf 87' lang='lat' dir='ltr'><strong>idem</strong></span> <span class='ocrx_word' id='word_1_450' title='bbox 712 3248 881 3303; x_wconf 78' lang='lat' dir='ltr'><strong>codex</strong></span> <span class='ocrx_word' id='word_1_451' title='bbox 909 3265 975 3304; x_wconf 83' lang='lat' dir='ltr'><strong>ex</strong></span> <span class='ocrx_word' id='word_1_452' title='bbox 1003 3251 1169 3322; x_wconf 88' lang='lat' dir='ltr'><strong>ipsius</strong></span> <span class='ocrx_word' id='word_1_453' title='bbox 1208 3258 1443 3313; x_wconf 85' lang='lat' dir='ltr'><strong>auctoris</strong></span> <span class='ocrx_word' id='word_1_454' title='bbox 1464 3264 1797 3332; x_wconf 86' lang='lat' dir='ltr'><strong>autographo</strong></span> <span class='ocrx_word' id='word_1_455' title='bbox 1827 3280 1857 3319; x_wconf 87' lang='lat' dir='ltr'><strong>a</strong></span> 
     </span>
    </p>
   </div>
   <div class='ocr_carea' id='block_1_64' title="bbox 273 3332 1858 3425">
    <p class='ocr_par' dir='ltr' id='par_1_64' title="bbox 273 3332 1858 3425">
     <span class='ocr_line' id='line_1_64' title="bbox 273 3332 1858 3425; baseline 0.018 -42"><span class='ocrx_word' id='word_1_456' title='bbox 273 3332 450 3387; x_wconf 89' lang='lat' dir='ltr'><strong>minus</strong></span> <span class='ocrx_word' id='word_1_457' title='bbox 506 3336 680 3404; x_wconf 88' lang='lat' dir='ltr'><strong>perito</strong></span> <span class='ocrx_word' id='word_1_458' title='bbox 728 3339 953 3397; x_wconf 89' lang='lat' dir='ltr'><strong>librario</strong></span> <span class='ocrx_word' id='word_1_459' title='bbox 994 3358 1100 3398; x_wconf 91' lang='lat' dir='ltr'><strong>non</strong></span> <span class='ocrx_word' id='word_1_460' title='bbox 1147 3345 1263 3401; x_wconf 91' lang='lat' dir='ltr'><strong>sine</strong></span> <span class='ocrx_word' id='word_1_461' title='bbox 1311 3352 1520 3405; x_wconf 78' lang='lat' dir='ltr'><strong>mendis</strong></span> <span class='ocrx_word' id='word_1_462' title='bbox 1556 3356 1858 3425; x_wconf 75' lang='lat' dir='ltr'><strong>exscriptus</strong></span> 
     </span>
    </p>
   </div>
   <div class='ocr_carea' id='block_1_65' title="bbox 273 3420 1855 3509">
    <p class='ocr_par' dir='ltr' id='par_1_65' title="bbox 273 3420 1855 3509">
     <span class='ocr_line' id='line_1_65' title="bbox 273 3420 1855 3509; baseline 0.019 -39"><span class='ocrx_word' id='word_1_463' title='bbox 273 3420 389 3473; x_wconf 84' lang='lat' dir='ltr'><strong>ruit.</strong></span> <span class='ocrx_word' id='word_1_464' title='bbox 423 3421 772 3497; x_wconf 74' lang='lat' dir='ltr'><strong>Quaecunque</strong></span> <span class='ocrx_word' id='word_1_465' title='bbox 802 3444 963 3498; x_wconf 90' lang='lat' dir='ltr'><strong>opera</strong></span> <span class='ocrx_word' id='word_1_466' title='bbox 1010 3433 1062 3486; x_wconf 94' lang='lat' dir='ltr'><strong>in</strong></span> <span class='ocrx_word' id='word_1_467' title='bbox 1109 3434 1212 3490; x_wconf 91' lang='lat' dir='ltr'><strong>hoc</strong></span> <span class='ocrx_word' id='word_1_468' title='bbox 1262 3453 1361 3492; x_wconf 90' lang='lat' dir='ltr'><strong>ms.</strong></span> <span class='ocrx_word' id='word_1_469' title='bbox 1407 3442 1650 3509; x_wconf 83' lang='lat' dir='ltr'><strong>exemplo</strong></span> <span class='ocrx_word' id='word_1_470' title='bbox 1681 3446 1855 3499; x_wconf 89' lang='lat' dir='ltr'><strong>conti-</strong></span> 
     </span>
    </p>
   </div>
   <div class='ocr_carea' id='block_1_66' title="bbox 273 3521 1853 3590">
    <p class='ocr_par' dir='ltr' id='par_1_66' title="bbox 273 3521 1853 3590">
     <span class='ocr_line' id='line_1_66' title="bbox 273 3521 1853 3590; baseline 0.017 -27"><span class='ocrx_word' id='word_1_471' title='bbox 273 3521 472 3569; x_wconf 89' lang='lat' dir='ltr'><strong>nentur</strong></span> <span class='ocrx_word' id='word_1_472' title='bbox 494 3557 510 3582; x_wconf 91' lang='lat'><strong>,</strong></span> <span class='ocrx_word' id='word_1_473' title='bbox 540 3526 660 3587; x_wconf 91' lang='lat' dir='ltr'><strong>post</strong></span> <span class='ocrx_word' id='word_1_474' title='bbox 690 3522 905 3575; x_wconf 85' lang='lat' dir='ltr'><strong>tertiam</strong></span> <span class='ocrx_word' id='word_1_475' title='bbox 936 3524 1176 3581; x_wconf 83' lang='lat' dir='ltr'><strong>Ratherii</strong></span> <span class='ocrx_word' id='word_1_476' title='bbox 1207 3530 1600 3587; x_wconf 82' lang='lat' dir='ltr'><strong>restitutionem</strong></span> <span class='ocrx_word' id='word_1_477' title='bbox 1628 3534 1677 3587; x_wconf 91' lang='lat' dir='ltr'><strong>in</strong></span> <span class='ocrx_word' id='word_1_478' title='bbox 1703 3550 1853 3590; x_wconf 91' lang='lat' dir='ltr'><strong>suam</strong></span> 
     </span>
    </p>
   </div>
   <div class='ocr_carea' id='block_1_67' title="bbox 276 3604 1849 3694">
    <p class='ocr_par' dir='ltr' id='par_1_67' title="bbox 276 3604 1849 3694">
     <span class='ocr_line' id='line_1_67' title="bbox 276 3604 1849 3694; baseline 0.016 -36"><span class='ocrx_word' id='word_1_479' title='bbox 276 3604 638 3666; x_wconf 66' lang='lat' dir='ltr'><strong>Veronensem</strong></span> <span class='ocrx_word' id='word_1_480' title='bbox 692 3615 1006 3671; x_wconf 83' lang='lat' dir='ltr'><strong>cathedram</strong></span> <span class='ocrx_word' id='word_1_481' title='bbox 1056 3619 1333 3676; x_wconf 90' lang='lat' dir='ltr'><strong>lucubrata</strong></span> <span class='ocrx_word' id='word_1_482' title='bbox 1379 3624 1849 3694; x_wconf 85' lang='lat' dir='ltr'><strong>deprehendimus.</strong></span> 
     </span>
    </p>
   </div>
   <div class='ocr_carea' id='block_1_68' title="bbox 271 3692 1853 3782">
    <p class='ocr_par' dir='ltr' id='par_1_68' title="bbox 271 3692 1853 3782">
     <span class='ocr_line' id='line_1_68' title="bbox 271 3692 1853 3782; baseline 0.018 -37"><span class='ocrx_word' id='word_1_483' title='bbox 271 3692 408 3749; x_wconf 76' lang='lat' dir='ltr'><strong>Nihil</strong></span> <span class='ocrx_word' id='word_1_484' title='bbox 436 3698 490 3751; x_wconf 92' lang='lat' dir='ltr'><strong>in</strong></span> <span class='ocrx_word' id='word_1_485' title='bbox 518 3700 621 3756; x_wconf 89' lang='lat' dir='ltr'><strong>hoc</strong></span> <span class='ocrx_word' id='word_1_486' title='bbox 650 3705 898 3775; x_wconf 76' lang='lat' dir='ltr'><strong>exemplo</strong></span> <span class='ocrx_word' id='word_1_487' title='bbox 928 3706 1201 3764; x_wconf 87' lang='lat' dir='ltr'><strong>invenitur</strong></span> <span class='ocrx_word' id='word_1_488' title='bbox 1231 3713 1371 3782; x_wconf 92' lang='lat' dir='ltr'><strong>quod</strong></span> <span class='ocrx_word' id='word_1_489' title='bbox 1397 3692 1464 3769; x_wconf 85' lang='lat' dir='ltr'><strong>ab</strong></span> <span class='ocrx_word' id='word_1_490' title='bbox 1486 3715 1717 3771; x_wconf 83' lang='lat' dir='ltr'><strong>Acberio</strong></span> <span class='ocrx_word' id='word_1_491' title='bbox 1742 3719 1853 3773; x_wconf 88' lang='lat' dir='ltr'><strong>edi-</strong></span> 
     </span>
    </p>
   </div>
   <div class='ocr_carea' id='block_1_69' title="bbox 273 3791 736 3849">
    <p class='ocr_par' dir='ltr' id='par_1_69' title="bbox 273 3791 736 3849">
     <span class='ocr_line' id='line_1_69' title="bbox 273 3791 736 3849; baseline 0.024 -12"><span class='ocrx_word' id='word_1_492' title='bbox 273 3794 381 3840; x_wconf 83' lang='lat' dir='ltr'><strong>tum</strong></span> <span class='ocrx_word' id='word_1_493' title='bbox 416 3806 522 3844; x_wconf 89' lang='lat' dir='ltr'><strong>non</strong></span> <span class='ocrx_word' id='word_1_494' title='bbox 558 3791 736 3849; x_wconf 81' lang='lat' dir='ltr'><strong>fuerit.</strong></span> 
     </span>
    </p>
   </div>
   <div class='ocr_carea' id='block_1_70' title="bbox 340 3878 1847 3967">
    <p class='ocr_par' dir='ltr' id='par_1_70' title="bbox 340 3878 1847 3967">
     <span class='ocr_line' id='line_1_70' title="bbox 340 3878 1847 3967; baseline 0.018 -36"><span class='ocrx_word' id='word_1_495' title='bbox 340 3878 474 3934; x_wconf 76' lang='lat' dir='ltr'><strong>XIV.</strong></span> <span class='ocrx_word' id='word_1_496' title='bbox 516 3883 597 3937; x_wconf 82' lang='lat' dir='ltr'><strong>Ad</strong></span> <span class='ocrx_word' id='word_1_497' title='bbox 649 3885 788 3941; x_wconf 86' lang='lat' dir='ltr'><strong>idem</strong></span> <span class='ocrx_word' id='word_1_498' title='bbox 836 3905 1047 3961; x_wconf 90' lang='lat' dir='ltr'><strong>quoque</strong></span> <span class='ocrx_word' id='word_1_499' title='bbox 1090 3903 1302 3967; x_wconf 88' lang='lat' dir='ltr'><strong>tempus</strong></span> <span class='ocrx_word' id='word_1_500' title='bbox 1346 3898 1620 3967; x_wconf 89' lang='lat' dir='ltr'><strong>pertinent</strong></span> <span class='ocrx_word' id='word_1_501' title='bbox 1667 3904 1847 3958; x_wconf 89' lang='lat' dir='ltr'><strong>omnia</strong></span> 
     </span>
    </p>
   </div>
   <div class='ocr_carea' id='block_1_71' title="bbox 268 3973 1845 4063">
    <p class='ocr_par' dir='ltr' id='par_1_71' title="bbox 268 3973 1845 4063">
     <span class='ocr_line' id='line_1_71' title="bbox 268 3973 1845 4063; baseline 0.021 -44"><span class='ocrx_word' id='word_1_502' title='bbox 268 3985 385 4037; x_wconf 70' lang='lat' dir='ltr'><strong>quae</strong></span> <span class='ocrx_word' id='word_1_503' title='bbox 430 3973 483 4026; x_wconf 87' lang='lat' dir='ltr'><strong>in</strong></span> <span class='ocrx_word' id='word_1_504' title='bbox 529 3992 628 4030; x_wconf 92' lang='lat' dir='ltr'><strong>ms.</strong></span> <span class='ocrx_word' id='word_1_505' title='bbox 666 3977 801 4033; x_wconf 88' lang='lat' dir='ltr'><strong>libro</strong></span> <span class='ocrx_word' id='word_1_506' title='bbox 845 3981 1172 4055; x_wconf 88' lang='lat' dir='ltr'><strong>Frisingeusi</strong></span> <span class='ocrx_word' id='word_1_507' title='bbox 1205 3989 1602 4047; x_wconf 90' lang='lat' dir='ltr'><strong>describuntur.</strong></span> <span class='ocrx_word' id='word_1_508' title='bbox 1656 3995 1845 4063; x_wconf 85' lang='lat' dir='ltr'><strong>Hunc,</strong></span> 
     </span>
    </p>
   </div>
   <div class='ocr_carea' id='block_1_72' title="bbox 266 4065 1846 4151">
    <p class='ocr_par' dir='ltr' id='par_1_72' title="bbox 266 4065 1846 4151">
     <span class='ocr_line' id='line_1_72' title="bbox 266 4065 1846 4151; baseline 0.02 -41"><span class='ocrx_word' id='word_1_509' title='bbox 266 4076 423 4128; x_wconf 76' lang='lat' dir='ltr'><strong>quem</strong></span> <span class='ocrx_word' id='word_1_510' title='bbox 456 4065 915 4134; x_wconf 80' lang='lat' dir='ltr'><strong>septingentorum</strong></span> <span class='ocrx_word' id='word_1_511' title='bbox 939 4088 1202 4131; x_wconf 91' lang='lat' dir='ltr'><strong>annorum</strong></span> <span class='ocrx_word' id='word_1_512' title='bbox 1226 4094 1347 4135; x_wconf 88' lang='lat' dir='ltr'><strong>esse</strong></span> <span class='ocrx_word' id='word_1_513' title='bbox 1370 4088 1599 4137; x_wconf 87' lang='lat' dir='ltr'><strong>testatur</strong></span> <span class='ocrx_word' id='word_1_514' title='bbox 1628 4084 1687 4138; x_wconf 88' lang='lat' dir='ltr'><strong>P.</strong></span> <span class='ocrx_word' id='word_1_515' title='bbox 1720 4085 1846 4151; x_wconf 87' lang='lat' dir='ltr'><strong>Pez,</strong></span> 
     </span>
    </p>
   </div>
   <div class='ocr_carea' id='block_1_73' title="bbox 262 4148 1848 4244">
    <p class='ocr_par' dir='ltr' id='par_1_73' title="bbox 262 4148 1848 4244">
     <span class='ocr_line' id='line_1_73' title="bbox 262 4148 1848 4244; baseline 0.018 -41"><span class='ocrx_word' id='word_1_516' title='bbox 262 4148 461 4244; x_wconf 68' lang='lat' dir='ltr'><strong>Ioseph</strong></span> <span class='ocrx_word' id='word_1_517' title='bbox 490 4154 839 4227; x_wconf 85' lang='lat' dir='ltr'><strong>Frisingellus</strong></span> <span class='ocrx_word' id='word_1_518' title='bbox 869 4165 1150 4234; x_wconf 83' lang='lat' dir='ltr'><strong>presbyter</strong></span> <span class='ocrx_word' id='word_1_519' title='bbox 1180 4167 1556 4227; x_wconf 83' lang='lat' dir='ltr'><strong>Roboretanus</strong></span> <span class='ocrx_word' id='word_1_520' title='bbox 1576 4213 1590 4237; x_wconf 91' lang='lat'><strong>,</strong></span> <span class='ocrx_word' id='word_1_521' title='bbox 1619 4148 1848 4244; x_wconf 51' lang='lat' dir='ltr'><strong>optima;</strong></span> 
     </span>
    </p>
   </div>
   <div class='ocr_carea' id='block_1_74' title="bbox 266 4241 1853 4333">
    <p class='ocr_par' dir='ltr' id='par_1_74' title="bbox 266 4241 1853 4333">
     <span class='ocr_line' id='line_1_74' title="bbox 266 4241 1853 4333; baseline 0.018 -43"><span class='ocrx_word' id='word_1_522' title='bbox 266 4253 381 4293; x_wconf 88' lang='lat' dir='ltr'><strong>rum</strong></span> <span class='ocrx_word' id='word_1_523' title='bbox 414 4241 715 4299; x_wconf 87' lang='lat' dir='ltr'><strong>litterarum</strong></span> <span class='ocrx_word' id='word_1_524' title='bbox 746 4249 1171 4309; x_wconf 89' lang='lat' dir='ltr'><strong>studiosissimus</strong></span> <span class='ocrx_word' id='word_1_525' title='bbox 1195 4295 1208 4320; x_wconf 90' lang='lat'><strong>,</strong></span> <span class='ocrx_word' id='word_1_526' title='bbox 1247 4256 1374 4312; x_wconf 89' lang='lat' dir='ltr'><strong>dum</strong></span> <span class='ocrx_word' id='word_1_527' title='bbox 1407 4241 1669 4332; x_wconf 71' lang='lat' dir='ltr'><strong>Frisingze</strong></span> <span class='ocrx_word' id='word_1_528' title='bbox 1706 4265 1853 4333; x_wconf 80' lang='lat' dir='ltr'><strong>apud</strong></span> 
     </span>
    </p>
   </div>
   <div class='ocr_carea' id='block_1_75' title="bbox 264 4330 1843 4424">
    <p class='ocr_par' dir='ltr' id='par_1_75' title="bbox 264 4330 1843 4424">
     <span class='ocr_line' id='line_1_75' title="bbox 264 4330 1843 4424; baseline 0.019 -44"><span class='ocrx_word' id='word_1_529' title='bbox 264 4330 496 4384; x_wconf 90' lang='lat' dir='ltr'><strong>amicum</strong></span> <span class='ocrx_word' id='word_1_530' title='bbox 525 4349 679 4388; x_wconf 88' lang='lat' dir='ltr'><strong>suum</strong></span> <span class='ocrx_word' id='word_1_531' title='bbox 724 4337 1117 4409; x_wconf 86' lang='lat' dir='ltr'><strong>hospitaretur,</strong></span> <span class='ocrx_word' id='word_1_532' title='bbox 1158 4347 1344 4402; x_wconf 89' lang='lat' dir='ltr'><strong>eodem</strong></span> <span class='ocrx_word' id='word_1_533' title='bbox 1374 4330 1618 4418; x_wconf 82' lang='lat' dir='ltr'><strong>adjutore</strong></span> <span class='ocrx_word' id='word_1_534' title='bbox 1642 4394 1655 4418; x_wconf 95' lang='lat'><strong>,</strong></span> <span class='ocrx_word' id='word_1_535' title='bbox 1684 4330 1843 4424; x_wconf 77' lang='lat' dir='ltr'><strong>prout</strong></span> 
     </span>
    </p>
   </div>
   <div class='ocr_carea' id='block_1_76' title="bbox 266 4422 1839 4502">
    <p class='ocr_par' dir='ltr' id='par_1_76' title="bbox 266 4422 1839 4502">
     <span class='ocr_line' id='line_1_76' title="bbox 266 4422 1839 4502; baseline 0.018 -29"><span class='ocrx_word' id='word_1_536' title='bbox 266 4422 413 4476; x_wconf 81' lang='lat' dir='ltr'><strong>brevi</strong></span> <span class='ocrx_word' id='word_1_537' title='bbox 446 4428 621 4494; x_wconf 85' lang='lat' dir='ltr'><strong>spatio</strong></span> <span class='ocrx_word' id='word_1_538' title='bbox 658 4428 841 4497; x_wconf 86' lang='lat' dir='ltr'><strong>licuit,</strong></span> <span class='ocrx_word' id='word_1_539' title='bbox 886 4433 1136 4490; x_wconf 87' lang='lat' dir='ltr'><strong>celeriter</strong></span> <span class='ocrx_word' id='word_1_540' title='bbox 1170 4440 1578 4499; x_wconf 82' lang='lat' dir='ltr'><strong>exscribeudum</strong></span> <span class='ocrx_word' id='word_1_541' title='bbox 1611 4422 1839 4502; x_wconf 77' lang='lat' dir='ltr'><strong>curavit.</strong></span> 
     </span>
    </p>
   </div>
   <div class='ocr_carea' id='block_1_77' title="bbox 263 4513 1842 4605">
    <p class='ocr_par' dir='ltr' id='par_1_77' title="bbox 263 4513 1842 4605">
     <span class='ocr_line' id='line_1_77' title="bbox 263 4513 1842 4605; baseline 0.016 -38"><span class='ocrx_word' id='word_1_542' title='bbox 263 4513 340 4567; x_wconf 75' lang='lat' dir='ltr'><strong>Ex</strong></span> <span class='ocrx_word' id='word_1_543' title='bbox 395 4516 498 4572; x_wconf 89' lang='lat' dir='ltr'><strong>hoc</strong></span> <span class='ocrx_word' id='word_1_544' title='bbox 523 4530 705 4575; x_wconf 88' lang='lat' dir='ltr'><strong>autem</strong></span> <span class='ocrx_word' id='word_1_545' title='bbox 739 4526 1046 4594; x_wconf 75' lang='lat' dir='ltr'><strong>apographo</strong></span> <span class='ocrx_word' id='word_1_546' title='bbox 1072 4567 1087 4590; x_wconf 95' lang='lat'><strong>,</strong></span> <span class='ocrx_word' id='word_1_547' title='bbox 1134 4530 1276 4598; x_wconf 89' lang='lat' dir='ltr'><strong>quod</strong></span> <span class='ocrx_word' id='word_1_548' title='bbox 1317 4530 1471 4588; x_wconf 89' lang='lat' dir='ltr'><strong>nobis</strong></span> <span class='ocrx_word' id='word_1_549' title='bbox 1499 4544 1696 4604; x_wconf 52' lang='lat' dir='ltr'><strong>prasto</strong></span> <span class='ocrx_word' id='word_1_550' title='bbox 1721 4537 1842 4605; x_wconf 90' lang='lat' dir='ltr'><strong>fuit,</strong></span> 
     </span>
    </p>
   </div>
   <div class='ocr_carea' id='block_1_78' title="bbox 264 4610 1842 4696">
    <p class='ocr_par' dir='ltr' id='par_1_78' title="bbox 264 4610 1842 4696">
     <span class='ocr_line' id='line_1_78' title="bbox 264 4610 1842 4696; baseline 0.016 -37"><span class='ocrx_word' id='word_1_551' title='bbox 264 4610 633 4675; x_wconf 79' lang='lat' dir='ltr'><strong>cognovimus,</strong></span> <span class='ocrx_word' id='word_1_552' title='bbox 660 4614 915 4684; x_wconf 89' lang='lat' dir='ltr'><strong>pleraque</strong></span> <span class='ocrx_word' id='word_1_553' title='bbox 936 4632 1071 4671; x_wconf 87' lang='lat' dir='ltr'><strong>sane</strong></span> <span class='ocrx_word' id='word_1_554' title='bbox 1091 4633 1212 4687; x_wconf 86' lang='lat' dir='ltr'><strong>quae</strong></span> <span class='ocrx_word' id='word_1_555' title='bbox 1237 4621 1287 4674; x_wconf 88' lang='lat' dir='ltr'><strong>in</strong></span> <span class='ocrx_word' id='word_1_556' title='bbox 1316 4622 1643 4696; x_wconf 85' lang='lat' dir='ltr'><strong>Frisingensi</strong></span> <span class='ocrx_word' id='word_1_557' title='bbox 1672 4630 1842 4684; x_wconf 90' lang='lat' dir='ltr'><strong>conti-</strong></span> 
     </span>
    </p>
   </div>
   <div class='ocr_carea' id='block_1_79' title="bbox 262 4702 1837 4787">
    <p class='ocr_par' dir='ltr' id='par_1_79' title="bbox 262 4702 1837 4787">
     <span class='ocr_line' id='line_1_79' title="bbox 262 4702 1837 4787; baseline 0.017 -38"><span class='ocrx_word' id='word_1_558' title='bbox 262 4709 476 4763; x_wconf 84' lang='lat' dir='ltr'><strong>nentur,</strong></span> <span class='ocrx_word' id='word_1_559' title='bbox 509 4702 653 4756; x_wconf 87' lang='lat' dir='ltr'><strong>edita</strong></span> <span class='ocrx_word' id='word_1_560' title='bbox 690 4703 852 4760; x_wconf 83' lang='lat' dir='ltr'><strong>fuisse</strong></span> <span class='ocrx_word' id='word_1_561' title='bbox 896 4709 1094 4777; x_wconf 86' lang='lat' dir='ltr'><strong>partim</strong></span> <span class='ocrx_word' id='word_1_562' title='bbox 1126 4710 1193 4764; x_wconf 89' lang='lat' dir='ltr'><strong>ab</strong></span> <span class='ocrx_word' id='word_1_563' title='bbox 1224 4711 1458 4771; x_wconf 83' lang='lat' dir='ltr'><strong>Aeherio</strong></span> <span class='ocrx_word' id='word_1_564' title='bbox 1483 4756 1498 4781; x_wconf 93' lang='lat'><strong>,</strong></span> <span class='ocrx_word' id='word_1_565' title='bbox 1528 4718 1837 4787; x_wconf 16' lang='lat' dir='ltr'><strong>quiteadem</strong></span> 
     </span>
    </p>
   </div>
   <div class='ocr_carea' id='block_1_80' title="bbox 266 4786 1837 4872">
    <p class='ocr_par' dir='ltr' id='par_1_80' title="bbox 266 4786 1837 4872">
     <span class='ocr_line' id='line_1_80' title="bbox 266 4786 1837 4872; baseline 0.017 -34"><span class='ocrx_word' id='word_1_566' title='bbox 266 4786 319 4839; x_wconf 93' lang='lat' dir='ltr'><strong>in</strong></span> <span class='ocrx_word' id='word_1_567' title='bbox 348 4804 447 4843; x_wconf 90' lang='lat' dir='ltr'><strong>ms.</strong></span> <span class='ocrx_word' id='word_1_568' title='bbox 501 4790 845 4849; x_wconf 83' lang='lat' dir='ltr'><strong>Landnnensi</strong></span> <span class='ocrx_word' id='word_1_569' title='bbox 875 4808 1064 4853; x_wconf 88' lang='lat' dir='ltr'><strong>nactus</strong></span> <span class='ocrx_word' id='word_1_570' title='bbox 1092 4797 1266 4854; x_wconf 82' lang='lat' dir='ltr'><strong>fuerat</strong></span> <span class='ocrx_word' id='word_1_571' title='bbox 1291 4842 1305 4865; x_wconf 93' lang='lat'><strong>,</strong></span> <span class='ocrx_word' id='word_1_572' title='bbox 1332 4805 1526 4872; x_wconf 88' lang='lat' dir='ltr'><strong>partim</strong></span> <span class='ocrx_word' id='word_1_573' title='bbox 1554 4786 1587 4859; x_wconf 10' lang='lat' dir='ltr'><strong>7a</strong></span> <span class='ocrx_word' id='word_1_574' title='bbox 1620 4806 1837 4865; x_wconf 90' lang='lat' dir='ltr'><strong>laudato</strong></span> 
     </span>
    </p>
   </div>
   <div class='ocr_carea' id='block_1_81' title="bbox 262 4873 1834 4957">
    <p class='ocr_par' dir='ltr' id='par_1_81' title="bbox 262 4873 1834 4957">
     <span class='ocr_line' id='line_1_81' title="bbox 262 4873 1834 4957; baseline 0.018 -30"><span class='ocrx_word' id='word_1_575' title='bbox 262 4873 318 4928; x_wconf 78' lang='grc' dir='ltr'><strong>Ρ.</strong></span> <span class='ocrx_word' id='word_1_576' title='bbox 342 4876 465 4931; x_wconf 84' lang='lat' dir='ltr'><strong>Pez.</strong></span> <span class='ocrx_word' id='word_1_577' title='bbox 497 4879 564 4931; x_wconf 87' lang='lat' dir='ltr'><strong>At</strong></span> <span class='ocrx_word' id='word_1_578' title='bbox 588 4881 826 4949; x_wconf 87' lang='lat' dir='ltr'><strong>quinque</strong></span> <span class='ocrx_word' id='word_1_579' title='bbox 846 4887 1100 4953; x_wconf 85' lang='lat' dir='ltr'><strong>epuscula</strong></span> <span class='ocrx_word' id='word_1_580' title='bbox 1132 4928 1146 4953; x_wconf 91' lang='lat'><strong>,</strong></span> <span class='ocrx_word' id='word_1_581' title='bbox 1174 4904 1294 4957; x_wconf 82' lang='lat' dir='ltr'><strong>quae</strong></span> <span class='ocrx_word' id='word_1_582' title='bbox 1316 4894 1549 4949; x_wconf 91' lang='lat' dir='ltr'><strong>nondum</strong></span> <span class='ocrx_word' id='word_1_583' title='bbox 1576 4896 1629 4950; x_wconf 91' lang='lat' dir='ltr'><strong>in</strong></span> <span class='ocrx_word' id='word_1_584' title='bbox 1662 4898 1834 4955; x_wconf 90' lang='lat' dir='ltr'><strong>lucem</strong></span> 
     </span>
    </p>
   </div>
   <div class='ocr_carea' id='block_1_82' title="bbox 260 4967 1835 5043">
    <p class='ocr_par' dir='ltr' id='par_1_82' title="bbox 260 4967 1835 5043">
     <span class='ocr_line' id='line_1_82' title="bbox 260 4967 1835 5043; baseline 0.014 -24"><span class='ocrx_word' id='word_1_585' title='bbox 260 4967 599 5034; x_wconf 79' lang='lat' dir='ltr'><strong>prodierant,</strong></span> <span class='ocrx_word' id='word_1_586' title='bbox 649 4971 845 5027; x_wconf 85' lang='lat' dir='ltr'><strong>ibidem</strong></span> <span class='ocrx_word' id='word_1_587' title='bbox 893 4976 1203 5032; x_wconf 87' lang='lat' dir='ltr'><strong>invenimus</strong></span> <span class='ocrx_word' id='word_1_588' title='bbox 1228 5018 1242 5043; x_wconf 96' lang='lat'><strong>,</strong></span> <span class='ocrx_word' id='word_1_589' title='bbox 1281 4980 1533 5039; x_wconf 89' lang='lat' dir='ltr'><strong>nimirum</strong></span> <span class='ocrx_word' id='word_1_590' title='bbox 1564 4984 1835 5043; x_wconf 82' lang='lat' dir='ltr'><strong>Decretum</strong></span> 
     </span>
    </p>
   </div>
   <div class='ocr_carea' id='block_1_83' title="bbox 259 5059 1836 5136">
    <p class='ocr_par' dir='ltr' id='par_1_83' title="bbox 259 5059 1836 5136">
     <span class='ocr_line' id='line_1_83' title="bbox 259 5059 1836 5136; baseline 0.017 -28"><span class='ocrx_word' id='word_1_591' title='bbox 259 5059 321 5111; x_wconf 86' lang='lat' dir='ltr'><strong>de</strong></span> <span class='ocrx_word' id='word_1_592' title='bbox 350 5059 551 5114; x_wconf 73' lang='lat' dir='ltr'><strong>clericis</strong></span> <span class='ocrx_word' id='word_1_593' title='bbox 578 5062 644 5115; x_wconf 91' lang='lat' dir='ltr'><strong>ab</strong></span> <span class='ocrx_word' id='word_1_594' title='bbox 688 5064 920 5123; x_wconf 74' lang='lat' dir='ltr'><strong>inrasore</strong></span> <span class='ocrx_word' id='word_1_595' title='bbox 946 5070 1207 5124; x_wconf 76' lang='lat' dir='ltr'><strong>ordinatis</strong></span> <span class='ocrx_word' id='word_1_596' title='bbox 1231 5114 1244 5135; x_wconf 94' lang='lat'><strong>,</strong></span> <span class='ocrx_word' id='word_1_597' title='bbox 1293 5072 1425 5130; x_wconf 89' lang='lat' dir='ltr'><strong>duos</strong></span> <span class='ocrx_word' id='word_1_598' title='bbox 1468 5084 1729 5136; x_wconf 87' lang='lat' dir='ltr'><strong>tractatus</strong></span> <span class='ocrx_word' id='word_1_599' title='bbox 1760 5080 1836 5135; x_wconf 87' lang='lat' dir='ltr'><strong>De</strong></span> 
     </span>
    </p>
   </div>
   <div class='ocr_carea' id='block_1_84' title="bbox 258 5150 1835 5230">
    <p class='ocr_par' dir='ltr' id='par_1_84' title="bbox 258 5150 1835 5230">
     <span class='ocr_line' id='line_1_84' title="bbox 258 5150 1835 5230; baseline 0.017 -30"><span class='ocrx_word' id='word_1_600' title='bbox 258 5152 460 5217; x_wconf 77' lang='lat' dir='ltr'><strong>proprio</strong></span> <span class='ocrx_word' id='word_1_601' title='bbox 491 5150 669 5219; x_wconf 75' lang='lat' dir='ltr'><strong>(opm,</strong></span> <span class='ocrx_word' id='word_1_602' title='bbox 723 5162 775 5207; x_wconf 86' lang='lat' dir='ltr'><strong>et</strong></span> <span class='ocrx_word' id='word_1_603' title='bbox 827 5157 899 5212; x_wconf 83' lang='lat' dir='ltr'><strong>De</strong></span> <span class='ocrx_word' id='word_1_604' title='bbox 932 5176 1172 5214; x_wconf 79' lang='lat' dir='ltr'><strong>sermone</strong></span> <span class='ocrx_word' id='word_1_605' title='bbox 1199 5163 1365 5218; x_wconf 80' lang='lat' dir='ltr'><strong>otioso</strong></span> <span class='ocrx_word' id='word_1_606' title='bbox 1392 5184 1409 5230; x_wconf 88' lang='lat'><strong><em>;</em></strong></span> <span class='ocrx_word' id='word_1_607' title='bbox 1436 5182 1502 5221; x_wconf 88' lang='lat' dir='ltr'><strong>ac</strong></span> <span class='ocrx_word' id='word_1_608' title='bbox 1557 5181 1835 5227; x_wconf 87' lang='lat' dir='ltr'><strong>sermones</strong></span> 
     </span>
    </p>
   </div>
   <div class='ocr_carea' id='block_1_85' title="bbox 260 5238 1836 5314">
    <p class='ocr_par' dir='ltr' id='par_1_85' title="bbox 260 5238 1836 5314">
     <span class='ocr_line' id='line_1_85' title="bbox 260 5238 1836 5314; baseline 0.017 -26"><span class='ocrx_word' id='word_1_609' title='bbox 260 5238 403 5302; x_wconf 90' lang='lat' dir='ltr'><strong>duos,</strong></span> <span class='ocrx_word' id='word_1_610' title='bbox 442 5255 610 5292; x_wconf 88' lang='lat' dir='ltr'><strong>unum</strong></span> <span class='ocrx_word' id='word_1_611' title='bbox 645 5239 722 5293; x_wconf 89' lang='lat' dir='ltr'><strong>De</strong></span> <span class='ocrx_word' id='word_1_612' title='bbox 754 5242 1072 5313; x_wconf 79' lang='lat' dir='ltr'><strong>Pentecoste,</strong></span> <span class='ocrx_word' id='word_1_613' title='bbox 1103 5248 1269 5303; x_wconf 91' lang='lat' dir='ltr'><strong>alium</strong></span> <span class='ocrx_word' id='word_1_614' title='bbox 1302 5251 1374 5307; x_wconf 90' lang='lat' dir='ltr'><strong>De</strong></span> <span class='ocrx_word' id='word_1_615' title='bbox 1406 5254 1582 5309; x_wconf 76' lang='lat' dir='ltr'><strong>Maria</strong></span> <span class='ocrx_word' id='word_1_616' title='bbox 1611 5269 1657 5311; x_wconf 86' lang='lat' dir='ltr'><strong>et</strong></span> <span class='ocrx_word' id='word_1_617' title='bbox 1687 5258 1836 5314; x_wconf 80' lang='lat' dir='ltr'><strong>Mar-</strong></span> 
     </span>
    </p>
   </div>
   <div class='ocr_carea' id='block_1_86' title="bbox 259 5328 1832 5388">
    <p class='ocr_par' dir='ltr' id='par_1_86' title="bbox 259 5328 1832 5388">
     <span class='ocr_line' id='line_1_86' title="bbox 259 5328 1832 5388; baseline 0.008 -13"><span class='ocrx_word' id='word_1_618' title='bbox 259 5328 358 5379; x_wconf 77' lang='lat' dir='ltr'><strong>tha.</strong></span> <span class='ocrx_word' id='word_1_619' title='bbox 397 5329 533 5384; x_wconf 88' lang='lat' dir='ltr'><strong>Cum</strong></span> <span class='ocrx_word' id='word_1_620' title='bbox 568 5346 731 5388; x_wconf 71' lang='lat' dir='ltr'><strong>porro</strong></span> <span class='ocrx_word' id='word_1_621' title='bbox 753 5349 813 5388; x_wconf 75' lang='lat' dir='ltr'><strong>ex</strong></span> <span class='ocrx_word' id='word_1_622' title='bbox 837 5336 893 5388; x_wconf 88' lang='lat' dir='ltr'><strong>P.</strong></span> <span class='ocrx_word' id='word_1_623' title='bbox 927 5339 1209 5388; x_wconf 81' lang='lat' dir='ltr'><strong>Bernardo</strong></span> <span class='ocrx_word' id='word_1_624' title='bbox 1239 5341 1340 5388; x_wconf 72' lang='lat' dir='ltr'><strong>PM.</strong></span> <span class='ocrx_word' id='word_1_625' title='bbox 1386 5347 1738 5388; x_wconf 73' lang='grc' dir='ltr'><strong>ιιὶιιῖρρισίηιηα</strong></span> <span class='ocrx_word' id='word_1_626' title='bbox 1782 5353 1832 5388; x_wconf 76' lang='grc' dir='ltr'><strong>ς..</strong></span> 
     </span>
    </p>
   </div>
   <div class='ocr_carea' id='block_1_87' title="bbox 1959 3154 3534 3229">
    <p class='ocr_par' dir='ltr' id='par_1_87' title="bbox 1959 3154 3534 3229">
     <span class='ocr_line' id='line_1_87' title="bbox 1959 3154 3534 3229; baseline 0.004 -22"><span class='ocrx_word' id='word_1_627' title='bbox 1959 3154 2074 3219; x_wconf 75' lang='lat' dir='ltr'><strong>site,</strong></span> <span class='ocrx_word' id='word_1_628' title='bbox 2111 3154 2163 3207; x_wconf 90' lang='lat' dir='ltr'><strong>in</strong></span> <span class='ocrx_word' id='word_1_629' title='bbox 2218 3170 2323 3224; x_wconf 89' lang='lat' dir='ltr'><strong>qua</strong></span> <span class='ocrx_word' id='word_1_630' title='bbox 2377 3155 2668 3211; x_wconf 79' lang='lat' dir='ltr'><strong>Ratberius</strong></span> <span class='ocrx_word' id='word_1_631' title='bbox 2720 3156 2973 3228; x_wconf 87' lang='lat' dir='ltr'><strong>pleraque</strong></span> <span class='ocrx_word' id='word_1_632' title='bbox 2999 3160 3254 3227; x_wconf 88' lang='lat' dir='ltr'><strong>opuscula</strong></span> <span class='ocrx_word' id='word_1_633' title='bbox 3294 3160 3534 3229; x_wconf 83' lang='lat' dir='ltr'><strong>scripsit,</strong></span> 
     </span>
    </p>
   </div>
   <div class='ocr_carea' id='block_1_88' title="bbox 1959 3246 3537 3321">
    <p class='ocr_par' dir='ltr' id='par_1_88' title="bbox 1959 3246 3537 3321">
     <span class='ocr_line' id='line_1_88' title="bbox 1959 3246 3537 3321; baseline 0.001 -21"><span class='ocrx_word' id='word_1_634' title='bbox 1959 3246 2156 3300; x_wconf 91' lang='lat' dir='ltr'><strong>mirum</strong></span> <span class='ocrx_word' id='word_1_635' title='bbox 2185 3247 2359 3303; x_wconf 90' lang='lat' dir='ltr'><strong>dictu!</strong></span> <span class='ocrx_word' id='word_1_636' title='bbox 2393 3258 2589 3318; x_wconf 83' lang='lat' dir='ltr'><strong>praeter</strong></span> <span class='ocrx_word' id='word_1_637' title='bbox 2618 3264 2680 3303; x_wconf 86' lang='lat' dir='ltr'><strong>ea</strong></span> <span class='ocrx_word' id='word_1_638' title='bbox 2706 3265 2876 3319; x_wconf 91' lang='lat' dir='ltr'><strong>pauca</strong></span> <span class='ocrx_word' id='word_1_639' title='bbox 2908 3265 3027 3319; x_wconf 68' lang='lat' dir='ltr'><strong>qua:</strong></span> <span class='ocrx_word' id='word_1_640' title='bbox 3053 3249 3292 3321; x_wconf 86' lang='lat' dir='ltr'><strong>vulgavit</strong></span> <span class='ocrx_word' id='word_1_641' title='bbox 3311 3249 3537 3303; x_wconf 87' lang='lat' dir='ltr'><strong>Bartho—</strong></span> 
     </span>
    </p>
   </div>
   <div class='ocr_carea' id='block_1_89' title="bbox 1958 3335 3538 3429">
    <p class='ocr_par' dir='ltr' id='par_1_89' title="bbox 1958 3335 3538 3429">
     <span class='ocr_line' id='line_1_89' title="bbox 1958 3335 3538 3429; baseline 0.004 -41"><span class='ocrx_word' id='word_1_642' title='bbox 1958 3335 2177 3391; x_wconf 73' lang='lat' dir='ltr'><strong>lomteus</strong></span> <span class='ocrx_word' id='word_1_643' title='bbox 2205 3335 2569 3409; x_wconf 83' lang='lat' dir='ltr'><strong>Campagnola</strong></span> <span class='ocrx_word' id='word_1_644' title='bbox 2597 3379 2611 3401; x_wconf 86' lang='lat'><strong>,</strong></span> <span class='ocrx_word' id='word_1_645' title='bbox 2656 3340 2787 3429; x_wconf 48' lang='lat' dir='ltr'><strong>uigil</strong></span> <span class='ocrx_word' id='word_1_646' title='bbox 2826 3341 3065 3409; x_wconf 90' lang='lat' dir='ltr'><strong>reperire</strong></span> <span class='ocrx_word' id='word_1_647' title='bbox 3090 3341 3262 3395; x_wconf 90' lang='lat' dir='ltr'><strong>licuit.</strong></span> <span class='ocrx_word' id='word_1_648' title='bbox 3304 3339 3411 3395; x_wconf 89' lang='lat' dir='ltr'><strong>Sed</strong></span> <span class='ocrx_word' id='word_1_649' title='bbox 3448 3341 3538 3394; x_wconf 90' lang='lat' dir='ltr'><strong>ille</strong></span> 
     </span>
    </p>
   </div>
   <div class='ocr_carea' id='block_1_90' title="bbox 1958 3426 3536 3498">
    <p class='ocr_par' dir='ltr' id='par_1_90' title="bbox 1958 3426 3536 3498">
     <span class='ocr_line' id='line_1_90' title="bbox 1958 3426 3536 3498; baseline 0.004 -20"><span class='ocrx_word' id='word_1_650' title='bbox 1958 3426 2116 3481; x_wconf 91' lang='lat' dir='ltr'><strong>tertio</strong></span> <span class='ocrx_word' id='word_1_651' title='bbox 2144 3427 2355 3482; x_wconf 83' lang='lat' dir='ltr'><strong>Verona</strong></span> <span class='ocrx_word' id='word_1_652' title='bbox 2387 3427 2650 3483; x_wconf 88' lang='lat' dir='ltr'><strong>decedens</strong></span> <span class='ocrx_word' id='word_1_653' title='bbox 2672 3469 2685 3495; x_wconf 91' lang='lat'><strong>,</strong></span> <span class='ocrx_word' id='word_1_654' title='bbox 2713 3426 2843 3483; x_wconf 66' lang='lat' dir='ltr'><strong>&quot;huc</strong></span> <span class='ocrx_word' id='word_1_655' title='bbox 2888 3430 3117 3498; x_wconf 90' lang='lat' dir='ltr'><strong>amplius</strong></span> <span class='ocrx_word' id='word_1_656' title='bbox 3147 3444 3251 3485; x_wconf 90' lang='lat' dir='ltr'><strong>non</strong></span> <span class='ocrx_word' id='word_1_657' title='bbox 3282 3446 3536 3486; x_wconf 54' lang='lat' dir='ltr'><strong>reversuo</strong></span> 
     </span>
    </p>
   </div>
   <div class='ocr_carea' id='block_1_91' title="bbox 1958 3518 3137 3587">
    <p class='ocr_par' dir='ltr' id='par_1_91' title="bbox 1958 3518 3137 3587">
     <span class='ocr_line' id='line_1_91' title="bbox 1958 3518 3137 3587; baseline 0.004 -19"><span class='ocrx_word' id='word_1_658' title='bbox 1958 3530 2070 3580; x_wconf 90' lang='lat' dir='ltr'><strong>rus,</strong></span> <span class='ocrx_word' id='word_1_659' title='bbox 2101 3532 2195 3571; x_wconf 89' lang='lat' dir='ltr'><strong>sua</strong></span> <span class='ocrx_word' id='word_1_660' title='bbox 2221 3532 2385 3587; x_wconf 88' lang='lat' dir='ltr'><strong>opera</strong></span> <span class='ocrx_word' id='word_1_661' title='bbox 2413 3533 2596 3573; x_wconf 85' lang='lat' dir='ltr'><strong>secum</strong></span> <span class='ocrx_word' id='word_1_662' title='bbox 2620 3520 2834 3574; x_wconf 83' lang='lat' dir='ltr'><strong>videtur</strong></span> <span class='ocrx_word' id='word_1_663' title='bbox 2857 3518 3137 3576; x_wconf 88' lang='lat' dir='ltr'><strong>detulisse.</strong></span> 
     </span>
    </p>
   </div>
   <div class='ocr_carea' id='block_1_92' title="bbox 2027 3605 3561 3677">
    <p class='ocr_par' dir='ltr' id='par_1_92' title="bbox 2027 3605 3561 3677">
     <span class='ocr_line' id='line_1_92' title="bbox 2027 3605 3561 3677; baseline 0.003 -17"><span class='ocrx_word' id='word_1_664' title='bbox 2027 3605 2164 3661; x_wconf 78' lang='lat' dir='ltr'><strong>XVI.</strong></span> <span class='ocrx_word' id='word_1_665' title='bbox 2202 3606 2338 3662; x_wconf 87' lang='lat' dir='ltr'><strong>Cum</strong></span> <span class='ocrx_word' id='word_1_666' title='bbox 2373 3624 2504 3663; x_wconf 90' lang='lat' dir='ltr'><strong>vero</strong></span> <span class='ocrx_word' id='word_1_667' title='bbox 2534 3609 2587 3663; x_wconf 91' lang='lat' dir='ltr'><strong>in</strong></span> <span class='ocrx_word' id='word_1_668' title='bbox 2617 3624 2772 3663; x_wconf 91' lang='lat' dir='ltr'><strong>suum</strong></span> <span class='ocrx_word' id='word_1_669' title='bbox 2820 3608 3083 3665; x_wconf 88' lang='lat' dir='ltr'><strong>Lobiensc</strong></span> <span class='ocrx_word' id='word_1_670' title='bbox 3117 3610 3444 3677; x_wconf 67' lang='lat' dir='ltr'><strong>coenobium,</strong></span> <span class='ocrx_word' id='word_1_671' title='bbox 3480 3612 3561 3671; x_wconf 64' lang='lat' dir='ltr'><strong>in,</strong></span> 
     </span>
    </p>
   </div>
   <div class='ocr_carea' id='block_1_93' title="bbox 1952 3697 3537 3769">
    <p class='ocr_par' dir='ltr' id='par_1_93' title="bbox 1952 3697 3537 3769">
     <span class='ocr_line' id='line_1_93' title="bbox 1952 3697 3537 3769; baseline 0.004 -19"><span class='ocrx_word' id='word_1_672' title='bbox 1952 3711 2060 3767; x_wconf 89' lang='lat' dir='ltr'><strong>quo</strong></span> <span class='ocrx_word' id='word_1_673' title='bbox 2086 3697 2440 3754; x_wconf 89' lang='lat' dir='ltr'><strong>monasticam</strong></span> <span class='ocrx_word' id='word_1_674' title='bbox 2487 3700 2653 3753; x_wconf 87' lang='lat' dir='ltr'><strong>vitam</strong></span> <span class='ocrx_word' id='word_1_675' title='bbox 2686 3699 2964 3769; x_wconf 83' lang='lat' dir='ltr'><strong>professus</strong></span> <span class='ocrx_word' id='word_1_676' title='bbox 3009 3702 3223 3769; x_wconf 86' lang='lat' dir='ltr'><strong>fuerat,</strong></span> <span class='ocrx_word' id='word_1_677' title='bbox 3274 3716 3396 3758; x_wconf 89' lang='lat' dir='ltr'><strong>sese</strong></span> <span class='ocrx_word' id='word_1_678' title='bbox 3435 3702 3537 3757; x_wconf 41' lang='lat' dir='ltr'><strong>ali;</strong></span> 
     </span>
    </p>
   </div>
   <div class='ocr_carea' id='block_1_94' title="bbox 1953 3790 3536 3863">
    <p class='ocr_par' dir='ltr' id='par_1_94' title="bbox 1953 3790 3536 3863">
     <span class='ocr_line' id='line_1_94' title="bbox 1953 3790 3536 3863; baseline 0.004 -22"><span class='ocrx_word' id='word_1_679' title='bbox 1953 3790 2167 3857; x_wconf 90' lang='lat' dir='ltr'><strong>quando</strong></span> <span class='ocrx_word' id='word_1_680' title='bbox 2198 3791 2484 3860; x_wconf 88' lang='lat' dir='ltr'><strong>receperit,</strong></span> <span class='ocrx_word' id='word_1_681' title='bbox 2518 3790 2776 3861; x_wconf 86' lang='lat' dir='ltr'><strong>pleraque</strong></span> <span class='ocrx_word' id='word_1_682' title='bbox 2820 3791 2990 3862; x_wconf 89' lang='lat' dir='ltr'><strong>ipsius</strong></span> <span class='ocrx_word' id='word_1_683' title='bbox 3017 3808 3179 3863; x_wconf 85' lang='lat' dir='ltr'><strong>opera</strong></span> <span class='ocrx_word' id='word_1_684' title='bbox 3213 3793 3266 3847; x_wconf 93' lang='lat' dir='ltr'><strong>in</strong></span> <span class='ocrx_word' id='word_1_685' title='bbox 3294 3791 3536 3861; x_wconf 84' lang='lat' dir='ltr'><strong>ejusdem</strong></span> 
     </span>
    </p>
   </div>
   <div class='ocr_carea' id='block_1_95' title="bbox 1954 3881 3532 3955">
    <p class='ocr_par' dir='ltr' id='par_1_95' title="bbox 1954 3881 3532 3955">
     <span class='ocr_line' id='line_1_95' title="bbox 1954 3881 3532 3955; baseline 0.004 -22"><span class='ocrx_word' id='word_1_686' title='bbox 1954 3881 2266 3935; x_wconf 88' lang='lat' dir='ltr'><strong>monasterii</strong></span> <span class='ocrx_word' id='word_1_687' title='bbox 2298 3882 2577 3938; x_wconf 87' lang='lat' dir='ltr'><strong>codicibus</strong></span> <span class='ocrx_word' id='word_1_688' title='bbox 2628 3883 2904 3937; x_wconf 84' lang='lat' dir='ltr'><strong>inventum</strong></span> <span class='ocrx_word' id='word_1_689' title='bbox 2938 3884 3001 3939; x_wconf 89' lang='lat' dir='ltr'><strong>iri</strong></span> <span class='ocrx_word' id='word_1_690' title='bbox 3038 3885 3414 3955; x_wconf 64' lang='lat' dir='ltr'><strong>sperabamus,</strong></span> <span class='ocrx_word' id='word_1_691' title='bbox 3461 3901 3532 3940; x_wconf 78' lang='lat' dir='ltr'><strong>ex</strong></span> 
     </span>
    </p>
   </div>
   <div class='ocr_carea' id='block_1_96' title="bbox 1951 3971 3528 4047">
    <p class='ocr_par' dir='ltr' id='par_1_96' title="bbox 1951 3971 3528 4047">
     <span class='ocr_line' id='line_1_96' title="bbox 1951 3971 3528 4047; baseline 0.003 -22"><span class='ocrx_word' id='word_1_692' title='bbox 1951 3971 2145 4041; x_wconf 90' lang='lat' dir='ltr'><strong>quibus</strong></span> <span class='ocrx_word' id='word_1_693' title='bbox 2178 3973 2518 4042; x_wconf 86' lang='lat' dir='ltr'><strong>potissimum</strong></span> <span class='ocrx_word' id='word_1_694' title='bbox 2573 3977 2891 4030; x_wconf 86' lang='lat' dir='ltr'><strong>eorumdem</strong></span> <span class='ocrx_word' id='word_1_695' title='bbox 2922 3992 3146 4047; x_wconf 90' lang='lat' dir='ltr'><strong>operum</strong></span> <span class='ocrx_word' id='word_1_696' title='bbox 3197 3979 3528 4034; x_wconf 81' lang='lat' dir='ltr'><strong>mentionem</strong></span> 
     </span>
    </p>
   </div>
   <div class='ocr_carea' id='block_1_97' title="bbox 1950 4059 3531 4131">
    <p class='ocr_par' dir='ltr' id='par_1_97' title="bbox 1950 4059 3531 4131">
     <span class='ocr_line' id='line_1_97' title="bbox 1950 4059 3531 4131; baseline 0.005 -16"><span class='ocrx_word' id='word_1_697' title='bbox 1950 4059 2473 4120; x_wconf 38' lang='lat' dir='ltr'><strong>faciunt‘Fulcuinus</strong></span> <span class='ocrx_word' id='word_1_698' title='bbox 2500 4066 2668 4122; x_wconf 88' lang='lat' dir='ltr'><strong>abbas</strong></span> <span class='ocrx_word' id='word_1_699' title='bbox 2695 4065 3006 4131; x_wconf 72' lang='lat' dir='ltr'><strong>Eobiensis,</strong></span> <span class='ocrx_word' id='word_1_700' title='bbox 3052 4067 3336 4123; x_wconf 85' lang='lat' dir='ltr'><strong>Anselmus</strong></span> <span class='ocrx_word' id='word_1_701' title='bbox 3366 4084 3531 4123; x_wconf 86' lang='lat' dir='ltr'><strong>cano-</strong></span> 
     </span>
    </p>
   </div>
   <div class='ocr_carea' id='block_1_98' title="bbox 1949 4152 3528 4233">
    <p class='ocr_par' dir='ltr' id='par_1_98' title="bbox 1949 4152 3528 4233">
     <span class='ocr_line' id='line_1_98' title="bbox 1949 4152 3528 4233; baseline 0.007 -28"><span class='ocrx_word' id='word_1_702' title='bbox 1949 4152 2102 4207; x_wconf 83' lang='lat' dir='ltr'><strong>nicus</strong></span> <span class='ocrx_word' id='word_1_703' title='bbox 2129 4152 2465 4221; x_wconf 90' lang='lat' dir='ltr'><strong>Leodiensis,</strong></span> <span class='ocrx_word' id='word_1_704' title='bbox 2500 4156 2817 4226; x_wconf 87' lang='lat' dir='ltr'><strong>Sigehertus</strong></span> <span class='ocrx_word' id='word_1_705' title='bbox 2845 4159 3271 4225; x_wconf 77' lang='lat' dir='ltr'><strong>Gemhlaeensis,</strong></span> <span class='ocrx_word' id='word_1_706' title='bbox 3292 4169 3347 4216; x_wconf 92' lang='lat' dir='ltr'><strong>et</strong></span> <span class='ocrx_word' id='word_1_707' title='bbox 3376 4161 3528 4233; x_wconf 59' lang='lat' dir='ltr'><strong>ngi-</strong></span> 
     </span>
    </p>
   </div>
   <div class='ocr_carea' id='block_1_99' title="bbox 1947 4244 3527 4323">
    <p class='ocr_par' dir='ltr' id='par_1_99' title="bbox 1947 4244 3527 4323">
     <span class='ocr_line' id='line_1_99' title="bbox 1947 4244 3527 4323; baseline 0.004 -24"><span class='ocrx_word' id='word_1_708' title='bbox 1947 4244 2068 4299; x_wconf 91' lang='lat' dir='ltr'><strong>dius</strong></span> <span class='ocrx_word' id='word_1_709' title='bbox 2093 4246 2156 4300; x_wconf 90' lang='lat' dir='ltr'><strong>de</strong></span> <span class='ocrx_word' id='word_1_710' title='bbox 2184 4245 2384 4302; x_wconf 90' lang='lat' dir='ltr'><strong>Leodio</strong></span> <span class='ocrx_word' id='word_1_711' title='bbox 2409 4246 2552 4319; x_wconf 81' lang='lat' dir='ltr'><strong>[xu].</strong></span> <span class='ocrx_word' id='word_1_712' title='bbox 2582 4248 2693 4304; x_wconf 86' lang='lat' dir='ltr'><strong>Hac</strong></span> <span class='ocrx_word' id='word_1_713' title='bbox 2719 4265 2813 4318; x_wconf 90' lang='lat' dir='ltr'><strong>spe</strong></span> <span class='ocrx_word' id='word_1_714' title='bbox 2839 4250 3049 4306; x_wconf 89' lang='lat' dir='ltr'><strong>illectus</strong></span> <span class='ocrx_word' id='word_1_715' title='bbox 3072 4252 3312 4306; x_wconf 84' lang='lat' dir='ltr'><strong>marchio</strong></span> <span class='ocrx_word' id='word_1_716' title='bbox 3342 4251 3527 4323; x_wconf 91' lang='lat' dir='ltr'><strong>Scipio</strong></span> 
     </span>
    </p>
   </div>
   <div class='ocr_carea' id='block_1_100' title="bbox 1948 4334 3528 4412">
    <p class='ocr_par' dir='ltr' id='par_1_100' title="bbox 1948 4334 3528 4412">
     <span class='ocr_line' id='line_1_100' title="bbox 1948 4334 3528 4412; baseline 0.006 -23"><span class='ocrx_word' id='word_1_717' title='bbox 1948 4334 2213 4403; x_wconf 69' lang='lat' dir='ltr'><strong>Mall‘cius,</strong></span> <span class='ocrx_word' id='word_1_718' title='bbox 2251 4339 2340 4408; x_wconf 87' lang='lat' dir='ltr'><strong>qui</strong></span> <span class='ocrx_word' id='word_1_719' title='bbox 2392 4340 2529 4394; x_wconf 88' lang='lat' dir='ltr'><strong>hanc</strong></span> <span class='ocrx_word' id='word_1_720' title='bbox 2574 4338 3027 4396; x_wconf 79' lang='lat' dir='ltr'><strong>Rathcriauorum</strong></span> <span class='ocrx_word' id='word_1_721' title='bbox 3068 4342 3315 4412; x_wconf 86' lang='lat' dir='ltr'><strong>Operum</strong></span> <span class='ocrx_word' id='word_1_722' title='bbox 3366 4344 3528 4400; x_wconf 83' lang='lat' dir='ltr'><strong>colle-</strong></span> 
     </span>
    </p>
   </div>
   <div class='ocr_carea' id='block_1_101' title="bbox 1951 4428 3528 4505">
    <p class='ocr_par' dir='ltr' id='par_1_101' title="bbox 1951 4428 3528 4505">
     <span class='ocr_line' id='line_1_101' title="bbox 1951 4428 3528 4505; baseline 0.004 -23"><span class='ocrx_word' id='word_1_723' title='bbox 1951 4428 2185 4482; x_wconf 88' lang='lat' dir='ltr'><strong>ctionem</strong></span> <span class='ocrx_word' id='word_1_724' title='bbox 2216 4429 2450 4485; x_wconf 81' lang='lat' dir='ltr'><strong>maxime</strong></span> <span class='ocrx_word' id='word_1_725' title='bbox 2472 4432 2777 4500; x_wconf 74' lang='lat' dir='ltr'><strong>expetebat,</strong></span> <span class='ocrx_word' id='word_1_726' title='bbox 2806 4433 3079 4488; x_wconf 88' lang='lat' dir='ltr'><strong>eruditum</strong></span> <span class='ocrx_word' id='word_1_727' title='bbox 3108 4434 3212 4488; x_wconf 89' lang='lat' dir='ltr'><strong>iter</strong></span> <span class='ocrx_word' id='word_1_728' title='bbox 3248 4434 3528 4505; x_wconf 84' lang='lat' dir='ltr'><strong>Belgicum</strong></span> 
     </span>
    </p>
   </div>
   <div class='ocr_carea' id='block_1_102' title="bbox 1949 4521 3527 4597">
    <p class='ocr_par' dir='ltr' id='par_1_102' title="bbox 1949 4521 3527 4597">
     <span class='ocr_line' id='line_1_102' title="bbox 1949 4521 3527 4597; baseline 0.006 -23"><span class='ocrx_word' id='word_1_729' title='bbox 1949 4535 2112 4593; x_wconf 83' lang='lat' dir='ltr'><strong>agens</strong></span> <span class='ocrx_word' id='word_1_730' title='bbox 2138 4563 2150 4583; x_wconf 93' lang='lat'><strong>,</strong></span> <span class='ocrx_word' id='word_1_731' title='bbox 2191 4537 2219 4575; x_wconf 91' lang='lat' dir='ltr'><strong>a</strong></span> <span class='ocrx_word' id='word_1_732' title='bbox 2262 4521 2711 4579; x_wconf 84' lang='lat' dir='ltr'><strong>reverendissimo</strong></span> <span class='ocrx_word' id='word_1_733' title='bbox 2762 4523 3062 4581; x_wconf 90' lang='lat' dir='ltr'><strong>Theodull&#39;o</strong></span> <span class='ocrx_word' id='word_1_734' title='bbox 3105 4526 3320 4592; x_wconf 88' lang='lat' dir='ltr'><strong>abbate,</strong></span> <span class='ocrx_word' id='word_1_735' title='bbox 3364 4543 3527 4597; x_wconf 89' lang='lat' dir='ltr'><strong>quem</strong></span> 
     </span>
    </p>
   </div>
   <div class='ocr_carea' id='block_1_103' title="bbox 1949 4612 3527 4689">
    <p class='ocr_par' dir='ltr' id='par_1_103' title="bbox 1949 4612 3527 4689">
     <span class='ocr_line' id='line_1_103' title="bbox 1949 4612 3527 4689; baseline 0.004 -22"><span class='ocrx_word' id='word_1_736' title='bbox 1949 4612 2135 4667; x_wconf 78' lang='lat' dir='ltr'><strong>Laubii</strong></span> <span class='ocrx_word' id='word_1_737' title='bbox 2163 4614 2363 4671; x_wconf 86' lang='lat' dir='ltr'><strong>frustra</strong></span> <span class='ocrx_word' id='word_1_738' title='bbox 2389 4618 2673 4685; x_wconf 87' lang='lat' dir='ltr'><strong>quaesitum</strong></span> <span class='ocrx_word' id='word_1_739' title='bbox 2703 4619 2969 4675; x_wconf 82' lang='lat' dir='ltr'><strong>Bruxellis</strong></span> <span class='ocrx_word' id='word_1_740' title='bbox 2997 4621 3220 4689; x_wconf 75' lang='lat' dir='ltr'><strong>reperit,</strong></span> <span class='ocrx_word' id='word_1_741' title='bbox 3252 4620 3412 4675; x_wconf 88' lang='lat' dir='ltr'><strong>etiam</strong></span> <span class='ocrx_word' id='word_1_742' title='bbox 3446 4630 3527 4674; x_wconf 90' lang='lat' dir='ltr'><strong>at-</strong></span> 
     </span>
    </p>
   </div>
   <div class='ocr_carea' id='block_1_104' title="bbox 1946 4706 3526 4776">
    <p class='ocr_par' dir='ltr' id='par_1_104' title="bbox 1946 4706 3526 4776">
     <span class='ocr_line' id='line_1_104' title="bbox 1946 4706 3526 4776; baseline 0.001 -16"><span class='ocrx_word' id='word_1_743' title='bbox 1946 4721 2050 4776; x_wconf 89' lang='lat' dir='ltr'><strong>que</strong></span> <span class='ocrx_word' id='word_1_744' title='bbox 2103 4706 2264 4760; x_wconf 89' lang='lat' dir='ltr'><strong>etiam</strong></span> <span class='ocrx_word' id='word_1_745' title='bbox 2316 4707 2472 4776; x_wconf 85' lang='lat' dir='ltr'><strong>petiit</strong></span> <span class='ocrx_word' id='word_1_746' title='bbox 2522 4719 2581 4762; x_wconf 90' lang='lat' dir='ltr'><strong>ut</strong></span> <span class='ocrx_word' id='word_1_747' title='bbox 2636 4707 3095 4765; x_wconf 79' lang='lat' dir='ltr'><strong>Ralherianornm</strong></span> <span class='ocrx_word' id='word_1_748' title='bbox 3150 4708 3392 4763; x_wconf 76' lang='lat' dir='ltr'><strong>codicum</strong></span> <span class='ocrx_word' id='word_1_749' title='bbox 3443 4711 3526 4765; x_wconf 91' lang='lat' dir='ltr'><strong>sui</strong></span> 
     </span>
    </p>
   </div>
   <div class='ocr_carea' id='block_1_105' title="bbox 1943 4794 3525 4861">
    <p class='ocr_par' dir='ltr' id='par_1_105' title="bbox 1943 4794 3525 4861">
     <span class='ocr_line' id='line_1_105' title="bbox 1943 4794 3525 4861; baseline -0.001 -7"><span class='ocrx_word' id='word_1_750' title='bbox 1943 4799 2174 4854; x_wconf 85' lang='lat' dir='ltr'><strong>cocnobii</strong></span> <span class='ocrx_word' id='word_1_751' title='bbox 2200 4810 2510 4855; x_wconf 89' lang='lat' dir='ltr'><strong>accuratam</strong></span> <span class='ocrx_word' id='word_1_752' title='bbox 2533 4800 2778 4856; x_wconf 87' lang='lat' dir='ltr'><strong>notitiam</strong></span> <span class='ocrx_word' id='word_1_753' title='bbox 2810 4794 3082 4861; x_wconf 81' lang='lat' dir='ltr'><strong>Veronam</strong></span> <span class='ocrx_word' id='word_1_754' title='bbox 3112 4801 3525 4856; x_wconf 87' lang='lat' dir='ltr'><strong>transmitteret.</strong></span> 
     </span>
    </p>
   </div>
   <div class='ocr_carea' id='block_1_106' title="bbox 1942 4891 3533 4961">
    <p class='ocr_par' dir='ltr' id='par_1_106' title="bbox 1942 4891 3533 4961">
     <span class='ocr_line' id='line_1_106' title="bbox 1942 4891 3533 4961; baseline 0.008 -16"><span class='ocrx_word' id='word_1_755' title='bbox 1942 4891 2150 4947; x_wconf 74' lang='lat' dir='ltr'><strong>Malfeio</strong></span> <span class='ocrx_word' id='word_1_756' title='bbox 2195 4903 2374 4948; x_wconf 92' lang='lat' dir='ltr'><strong>autem</strong></span> <span class='ocrx_word' id='word_1_757' title='bbox 2424 4896 2686 4951; x_wconf 86' lang='lat' dir='ltr'><strong>Veronam</strong></span> <span class='ocrx_word' id='word_1_758' title='bbox 2732 4910 2992 4961; x_wconf 80' lang='lat' dir='ltr'><strong>reverso.</strong></span> <span class='ocrx_word' id='word_1_759' title='bbox 3043 4908 3160 4946; x_wconf 69' lang='lat' dir='ltr'><strong>cum</strong></span> <span class='ocrx_word' id='word_1_760' title='bbox 3204 4892 3533 4950; x_wconf 68' lang='grc' dir='ltr'><strong>ίηθάὶῑονυιιι</strong></span> 
     </span>
    </p>
   </div>
   <div class='ocr_carea' id='block_1_107' title="bbox 1941 4981 3537 5057">
    <p class='ocr_par' dir='ltr' id='par_1_107' title="bbox 1941 4981 3537 5057">
     <span class='ocr_line' id='line_1_107' title="bbox 1941 4981 3537 5057; baseline 0.001 -19"><span class='ocrx_word' id='word_1_761' title='bbox 1941 4984 2245 5052; x_wconf 81' lang='lat' dir='ltr'><strong>exemplum</strong></span> <span class='ocrx_word' id='word_1_762' title='bbox 2300 4986 2570 5057; x_wconf 65' lang='lat' dir='ltr'><strong>praecipue</strong></span> <span class='ocrx_word' id='word_1_763' title='bbox 2613 4985 3023 5045; x_wconf 88' lang='lat' dir='ltr'><strong>desideraretur</strong></span> <span class='ocrx_word' id='word_1_764' title='bbox 3086 4981 3433 5051; x_wconf 78' lang='lat' dir='ltr'><strong>vulgaturum</strong></span> <span class='ocrx_word' id='word_1_765' title='bbox 3482 4998 3537 5041; x_wconf 88' lang='lat' dir='ltr'><strong>et</strong></span> 
     </span>
    </p>
   </div>
   <div class='ocr_carea' id='block_1_108' title="bbox 1940 5071 3537 5146">
    <p class='ocr_par' dir='ltr' id='par_1_108' title="bbox 1940 5071 3537 5146">
     <span class='ocr_line' id='line_1_108' title="bbox 1940 5071 3537 5146; baseline -0.001 -18"><span class='ocrx_word' id='word_1_766' title='bbox 1940 5089 2125 5128; x_wconf 88' lang='lat' dir='ltr'><strong>eorum</strong></span> <span class='ocrx_word' id='word_1_767' title='bbox 2175 5090 2296 5145; x_wconf 77' lang='lat' dir='ltr'><strong>qua:</strong></span> <span class='ocrx_word' id='word_1_768' title='bbox 2338 5090 2402 5129; x_wconf 75' lang='lat' dir='ltr'><strong>ex</strong></span> <span class='ocrx_word' id='word_1_769' title='bbox 2447 5075 2779 5145; x_wconf 83' lang='lat' dir='ltr'><strong>Frisingensi</strong></span> <span class='ocrx_word' id='word_1_770' title='bbox 2831 5080 3020 5136; x_wconf 80' lang='lat' dir='ltr'><strong>codice</strong></span> <span class='ocrx_word' id='word_1_771' title='bbox 3052 5071 3287 5125; x_wconf 91' lang='lat' dir='ltr'><strong>nondum</strong></span> <span class='ocrx_word' id='word_1_772' title='bbox 3320 5077 3537 5146; x_wconf 83' lang='lat' dir='ltr'><strong>vulgata</strong></span> 
     </span>
    </p>
   </div>
   <div class='ocr_carea' id='block_1_109' title="bbox 1939 5161 3537 5229">
    <p class='ocr_par' dir='ltr' id='par_1_109' title="bbox 1939 5161 3537 5229">
     <span class='ocr_line' id='line_1_109' title="bbox 1939 5161 3537 5229; baseline 0.002 -11"><span class='ocrx_word' id='word_1_773' title='bbox 1939 5164 2274 5218; x_wconf 87' lang='lat' dir='ltr'><strong>habebamus</strong></span> <span class='ocrx_word' id='word_1_774' title='bbox 2316 5165 2368 5218; x_wconf 92' lang='lat' dir='ltr'><strong>in</strong></span> <span class='ocrx_word' id='word_1_775' title='bbox 2406 5169 2685 5229; x_wconf 88' lang='lat' dir='ltr'><strong>manibus,</strong></span> <span class='ocrx_word' id='word_1_776' title='bbox 2716 5166 2956 5223; x_wconf 83' lang='lat' dir='ltr'><strong>iudicem</strong></span> <span class='ocrx_word' id='word_1_777' title='bbox 2993 5161 3058 5217; x_wconf 89' lang='lat' dir='ltr'><strong>ad</strong></span> <span class='ocrx_word' id='word_1_778' title='bbox 3089 5161 3342 5220; x_wconf 88' lang='lat' dir='ltr'><strong>eumdem</strong></span> <span class='ocrx_word' id='word_1_779' title='bbox 3370 5169 3537 5223; x_wconf 86' lang='lat' dir='ltr'><strong>&#39;abha-</strong></span> 
     </span>
    </p>
   </div>
   <div class='ocr_carea' id='block_1_110' title="bbox 1936 5251 3537 5324">
    <p class='ocr_par' dir='ltr' id='par_1_110' title="bbox 1936 5251 3537 5324">
     <span class='ocr_line' id='line_1_110' title="bbox 1936 5251 3537 5324; baseline 0.002 -18"><span class='ocrx_word' id='word_1_780' title='bbox 1936 5261 2044 5307; x_wconf 91' lang='lat' dir='ltr'><strong>tem</strong></span> <span class='ocrx_word' id='word_1_781' title='bbox 2093 5254 2360 5320; x_wconf 86' lang='lat' dir='ltr'><strong>misimus,</strong></span> <span class='ocrx_word' id='word_1_782' title='bbox 2404 5266 2482 5322; x_wconf 90' lang='lat' dir='ltr'><strong>ut,</strong></span> <span class='ocrx_word' id='word_1_783' title='bbox 2527 5252 2754 5324; x_wconf 86' lang='lat' dir='ltr'><strong>cognitis</strong></span> <span class='ocrx_word' id='word_1_784' title='bbox 2792 5270 2918 5323; x_wconf 73' lang='lat' dir='ltr'><strong>qua:</strong></span> <span class='ocrx_word' id='word_1_785' title='bbox 2954 5251 3109 5311; x_wconf 88' lang='lat' dir='ltr'><strong>nobis</strong></span> <span class='ocrx_word' id='word_1_786' title='bbox 3131 5265 3333 5320; x_wconf 55' lang='lat' dir='ltr'><strong>praesto</strong></span> <span class='ocrx_word' id='word_1_787' title='bbox 3363 5266 3537 5321; x_wconf 89' lang='lat' dir='ltr'><strong>erant,</strong></span> 
     </span>
    </p>
   </div>
   <div class='ocr_carea' id='block_1_111' title="bbox 1938 5341 3513 5388">
    <p class='ocr_par' dir='ltr' id='par_1_111' title="bbox 1938 5341 3513 5388">
     <span class='ocr_line' id='line_1_111' title="bbox 1938 5341 3513 5388; baseline 0 0"><span class='ocrx_word' id='word_1_788' title='bbox 1938 5359 1998 5388; x_wconf 73' lang='lat' dir='ltr'><strong>na</strong></span> <span class='ocrx_word' id='word_1_789' title='bbox 2044 5360 2163 5388; x_wconf 70' lang='lat' dir='ltr'><strong>nttm</strong></span> <span class='ocrx_word' id='word_1_790' title='bbox 2209 5346 2458 5388; x_wconf 61' lang='lat' dir='ltr'><strong>ripensem</strong></span> <span class='ocrx_word' id='word_1_791' title='bbox 2525 5343 2665 5388; x_wconf 65' lang='lat' dir='ltr'><strong>facili</strong></span> <span class='ocrx_word' id='word_1_792' title='bbox 2723 5351 2949 5388; x_wconf 72' lang='lat' dir='ltr'><strong>nnantin</strong></span> <span class='ocrx_word' id='word_1_793' title='bbox 3003 5341 3232 5388; x_wconf 75' lang='lat' dir='ltr'><strong>discerni</strong></span> <span class='ocrx_word' id='word_1_794' title='bbox 3290 5358 3513 5388; x_wconf 72' lang='lat' dir='ltr'><strong>nnccpnt</strong></span> 
     </span>
    </p>
   </div>
  </div>
