4038 5388
453 342 520 398 I9
1407 334 1808 393 BATHERIUS
1846 333 2285 393 VERONENSIS
2321 335 2722 395 EPISCOPUS.
3633 331 3708 390 20

450 451 678 523 pro'nde
701 449 856 520 pauci
883 447 1167 504 admodum
1200 446 1463 507 Miuorita:
1491 447 1769 517 cujusdam
1800 446 2026 518 diligen-
2051 460 2101 517 Α
2128 447 2295 504 stolas
2316 448 2559 506 Ratherii
2581 451 2843 517 continet,
2855 448 3436 522 quastapeauvillius
3448 448 3707 521 vulgavit,

454 544 528 597 tia
557 560 589 597 e
611 540 842 596 ﬂammis
871 540 1118 595 subducti
1149 549 1458 611 supersunt,
1503 551 1563 596 ut
1597 539 1865 595 Antonius
1891 538 2028 595 San-

452 632 618 688 derus
645 632 864 686 tradidit
890 629 1164 702 (Biblioth.
1191 630 1414 702 Belgic.,
1438 645 1562 702 pag.
1590 629 1740 703 293).
1757 628 1917 685 Plura
1939 629 2030 686 ille

453 722 779 792 transcripta
807 721 957 776 misit
982 761 998 786 ,
1042 721 1183 775 inter
1226 735 1345 788 quae
1386 721 1494 775 duo
1524 729 1733 791 tantum
1780 719 2029 785 Ratherii

451 826 617 882 opera
637 812 871 866 nondum
902 810 1116 881 vulgata
1145 809 1410 882 exhibuit,
1434 809 1686 865 nimirum
1718 822 2028 866 sermonem

452 898 530 954 De
570 897 729 954 Coena
756 888 987 953 .Domini
1013 938 1028 961 ,
1080 906 1135 953 et
1180 896 1375 952 librum
1405 896 1760 967 Confessionis
1788 896 2027 967 ejusde

452 988 728 1044 Ratherii:
756 997 948 1044 caetera
978 1001 1135 1052 vero,
1183 1000 1302 1055 qua:
1346 986 1505 1042 simul
1541 987 1845 1057 accepimus
1869 1027 1885 1053 ,
1926 988 2028 1043 etsi

451 1088 612 1135 antea
650 1080 793 1136 edita
820 1119 835 1145 ,
871 1074 1225 1134 emendandis
1253 1084 1433 1132 tamen
1478 1075 1682 1146 aliquot
1722 1076 1858 1133 locis
1898 1091 2026 1148 pro-

448 1171 687 1227 fuerunt.

521 1261 684 1317 XVII.
713 1261 824 1317 Hac
849 1275 980 1317 vero
1007 1259 1284 1330 diligentia
1311 1273 1417 1313 non
1443 1259 1707 1326 contenti,
1737 1274 1864 1315 cum
1911 1259 2029 1315 Iau-

450 1353 576 1407 dato
600 1351 796 1408 comite
829 1350 1037 1407 Joanne
1075 1351 1319 1421 Baptista
1354 1349 1424 1405 de
1448 1349 1691 1406 Veritate
1722 1350 1932 1421 egimus
1969 1357 2031 1405 ut

447 1443 957 1501 reverendissimum
984 1443 1230 1499 abbatem
1251 1440 1476 1496 Paulum
1496 1442 1564 1498 du
1580 1440 1835 1512 Bois,qui
1858 1442 2031 1499 Theo-

446 1534 594 1591 dulio
622 1544 917 1591 memorato
944 1534 1242 1600 successit,
1292 1533 1358 1589 ad
1389 1548 1587 1589 novum
1623 1541 1681 1593 et
1720 1532 2031 1605 diligentius

436 1625 793 1681 Lobiensium
822 1626 1066 1681 codicum
1094 1640 1325 1680 examen
1370 1639 1466 1696 per
1495 1624 1708 1680 litteras
1737 1624 2022 1680 excitaret.

444 1719 653 1774 Annuit
678 1719 817 1773 idem
848 1718 1016 1774 abbas
1043 1758 1061 1785 ,
1103 1727 1159 1773 et
1196 1725 1319 1789 post
1346 1716 1680 1774 exactiorem
1711 1704 2025 1786 inquisitio-

2134 553 2234 594 nec
2262 554 2369 595 non
2402 539 2547 595 illam
2577 540 2644 595 ad
2672 539 2944 596 Patricum
2984 541 3052 597 ab
3093 539 3327 596 Aeherio
3366 538 3568 594 editam
3594 578 3612 604 ,
3653 547 3711 595 et
3783 570 3803 582 ς

2130 622 2301 684 aliam
2324 629 2392 684 ad
2421 644 2610 686 omnes
2652 630 2860 697 ﬁdeles,
2887 646 3050 702 quam
3078 647 3147 686 ex
3172 630 3276 686 hoc
3310 630 3499 686 eodem
3520 628 3711 685 codice

2130 718 2235 774 PP.
2270 717 2510 776 Martene
2533 728 2590 776 et
2617 719 2901 775 Duraudus
2931 720 3276 791 impressere.
3301 719 3400 774 llic
3431 732 3591 789 porro
3617 732 3709 773 co-

2129 809 2233 865 dex
2262 817 2460 880 prmter
2488 809 2748 864 incditum
2784 808 2981 865 librum
3010 807 3365 880 Confessionis
3392 848 3407 874 ,
3456 822 3710 864 reveren-

2130 902 2338 959 dissimi
2369 901 2548 967 Patris
2576 901 2787 959 abbatis
2811 900 2963 957 Pauli
2991 902 3059 958 du
3090 902 3215 957 Bois
3241 900 3541 971 diligentia,
3562 899 3709 955 aliud

2130 997 2394 1053 incditum
2429 995 2745 1067 opusculum
2780 994 3158 1066 suppeditavit,
3193 993 3447 1048 nimirum
3477 991 3709 1047 Phrene-

2129 1090 2227 1144 sim
2255 1128 2270 1153 ,
2309 1102 2430 1158 quae
2456 1087 2585 1142 olim
2615 1102 2645 1140 a
2671 1084 2931 1141 Fulcuino
2957 1125 2972 1151 ,
3000 1093 3185 1155 postea
3216 1098 3346 1139 vero
3375 1082 3443 1137 ab
3472 1081 3709 1135 Antonio

2131 1181 2376 1238 Sandero
2415 1181 2630 1236 laudata
2659 1179 2934 1252 (Bibliotlt.
2962 1178 3184 1249 Belgic.,
3212 1193 3265 1247 p.
3299 1174 3450 1247 503),
3480 1174 3533 1229 in
3558 1173 3705 1229 desi-

2129 1272 2282 1328 derio
2327 1279 2466 1327 erat.
2516 1270 2594 1326 Ex
2647 1270 2908 1347 hactenus
2959 1268 3119 1323 dictis
3163 1281 3354 1322 novem
3399 1278 3521 1333 esse
3569 1259 3704 1334 [xlv]

2128 1362 2376 1418 Ratherii
2425 1360 2683 1432 opuscula
2710 1400 2726 1424 ,
2755 1374 2875 1430 qua:
2904 1359 2958 1414 in
2989 1360 3096 1415 hac
3124 1356 3442 1414 collectione
3469 1354 3705 1426 primum

2129 1452 2302 1511 lucem
2339 1450 2626 1521 aspicient,
2652 1448 2990 1520 exploratum
3017 1455 3121 1503 est.
3600 1496 3621 1511 ,
3690 1434 3695 1439 θ

2200 1545 2382 1602 XVIII.
2419 1546 2538 1602 Alia
2568 1560 2697 1601 vero
2721 1560 2948 1615 quorum
2982 1543 3215 1615 aliquam
3247 1542 3386 1613 apud
3410 1541 3709 1612 scriptores

2128 1639 2457 1696 mentionem
2488 1637 2826 1702 invenimus,
2875 1650 3200 1706 quacunque
3226 1631 3504 1704 diligentia
3547 1629 3705 1684 adhi-

2127 1732 2239 1788 bita
2267 1729 2452 1784 nullibi
2484 1728 2722 1799 reperire
2746 1727 2916 1783 licuit.
2944 1726 3346 1782 Horum‘autem
3375 1723 3620 1779 recensio
3648 1722 3708 1792 in

447 1816 570 1869 netn'
601 1812 882 1883 rescripsit
915 1813 1017 1868 tria
1045 1827 1189 1867 nunc
1215 1811 1586 1882 manuscripta
1612 1811 1942 1881 exemplaria
1968 1810 2021 1865 in
2052 1806 2099 1867 Β
2127 1821 2231 1876 hac
2257 1818 2570 1892 paratione
2614 1816 2757 1873 haud
2799 1817 3097 1873 omittenda
3123 1824 3226 1872 εει,
3272 1815 3391 1886 Ipse
3417 1814 3710 1872 Eutherius

447 1921 510 1960 ea
544 1903 872 1961 bibliotheca
922 1902 1166 1975 reperiri,
1217 1917 1336 1972 quae
1376 1901 1554 1973 aliqua
1587 1901 1833 1957 Ilatherii
1861 1915 2028 1972 opera

449 1994 751 2049 continent.
782 1991 960 2048 Unum
992 1992 1043 2047 in
1071 1990 1220 2055 folio,
1245 2005 1309 2046 ex
1344 2004 1452 2061 quo
1474 1991 1576 2046 sub
1598 1988 1897 2045 Theodull‘o
1926 1991 2025 2045 ab-

446 2083 574 2139 bate
608 2083 913 2153 exscriptus
952 2081 1053 2136 fuit
1100 2080 1368 2136 indicatus
1409 2094 1589 2136 sermo
1624 2078 1702 2135 De
1731 2078 1889 2136 Caeno
1917 2079 2028 2136 Do—

444 2174 594 2229 mini.
633 2172 739 2229 Iste
777 2180 956 2226 autem
991 2172 1159 2227 codex
1206 2169 1294 2225 ille
1323 2178 1407 2225 est
1452 2169 1546 2239 qui
1590 2169 1742 2241 plura
1787 2169 2029 2225 continet

444 2273 752 2321 sanctorum
788 2275 1085 2335 martyrum
1120 2268 1272 2326 acta,
1304 2268 1361 2315 et
1410 2259 1510 2315 alia
1538 2260 1795 2316 nonnulla
1823 2260 1892 2315 ad
1921 2257 2027 2314 Ve-

442 2371 633 2412 ronam
658 2355 979 2426 pertinentia
998 2372 1011 2407 :
1028 2367 1258 2423 cumque
1279 2352 1326 2407 is
1340 2350 1584 2406 Ratherii
1610 2367 1770 2406 manu
1792 2350 2026 2421 scriptus

433 2446 757 2502 crederetur
782 2485 798 2511 ,
829 2460 935 2501 non
964 2442 1252 2499 defuerunt
1278 2441 1369 2511 qui
1414 2440 1732 2497 Ratberium
1768 2454 2026 2510 quorum-

443 2539 568 2592 dam
616 2536 782 2591 etiam
830 2543 1074 2589 actorum
1122 2531 1530 2603 suspicarentur
1574 2536 1871 2586 auctorem.
1912 2527 2023 2585 Nos

440 2644 576 2684 vero
603 2626 707 2681 etsi
736 2626 912 2697 ipsum
942 2623 1184 2679 codicem
1213 2621 1507 2692 inspicere,
1540 2620 2023 2689 characteremque

441 2736 566 2777 cum
590 2717 942 2781 Ratheriano,
965 2716 1056 2786 qui
1078 2714 1133 2769 in
1155 2714 1422 2784 aliquibus
1449 2712 1669 2784 capituli
1696 2710 2022 2769 Veronensis

440 2811 704 2882 exemplis
733 2819 915 2865 certus
941 2806 1090 2882 [xm]
1141 2805 1386 2862 Ratherii
1430 2807 1718 2862 character
1742 2812 1861 2872 est,
1891 2820 2024 2861 con-

441 2905 589 2960 ferre
613 2902 988 2973 nequivimus;
1017 2915 1141 2964 eum
1171 2907 1349 2955 tamen
1381 2913 1544 2953 manu
1582 2897 1754 2969 ipsius
1780 2896 2021 2968 episcopi

443 3003 726 3049 exaratum
758 2994 1174 3062 haudquaquam
1218 2999 1491 3060 putamus.
1529 2987 1666 3043 Acta
1707 2995 1856 3044 certe
1895 3002 2021 3042 san-

444 3093 658 3141 ctorum
709 3083 880 3140 Firmi
914 3092 969 3137 et
1010 3082 1242 3147 Ilustiei,
1288 3090 1342 3137 et
1384 3079 1640 3136 nonnulla
1671 3078 1775 3133 alia
1803 3093 1923 3149 quae
1951 3077 2019 3133 ad

2127 1911 2182 1967 in
2210 1910 2369 1982 epist.
2401 1909 2435 1963 5
2455 1949 2470 1975 ,
2504 1911 2570 1963 ad
2601 1907 2920 1964 Rotbertum
2948 1906 3432 1977 archiepiscopum,
3468 1920 3618 1960 num.
3648 1904 3704 1970 I,

2125 1998 2438 2072 opusculum
2465 2004 2729 2053 memorat
2757 1996 2853 2051 abs
2881 2010 2940 2051 se
2982 1994 3254 2066 scriptum]
3277 2004 3565 2065 antequam
3590 1992 3707 2064 epi—

2125 2104 2321 2160 scopus
2346 2087 2523 2154 ﬁeret,
2553 2101 2661 2157 quo
2687 2082 3164 2141 Mediolanensium
3192 2083 3596 2156 quaestiunculis
3618 2097 3707 2139 τε·
3762 2109 3771 2115 -

2124 2180 2339 2252 spondit
2365 2178 2431 2234 iis
2458 2178 2614 2249 plane
2637 2177 2904 2234 similibus
2929 2192 3066 2247 quas
3093 2176 3388 2233 Rotbertus
3409 2189 3708 2247 proposue-

2126 2279 2231 2327 rat.
2282 2269 2389 2324 llas
2417 2268 2484 2323 ad
2528 2267 2755 2338 profana
2786 2267 2963 2322 studia
3010 2266 3357 2338 pertinuisse,
3405 2265 3557 2335 queis
3585 2272 3709 2335 post

2124 2362 2490 2432 episcopatum
2538 2359 2968 2425 renuntiaverat,
3013 2358 3265 2430 colligere
3307 2357 3490 2413 licebit
3514 2371 3581 2412 ex
3607 2371 3704 2411 ea-

2123 2452 2244 2507 dem
2291 2450 2539 2521 epistola,
2592 2449 2646 2504 in
2693 2464 2854 2520 quam
2882 2448 3003 2504 vide
3034 2448 3341 2504 notationes
3372 2454 3621 2518 quartam
3648 2453 3707 2500 et

2123 2543 2388 2615 quintam.
2419 2541 2578 2595 Aliud
2624 2541 2863 2595 volumen
2910 2539 3093 2594 laudat
3137 2538 3275 2594 libro
3322 2547 3475 2594 sexto
3502 2534 3703 2593 Praele-

2122 2635 2397 2705 quiorntu,
2426 2649 2545 2705 cap.
2574 2632 2625 2697 7,
2661 2633 2714 2688 in
2744 2632 2886 2702 quod
2930 2624 3205 2699 cujusdam
3232 2630 3534 2701 philosophi
3580 2644 3707 2684 sen-

2123 2726 2346 2782 tentiam
2376 2725 2697 2781 inseruerat.
2745 2722 2857 2778 [loc
2903 2729 3082 2777 autem
3120 2737 3250 2782 num
3278 2721 3419 2777 idem
3466 2721 3538 2776 sit
3575 2734 3701 2775 cum

2119 2815 2489 2889 praecedenti,
2553 2829 2624 2869 an
2670 2812 2983 2869 distinctum
3031 2821 3086 2868 et
3130 2826 3283 2882 teque
3330 2809 3698 2882 deperditum,

2121 2924 2230 2964 non
2258 2906 2447 2977 liquet.
2496 2904 2574 2962 De
2616 2903 2980 2963 voluminibus
3022 2901 3303 2960 duodecim
3344 2917 3464 2973 quae
3509 2909 3701 2956 auctor

2120 3007 2390 3056 memorat
2415 2998 2471 3054 in
2497 2996 2762 3068 prommio
2787 2996 2856 3052 ad
2877 2990 3216 3060 Phrenesim,
3244 2993 3367 3050 vide
3386 3008 3506 3064 qua:
3526 2992 3700 3048 fusius

2119 3090 2609 3146 animadvertemus
2634 3089 2686 3143 in
2712 3087 2836 3144 Vita
2857 3086 3124 3158 ejusdem,
3154 3084 3294 3158 μθ,
3325 3100 3475 3140 num.
3499 3082 3586 3140 6I.

444 3177 715 3234 Veronam
745 3183 1013 3246 spectant,
1036 3191 1143 3231 non
1176 3174 1515 3241 Ratherium,
1561 3173 1658 3230 sed
1686 3171 1820 3227 alios
1855 3180 2017 3242 atque
2043 3155 2089 3219 (ἶ
2194 3178 2336 3235 XIX.
2366 3178 2661 3234 Fulcuinus
2700 3179 2765 3234 de
2800 3155 2982 3234 Gestis
3010 3155 3265 3234 abbatum
3314 3175 3697 3243 Lobiensium,

445 3269 581 3324 alios
602 3267 805 3323 habent
829 3274 1099 3322 auctores.
1131 3266 1343 3321 Etenim
1385 3264 1472 3319 illa
1494 3273 1623 3320 acta
1660 3265 1714 3319 in
1742 3263 1862 3318 aliis
1888 3276 2022 3332 quo.

443 3377 550 3433 que
586 3361 845 3419 Ratherio
890 3359 1281 3415 vetustioribus
1324 3358 1601 3414 codicibus
1653 3357 2019 3427 reperiuntur.

447 3454 505 3507 S.
560 3450 796 3507 Zenonis
842 3449 1171 3505 Verenensis
1215 3447 1455 3518 episcopi
1508 3446 1629 3503 Vita
1676 3461 1709 3500 a
1753 3446 2023 3503 Coronato

447 3544 687 3611 notario,
719 3542 812 3614 qui
844 3540 1166 3597 Ratherium
1191 3540 1401 3596 duobus
1430 3538 1619 3596 saltem
1643 3538 1855 3594 saeculis
1882 3552 2022 3608 pra:-

443 3637 627 3701 cessit,
657 3636 859 3705 scripta
894 3635 1014 3689 fuit.
1045 3633 1194 3689 Idem
1233 3631 1518 3688 dicendum
1549 3630 1615 3687 de
1646 3630 1901 3704 rhythmo
1928 3627 2021 3701 qui

443 3728 672 3784 Veronae
703 3727 888 3783 laudes
913 3724 1161 3796 prml'ert:
1188 3726 1257 3779 ab
1285 3737 1553 3794 anonymo
1582 3721 1746 3786 enim,
1769 3720 1863 3790 qui
1896 3719 2020 3790 Pip—

442 3819 553 3889 pini
577 3818 741 3873 Italiae
763 3817 909 3888 regis
927 3824 1088 3872 aetate
1105 3815 1263 3881 vixit,
1285 3814 1600 3870 lucubratus
1622 3812 1743 3867 fuit.
1766 3811 2022 3883 Ejusdem

445 3910 661 3981 generis
683 3918 743 3965 et
767 3908 947 3964 aetatis
990 3923 1111 3963 esse
1135 3907 1350 3975 videtur
1382 3905 1731 3977 icnographia
1776 3905 2020 3976 ejusdem

442 4002 617 4067 urbis,
641 4016 759 4071 quae
786 4000 889 4070 ipsi
919 3999 1168 4072 rhythmo
1190 3997 1491 4067 subjicitur,
1516 4006 1572 4053 et
1595 4013 1625 4051 a
1655 3994 1811 4051 Joan.
1841 3994 2024 4067 Bapti-

446 4103 527 4151 sta
560 4092 868 4148 Biancolino
889 4108 956 4147 ex
985 4091 1175 4148 eodem
1205 4092 1392 4147 codice
1424 4088 1736 4162 nuperrime
1761 4089 1905 4143 edita
1935 4096 2023 4145 est

2125 3286 2245 3342 cap.
2272 3270 2362 3337 20,
2398 3269 2641 3325 Ratherii
2689 3284 2824 3340 opus
2848 3268 2923 3324 De
2953 3279 3072 3324 arte
3113 3267 3466 3340 grammatica
3502 3265 3692 3337 Spara-

2128 3362 2342 3417 dorsum
2372 3361 2690 3432 inscriptum
2724 3361 2958 3430 itemque
3004 3360 3342 3430 deperditum
3372 3374 3702 3415 commemo-

2128 3462 2233 3520 rat,
2264 3455 2418 3526 cujus
2454 3452 2727 3510 scribendi
2766 3451 3025 3528 locum‘et
3049 3453 3389 3507 occasionem
3423 3448 3589 3505 rel'ert
3613 3448 3701 3504 his

2125 3545 2338 3601 verbis:
2363 3544 2524 3600 «Cum
2553 3543 2607 3599 in
2641 3558 2706 3598 ea
2739 3552 2892 3614 parte
2913 3541 3240 3613 Burgundize
3268 3555 3387 3611 quae
3412 3538 3702 3594 Provincia

2126 3636 2324 3694 dicitur
2370 3635 2717 3701 mansitaret,
2763 3632 2931 3688 ﬁlium
2982 3632 3259 3703 cujusdam
3308 3630 3410 3686 viri
3445 3627 3703 3685 ditissimi

2124 3728 2341 3785 nomine
2369 3726 2773 3798 Roestanguum
2804 3724 2871 3809 ad
2899 3723 3243 3780 imbuendum
3285 3720 3480 3777 litteris
3517 3727 3703 3790 postu-

2122 3822 2267 3878 latus
2297 3819 2531 3891 recepit;
2583 3816 2651 3873 ad
2679 3830 2841 3889 quem
2870 3815 3065 3871 librum
3096 3815 3164 3871 de
3192 3822 3309 3869 arte
3348 3810 3702 3884 grammatica

2122 3911 2482 3982 conscripsit,
2525 3924 2684 3980 quem
2717 3908 2916 3965 librum
2947 3904 3216 3978 gentilitio
3259 3901 3513 3973 loquendi
3549 3914 3702 3982 more

2123 3980 2509 4074 Sparadorsum
2540 4000 2789 4065 vocavit,
2824 4012 2922 4069 pro
2945 4013 3010 4053 eo
3053 3995 3196 4066 quod
3223 3995 3315 4065 qui
3359 3991 3559 4049 scholis
3606 3980 3703 4047 as-'

2123 4104 2399 4153 suesceret
2442 4092 2732 4164 puerulus,
2782 4090 3003 4145 dorsum
3037 4103 3067 4142 a
3109 4086 3291 4157 ﬂagris
3318 4098 3539 4140 servare
3575 4096 3699 4153 pos-

444 4184 567 4256 (De’
597 4184 792 4238 rescovi
821 4199 848 4237 ε
872 4182 1200 4254 governatori
1256 4182 1311 4236 di
1365 4180 1587 4249 Verona,
1624 4194 1745 4252 pag.
1778 4180 1892 4252 55).
1930 4176 2019 4233 Si-
2122 4195 2225 4243 set.
2263 4205 2282 4238 ι
2315 4185 2470 4255 Apud
2514 4181 2808 4242 Acherium
2848 4178 3086 4235 habetur
3116 4175 3548 4248 Sperardorsum.
3589 4171 3700 4228 Me~

447 4275 647 4333 militer
665 4274 922 4345 opuscula
946 4283 995 4328 et
1022 4281 1142 4330 acta
1167 4272 1330 4343 hujus
1347 4273 1562 4345 generis
1582 4272 1686 4327 alia
1710 4272 1794 4327 vel
1816 4288 1879 4329 ex
1905 4274 2027 4345 ipso
2122 4280 2227 4336 lius
2271 4276 2520 4333 Valerius
2560 4274 2805 4330 Andreas
2856 4272 2909 4328 in
2958 4270 3291 4326 Bibliotheca
3334 4282 3467 4324 mss.
3526 4262 3697 4334 Belgii

446 4366 585 4439 style
610 4381 642 4421 a
673 4364 931 4421 Ratherio
955 4364 1153 4431 aliena,
1183 4375 1237 4420 et
1261 4367 1319 4420 in
1348 4365 1469 4421 aliis
1499 4365 1735 4436 antiquis
1757 4367 2021 4437 exemplis
2123 4380 2257 4428 tom.
2289 4370 2342 4437 1,
2371 4384 2496 4441 pag.
2527 4366 2656 4431 505,
2686 4374 2741 4419 et
2766 4364 3034 4419 Aubertus
3063 4361 3278 4416 Mirreus
3304 4358 3356 4413 in
3383 4355 3603 4414 scholiis
3630 4353 3699 4409 ad

444 4458 688 4522 inventa,
716 4465 877 4526 atque
903 4457 1067 4511 etiam
1113 4457 1253 4527 typis
1293 4455 1596 4528 impressa,
1634 4471 2020 4512 amanuensem
2051 4470 2286 4535 “caput
2333 4461 2431 4516 127
2480 4456 2747 4530 Sigeberti
2801 4456 2856 4511 in
2908 4451 3155 4510 Fulcuini
3210 4450 3399 4507 codice
3453 4447 3700 4517 legerunt

444 4546 704 4607 Ratherio
729 4562 1016 4618 supparem
1046 4548 1288 4604 referunt
1314 4589 1331 4615 ,
1360 4549 1448 4606 cui
1479 4564 1602 4605 cum
1628 4548 1872 4606 Iiatherii
1906 4564 2020 4605 ser-
2052 4540 2099 4574 ν
2127 4550 2513 4625 Sparadorsum
2562 4564 2594 4603 a
2641 4561 2776 4604 voce
2821 4546 3041 4616 antiqua
3098 4540 3422 4599 Germanica
3467 4552 3657 4608 δραι-θη
3681 4575 3698 4603 ,

443 4655 607 4697 mone
651 4640 728 4695 De
752 4638 909 4695 Coena
939 4640 1150 4700 Domini
1197 4642 1444 4711 quaedam
1480 4642 1811 4698 Veronensia
1856 4642 2023 4698 docu-
2125 4661 2244 4716 quae
2272 4644 2544 4716 signiﬁcat
2569 4657 2804 4714 parcere,
2832 4639 2979 4694 Italis
3006 4636 3362 4709 risparmiare,
3390 4640 3452 4687 ut
3492 4631 3702 4686 monuit

446 4740 624 4786 tncnta
657 4745 687 4785 a
725 4730 984 4785 llatherio
1030 4729 1258 4786 forsitan
1304 4731 1515 4787 Verona
1558 4731 1821 4787 Laubium
1856 4731 2019 4786 allata

444 4821 673 4893 contigit
716 4821 995 4891 reperire,
1041 4822 1262 4891 hzecque
1302 4838 1407 4878 una
1449 4838 1572 4879 cum
1625 4823 1744 4879 aliis
1789 4823 2019 4877 aliorum

444 4911 720 4982 opusculis
755 4912 1003 4987 Vitisque
1052 4922 1359 4969 sanctorum
1408 4914 1461 4969 in
1498 4914 1682 4969 codice
1711 4913 2019 4968 describere

437 5001 662 5071 placuit.
690 5002 970 5059 Secundus
990 5004 1157 5059 codex
1183 5005 1370 5059 formae
1390 5004 1616 5061 minoris
1640 5004 1692 5058 in
1714 5013 1909 5074 quarto
1927 5018 2021 5059 sex

443 5092 764 5159 prolixiores
810 5093 1054 5149 Ratherii
1097 5094 1262 5151 libros
1309 5095 1683 5166 complectitur
1729 5095 2021 5165 inscriptos

439 5180 811 5242 Meditationes
851 5186 1046 5251 cordis,
1084 5195 1214 5250 etc.,
1244 5201 1337 5242 seu
1368 5184 1692 5257 Prmloquia,
1726 5201 1849 5240 cum
1888 5186 2020 5242 dua-

441 5273 544 5327 bus
568 5274 831 5344 epistolis,
869 5292 976 5333 una
1003 5277 1069 5333 ad
1093 5276 1378 5333 Widonem
1403 5286 1458 5333 et
1485 5276 1814 5343 Sobbonem,
1844 5276 2015 5333 altera

543 5364 583 5378 ἢ

2126 4735 2451 4790 Muratorius
2501 4743 2631 4790 tom.
2679 4732 2724 4786 II
2756 4730 2940 4800 Antiq.
2972 4728 3181 4795 ltalic.,
3236 4725 3339 4783 col.
3379 4723 3536 4778 l28I.
3586 4719 3701 4776 Hoc

2124 4845 2255 4886 vero
2301 4845 2436 4900 opus
2483 4830 2756 4900 scripturn-
2790 4826 2957 4883 I‘uisse
3006 4826 3283 4897 aliquanto
3328 4830 3451 4894 post
3500 4832 3701 4875 annum

2126 4920 2252 4987 940,
2284 4935 2392 4990 quo
2420 4926 2610 4974 auctor
2636 4918 2705 4973 ab
2746 4917 2939 4973 exsilio
2959 4915 3207 4972 Comensi
3248 4914 3456 4971 solutus
3484 4911 3539 4965 in
3569 4908 3705 4963 Pro-

2126 5011 2357 5066 vinciam
2404 5010 2646 5070 secessit,
2677 4992 2884 5080 patebit
2908 5025 2976 5064 ex
3004 5006 3244 5063 dicendis
3289 5007 3344 5061 in
3388 5002 3510 5058 Vita
3554 4996 3700 5072 ejus-

2124 5105 2270 5169 dem,
2299 5103 2327 5176 §
2352 5102 2404 5158 6.

2195 5194 2313 5249 XX.
2346 5191 2831 5264 Clironographiam
2860 5189 3091 5244 Ratherii
3108 5229 3124 5254 ,
3171 5204 3279 5258 qua
3305 5195 3420 5242 tum
3446 5200 3506 5241 se
3526 5224 3541 5249 ,
3587 5191 3702 5238 tum

2123 5286 2259 5343 alios
2283 5286 2658 5358 perstringens
2684 5281 2824 5356 [xv],
2854 5283 3116 5338 intactum
3138 5280 3382 5336 deseruit
3408 5279 3701 5344 neminem,
