  <div class='ocr_page' id='page_1' title='image "/cluster/home/n/w/nwhite01/storage/ocr_20150623/136/hvd.32044015471766/016.png"; bbox 0 0 4038 5388; ppageno 0'>
   <div class='ocr_carea' id='block_1_1' title="bbox 228 272 3491 341">
    <p class='ocr_par' dir='ltr' id='par_1_1' title="bbox 228 272 3491 341">
     <span class='ocr_line' id='line_1_1' title="bbox 228 272 3491 341; baseline -0.004 0"><span class='ocrx_word' id='word_1_1' title='bbox 228 286 284 341; x_wconf 74' lang='grc'><strong>21</strong></span> <span class='ocrx_word' id='word_1_2' title='bbox 1128 273 1665 335; x_wconf 76' lang='lat' dir='ltr'><strong>PROLEGOMENA.</strong></span> <span class='ocrx_word' id='word_1_3' title='bbox 1707 303 1776 313; x_wconf 96' lang='lat'><strong>—</strong></span> <span class='ocrx_word' id='word_1_4' title='bbox 1815 272 2186 329; x_wconf 60' lang='lat' dir='ltr'><strong>PRIEFATIO</strong></span> <span class='ocrx_word' id='word_1_5' title='bbox 2226 272 2591 330; x_wconf 74' lang='lat' dir='ltr'><strong>BALLEBIN.</strong></span> <span class='ocrx_word' id='word_1_6' title='bbox 3417 274 3491 329; x_wconf 59' lang='lat'><strong>23</strong></span> 
     </span>
    </p>
   </div>
   <div class='ocr_carea' id='block_1_2' title="bbox 228 385 3491 463">
    <p class='ocr_par' dir='ltr' id='par_1_2' title="bbox 228 385 3491 463">
     <span class='ocr_line' id='line_1_2' title="bbox 228 385 3491 463; baseline -0.003 -10"><span class='ocrx_word' id='word_1_7' title='bbox 228 397 543 453; x_wconf 94' lang='lat' dir='ltr'><strong>illustribus.</strong></span> <span class='ocrx_word' id='word_1_8' title='bbox 587 394 787 449; x_wconf 86' lang='lat' dir='ltr'><strong>Verum</strong></span> <span class='ocrx_word' id='word_1_9' title='bbox 832 407 896 448; x_wconf 90' lang='lat' dir='ltr'><strong>ea</strong></span> <span class='ocrx_word' id='word_1_10' title='bbox 924 406 1137 463; x_wconf 88' lang='lat' dir='ltr'><strong>quoque</strong></span> <span class='ocrx_word' id='word_1_11' title='bbox 1183 389 1509 447; x_wconf 78' lang='lat' dir='ltr'><strong>bibliotheca</strong></span> <span class='ocrx_word' id='word_1_12' title='bbox 1556 385 1805 441; x_wconf 84' lang='lat' dir='ltr'><strong>incendio</strong></span> <span class='ocrx_word' id='word_1_13' title='bbox 1834 394 1879 448; x_wconf 74' lang='grc' dir='ltr'><strong>Α</strong></span> <span class='ocrx_word' id='word_1_14' title='bbox 1912 390 1984 444; x_wconf 92' lang='lat' dir='ltr'><strong>De</strong></span> <span class='ocrx_word' id='word_1_15' title='bbox 2032 404 2259 459; x_wconf 88' lang='lat' dir='ltr'><strong>corpore</strong></span> <span class='ocrx_word' id='word_1_16' title='bbox 2316 398 2371 443; x_wconf 91' lang='lat' dir='ltr'><strong>et</strong></span> <span class='ocrx_word' id='word_1_17' title='bbox 2413 388 2676 460; x_wconf 79' lang='lat' dir='ltr'><strong>sanguine</strong></span> <span class='ocrx_word' id='word_1_18' title='bbox 2706 385 2940 451; x_wconf 82' lang='lat' dir='ltr'><strong>Domini,</strong></span> <span class='ocrx_word' id='word_1_19' title='bbox 2984 401 3082 441; x_wconf 89' lang='lat' dir='ltr'><strong>nec</strong></span> <span class='ocrx_word' id='word_1_20' title='bbox 3110 400 3214 441; x_wconf 91' lang='lat' dir='ltr'><strong>non</strong></span> <span class='ocrx_word' id='word_1_21' title='bbox 3242 385 3385 442; x_wconf 84' lang='lat' dir='ltr'><strong>aliud</strong></span> <span class='ocrx_word' id='word_1_22' title='bbox 3418 388 3491 444; x_wconf 89' lang='lat' dir='ltr'><strong>De</strong></span> 
     </span>
    </p>
   </div>
   <div class='ocr_carea' id='block_1_3' title="bbox 226 473 3492 555">
    <p class='ocr_par' dir='ltr' id='par_1_3' title="bbox 226 473 3492 555">
     <span class='ocr_line' id='line_1_3' title="bbox 226 473 3492 555; baseline -0.005 -16"><span class='ocrx_word' id='word_1_23' title='bbox 226 482 545 555; x_wconf 78' lang='lat' dir='ltr'><strong>consumpta</strong></span> <span class='ocrx_word' id='word_1_24' title='bbox 597 484 755 553; x_wconf 88' lang='lat' dir='ltr'><strong>hujus</strong></span> <span class='ocrx_word' id='word_1_25' title='bbox 800 481 1031 552; x_wconf 78' lang='lat' dir='ltr'><strong>exempli</strong></span> <span class='ocrx_word' id='word_1_26' title='bbox 1082 477 1411 536; x_wconf 74' lang='lat' dir='ltr'><strong>desiderium</strong></span> <span class='ocrx_word' id='word_1_27' title='bbox 1462 474 1697 547; x_wconf 87' lang='lat' dir='ltr'><strong>reliquit.</strong></span> <span class='ocrx_word' id='word_1_28' title='bbox 1748 473 1802 527; x_wconf 88' lang='lat' dir='ltr'><strong>In</strong></span> <span class='ocrx_word' id='word_1_29' title='bbox 1911 481 2385 552; x_wconf 64' lang='lat' dir='ltr'><strong>pragdcstinatione</strong></span> <span class='ocrx_word' id='word_1_30' title='bbox 2433 481 2550 536; x_wconf 74' lang='lat' dir='ltr'><strong>Dei,</strong></span> <span class='ocrx_word' id='word_1_31' title='bbox 2601 479 2707 536; x_wconf 78' lang='lat' dir='ltr'><strong>Sed</strong></span> <span class='ocrx_word' id='word_1_32' title='bbox 2744 498 2761 532; x_wconf 77' lang='grc' dir='ltr'>ι</span> <span class='ocrx_word' id='word_1_33' title='bbox 2808 494 3017 547; x_wconf 60' lang='grc' dir='ltr'><strong>νει-εον,</strong></span> <span class='ocrx_word' id='word_1_34' title='bbox 3048 479 3222 549; x_wconf 67' lang='lat' dir='ltr'><strong>inquit</strong></span> <span class='ocrx_word' id='word_1_35' title='bbox 3250 478 3492 536; x_wconf 75' lang='lat' dir='ltr'><strong>Mabillo-</strong></span> 
     </span>
    </p>
   </div>
   <div class='ocr_carea' id='block_1_4' title="bbox 227 564 3491 644">
    <p class='ocr_par' dir='ltr' id='par_1_4' title="bbox 227 564 3491 644">
     <span class='ocr_line' id='line_1_4' title="bbox 227 564 3491 644; baseline -0.002 -14"><span class='ocrx_word' id='word_1_36' title='bbox 227 578 414 631; x_wconf 88' lang='lat' dir='ltr'><strong>itinere</strong></span> <span class='ocrx_word' id='word_1_37' title='bbox 444 574 665 644; x_wconf 79' lang='lat' dir='ltr'><strong>quidem</strong></span> <span class='ocrx_word' id='word_1_38' title='bbox 714 572 982 628; x_wconf 80' lang='lat' dir='ltr'><strong>litterario</strong></span> <span class='ocrx_word' id='word_1_39' title='bbox 1027 570 1171 641; x_wconf 86' lang='lat' dir='ltr'><strong>quod</strong></span> <span class='ocrx_word' id='word_1_40' title='bbox 1201 585 1231 624; x_wconf 88' lang='lat' dir='ltr'><strong>a</strong></span> <span class='ocrx_word' id='word_1_41' title='bbox 1277 567 1489 623; x_wconf 88' lang='lat' dir='ltr'><strong>duobus</strong></span> <span class='ocrx_word' id='word_1_42' title='bbox 1528 564 1807 619; x_wconf 89' lang='lat' dir='ltr'><strong>monachis</strong></span> <span class='ocrx_word' id='word_1_43' title='bbox 1912 575 2055 635; x_wconf 64' lang='lat' dir='ltr'><strong>nius,</strong></span> <span class='ocrx_word' id='word_1_44' title='bbox 2101 582 2159 628; x_wconf 85' lang='grc' dir='ltr'><strong>υι</strong></span> <span class='ocrx_word' id='word_1_45' title='bbox 2207 574 2489 629; x_wconf 73' lang='lat' dir='ltr'><strong>Ratramni</strong></span> <span class='ocrx_word' id='word_1_46' title='bbox 2535 573 2703 629; x_wconf 87' lang='lat' dir='ltr'><strong>libros</strong></span> <span class='ocrx_word' id='word_1_47' title='bbox 2749 572 3010 628; x_wconf 85' lang='lat' dir='ltr'><strong>Ratherio</strong></span> <span class='ocrx_word' id='word_1_48' title='bbox 3062 570 3290 641; x_wconf 82' lang='lat' dir='ltr'><strong>imputet</strong></span> <span class='ocrx_word' id='word_1_49' title='bbox 3340 570 3491 641; x_wconf 80' lang='lat' dir='ltr'><strong>(Act.</strong></span> 
     </span>
    </p>
   </div>
   <div class='ocr_carea' id='block_1_5' title="bbox 228 655 1823 734">
    <p class='ocr_par' dir='ltr' id='par_1_5' title="bbox 228 655 1807 728">
     <span class='ocr_line' id='line_1_5' title="bbox 228 655 1807 728; baseline -0.009 -7"><span class='ocrx_word' id='word_1_50' title='bbox 228 667 284 722; x_wconf 88' lang='lat' dir='ltr'><strong>S.</strong></span> <span class='ocrx_word' id='word_1_51' title='bbox 314 664 487 719; x_wconf 73' lang='lat' dir='ltr'><strong>Mauri</strong></span> <span class='ocrx_word' id='word_1_52' title='bbox 536 665 815 728; x_wconf 90' lang='lat' dir='ltr'><strong>habitum,</strong></span> <span class='ocrx_word' id='word_1_53' title='bbox 860 660 1085 718; x_wconf 87' lang='lat' dir='ltr'><strong>Parisiis</strong></span> <span class='ocrx_word' id='word_1_54' title='bbox 1131 661 1334 715; x_wconf 90' lang='lat' dir='ltr'><strong>editum</strong></span> <span class='ocrx_word' id='word_1_55' title='bbox 1365 667 1448 715; x_wconf 90' lang='lat' dir='ltr'><strong>est</strong></span> <span class='ocrx_word' id='word_1_56' title='bbox 1473 672 1615 711; x_wconf 92' lang='lat' dir='ltr'><strong>anno</strong></span> <span class='ocrx_word' id='word_1_57' title='bbox 1644 655 1807 720; x_wconf 84' lang='lat' dir='ltr'><strong>I7l7,</strong></span> 
     </span>
    </p>
   </div>
   <div class='ocr_carea' id='block_1_6' title="bbox 1908 655 3503 734">
    <p class='ocr_par' dir='ltr' id='par_1_6' title="bbox 1914 662 3503 734">
     <span class='ocr_line' id='line_1_6' title="bbox 1914 662 3503 734; baseline -0.003 -12"><span class='ocrx_word' id='word_1_58' title='bbox 1914 666 2017 723; x_wconf 89' lang='lat' dir='ltr'><strong>SS.</strong></span> <span class='ocrx_word' id='word_1_59' title='bbox 2051 666 2182 722; x_wconf 87' lang='lat' dir='ltr'><strong>0rd.</strong></span> <span class='ocrx_word' id='word_1_60' title='bbox 2216 666 2410 721; x_wconf 83' lang='lat' dir='ltr'><strong>Bened.</strong></span> <span class='ocrx_word' id='word_1_61' title='bbox 2460 666 2599 721; x_wconf 60' lang='lat' dir='ltr'><strong>Sate.</strong></span> <span class='ocrx_word' id='word_1_62' title='bbox 2641 664 2706 731; x_wconf 83' lang='lat' dir='ltr'><strong>V,</strong></span> <span class='ocrx_word' id='word_1_63' title='bbox 2741 665 2794 719; x_wconf 89' lang='lat' dir='ltr'><strong>in</strong></span> <span class='ocrx_word' id='word_1_64' title='bbox 2824 663 3105 729; x_wconf 80' lang='lat' dir='ltr'><strong>Ratherio,</strong></span> <span class='ocrx_word' id='word_1_65' title='bbox 3136 678 3191 718; x_wconf 93' lang='lat' dir='ltr'><strong>n.</strong></span> <span class='ocrx_word' id='word_1_66' title='bbox 3224 662 3338 734; x_wconf 62' lang='grc' dir='ltr'><strong>ω).</strong></span> <span class='ocrx_word' id='word_1_67' title='bbox 3378 682 3396 715; x_wconf 74' lang='grc' dir='ltr'><strong><em>ι</em></strong></span> <span class='ocrx_word' id='word_1_68' title='bbox 3428 664 3503 718; x_wconf 74' lang='lat' dir='ltr'><strong>Et</strong></span> 
     </span>
    </p>
   </div>
   <div class='ocr_carea' id='block_1_7' title="bbox 226 746 3497 832">
    <p class='ocr_par' dir='ltr' id='par_1_7' title="bbox 226 746 3497 832">
     <span class='ocr_line' id='line_1_7' title="bbox 226 746 3497 832; baseline -0.005 -20"><span class='ocrx_word' id='word_1_69' title='bbox 226 770 345 812; x_wconf 89' lang='lat' dir='ltr'><strong>cum</strong></span> <span class='ocrx_word' id='word_1_70' title='bbox 387 762 517 825; x_wconf 89' lang='lat' dir='ltr'><strong>post</strong></span> <span class='ocrx_word' id='word_1_71' title='bbox 562 754 895 809; x_wconf 87' lang='lat' dir='ltr'><strong>mentionem</strong></span> <span class='ocrx_word' id='word_1_72' title='bbox 939 751 1054 821; x_wconf 87' lang='lat' dir='ltr'><strong>ejus</strong></span> <span class='ocrx_word' id='word_1_73' title='bbox 1102 749 1334 806; x_wconf 87' lang='lat' dir='ltr'><strong>incendii</strong></span> <span class='ocrx_word' id='word_1_74' title='bbox 1386 749 1530 820; x_wconf 88' lang='lat' dir='ltr'><strong>quod</strong></span> <span class='ocrx_word' id='word_1_75' title='bbox 1587 746 1809 819; x_wconf 81' lang='lat' dir='ltr'><strong>triginta</strong></span> <span class='ocrx_word' id='word_1_76' title='bbox 1908 761 2031 832; x_wconf 57' lang='lat' dir='ltr'><strong>iure</strong></span> <span class='ocrx_word' id='word_1_77' title='bbox 2058 760 2297 831; x_wconf 60' lang='lat' dir='ltr'><strong>quidem,</strong></span> <span class='ocrx_word' id='word_1_78' title='bbox 2331 758 2465 815; x_wconf 76' lang='lat' dir='ltr'><strong>Cum</strong></span> <span class='ocrx_word' id='word_1_79' title='bbox 2492 758 2635 813; x_wconf 70' lang='lat' dir='ltr'><strong>enim</strong></span> <span class='ocrx_word' id='word_1_80' title='bbox 2667 758 2783 813; x_wconf 68' lang='grc' dir='ltr'><strong>ιηεο</strong></span> <span class='ocrx_word' id='word_1_81' title='bbox 2810 756 2917 812; x_wconf 72' lang='lat' dir='ltr'><strong>duo</strong></span> <span class='ocrx_word' id='word_1_82' title='bbox 2944 755 3185 827; x_wconf 67' lang='lat' dir='ltr'><strong>ejusdem</strong></span> <span class='ocrx_word' id='word_1_83' title='bbox 3212 770 3497 828; x_wconf 65' lang='grc' dir='ltr'><strong>πευιηθη-</strong></span> 
     </span>
    </p>
   </div>
   <div class='ocr_carea' id='block_1_8' title="bbox 226 839 3498 925">
    <p class='ocr_par' dir='ltr' id='par_1_8' title="bbox 226 839 3498 925">
     <span class='ocr_line' id='line_1_8' title="bbox 226 839 3498 925; baseline -0.004 -11"><span class='ocrx_word' id='word_1_84' title='bbox 226 856 346 902; x_wconf 68' lang='grc' dir='ltr'><strong>εηῑε</strong></span> <span class='ocrx_word' id='word_1_85' title='bbox 370 861 546 902; x_wconf 73' lang='grc'><strong>³0008</strong></span> <span class='ocrx_word' id='word_1_86' title='bbox 576 860 697 901; x_wconf 68' lang='lat' dir='ltr'><strong>eam</strong></span> <span class='ocrx_word' id='word_1_87' title='bbox 726 844 1109 901; x_wconf 65' lang='lat' dir='ltr'><strong>bib&#39;iomecam</strong></span> <span class='ocrx_word' id='word_1_88' title='bbox 1140 845 1536 915; x_wconf 54' lang='lat' dir='ltr'><strong>absumpserat:</strong></span> <span class='ocrx_word' id='word_1_89' title='bbox 1563 839 1808 912; x_wconf 69' lang='grc' dir='ltr'><strong>ηυωάεηι</strong></span> <span class='ocrx_word' id='word_1_90' title='bbox 1919 854 1956 909; x_wconf 90' lang='lat' dir='ltr'><strong>li</strong></span> <span class='ocrx_word' id='word_1_91' title='bbox 1992 868 2156 925; x_wconf 86' lang='lat' dir='ltr'><strong>opera</strong></span> <span class='ocrx_word' id='word_1_92' title='bbox 2190 850 2470 905; x_wconf 79' lang='lat' dir='ltr'><strong>Ratramni</strong></span> <span class='ocrx_word' id='word_1_93' title='bbox 2516 858 2662 906; x_wconf 85' lang='lat' dir='ltr'><strong>certa</strong></span> <span class='ocrx_word' id='word_1_94' title='bbox 2692 858 2847 916; x_wconf 90' lang='lat' dir='ltr'><strong>sunt;</strong></span> <span class='ocrx_word' id='word_1_95' title='bbox 2883 856 2999 904; x_wconf 89' lang='lat' dir='ltr'><strong>tum</strong></span> <span class='ocrx_word' id='word_1_96' title='bbox 3031 863 3164 904; x_wconf 83' lang='lat' dir='ltr'><strong>vero</strong></span> <span class='ocrx_word' id='word_1_97' title='bbox 3194 848 3402 905; x_wconf 88' lang='lat' dir='ltr'><strong>nullum</strong></span> <span class='ocrx_word' id='word_1_98' title='bbox 3429 849 3498 902; x_wconf 83' lang='lat' dir='ltr'><strong>de</strong></span> 
     </span>
    </p>
   </div>
   <div class='ocr_carea' id='block_1_9' title="bbox 230 938 1825 1017">
    <p class='ocr_par' dir='ltr' id='par_1_9' title="bbox 230 938 1807 1009">
     <span class='ocr_line' id='line_1_9' title="bbox 230 938 1807 1009; baseline -0.004 -16"><span class='ocrx_word' id='word_1_99' title='bbox 230 940 467 994; x_wconf 78' lang='lat' dir='ltr'><strong>Ratherii</strong></span> <span class='ocrx_word' id='word_1_100' title='bbox 501 954 668 1009; x_wconf 84' lang='lat' dir='ltr'><strong>opera</strong></span> <span class='ocrx_word' id='word_1_101' title='bbox 699 953 764 993; x_wconf 79' lang='lat' dir='ltr'><strong>ex</strong></span> <span class='ocrx_word' id='word_1_102' title='bbox 789 953 853 994; x_wconf 90' lang='lat' dir='ltr'><strong>eo</strong></span> <span class='ocrx_word' id='word_1_103' title='bbox 877 944 1059 1008; x_wconf 89' lang='lat' dir='ltr'><strong>erepta</strong></span> <span class='ocrx_word' id='word_1_104' title='bbox 1085 938 1369 993; x_wconf 84' lang='lat' dir='ltr'><strong>tradantur</strong></span> <span class='ocrx_word' id='word_1_105' title='bbox 1390 944 1534 1006; x_wconf 89' lang='lat' dir='ltr'><strong>part.</strong></span> <span class='ocrx_word' id='word_1_106' title='bbox 1582 950 1644 1000; x_wconf 84' lang='lat' dir='ltr'><strong>Il,</strong></span> <span class='ocrx_word' id='word_1_107' title='bbox 1686 948 1807 1005; x_wconf 85' lang='lat' dir='ltr'><strong>pag.</strong></span> 
     </span>
    </p>
   </div>
   <div class='ocr_carea' id='block_1_10' title="bbox 1907 938 3502 1017">
    <p class='ocr_par' dir='ltr' id='par_1_10' title="bbox 1917 941 3502 1017">
     <span class='ocr_line' id='line_1_10' title="bbox 1917 941 3502 1017; baseline -0.003 -17"><span class='ocrx_word' id='word_1_108' title='bbox 1917 945 2048 1017; x_wconf 91' lang='lat' dir='ltr'><strong>ipsis</strong></span> <span class='ocrx_word' id='word_1_109' title='bbox 2078 943 2153 998; x_wconf 91' lang='lat' dir='ltr'><strong>uti</strong></span> <span class='ocrx_word' id='word_1_110' title='bbox 2200 959 2228 997; x_wconf 90' lang='lat' dir='ltr'><strong>a</strong></span> <span class='ocrx_word' id='word_1_111' title='bbox 2256 941 2515 998; x_wconf 80' lang='lat' dir='ltr'><strong>Ratherio</strong></span> <span class='ocrx_word' id='word_1_112' title='bbox 2554 942 2772 1013; x_wconf 83' lang='lat' dir='ltr'><strong>scriptis</strong></span> <span class='ocrx_word' id='word_1_113' title='bbox 2817 941 3075 997; x_wconf 91' lang='lat' dir='ltr'><strong>indicium</strong></span> <span class='ocrx_word' id='word_1_114' title='bbox 3102 949 3186 997; x_wconf 87' lang='lat' dir='ltr'><strong>est</strong></span> <span class='ocrx_word' id='word_1_115' title='bbox 3229 941 3371 1011; x_wconf 88' lang='lat' dir='ltr'><strong>apud</strong></span> <span class='ocrx_word' id='word_1_116' title='bbox 3413 957 3502 996; x_wconf 89' lang='lat' dir='ltr'><strong>co-</strong></span> 
     </span>
    </p>
   </div>
   <div class='ocr_carea' id='block_1_11' title="bbox 229 1029 3511 1106">
    <p class='ocr_par' dir='ltr' id='par_1_11' title="bbox 229 1029 3511 1106">
     <span class='ocr_line' id='line_1_11' title="bbox 229 1029 3511 1106; baseline -0.004 -9"><span class='ocrx_word' id='word_1_117' title='bbox 229 1031 349 1097; x_wconf 60' lang='grc' dir='ltr'><strong>ἳθὲ»</strong></span> <span class='ocrx_word' id='word_1_118' title='bbox 398 1048 469 1087; x_wconf 81' lang='lat' dir='ltr'><strong>ne</strong></span> <span class='ocrx_word' id='word_1_119' title='bbox 521 1032 610 1087; x_wconf 72' lang='grc' dir='ltr'><strong>ευί</strong></span> <span class='ocrx_word' id='word_1_120' title='bbox 642 1031 930 1102; x_wconf 58' lang='lat' dir='ltr'><strong>diligentia?</strong></span> <span class='ocrx_word' id='word_1_121' title='bbox 974 1046 1355 1102; x_wconf 69' lang='lat' dir='ltr'><strong>Parcercmus.</strong></span> <span class='ocrx_word' id='word_1_122' title='bbox 1404 1029 1814 1095; x_wconf 70' lang='lat' dir='ltr'><strong>Gemblacensis</strong></span> <span class='ocrx_word' id='word_1_123' title='bbox 1916 1051 2089 1092; x_wconf 64' lang='lat' dir='ltr'><strong>aevum</strong></span> <span class='ocrx_word' id='word_1_124' title='bbox 2114 1036 2433 1106; x_wconf 87' lang='lat' dir='ltr'><strong>scriptorem</strong></span> <span class='ocrx_word' id='word_1_125' title='bbox 2454 1034 2903 1104; x_wconf 89' lang='lat' dir='ltr'><strong>Fulcuinum,qui</strong></span> <span class='ocrx_word' id='word_1_126' title='bbox 2932 1033 2983 1088; x_wconf 91' lang='lat' dir='ltr'><strong>in</strong></span> <span class='ocrx_word' id='word_1_127' title='bbox 3011 1032 3257 1104; x_wconf 85' lang='lat' dir='ltr'><strong>catalogo</strong></span> <span class='ocrx_word' id='word_1_128' title='bbox 3274 1047 3511 1104; x_wconf 75' lang='lat' dir='ltr'><strong>operum</strong></span> 
     </span>
    </p>
   </div>
   <div class='ocr_carea' id='block_1_12' title="bbox 229 1119 3505 1194">
    <p class='ocr_par' dir='ltr' id='par_1_12' title="bbox 229 1119 3505 1194">
     <span class='ocr_line' id='line_1_12' title="bbox 229 1119 3505 1194; baseline -0.001 -16"><span class='ocrx_word' id='word_1_129' title='bbox 229 1123 456 1178; x_wconf 80' lang='lat' dir='ltr'><strong>etenobii</strong></span> <span class='ocrx_word' id='word_1_130' title='bbox 491 1136 839 1177; x_wconf 71' lang='lat' dir='ltr'><strong>meonomum</strong></span> <span class='ocrx_word' id='word_1_131' title='bbox 891 1122 1191 1192; x_wconf 86' lang='lat' dir='ltr'><strong>rogandum</strong></span> <span class='ocrx_word' id='word_1_132' title='bbox 1240 1121 1550 1175; x_wconf 80' lang='lat' dir='ltr'><strong>curavimus</strong></span> <span class='ocrx_word' id='word_1_133' title='bbox 1581 1128 1640 1173; x_wconf 89' lang='lat' dir='ltr'><strong>ut</strong></span> <span class='ocrx_word' id='word_1_134' title='bbox 1669 1119 1815 1173; x_wconf 79' lang='lat' dir='ltr'><strong>vide-</strong></span> <span class='ocrx_word' id='word_1_135' title='bbox 1919 1126 2162 1181; x_wconf 84' lang='lat' dir='ltr'><strong>Ratherii</strong></span> <span class='ocrx_word' id='word_1_136' title='bbox 2190 1125 2294 1181; x_wconf 88' lang='lat' dir='ltr'><strong>alia</strong></span> <span class='ocrx_word' id='word_1_137' title='bbox 2325 1124 2597 1180; x_wconf 88' lang='lat' dir='ltr'><strong>inferioris</strong></span> <span class='ocrx_word' id='word_1_138' title='bbox 2625 1133 2766 1180; x_wconf 83' lang='lat' dir='ltr'><strong>notae</strong></span> <span class='ocrx_word' id='word_1_139' title='bbox 2794 1123 3033 1192; x_wconf 83' lang='lat' dir='ltr'><strong>ejusdem</strong></span> <span class='ocrx_word' id='word_1_140' title='bbox 3078 1123 3338 1194; x_wconf 90' lang='lat' dir='ltr'><strong>opuscula</strong></span> <span class='ocrx_word' id='word_1_141' title='bbox 3386 1139 3471 1177; x_wconf 90' lang='lat' dir='ltr'><strong>me</strong></span> <span class='ocrx_word' id='word_1_142' title='bbox 3500 1153 3505 1158; x_wconf 61' lang='grc' dir='ltr'><strong>ς</strong></span> 
     </span>
    </p>
   </div>
   <div class='ocr_carea' id='block_1_13' title="bbox 233 1209 1828 1285">
    <p class='ocr_par' dir='ltr' id='par_1_13' title="bbox 233 1209 1816 1283">
     <span class='ocr_line' id='line_1_13' title="bbox 233 1209 1816 1283; baseline -0.001 -16"><span class='ocrx_word' id='word_1_143' title='bbox 233 1222 308 1268; x_wconf 83' lang='lat' dir='ltr'><strong>ret</strong></span> <span class='ocrx_word' id='word_1_144' title='bbox 330 1228 461 1267; x_wconf 87' lang='lat' dir='ltr'><strong>num</strong></span> <span class='ocrx_word' id='word_1_145' title='bbox 506 1213 624 1267; x_wconf 76' lang='lat' dir='ltr'><strong>hzec</strong></span> <span class='ocrx_word' id='word_1_146' title='bbox 676 1209 816 1267; x_wconf 89' lang='lat' dir='ltr'><strong>forte</strong></span> <span class='ocrx_word' id='word_1_147' title='bbox 862 1209 1308 1283; x_wconf 87' lang='lat' dir='ltr'><strong>Chronographia</strong></span> <span class='ocrx_word' id='word_1_148' title='bbox 1357 1210 1498 1265; x_wconf 92' lang='lat' dir='ltr'><strong>inter</strong></span> <span class='ocrx_word' id='word_1_149' title='bbox 1544 1211 1816 1265; x_wconf 88' lang='lat' dir='ltr'><strong>codicese</strong></span> 
     </span>
    </p>
   </div>
   <div class='ocr_carea' id='block_1_14' title="bbox 1909 1209 3504 1285">
    <p class='ocr_par' dir='ltr' id='par_1_14' title="bbox 1921 1213 3504 1285">
     <span class='ocr_line' id='line_1_14' title="bbox 1921 1213 3504 1285; baseline -0.005 -10"><span class='ocrx_word' id='word_1_150' title='bbox 1921 1228 2115 1275; x_wconf 90' lang='lat' dir='ltr'><strong>morat.</strong></span> <span class='ocrx_word' id='word_1_151' title='bbox 2146 1218 2275 1273; x_wconf 82' lang='lat' dir='ltr'><strong>Esto</strong></span> <span class='ocrx_word' id='word_1_152' title='bbox 2305 1216 2561 1273; x_wconf 89' lang='lat' dir='ltr'><strong>nonnulla</strong></span> <span class='ocrx_word' id='word_1_153' title='bbox 2591 1216 2834 1285; x_wconf 73' lang='lat' dir='ltr'><strong>mundam</strong></span> <span class='ocrx_word' id='word_1_154' title='bbox 2858 1214 3109 1271; x_wconf 83' lang='lat' dir='ltr'><strong>breviora</strong></span> <span class='ocrx_word' id='word_1_155' title='bbox 3136 1213 3504 1285; x_wconf 70' lang='lat' dir='ltr'><strong>praetermise-</strong></span> 
     </span>
    </p>
   </div>
   <div class='ocr_carea' id='block_1_15' title="bbox 230 1302 1825 1376">
    <p class='ocr_par' dir='ltr' id='par_1_15' title="bbox 230 1302 1817 1374">
     <span class='ocr_line' id='line_1_15' title="bbox 230 1302 1817 1374; baseline -0.001 -14"><span class='ocrx_word' id='word_1_156' title='bbox 230 1305 457 1360; x_wconf 71' lang='lat' dir='ltr'><strong>ﬂammis</strong></span> <span class='ocrx_word' id='word_1_157' title='bbox 507 1305 753 1361; x_wconf 85' lang='lat' dir='ltr'><strong>sublatos</strong></span> <span class='ocrx_word' id='word_1_158' title='bbox 800 1304 1150 1374; x_wconf 82' lang='lat' dir='ltr'><strong>reperiretur.</strong></span> <span class='ocrx_word' id='word_1_159' title='bbox 1212 1302 1507 1373; x_wconf 57' lang='lat' dir='ltr'><strong>Rcspr-ndit</strong></span> <span class='ocrx_word' id='word_1_160' title='bbox 1552 1319 1681 1359; x_wconf 89' lang='lat' dir='ltr'><strong>vero</strong></span> <span class='ocrx_word' id='word_1_161' title='bbox 1729 1304 1817 1358; x_wconf 88' lang='lat' dir='ltr'><strong>die</strong></span> 
     </span>
    </p>
   </div>
   <div class='ocr_carea' id='block_1_16' title="bbox 1909 1302 3504 1376">
    <p class='ocr_par' dir='ltr' id='par_1_16' title="bbox 1920 1302 3504 1376">
     <span class='ocr_line' id='line_1_16' title="bbox 1920 1302 3504 1376; baseline -0.006 -10"><span class='ocrx_word' id='word_1_162' title='bbox 1920 1311 2013 1375; x_wconf 87' lang='lat' dir='ltr'><strong>rit,</strong></span> <span class='ocrx_word' id='word_1_163' title='bbox 2062 1326 2123 1366; x_wconf 89' lang='lat' dir='ltr'><strong>ea</strong></span> <span class='ocrx_word' id='word_1_164' title='bbox 2176 1318 2353 1364; x_wconf 91' lang='lat' dir='ltr'><strong>tamen</strong></span> <span class='ocrx_word' id='word_1_165' title='bbox 2386 1306 2519 1361; x_wconf 89' lang='lat' dir='ltr'><strong>satis</strong></span> <span class='ocrx_word' id='word_1_166' title='bbox 2564 1305 2876 1376; x_wconf 82' lang='lat' dir='ltr'><strong>complexus</strong></span> <span class='ocrx_word' id='word_1_167' title='bbox 2925 1304 3008 1359; x_wconf 88' lang='lat' dir='ltr'><strong>vel</strong></span> <span class='ocrx_word' id='word_1_168' title='bbox 3039 1305 3090 1359; x_wconf 95' lang='lat' dir='ltr'><strong>in</strong></span> <span class='ocrx_word' id='word_1_169' title='bbox 3142 1302 3405 1375; x_wconf 87' lang='lat' dir='ltr'><strong>epistolis,</strong></span> <span class='ocrx_word' id='word_1_170' title='bbox 3452 1303 3504 1356; x_wconf 91' lang='lat' dir='ltr'><strong>in</strong></span> 
     </span>
    </p>
   </div>
   <div class='ocr_carea' id='block_1_17' title="bbox 232 1393 3505 1474">
    <p class='ocr_par' dir='ltr' id='par_1_17' title="bbox 232 1393 3505 1474">
     <span class='ocr_line' id='line_1_17' title="bbox 232 1393 3505 1474; baseline -0.006 -23"><span class='ocrx_word' id='word_1_171' title='bbox 232 1397 298 1451; x_wconf 73' lang='lat'><strong>20</strong></span> <span class='ocrx_word' id='word_1_172' title='bbox 325 1395 509 1451; x_wconf 82' lang='lat' dir='ltr'><strong>Martii</strong></span> <span class='ocrx_word' id='word_1_173' title='bbox 559 1396 689 1451; x_wconf 84' lang='lat' dir='ltr'><strong>anni</strong></span> <span class='ocrx_word' id='word_1_174' title='bbox 721 1395 847 1450; x_wconf 78' lang='grc'><strong>1761</strong></span> <span class='ocrx_word' id='word_1_175' title='bbox 887 1395 1019 1449; x_wconf 86' lang='lat' dir='ltr'><strong>nihil</strong></span> <span class='ocrx_word' id='word_1_176' title='bbox 1049 1395 1312 1465; x_wconf 85' lang='lat' dir='ltr'><strong>ejusmodi</strong></span> <span class='ocrx_word' id='word_1_177' title='bbox 1354 1394 1582 1451; x_wconf 82' lang='lat' dir='ltr'><strong>inveniri</strong></span> <span class='ocrx_word' id='word_1_178' title='bbox 1614 1393 1816 1463; x_wconf 86' lang='lat' dir='ltr'><strong>potuis-</strong></span> <span class='ocrx_word' id='word_1_179' title='bbox 1921 1404 2117 1474; x_wconf 71' lang='lat' dir='ltr'><strong>quibus</strong></span> <span class='ocrx_word' id='word_1_180' title='bbox 2152 1415 2256 1455; x_wconf 69' lang='lat' dir='ltr'><strong>una</strong></span> <span class='ocrx_word' id='word_1_181' title='bbox 2294 1398 2361 1454; x_wconf 72' lang='lat' dir='ltr'><strong>ad</strong></span> <span class='ocrx_word' id='word_1_182' title='bbox 2399 1398 2673 1452; x_wconf 63' lang='lat' dir='ltr'><strong>panicum</strong></span> <span class='ocrx_word' id='word_1_183' title='bbox 2716 1396 2782 1451; x_wconf 74' lang='lat' dir='ltr'><strong>de</strong></span> <span class='ocrx_word' id='word_1_184' title='bbox 2822 1395 3163 1450; x_wconf 65' lang='lat' dir='ltr'><strong>Eucharisua</strong></span> <span class='ocrx_word' id='word_1_185' title='bbox 3208 1410 3274 1449; x_wconf 62' lang='lat' dir='ltr'><strong>ex</strong></span> <span class='ocrx_word' id='word_1_186' title='bbox 3305 1406 3505 1462; x_wconf 66' lang='grc' dir='ltr'><strong>ριαορο-</strong></span> 
     </span>
    </p>
   </div>
   <div class='ocr_carea' id='block_1_18' title="bbox 234 1483 1829 1559">
    <p class='ocr_par' dir='ltr' id='par_1_18' title="bbox 234 1483 1817 1559">
     <span class='ocr_line' id='line_1_18' title="bbox 234 1483 1817 1559; baseline -0.002 -18"><span class='ocrx_word' id='word_1_187' title='bbox 234 1502 306 1541; x_wconf 83' lang='lat' dir='ltr'><strong>se.</strong></span> <span class='ocrx_word' id='word_1_188' title='bbox 355 1485 588 1552; x_wconf 84' lang='lat' dir='ltr'><strong>Quidam</strong></span> <span class='ocrx_word' id='word_1_189' title='bbox 620 1486 881 1555; x_wconf 85' lang='lat' dir='ltr'><strong>suspicati</strong></span> <span class='ocrx_word' id='word_1_190' title='bbox 927 1493 1055 1539; x_wconf 88' lang='lat' dir='ltr'><strong>sunt</strong></span> <span class='ocrx_word' id='word_1_191' title='bbox 1102 1485 1245 1539; x_wconf 83' lang='lat' dir='ltr'><strong>hanc</strong></span> <span class='ocrx_word' id='word_1_192' title='bbox 1299 1483 1543 1538; x_wconf 79' lang='lat' dir='ltr'><strong>Batherii</strong></span> <span class='ocrx_word' id='word_1_193' title='bbox 1575 1484 1817 1559; x_wconf 73' lang='lat' dir='ltr'><strong>Chrono-</strong></span> 
     </span>
    </p>
   </div>
   <div class='ocr_carea' id='block_1_19' title="bbox 1909 1483 3504 1559">
    <p class='ocr_par' dir='ltr' id='par_1_19' title="bbox 1922 1486 3504 1558">
     <span class='ocr_line' id='line_1_19' title="bbox 1922 1486 3504 1558; baseline -0.008 -8"><span class='ocrx_word' id='word_1_194' title='bbox 1922 1496 2025 1551; x_wconf 89' lang='lat' dir='ltr'><strong>sito</strong></span> <span class='ocrx_word' id='word_1_195' title='bbox 2070 1492 2307 1558; x_wconf 88' lang='lat' dir='ltr'><strong>disserit,</strong></span> <span class='ocrx_word' id='word_1_196' title='bbox 2357 1490 2443 1546; x_wconf 88' lang='lat' dir='ltr'><strong>vel</strong></span> <span class='ocrx_word' id='word_1_197' title='bbox 2492 1490 2545 1545; x_wconf 93' lang='lat' dir='ltr'><strong>in</strong></span> <span class='ocrx_word' id='word_1_198' title='bbox 2595 1490 2660 1545; x_wconf 92' lang='lat' dir='ltr'><strong>iis</strong></span> <span class='ocrx_word' id='word_1_199' title='bbox 2708 1488 2891 1545; x_wconf 87' lang='lat' dir='ltr'><strong>verbis</strong></span> <span class='ocrx_word' id='word_1_200' title='bbox 2935 1498 2983 1542; x_wconf 85' lang='lat' dir='ltr'><strong>et</strong></span> <span class='ocrx_word' id='word_1_201' title='bbox 3026 1488 3133 1541; x_wconf 87' lang='lat' dir='ltr'><strong>alia</strong></span> <span class='ocrx_word' id='word_1_202' title='bbox 3170 1486 3504 1558; x_wconf 83' lang='lat' dir='ltr'><strong>quamplura.</strong></span> 
     </span>
    </p>
   </div>
   <div class='ocr_carea' id='block_1_20' title="bbox 236 1572 1831 1657">
    <p class='ocr_par' dir='ltr' id='par_1_20' title="bbox 236 1572 1816 1649">
     <span class='ocr_line' id='line_1_20' title="bbox 236 1572 1816 1649; baseline -0.001 -20"><span class='ocrx_word' id='word_1_203' title='bbox 236 1574 510 1649; x_wconf 80' lang='lat' dir='ltr'><strong>graphiam</strong></span> <span class='ocrx_word' id='word_1_204' title='bbox 534 1588 656 1630; x_wconf 84' lang='lat' dir='ltr'><strong>esse</strong></span> <span class='ocrx_word' id='word_1_205' title='bbox 684 1572 928 1630; x_wconf 82' lang='lat' dir='ltr'><strong>fortassis</strong></span> <span class='ocrx_word' id='word_1_206' title='bbox 950 1589 1069 1629; x_wconf 89' lang='lat' dir='ltr'><strong>eam</strong></span> <span class='ocrx_word' id='word_1_207' title='bbox 1100 1573 1435 1638; x_wconf 76' lang='lat' dir='ltr'><strong>lnrectiram,</strong></span> <span class='ocrx_word' id='word_1_208' title='bbox 1462 1573 1619 1643; x_wconf 87' lang='lat' dir='ltr'><strong>cujus</strong></span> <span class='ocrx_word' id='word_1_209' title='bbox 1642 1575 1816 1643; x_wconf 87' lang='lat' dir='ltr'><strong>prima</strong></span> 
     </span>
    </p>
   </div>
   <div class='ocr_carea' id='block_1_21' title="bbox 1913 1572 3508 1657">
    <p class='ocr_par' dir='ltr' id='par_1_21' title="bbox 1922 1577 3508 1657">
     <span class='ocr_line' id='line_1_21' title="bbox 1922 1577 3508 1657; baseline -0.006 -16"><span class='ocrx_word' id='word_1_210' title='bbox 1922 1586 2173 1657; x_wconf 83' lang='lat' dir='ltr'><strong>Nunquid</strong></span> <span class='ocrx_word' id='word_1_211' title='bbox 2205 1600 2334 1640; x_wconf 90' lang='lat' dir='ltr'><strong>vero</strong></span> <span class='ocrx_word' id='word_1_212' title='bbox 2364 1598 2427 1639; x_wconf 82' lang='lat' dir='ltr'><strong>ex</strong></span> <span class='ocrx_word' id='word_1_213' title='bbox 2462 1582 2565 1638; x_wconf 90' lang='lat' dir='ltr'><strong>illis</strong></span> <span class='ocrx_word' id='word_1_214' title='bbox 2593 1583 2801 1637; x_wconf 88' lang='lat' dir='ltr'><strong>duobus</strong></span> <span class='ocrx_word' id='word_1_215' title='bbox 2846 1590 2901 1636; x_wconf 90' lang='lat' dir='ltr'><strong>et</strong></span> <span class='ocrx_word' id='word_1_216' title='bbox 2937 1579 3318 1651; x_wconf 82' lang='lat' dir='ltr'><strong>prolixioribus</strong></span> <span class='ocrx_word' id='word_1_217' title='bbox 3346 1587 3400 1633; x_wconf 93' lang='lat' dir='ltr'><strong>et</strong></span> <span class='ocrx_word' id='word_1_218' title='bbox 3427 1577 3508 1632; x_wconf 89' lang='lat' dir='ltr'><strong>in-</strong></span> 
     </span>
    </p>
   </div>
   <div class='ocr_carea' id='block_1_22' title="bbox 236 1664 1831 1750">
    <p class='ocr_par' dir='ltr' id='par_1_22' title="bbox 236 1664 1819 1738">
     <span class='ocr_line' id='line_1_22' title="bbox 236 1664 1819 1738; baseline -0.001 -17"><span class='ocrx_word' id='word_1_219' title='bbox 236 1666 485 1738; x_wconf 87' lang='lat' dir='ltr'><strong>periodus</strong></span> <span class='ocrx_word' id='word_1_220' title='bbox 516 1666 972 1737; x_wconf 76' lang='lat' dir='ltr'><strong>chronographum</strong></span> <span class='ocrx_word' id='word_1_221' title='bbox 1009 1666 1272 1721; x_wconf 87' lang='lat' dir='ltr'><strong>nominat.</strong></span> <span class='ocrx_word' id='word_1_222' title='bbox 1304 1665 1408 1720; x_wconf 83' lang='lat' dir='ltr'><strong>Sed</strong></span> <span class='ocrx_word' id='word_1_223' title='bbox 1458 1664 1495 1720; x_wconf 92' lang='lat' dir='ltr'><strong>ii</strong></span> <span class='ocrx_word' id='word_1_224' title='bbox 1528 1681 1692 1719; x_wconf 93' lang='lat' dir='ltr'><strong>unum</strong></span> <span class='ocrx_word' id='word_1_225' title='bbox 1727 1664 1819 1719; x_wconf 87' lang='lat' dir='ltr'><strong>fn-</strong></span> 
     </span>
    </p>
   </div>
   <div class='ocr_carea' id='block_1_23' title="bbox 1915 1664 3510 1750">
    <p class='ocr_par' dir='ltr' id='par_1_23' title="bbox 1924 1671 3510 1750">
     <span class='ocr_line' id='line_1_23' title="bbox 1924 1671 3510 1750; baseline -0.005 -16"><span class='ocrx_word' id='word_1_226' title='bbox 1924 1678 2252 1750; x_wconf 85' lang='lat' dir='ltr'><strong>signioribus</strong></span> <span class='ocrx_word' id='word_1_227' title='bbox 2301 1691 2368 1732; x_wconf 91' lang='lat' dir='ltr'><strong>ne</strong></span> <span class='ocrx_word' id='word_1_228' title='bbox 2401 1692 2566 1731; x_wconf 90' lang='lat' dir='ltr'><strong>unum</strong></span> <span class='ocrx_word' id='word_1_229' title='bbox 2612 1674 2831 1745; x_wconf 87' lang='lat' dir='ltr'><strong>quidem</strong></span> <span class='ocrx_word' id='word_1_230' title='bbox 2870 1673 3160 1743; x_wconf 77' lang='lat' dir='ltr'><strong>attigisset,</strong></span> <span class='ocrx_word' id='word_1_231' title='bbox 3217 1672 3263 1728; x_wconf 89' lang='lat' dir='ltr'><strong>si</strong></span> <span class='ocrx_word' id='word_1_232' title='bbox 3310 1671 3510 1728; x_wconf 62' lang='lat' dir='ltr'><strong>Ratheo</strong></span> 
     </span>
    </p>
   </div>
   <div class='ocr_carea' id='block_1_24' title="bbox 237 1754 1832 1836">
    <p class='ocr_par' dir='ltr' id='par_1_24' title="bbox 237 1758 1819 1832">
     <span class='ocr_line' id='line_1_24' title="bbox 237 1758 1819 1832; baseline -0.003 -15"><span class='ocrx_word' id='word_1_233' title='bbox 237 1762 436 1817; x_wconf 63' lang='lat' dir='ltr'><strong>rectiore</strong></span> <span class='ocrx_word' id='word_1_234' title='bbox 466 1761 707 1825; x_wconf 85' lang='lat' dir='ltr'><strong>titulum,</strong></span> <span class='ocrx_word' id='word_1_235' title='bbox 751 1770 805 1818; x_wconf 91' lang='lat' dir='ltr'><strong>et</strong></span> <span class='ocrx_word' id='word_1_236' title='bbox 833 1762 1022 1832; x_wconf 76' lang='lat' dir='ltr'><strong>prima:</strong></span> <span class='ocrx_word' id='word_1_237' title='bbox 1050 1760 1256 1832; x_wconf 88' lang='lat' dir='ltr'><strong>periodi</strong></span> <span class='ocrx_word' id='word_1_238' title='bbox 1286 1761 1460 1830; x_wconf 87' lang='lat' dir='ltr'><strong>prima</strong></span> <span class='ocrx_word' id='word_1_239' title='bbox 1487 1758 1651 1813; x_wconf 82' lang='lat' dir='ltr'><strong>verba</strong></span> <span class='ocrx_word' id='word_1_240' title='bbox 1679 1758 1819 1829; x_wconf 88' lang='lat' dir='ltr'><strong>apud</strong></span> 
     </span>
    </p>
   </div>
   <div class='ocr_carea' id='block_1_25' title="bbox 1911 1754 3506 1836">
    <p class='ocr_par' dir='ltr' id='par_1_25' title="bbox 1924 1764 3506 1836">
     <span class='ocr_line' id='line_1_25' title="bbox 1924 1764 3506 1836; baseline -0.004 -11"><span class='ocrx_word' id='word_1_241' title='bbox 1924 1771 2064 1825; x_wconf 85' lang='lat' dir='ltr'><strong>rium</strong></span> <span class='ocrx_word' id='word_1_242' title='bbox 2094 1769 2329 1825; x_wconf 85' lang='lat' dir='ltr'><strong>novisset</strong></span> <span class='ocrx_word' id='word_1_243' title='bbox 2360 1768 2673 1824; x_wconf 81' lang='lat' dir='ltr'><strong>auctorem?</strong></span> <span class='ocrx_word' id='word_1_244' title='bbox 2700 1766 2852 1822; x_wconf 75' lang='lat' dir='ltr'><strong>Adde</strong></span> <span class='ocrx_word' id='word_1_245' title='bbox 2879 1765 3019 1836; x_wconf 88' lang='lat' dir='ltr'><strong>quod</strong></span> <span class='ocrx_word' id='word_1_246' title='bbox 3047 1765 3359 1829; x_wconf 82' lang='lat' dir='ltr'><strong>Ratherius,</strong></span> <span class='ocrx_word' id='word_1_247' title='bbox 3382 1764 3506 1835; x_wconf 88' lang='lat' dir='ltr'><strong>qui-</strong></span> 
     </span>
    </p>
   </div>
   <div class='ocr_carea' id='block_1_26' title="bbox 244 1846 1839 1931">
    <p class='ocr_par' dir='ltr' id='par_1_26' title="bbox 244 1846 1821 1919">
     <span class='ocr_line' id='line_1_26' title="bbox 244 1846 1821 1919; baseline -0.004 -10"><span class='ocrx_word' id='word_1_248' title='bbox 244 1852 302 1909; x_wconf 87' lang='lat' dir='ltr'><strong>P.</strong></span> <span class='ocrx_word' id='word_1_249' title='bbox 330 1852 672 1909; x_wconf 85' lang='lat' dir='ltr'><strong>Bernardum</strong></span> <span class='ocrx_word' id='word_1_250' title='bbox 704 1851 811 1908; x_wconf 80' lang='lat' dir='ltr'><strong>Pez</strong></span> <span class='ocrx_word' id='word_1_251' title='bbox 859 1853 1128 1908; x_wconf 87' lang='lat' dir='ltr'><strong>viderunt.</strong></span> <span class='ocrx_word' id='word_1_252' title='bbox 1160 1850 1261 1919; x_wconf 87' lang='lat' dir='ltr'><strong>Qui</strong></span> <span class='ocrx_word' id='word_1_253' title='bbox 1293 1858 1473 1906; x_wconf 91' lang='lat' dir='ltr'><strong>autem</strong></span> <span class='ocrx_word' id='word_1_254' title='bbox 1506 1850 1679 1919; x_wconf 83' lang='lat' dir='ltr'><strong>ipsum</strong></span> <span class='ocrx_word' id='word_1_255' title='bbox 1726 1846 1821 1903; x_wconf 85' lang='lat' dir='ltr'><strong>In-</strong></span> 
     </span>
    </p>
   </div>
   <div class='ocr_carea' id='block_1_27' title="bbox 1912 1846 3507 1931">
    <p class='ocr_par' dir='ltr' id='par_1_27' title="bbox 1920 1855 3507 1931">
     <span class='ocr_line' id='line_1_27' title="bbox 1920 1855 3507 1931; baseline -0.004 -15"><span class='ocrx_word' id='word_1_256' title='bbox 1920 1861 2148 1916; x_wconf 87' lang='lat' dir='ltr'><strong>busdam</strong></span> <span class='ocrx_word' id='word_1_257' title='bbox 2177 1859 2538 1931; x_wconf 89' lang='lat' dir='ltr'><strong>peculiaribus</strong></span> <span class='ocrx_word' id='word_1_258' title='bbox 2582 1868 2635 1913; x_wconf 91' lang='lat' dir='ltr'><strong>et</strong></span> <span class='ocrx_word' id='word_1_259' title='bbox 2689 1857 3112 1913; x_wconf 88' lang='lat' dir='ltr'><strong>abstrusioribus</strong></span> <span class='ocrx_word' id='word_1_260' title='bbox 3159 1856 3329 1911; x_wconf 81' lang='lat' dir='ltr'><strong>titulis</strong></span> <span class='ocrx_word' id='word_1_261' title='bbox 3362 1855 3507 1910; x_wconf 86' lang='lat' dir='ltr'><strong>dele-</strong></span> 
     </span>
    </p>
   </div>
   <div class='ocr_carea' id='block_1_28' title="bbox 239 1940 3515 2018">
    <p class='ocr_par' dir='ltr' id='par_1_28' title="bbox 239 1940 3515 2018">
     <span class='ocr_line' id='line_1_28' title="bbox 239 1940 3515 2018; baseline 0.001 -19"><span class='ocrx_word' id='word_1_262' title='bbox 239 1944 437 1998; x_wconf 72' lang='lat' dir='ltr'><strong>reclina:</strong></span> <span class='ocrx_word' id='word_1_263' title='bbox 467 1943 794 2015; x_wconf 87' lang='lat' dir='ltr'><strong>opusculum</strong></span> <span class='ocrx_word' id='word_1_264' title='bbox 844 1943 1002 2015; x_wconf 73' lang='lat' dir='ltr'><strong>leget,</strong></span> <span class='ocrx_word' id='word_1_265' title='bbox 1033 1943 1175 2014; x_wconf 73' lang='lat' dir='ltr'><strong>Quod</strong></span> <span class='ocrx_word' id='word_1_266' title='bbox 1215 1942 1483 2011; x_wconf 76' lang='lat' dir='ltr'><strong>inlegrum</strong></span> <span class='ocrx_word' id='word_1_267' title='bbox 1512 1956 1653 1997; x_wconf 73' lang='lat' dir='ltr'><strong>nunc</strong></span> <span class='ocrx_word' id='word_1_268' title='bbox 1697 1940 1822 1995; x_wconf 75' lang='lat' dir='ltr'><strong>Cde-</strong></span> <span class='ocrx_word' id='word_1_269' title='bbox 1922 1951 2194 2015; x_wconf 88' lang='lat' dir='ltr'><strong>ctabatur,</strong></span> <span class='ocrx_word' id='word_1_270' title='bbox 2226 1965 2348 2004; x_wconf 90' lang='lat' dir='ltr'><strong>cum</strong></span> <span class='ocrx_word' id='word_1_271' title='bbox 2384 1950 2491 2005; x_wconf 89' lang='lat' dir='ltr'><strong>duo</strong></span> <span class='ocrx_word' id='word_1_272' title='bbox 2527 1948 2601 2003; x_wconf 90' lang='lat' dir='ltr'><strong>illi</strong></span> <span class='ocrx_word' id='word_1_273' title='bbox 2635 1948 2907 2018; x_wconf 88' lang='lat' dir='ltr'><strong>simplices</strong></span> <span class='ocrx_word' id='word_1_274' title='bbox 2930 1957 2986 2004; x_wconf 92' lang='lat' dir='ltr'><strong>et</strong></span> <span class='ocrx_word' id='word_1_275' title='bbox 3018 1946 3163 2004; x_wconf 89' lang='lat' dir='ltr'><strong>obvii</strong></span> <span class='ocrx_word' id='word_1_276' title='bbox 3194 1948 3324 2003; x_wconf 87' lang='lat' dir='ltr'><strong>sint.</strong></span> <span class='ocrx_word' id='word_1_277' title='bbox 3358 1946 3515 2017; x_wconf 53' lang='lat' dir='ltr'><strong>Sige.</strong></span> 
     </span>
    </p>
   </div>
   <div class='ocr_carea' id='block_1_29' title="bbox 242 2031 3516 2110">
    <p class='ocr_par' dir='ltr' id='par_1_29' title="bbox 242 2031 3516 2110">
     <span class='ocr_line' id='line_1_29' title="bbox 242 2031 3516 2110; baseline -0.002 -11"><span class='ocrx_word' id='word_1_278' title='bbox 242 2042 339 2099; x_wconf 70' lang='grc' dir='ltr'><strong>ῑυΐ,</strong></span> <span class='ocrx_word' id='word_1_279' title='bbox 387 2034 495 2089; x_wconf 73' lang='lat' dir='ltr'><strong>hoc</strong></span> <span class='ocrx_word' id='word_1_280' title='bbox 527 2034 595 2089; x_wconf 71' lang='lat' dir='ltr'><strong>de</strong></span> <span class='ocrx_word' id='word_1_281' title='bbox 643 2033 703 2089; x_wconf 78' lang='lat'><strong>5-</strong></span> <span class='ocrx_word' id='word_1_282' title='bbox 736 2032 982 2089; x_wconf 69' lang='lat' dir='ltr'><strong>MCU&#39;OM</strong></span> <span class='ocrx_word' id='word_1_283' title='bbox 1011 2048 1076 2088; x_wconf 70' lang='lat' dir='ltr'><strong>ac</strong></span> <span class='ocrx_word' id='word_1_284' title='bbox 1121 2034 1188 2088; x_wconf 77' lang='lat' dir='ltr'><strong>de</strong></span> <span class='ocrx_word' id='word_1_285' title='bbox 1231 2032 1348 2101; x_wconf 70' lang='lat' dir='ltr'><strong>eius</strong></span> <span class='ocrx_word' id='word_1_286' title='bbox 1376 2045 1619 2102; x_wconf 68' lang='grc' dir='ltr'><strong>οοτροΐθν</strong></span> <span class='ocrx_word' id='word_1_287' title='bbox 1655 2031 1824 2087; x_wconf 63' lang='grc' dir='ltr'><strong>νθτο-</strong></span> <span class='ocrx_word' id='word_1_288' title='bbox 1922 2040 2135 2095; x_wconf 85' lang='lat' dir='ltr'><strong>bertum</strong></span> <span class='ocrx_word' id='word_1_289' title='bbox 2165 2039 2404 2110; x_wconf 81' lang='lat' dir='ltr'><strong>profecto</strong></span> <span class='ocrx_word' id='word_1_290' title='bbox 2434 2040 2536 2094; x_wconf 88' lang='lat' dir='ltr'><strong>hac</strong></span> <span class='ocrx_word' id='word_1_291' title='bbox 2580 2038 2632 2093; x_wconf 94' lang='lat' dir='ltr'><strong>in</strong></span> <span class='ocrx_word' id='word_1_292' title='bbox 2681 2056 2740 2095; x_wconf 90' lang='lat' dir='ltr'><strong>re</strong></span> <span class='ocrx_word' id='word_1_293' title='bbox 2782 2054 2971 2095; x_wconf 87' lang='lat' dir='ltr'><strong>errore</strong></span> <span class='ocrx_word' id='word_1_294' title='bbox 3016 2038 3200 2108; x_wconf 87' lang='lat' dir='ltr'><strong>aliquo</strong></span> <span class='ocrx_word' id='word_1_295' title='bbox 3228 2039 3516 2108; x_wconf 86' lang='lat' dir='ltr'><strong>abreptum</strong></span> 
     </span>
    </p>
   </div>
   <div class='ocr_carea' id='block_1_30' title="bbox 240 2121 1835 2197">
    <p class='ocr_par' dir='ltr' id='par_1_30' title="bbox 240 2121 1821 2194">
     <span class='ocr_line' id='line_1_30' title="bbox 240 2121 1821 2194; baseline -0.003 -14"><span class='ocrx_word' id='word_1_296' title='bbox 240 2124 515 2191; x_wconf 65' lang='lat' dir='ltr'><strong>sensibus,</strong></span> <span class='ocrx_word' id='word_1_297' title='bbox 565 2135 625 2179; x_wconf 86' lang='lat' dir='ltr'><strong>ut</strong></span> <span class='ocrx_word' id='word_1_298' title='bbox 654 2124 1000 2189; x_wconf 87' lang='lat' dir='ltr'><strong>credebatur,</strong></span> <span class='ocrx_word' id='word_1_299' title='bbox 1042 2125 1319 2193; x_wconf 89' lang='lat' dir='ltr'><strong>subrepto,</strong></span> <span class='ocrx_word' id='word_1_300' title='bbox 1354 2137 1514 2194; x_wconf 82' lang='lat' dir='ltr'><strong>agere</strong></span> <span class='ocrx_word' id='word_1_301' title='bbox 1540 2121 1821 2193; x_wconf 77' lang='lat' dir='ltr'><strong>intelliget,</strong></span> 
     </span>
    </p>
   </div>
   <div class='ocr_carea' id='block_1_31' title="bbox 1923 2121 3518 2197">
    <p class='ocr_par' dir='ltr' id='par_1_31' title="bbox 1926 2125 3518 2197">
     <span class='ocr_line' id='line_1_31' title="bbox 1926 2125 3518 2197; baseline -0.001 -15"><span class='ocrx_word' id='word_1_302' title='bbox 1926 2128 2060 2183; x_wconf 87' lang='lat' dir='ltr'><strong>nihil</strong></span> <span class='ocrx_word' id='word_1_303' title='bbox 2103 2129 2446 2197; x_wconf 84' lang='lat' dir='ltr'><strong>ambigimus.</strong></span> <span class='ocrx_word' id='word_1_304' title='bbox 2480 2127 2616 2183; x_wconf 87' lang='lat' dir='ltr'><strong>Cum</strong></span> <span class='ocrx_word' id='word_1_305' title='bbox 2648 2127 2836 2183; x_wconf 89' lang='lat' dir='ltr'><strong>eadem</strong></span> <span class='ocrx_word' id='word_1_306' title='bbox 2881 2128 2987 2184; x_wconf 82' lang='lat' dir='ltr'><strong>duo</strong></span> <span class='ocrx_word' id='word_1_307' title='bbox 3016 2143 3179 2197; x_wconf 89' lang='lat' dir='ltr'><strong>opera</strong></span> <span class='ocrx_word' id='word_1_308' title='bbox 3223 2128 3401 2197; x_wconf 83' lang='lat' dir='ltr'><strong>capite</strong></span> <span class='ocrx_word' id='word_1_309' title='bbox 3441 2125 3518 2183; x_wconf 74' lang='lat'><strong>93</strong></span> 
     </span>
    </p>
   </div>
   <div class='ocr_carea' id='block_1_32' title="bbox 240 2214 3513 2290">
    <p class='ocr_par' dir='ltr' id='par_1_32' title="bbox 240 2214 3513 2290">
     <span class='ocr_line' id='line_1_32' title="bbox 240 2214 3513 2290; baseline 0 -21"><span class='ocrx_word' id='word_1_310' title='bbox 240 2216 375 2285; x_wconf 88' lang='lat' dir='ltr'><strong>quod</strong></span> <span class='ocrx_word' id='word_1_311' title='bbox 402 2215 477 2270; x_wconf 84' lang='lat' dir='ltr'><strong>ab</strong></span> <span class='ocrx_word' id='word_1_312' title='bbox 510 2216 745 2270; x_wconf 81' lang='lat' dir='ltr'><strong>indicata</strong></span> <span class='ocrx_word' id='word_1_313' title='bbox 782 2214 1242 2286; x_wconf 78' lang='lat' dir='ltr'><strong>Chronographia:</strong></span> <span class='ocrx_word' id='word_1_314' title='bbox 1274 2215 1623 2271; x_wconf 69' lang='lat' dir='ltr'><strong>Ratheriana:</strong></span> <span class='ocrx_word' id='word_1_315' title='bbox 1650 2225 1823 2269; x_wconf 89' lang='lat' dir='ltr'><strong>mate—</strong></span> <span class='ocrx_word' id='word_1_316' title='bbox 1926 2219 2240 2290; x_wconf 85' lang='lat' dir='ltr'><strong>ascripserit</strong></span> <span class='ocrx_word' id='word_1_317' title='bbox 2289 2218 2608 2273; x_wconf 86' lang='lat' dir='ltr'><strong>Bertramno</strong></span> <span class='ocrx_word' id='word_1_318' title='bbox 2659 2218 2763 2288; x_wconf 91' lang='lat' dir='ltr'><strong>(sic</strong></span> <span class='ocrx_word' id='word_1_319' title='bbox 2807 2218 2951 2273; x_wconf 91' lang='lat' dir='ltr'><strong>enim</strong></span> <span class='ocrx_word' id='word_1_320' title='bbox 2983 2227 3237 2287; x_wconf 90' lang='lat' dir='ltr'><strong>corrupte</strong></span> <span class='ocrx_word' id='word_1_321' title='bbox 3262 2217 3513 2271; x_wconf 80' lang='lat' dir='ltr'><strong>Ratram-</strong></span> 
     </span>
    </p>
   </div>
   <div class='ocr_carea' id='block_1_33' title="bbox 243 2304 3516 2383">
    <p class='ocr_par' dir='ltr' id='par_1_33' title="bbox 243 2304 3516 2383">
     <span class='ocr_line' id='line_1_33' title="bbox 243 2304 3516 2383; baseline 0.001 -22"><span class='ocrx_word' id='word_1_322' title='bbox 243 2308 314 2362; x_wconf 85' lang='lat' dir='ltr'><strong>rie</strong></span> <span class='ocrx_word' id='word_1_323' title='bbox 336 2317 510 2377; x_wconf 85' lang='lat' dir='ltr'><strong>atque</strong></span> <span class='ocrx_word' id='word_1_324' title='bbox 539 2307 749 2361; x_wconf 89' lang='lat' dir='ltr'><strong>ratione</strong></span> <span class='ocrx_word' id='word_1_325' title='bbox 776 2308 1012 2362; x_wconf 80' lang='lat' dir='ltr'><strong>maxime</strong></span> <span class='ocrx_word' id='word_1_326' title='bbox 1038 2307 1329 2377; x_wconf 88' lang='lat' dir='ltr'><strong>discrepat.</strong></span> <span class='ocrx_word' id='word_1_327' title='bbox 1357 2305 1556 2361; x_wconf 82' lang='lat' dir='ltr'><strong>Confer</strong></span> <span class='ocrx_word' id='word_1_328' title='bbox 1597 2320 1717 2374; x_wconf 77' lang='lat' dir='ltr'><strong>qua:</strong></span> <span class='ocrx_word' id='word_1_329' title='bbox 1762 2304 1828 2360; x_wconf 83' lang='lat' dir='ltr'><strong>de</strong></span> <span class='ocrx_word' id='word_1_330' title='bbox 1928 2328 2029 2368; x_wconf 90' lang='lat' dir='ltr'><strong>nus</strong></span> <span class='ocrx_word' id='word_1_331' title='bbox 2075 2310 2239 2367; x_wconf 87' lang='lat' dir='ltr'><strong>scribi</strong></span> <span class='ocrx_word' id='word_1_332' title='bbox 2290 2310 2588 2383; x_wconf 74' lang='lat' dir='ltr'><strong>emperat),</strong></span> <span class='ocrx_word' id='word_1_333' title='bbox 2656 2310 2807 2364; x_wconf 87' lang='lat' dir='ltr'><strong>varia</strong></span> <span class='ocrx_word' id='word_1_334' title='bbox 2843 2310 3094 2367; x_wconf 80' lang='lat' dir='ltr'><strong>fortassis</strong></span> <span class='ocrx_word' id='word_1_335' title='bbox 3140 2319 3195 2365; x_wconf 89' lang='lat' dir='ltr'><strong>et</strong></span> <span class='ocrx_word' id='word_1_336' title='bbox 3239 2311 3516 2366; x_wconf 87' lang='lat' dir='ltr'><strong>abreviata</strong></span> 
     </span>
    </p>
   </div>
   <div class='ocr_carea' id='block_1_34' title="bbox 244 2395 3517 2474">
    <p class='ocr_par' dir='ltr' id='par_1_34' title="bbox 244 2395 3517 2474">
     <span class='ocr_line' id='line_1_34' title="bbox 244 2395 3517 2474; baseline 0.001 -21"><span class='ocrx_word' id='word_1_337' title='bbox 244 2400 338 2453; x_wconf 90' lang='lat' dir='ltr'><strong>hoc</strong></span> <span class='ocrx_word' id='word_1_338' title='bbox 379 2413 557 2470; x_wconf 81' lang='lat' dir='ltr'><strong>Opere</strong></span> <span class='ocrx_word' id='word_1_339' title='bbox 603 2398 865 2454; x_wconf 87' lang='lat' dir='ltr'><strong>addemus</strong></span> <span class='ocrx_word' id='word_1_340' title='bbox 914 2398 967 2453; x_wconf 90' lang='lat' dir='ltr'><strong>in</strong></span> <span class='ocrx_word' id='word_1_341' title='bbox 1010 2399 1155 2455; x_wconf 89' lang='lat' dir='ltr'><strong>notis</strong></span> <span class='ocrx_word' id='word_1_342' title='bbox 1201 2399 1270 2455; x_wconf 87' lang='lat' dir='ltr'><strong>ad</strong></span> <span class='ocrx_word' id='word_1_343' title='bbox 1317 2396 1607 2465; x_wconf 85' lang='lat' dir='ltr'><strong>Qualitatis</strong></span> <span class='ocrx_word' id='word_1_344' title='bbox 1645 2395 1827 2467; x_wconf 83' lang='lat' dir='ltr'><strong>conje—</strong></span> <span class='ocrx_word' id='word_1_345' title='bbox 1930 2403 2200 2474; x_wconf 89' lang='lat' dir='ltr'><strong>scriptura</strong></span> <span class='ocrx_word' id='word_1_346' title='bbox 2227 2401 2473 2458; x_wconf 91' lang='lat' dir='ltr'><strong>codicum</strong></span> <span class='ocrx_word' id='word_1_347' title='bbox 2500 2402 2759 2470; x_wconf 88' lang='lat' dir='ltr'><strong>deceptus</strong></span> <span class='ocrx_word' id='word_1_348' title='bbox 2782 2398 2941 2472; x_wconf 79' lang='lat' dir='ltr'><strong>[xvii]</strong></span> <span class='ocrx_word' id='word_1_349' title='bbox 2967 2399 3085 2454; x_wconf 91' lang='lat' dir='ltr'><strong>fuit.</strong></span> <span class='ocrx_word' id='word_1_350' title='bbox 3120 2400 3232 2454; x_wconf 90' lang='lat' dir='ltr'><strong>Duo</strong></span> <span class='ocrx_word' id='word_1_351' title='bbox 3256 2400 3342 2454; x_wconf 92' lang='lat' dir='ltr'><strong>illa</strong></span> <span class='ocrx_word' id='word_1_352' title='bbox 3367 2409 3517 2455; x_wconf 83' lang='lat' dir='ltr'><strong>certa</strong></span> 
     </span>
    </p>
   </div>
   <div class='ocr_carea' id='block_1_35' title="bbox 243 2490 3519 2565">
    <p class='ocr_par' dir='ltr' id='par_1_35' title="bbox 243 2490 3519 2565">
     <span class='ocr_line' id='line_1_35' title="bbox 243 2490 3519 2565; baseline -0.002 -15"><span class='ocrx_word' id='word_1_353' title='bbox 243 2499 473 2545; x_wconf 64' lang='lat' dir='ltr'><strong>(Iuram.</strong></span> <span class='ocrx_word' id='word_1_354' title='bbox 1932 2495 2215 2551; x_wconf 81' lang='lat' dir='ltr'><strong>Ratramui</strong></span> <span class='ocrx_word' id='word_1_355' title='bbox 2248 2508 2409 2565; x_wconf 90' lang='lat' dir='ltr'><strong>opera</strong></span> <span class='ocrx_word' id='word_1_356' title='bbox 2441 2492 2598 2549; x_wconf 90' lang='lat' dir='ltr'><strong>simul</strong></span> <span class='ocrx_word' id='word_1_357' title='bbox 2629 2491 2816 2560; x_wconf 89' lang='lat' dir='ltr'><strong>juncta</strong></span> <span class='ocrx_word' id='word_1_358' title='bbox 2848 2493 2901 2547; x_wconf 94' lang='lat' dir='ltr'><strong>in</strong></span> <span class='ocrx_word' id='word_1_359' title='bbox 2942 2491 3219 2548; x_wconf 86' lang='lat' dir='ltr'><strong>codicibus</strong></span> <span class='ocrx_word' id='word_1_360' title='bbox 3244 2490 3519 2561; x_wconf 83' lang='lat' dir='ltr'><strong>descripta</strong></span> 
     </span>
    </p>
   </div>
   <div class='ocr_carea' id='block_1_36' title="bbox 309 2579 3523 2653">
    <p class='ocr_par' dir='ltr' id='par_1_36' title="bbox 309 2579 3523 2653">
     <span class='ocr_line' id='line_1_36' title="bbox 309 2579 3523 2653; baseline 0 -19"><span class='ocrx_word' id='word_1_361' title='bbox 309 2580 457 2635; x_wconf 71' lang='lat' dir='ltr'><strong>XXI.</strong></span> <span class='ocrx_word' id='word_1_362' title='bbox 504 2580 765 2636; x_wconf 81' lang='lat' dir='ltr'><strong>Extremo</strong></span> <span class='ocrx_word' id='word_1_363' title='bbox 793 2579 1122 2636; x_wconf 81' lang='lat' dir='ltr'><strong>Veronensis</strong></span> <span class='ocrx_word' id='word_1_364' title='bbox 1162 2580 1509 2652; x_wconf 88' lang='lat' dir='ltr'><strong>episcopatus</strong></span> <span class='ocrx_word' id='word_1_365' title='bbox 1550 2588 1828 2650; x_wconf 86' lang='lat' dir='ltr'><strong>tempore,</strong></span> <span class='ocrx_word' id='word_1_366' title='bbox 1933 2586 2303 2649; x_wconf 89' lang='lat' dir='ltr'><strong>inveniuntur,</strong></span> <span class='ocrx_word' id='word_1_367' title='bbox 2348 2592 2407 2639; x_wconf 91' lang='lat' dir='ltr'><strong>ut</strong></span> <span class='ocrx_word' id='word_1_368' title='bbox 2433 2584 2485 2638; x_wconf 93' lang='lat' dir='ltr'><strong>in</strong></span> <span class='ocrx_word' id='word_1_369' title='bbox 2515 2600 2614 2639; x_wconf 91' lang='lat' dir='ltr'><strong>ms.</strong></span> <span class='ocrx_word' id='word_1_370' title='bbox 2650 2583 2927 2648; x_wconf 85' lang='lat' dir='ltr'><strong>Lobiensi,</strong></span> <span class='ocrx_word' id='word_1_371' title='bbox 2978 2598 3139 2653; x_wconf 88' lang='lat' dir='ltr'><strong>quem</strong></span> <span class='ocrx_word' id='word_1_372' title='bbox 3180 2582 3523 2637; x_wconf 82' lang='lat' dir='ltr'><strong>Mabillonius</strong></span> 
     </span>
    </p>
   </div>
   <div class='ocr_carea' id='block_1_37' title="bbox 246 2670 3527 2746">
    <p class='ocr_par' dir='ltr' id='par_1_37' title="bbox 246 2670 3527 2746">
     <span class='ocr_line' id='line_1_37' title="bbox 246 2670 3527 2746; baseline 0 -18"><span class='ocrx_word' id='word_1_373' title='bbox 246 2687 335 2728; x_wconf 80' lang='lat' dir='ltr'><strong>seu</strong></span> <span class='ocrx_word' id='word_1_374' title='bbox 356 2688 504 2728; x_wconf 86' lang='lat' dir='ltr'><strong>anno</strong></span> <span class='ocrx_word' id='word_1_375' title='bbox 531 2672 653 2740; x_wconf 81' lang='lat'><strong>968,</strong></span> <span class='ocrx_word' id='word_1_376' title='bbox 686 2673 977 2729; x_wconf 80' lang='lat' dir='ltr'><strong>Ratherius</strong></span> <span class='ocrx_word' id='word_1_377' title='bbox 999 2672 1185 2730; x_wconf 90' lang='lat' dir='ltr'><strong>multis</strong></span> <span class='ocrx_word' id='word_1_378' title='bbox 1207 2674 1517 2745; x_wconf 81' lang='lat' dir='ltr'><strong>exagitatus</strong></span> <span class='ocrx_word' id='word_1_379' title='bbox 1542 2672 1829 2740; x_wconf 74' lang='lat' dir='ltr'><strong>molesiis,</strong></span> <span class='ocrx_word' id='word_1_380' title='bbox 1933 2676 2118 2731; x_wconf 86' lang='lat' dir='ltr'><strong>laudat</strong></span> <span class='ocrx_word' id='word_1_381' title='bbox 2145 2674 2463 2746; x_wconf 77' lang='lat' dir='ltr'><strong>praefatione</strong></span> <span class='ocrx_word' id='word_1_382' title='bbox 2491 2676 2727 2729; x_wconf 89' lang='lat' dir='ltr'><strong>secunda</strong></span> <span class='ocrx_word' id='word_1_383' title='bbox 2768 2674 2817 2729; x_wconf 91' lang='lat' dir='ltr'><strong>in</strong></span> <span class='ocrx_word' id='word_1_384' title='bbox 2866 2673 3133 2729; x_wconf 79' lang='lat' dir='ltr'><strong>Saeculum</strong></span> <span class='ocrx_word' id='word_1_385' title='bbox 3173 2672 3239 2727; x_wconf 85' lang='lat' dir='ltr'>IV</span> <span class='ocrx_word' id='word_1_386' title='bbox 3272 2673 3392 2729; x_wconf 89' lang='lat' dir='ltr'><strong>0rd.</strong></span> <span class='ocrx_word' id='word_1_387' title='bbox 3424 2670 3527 2728; x_wconf 78' lang='lat' dir='ltr'><strong>Be-</strong></span> 
     </span>
    </p>
   </div>
   <div class='ocr_carea' id='block_1_38' title="bbox 250 2763 3528 2836">
    <p class='ocr_par' dir='ltr' id='par_1_38' title="bbox 250 2763 3528 2836">
     <span class='ocr_line' id='line_1_38' title="bbox 250 2763 3528 2836; baseline 0 -18"><span class='ocrx_word' id='word_1_388' title='bbox 250 2780 362 2818; x_wconf 79' lang='lat' dir='ltr'><strong>cqu</strong></span> <span class='ocrx_word' id='word_1_389' title='bbox 416 2766 487 2819; x_wconf 86' lang='lat' dir='ltr'><strong>ad</strong></span> <span class='ocrx_word' id='word_1_390' title='bbox 536 2766 907 2836; x_wconf 80' lang='lat' dir='ltr'><strong>episcopatum</strong></span> <span class='ocrx_word' id='word_1_391' title='bbox 956 2766 1338 2822; x_wconf 90' lang='lat' dir='ltr'><strong>dimittendum</strong></span> <span class='ocrx_word' id='word_1_392' title='bbox 1387 2776 1442 2823; x_wconf 89' lang='lat' dir='ltr'><strong>et</strong></span> <span class='ocrx_word' id='word_1_393' title='bbox 1472 2766 1538 2822; x_wconf 91' lang='lat' dir='ltr'><strong>ad</strong></span> <span class='ocrx_word' id='word_1_394' title='bbox 1569 2766 1833 2823; x_wconf 84' lang='lat' dir='ltr'><strong>monasti-</strong></span> <span class='ocrx_word' id='word_1_395' title='bbox 1935 2769 2083 2832; x_wconf 87' lang='lat' dir='ltr'><strong>ned.,</strong></span> <span class='ocrx_word' id='word_1_396' title='bbox 2118 2784 2174 2823; x_wconf 92' lang='lat' dir='ltr'><strong>n.</strong></span> <span class='ocrx_word' id='word_1_397' title='bbox 2207 2767 2295 2822; x_wconf 78' lang='lat'><strong>83.</strong></span> <span class='ocrx_word' id='word_1_398' title='bbox 2330 2766 2462 2821; x_wconf 89' lang='lat' dir='ltr'><strong>Cum</strong></span> <span class='ocrx_word' id='word_1_399' title='bbox 2494 2775 2673 2820; x_wconf 89' lang='lat' dir='ltr'><strong>autem</strong></span> <span class='ocrx_word' id='word_1_400' title='bbox 2702 2766 2871 2821; x_wconf 82' lang='lat' dir='ltr'><strong>codex</strong></span> <span class='ocrx_word' id='word_1_401' title='bbox 2909 2780 3070 2835; x_wconf 91' lang='lat' dir='ltr'><strong>quem</strong></span> <span class='ocrx_word' id='word_1_402' title='bbox 3100 2763 3415 2835; x_wconf 84' lang='lat' dir='ltr'><strong>Sigebertus</strong></span> <span class='ocrx_word' id='word_1_403' title='bbox 3442 2763 3528 2818; x_wconf 83' lang='lat' dir='ltr'><strong>vi-</strong></span> 
     </span>
    </p>
   </div>
   <div class='ocr_carea' id='block_1_39' title="bbox 250 2855 3531 2927">
    <p class='ocr_par' dir='ltr' id='par_1_39' title="bbox 250 2855 3531 2927">
     <span class='ocr_line' id='line_1_39' title="bbox 250 2855 3531 2927; baseline 0.001 -19"><span class='ocrx_word' id='word_1_404' title='bbox 250 2870 360 2908; x_wconf 85' lang='lat' dir='ltr'><strong>eam</strong></span> <span class='ocrx_word' id='word_1_405' title='bbox 385 2855 559 2910; x_wconf 88' lang='lat' dir='ltr'><strong>vitam</strong></span> <span class='ocrx_word' id='word_1_406' title='bbox 587 2856 935 2926; x_wconf 86' lang='lat' dir='ltr'><strong>repetendam</strong></span> <span class='ocrx_word' id='word_1_407' title='bbox 962 2871 1081 2912; x_wconf 89' lang='lat' dir='ltr'><strong>sese</strong></span> <span class='ocrx_word' id='word_1_408' title='bbox 1107 2856 1484 2913; x_wconf 88' lang='lat' dir='ltr'><strong>vehementius</strong></span> <span class='ocrx_word' id='word_1_409' title='bbox 1516 2855 1834 2912; x_wconf 79' lang='lat' dir='ltr'><strong>exstimula-</strong></span> <span class='ocrx_word' id='word_1_410' title='bbox 1936 2860 2017 2916; x_wconf 88' lang='lat' dir='ltr'><strong>dit</strong></span> <span class='ocrx_word' id='word_1_411' title='bbox 2041 2859 2417 2914; x_wconf 87' lang='lat' dir='ltr'><strong>Bertramnum</strong></span> <span class='ocrx_word' id='word_1_412' title='bbox 2444 2856 2727 2927; x_wconf 70' lang='lat' dir='ltr'><strong>przeferret</strong></span> <span class='ocrx_word' id='word_1_413' title='bbox 2759 2858 2810 2912; x_wconf 91' lang='lat' dir='ltr'><strong>in</strong></span> <span class='ocrx_word' id='word_1_414' title='bbox 2833 2857 3010 2923; x_wconf 88' lang='lat' dir='ltr'><strong>titulo,</strong></span> <span class='ocrx_word' id='word_1_415' title='bbox 3044 2872 3108 2912; x_wconf 81' lang='lat' dir='ltr'><strong>ex</strong></span> <span class='ocrx_word' id='word_1_416' title='bbox 3137 2871 3244 2927; x_wconf 90' lang='lat' dir='ltr'><strong>quo</strong></span> <span class='ocrx_word' id='word_1_417' title='bbox 3272 2871 3336 2911; x_wconf 89' lang='lat' dir='ltr'><strong>ea</strong></span> <span class='ocrx_word' id='word_1_418' title='bbox 3361 2869 3531 2924; x_wconf 83' lang='lat' dir='ltr'><strong>opera</strong></span> 
     </span>
    </p>
   </div>
   <div class='ocr_carea' id='block_1_40' title="bbox 253 2948 3529 3019">
    <p class='ocr_par' dir='ltr' id='par_1_40' title="bbox 253 2948 3529 3019">
     <span class='ocr_line' id='line_1_40' title="bbox 253 2948 3529 3019; baseline 0.001 -20"><span class='ocrx_word' id='word_1_419' title='bbox 253 2956 359 3001; x_wconf 87' lang='lat' dir='ltr'><strong>tum</strong></span> <span class='ocrx_word' id='word_1_420' title='bbox 387 2948 642 3013; x_wconf 84' lang='lat' dir='ltr'><strong>sentiret,</strong></span> <span class='ocrx_word' id='word_1_421' title='bbox 675 2949 870 3003; x_wconf 90' lang='lat' dir='ltr'><strong>librum</strong></span> <span class='ocrx_word' id='word_1_422' title='bbox 904 2949 1101 3005; x_wconf 76' lang='lat' dir='ltr'><strong>direxit</strong></span> <span class='ocrx_word' id='word_1_423' title='bbox 1130 2949 1195 3003; x_wconf 88' lang='lat' dir='ltr'><strong>ad</strong></span> <span class='ocrx_word' id='word_1_424' title='bbox 1224 2948 1545 3005; x_wconf 86' lang='lat' dir='ltr'><strong>Fulcuinum</strong></span> <span class='ocrx_word' id='word_1_425' title='bbox 1582 2949 1833 3004; x_wconf 67' lang='lat' dir='ltr'><strong>abbatem</strong></span> <span class='ocrx_word' id='word_1_426' title='bbox 1940 2951 2259 3007; x_wconf 89' lang='lat' dir='ltr'><strong>Bertramno</strong></span> <span class='ocrx_word' id='word_1_427' title='bbox 2291 2950 2507 3016; x_wconf 88' lang='lat' dir='ltr'><strong>tribuit;</strong></span> <span class='ocrx_word' id='word_1_428' title='bbox 2565 2950 2615 3004; x_wconf 92' lang='lat' dir='ltr'><strong>in</strong></span> <span class='ocrx_word' id='word_1_429' title='bbox 2646 2950 2752 3004; x_wconf 91' lang='lat' dir='ltr'><strong>alio</strong></span> <span class='ocrx_word' id='word_1_430' title='bbox 2783 2966 2909 3006; x_wconf 86' lang='lat' dir='ltr'><strong>vero</strong></span> <span class='ocrx_word' id='word_1_431' title='bbox 2954 2950 3173 3016; x_wconf 89' lang='lat' dir='ltr'><strong>codice,</strong></span> <span class='ocrx_word' id='word_1_432' title='bbox 3221 2950 3313 3019; x_wconf 87' lang='lat' dir='ltr'><strong>qui</strong></span> <span class='ocrx_word' id='word_1_433' title='bbox 3338 2950 3529 3003; x_wconf 78' lang='lat' dir='ltr'><strong>eadem</strong></span> 
     </span>
    </p>
   </div>
   <div class='ocr_carea' id='block_1_41' title="bbox 256 3037 3535 3113">
    <p class='ocr_par' dir='ltr' id='par_1_41' title="bbox 256 3037 3535 3113">
     <span class='ocr_line' id='line_1_41' title="bbox 256 3037 3535 3113; baseline -0.003 -8"><span class='ocrx_word' id='word_1_434' title='bbox 256 3038 597 3105; x_wconf 57' lang='lat' dir='ltr'><strong>LObien-‘em,</strong></span> <span class='ocrx_word' id='word_1_435' title='bbox 637 3054 797 3110; x_wconf 78' lang='lat' dir='ltr'><strong>quem</strong></span> <span class='ocrx_word' id='word_1_436' title='bbox 837 3058 855 3091; x_wconf 74' lang='grc' dir='ltr'><strong><em>ι</em></strong></span> <span class='ocrx_word' id='word_1_437' title='bbox 891 3039 1238 3110; x_wconf 65' lang='grc' dir='ltr'><strong>Ρτωιίιυιίινὶι</strong></span> <span class='ocrx_word' id='word_1_438' title='bbox 1274 3037 1561 3110; x_wconf 63' lang='lat' dir='ltr'><strong>Con/&quot;ctus</strong></span> <span class='ocrx_word' id='word_1_439' title='bbox 1587 3040 1836 3105; x_wconf 75' lang='lat' dir='ltr'><strong>duorum.</strong></span> <span class='ocrx_word' id='word_1_440' title='bbox 1942 3043 2274 3107; x_wconf 90' lang='lat' dir='ltr'><strong>continebat,</strong></span> <span class='ocrx_word' id='word_1_441' title='bbox 2322 3058 2421 3113; x_wconf 87' lang='lat' dir='ltr'><strong>pro</strong></span> <span class='ocrx_word' id='word_1_442' title='bbox 2460 3043 2753 3099; x_wconf 81' lang='lat' dir='ltr'><strong>Ratramuo</strong></span> <span class='ocrx_word' id='word_1_443' title='bbox 2785 3043 3047 3112; x_wconf 86' lang='lat' dir='ltr'><strong>scriptum</strong></span> <span class='ocrx_word' id='word_1_444' title='bbox 3095 3041 3341 3097; x_wconf 81' lang='lat' dir='ltr'><strong>fortassis</strong></span> <span class='ocrx_word' id='word_1_445' title='bbox 3386 3052 3535 3098; x_wconf 83' lang='lat' dir='ltr'><strong>esset</strong></span> 
     </span>
    </p>
   </div>
   <div class='ocr_carea' id='block_1_42' title="bbox 257 3119 3535 3201">
    <p class='ocr_par' dir='ltr' id='par_1_42' title="bbox 257 3119 3535 3201">
     <span class='ocr_line' id='line_1_42' title="bbox 257 3119 3535 3201; baseline -0.001 -15"><span class='ocrx_word' id='word_1_446' title='bbox 257 3144 346 3199; x_wconf 85' lang='lat' dir='ltr'><strong>pro</strong></span> <span class='ocrx_word' id='word_1_447' title='bbox 373 3147 442 3187; x_wconf 89' lang='lat' dir='ltr'><strong>eo</strong></span> <span class='ocrx_word' id='word_1_448' title='bbox 466 3131 610 3201; x_wconf 87' lang='lat' dir='ltr'><strong>quod</strong></span> <span class='ocrx_word' id='word_1_449' title='bbox 641 3132 694 3185; x_wconf 87' lang='lat' dir='ltr'><strong>in</strong></span> <span class='ocrx_word' id='word_1_450' title='bbox 723 3131 916 3186; x_wconf 90' lang='lat' dir='ltr'><strong>eodem</strong></span> <span class='ocrx_word' id='word_1_451' title='bbox 942 3130 1242 3201; x_wconf 87' lang='lat' dir='ltr'><strong>disputans,</strong></span> <span class='ocrx_word' id='word_1_452' title='bbox 1266 3140 1447 3184; x_wconf 91' lang='lat' dir='ltr'><strong>utrum</strong></span> <span class='ocrx_word' id='word_1_453' title='bbox 1473 3139 1839 3184; x_wconf 87' lang='lat' dir='ltr'><strong>reverteretur</strong></span> <span class='ocrx_word' id='word_1_454' title='bbox 1865 3119 1911 3181; x_wconf 85' lang='lat' dir='ltr'><strong><em>C</em></strong></span> <span class='ocrx_word' id='word_1_455' title='bbox 1954 3132 2095 3198; x_wconf 81' lang='lat' dir='ltr'><strong>Rat.,</strong></span> <span class='ocrx_word' id='word_1_456' title='bbox 2152 3133 2229 3187; x_wconf 89' lang='lat' dir='ltr'><strong>uti</strong></span> <span class='ocrx_word' id='word_1_457' title='bbox 2262 3132 2376 3187; x_wconf 78' lang='lat' dir='ltr'><strong>fieri</strong></span> <span class='ocrx_word' id='word_1_458' title='bbox 2428 3146 2811 3201; x_wconf 87' lang='lat' dir='ltr'><strong>nonnunquam</strong></span> <span class='ocrx_word' id='word_1_459' title='bbox 2861 3132 3089 3199; x_wconf 89' lang='lat' dir='ltr'><strong>solebat,</strong></span> <span class='ocrx_word' id='word_1_460' title='bbox 3146 3133 3279 3187; x_wconf 91' lang='lat' dir='ltr'><strong>nihil</strong></span> <span class='ocrx_word' id='word_1_461' title='bbox 3332 3131 3423 3187; x_wconf 87' lang='lat' dir='ltr'><strong>ille</strong></span> <span class='ocrx_word' id='word_1_462' title='bbox 3467 3132 3535 3185; x_wconf 90' lang='lat' dir='ltr'><strong>de</strong></span> 
     </span>
    </p>
   </div>
   <div class='ocr_carea' id='block_1_43' title="bbox 259 3220 3537 3295">
    <p class='ocr_par' dir='ltr' id='par_1_43' title="bbox 259 3220 3537 3295">
     <span class='ocr_line' id='line_1_43' title="bbox 259 3220 3537 3295; baseline 0.001 -19"><span class='ocrx_word' id='word_1_463' title='bbox 259 3240 445 3289; x_wconf 88' lang='lat' dir='ltr'><strong>necne,</strong></span> <span class='ocrx_word' id='word_1_464' title='bbox 477 3225 671 3279; x_wconf 72' lang='lat' dir='ltr'><strong>anxius</strong></span> <span class='ocrx_word' id='word_1_465' title='bbox 698 3223 988 3279; x_wconf 83' lang='lat' dir='ltr'><strong>fluctuaret</strong></span> <span class='ocrx_word' id='word_1_466' title='bbox 1018 3222 1285 3293; x_wconf 76' lang='lat' dir='ltr'><strong>(Fulcuin.</strong></span> <span class='ocrx_word' id='word_1_467' title='bbox 1316 3223 1380 3276; x_wconf 87' lang='lat' dir='ltr'><strong>de</strong></span> <span class='ocrx_word' id='word_1_468' title='bbox 1402 3220 1543 3276; x_wconf 72' lang='grc' dir='ltr'><strong>ϐεδε.</strong></span> <span class='ocrx_word' id='word_1_469' title='bbox 1576 3221 1661 3275; x_wconf 89' lang='lat' dir='ltr'><strong>ab.</strong></span> <span class='ocrx_word' id='word_1_470' title='bbox 1691 3220 1844 3286; x_wconf 86' lang='lat' dir='ltr'><strong>Lob.,</strong></span> <span class='ocrx_word' id='word_1_471' title='bbox 1950 3225 2145 3280; x_wconf 80' lang='lat' dir='ltr'><strong>mendo</strong></span> <span class='ocrx_word' id='word_1_472' title='bbox 2172 3226 2453 3294; x_wconf 70' lang='lat' dir='ltr'><strong>scriptura:</strong></span> <span class='ocrx_word' id='word_1_473' title='bbox 2498 3224 2803 3295; x_wconf 88' lang='lat' dir='ltr'><strong>suspicatus</strong></span> <span class='ocrx_word' id='word_1_474' title='bbox 2832 3224 2885 3279; x_wconf 89' lang='lat' dir='ltr'><strong>in</strong></span> <span class='ocrx_word' id='word_1_475' title='bbox 2934 3224 3238 3280; x_wconf 87' lang='lat' dir='ltr'><strong>Bertramni</strong></span> <span class='ocrx_word' id='word_1_476' title='bbox 3286 3224 3537 3287; x_wconf 89' lang='lat' dir='ltr'><strong>nomine,</strong></span> 
     </span>
    </p>
   </div>
   <div class='ocr_carea' id='block_1_44' title="bbox 259 3312 3539 3388">
    <p class='ocr_par' dir='ltr' id='par_1_44' title="bbox 259 3312 3539 3388">
     <span class='ocr_line' id='line_1_44' title="bbox 259 3312 3539 3388; baseline -0 -19"><span class='ocrx_word' id='word_1_477' title='bbox 259 3328 306 3369; x_wconf 90' lang='lat' dir='ltr'><strong>c.</strong></span> <span class='ocrx_word' id='word_1_478' title='bbox 352 3316 478 3386; x_wconf 78' lang='lat'><strong>28).</strong></span> <span class='ocrx_word' id='word_1_479' title='bbox 516 3333 534 3366; x_wconf 72' lang='grc' dir='ltr'>υ</span> <span class='ocrx_word' id='word_1_480' title='bbox 564 3314 752 3385; x_wconf 78' lang='lat' dir='ltr'><strong>Neque</strong></span> <span class='ocrx_word' id='word_1_481' title='bbox 800 3315 946 3370; x_wconf 86' lang='lat' dir='ltr'><strong>hunc</strong></span> <span class='ocrx_word' id='word_1_482' title='bbox 988 3313 1187 3368; x_wconf 89' lang='lat' dir='ltr'><strong>librum</strong></span> <span class='ocrx_word' id='word_1_483' title='bbox 1219 3313 1426 3383; x_wconf 91' lang='lat' dir='ltr'><strong>uspiam</strong></span> <span class='ocrx_word' id='word_1_484' title='bbox 1476 3312 1718 3367; x_wconf 90' lang='lat' dir='ltr'><strong>invenire</strong></span> <span class='ocrx_word' id='word_1_485' title='bbox 1753 3324 1849 3381; x_wconf 73' lang='grc' dir='ltr'><strong>νο·</strong></span> <span class='ocrx_word' id='word_1_486' title='bbox 1924 3334 2052 3373; x_wconf 85' lang='lat' dir='ltr'><strong>nec</strong></span> <span class='ocrx_word' id='word_1_487' title='bbox 2102 3319 2167 3373; x_wconf 88' lang='lat' dir='ltr'><strong>de</strong></span> <span class='ocrx_word' id='word_1_488' title='bbox 2213 3316 2583 3388; x_wconf 73' lang='lat' dir='ltr'><strong>expendendis</strong></span> <span class='ocrx_word' id='word_1_489' title='bbox 2625 3314 3034 3371; x_wconf 88' lang='lat' dir='ltr'><strong>conferendisve</strong></span> <span class='ocrx_word' id='word_1_490' title='bbox 3081 3316 3213 3386; x_wconf 88' lang='lat' dir='ltr'><strong>ipsis</strong></span> <span class='ocrx_word' id='word_1_491' title='bbox 3256 3315 3539 3383; x_wconf 86' lang='lat' dir='ltr'><strong>utriusque</strong></span> 
     </span>
    </p>
   </div>
   <div class='ocr_carea' id='block_1_45' title="bbox 262 3404 3565 3478">
    <p class='ocr_par' dir='ltr' id='par_1_45' title="bbox 262 3404 3565 3478">
     <span class='ocr_line' id='line_1_45' title="bbox 262 3404 3565 3478; baseline 0 -20"><span class='ocrx_word' id='word_1_492' title='bbox 262 3406 481 3460; x_wconf 89' lang='lat' dir='ltr'><strong>tuimus.</strong></span> <span class='ocrx_word' id='word_1_493' title='bbox 1953 3408 2159 3464; x_wconf 87' lang='lat' dir='ltr'><strong>codicis</strong></span> <span class='ocrx_word' id='word_1_494' title='bbox 2202 3407 2459 3478; x_wconf 89' lang='lat' dir='ltr'><strong>operibus</strong></span> <span class='ocrx_word' id='word_1_495' title='bbox 2503 3406 2788 3476; x_wconf 88' lang='lat' dir='ltr'><strong>cogitans,</strong></span> <span class='ocrx_word' id='word_1_496' title='bbox 2859 3406 3073 3461; x_wconf 88' lang='lat' dir='ltr'><strong>incaute</strong></span> <span class='ocrx_word' id='word_1_497' title='bbox 3114 3420 3181 3460; x_wconf 79' lang='lat' dir='ltr'><strong>ex</strong></span> <span class='ocrx_word' id='word_1_498' title='bbox 3226 3404 3565 3460; x_wconf 85' lang='lat' dir='ltr'><strong>discrimine</strong></span> 
     </span>
    </p>
   </div>
   <div class='ocr_carea' id='block_1_46' title="bbox 331 3494 3544 3568">
    <p class='ocr_par' dir='ltr' id='par_1_46' title="bbox 331 3494 3544 3568">
     <span class='ocr_line' id='line_1_46' title="bbox 331 3494 3544 3568; baseline 0 -18"><span class='ocrx_word' id='word_1_499' title='bbox 331 3494 492 3550; x_wconf 68' lang='lat' dir='ltr'>XXII.</span> <span class='ocrx_word' id='word_1_500' title='bbox 522 3494 598 3550; x_wconf 74' lang='lat' dir='ltr'><strong>Ex</strong></span> <span class='ocrx_word' id='word_1_501' title='bbox 630 3494 875 3567; x_wconf 89' lang='lat' dir='ltr'><strong>epistolis</strong></span> <span class='ocrx_word' id='word_1_502' title='bbox 903 3494 1149 3550; x_wconf 81' lang='lat' dir='ltr'><strong>Rathcrii</strong></span> <span class='ocrx_word' id='word_1_503' title='bbox 1172 3510 1401 3566; x_wconf 90' lang='lat' dir='ltr'><strong>quarum</strong></span> <span class='ocrx_word' id='word_1_504' title='bbox 1434 3494 1617 3565; x_wconf 87' lang='lat' dir='ltr'><strong>aliqua</strong></span> <span class='ocrx_word' id='word_1_505' title='bbox 1648 3496 1847 3551; x_wconf 78' lang='lat' dir='ltr'><strong>mentio</strong></span> <span class='ocrx_word' id='word_1_506' title='bbox 1956 3500 2236 3568; x_wconf 79' lang='lat' dir='ltr'><strong>scripturae</strong></span> <span class='ocrx_word' id='word_1_507' title='bbox 2266 3497 2320 3551; x_wconf 93' lang='lat' dir='ltr'><strong>in</strong></span> <span class='ocrx_word' id='word_1_508' title='bbox 2368 3495 2607 3550; x_wconf 87' lang='lat' dir='ltr'><strong>auctoris</strong></span> <span class='ocrx_word' id='word_1_509' title='bbox 2656 3496 2873 3549; x_wconf 90' lang='lat' dir='ltr'><strong>nomine</strong></span> <span class='ocrx_word' id='word_1_510' title='bbox 2926 3495 3262 3566; x_wconf 88' lang='lat' dir='ltr'><strong>designando</strong></span> <span class='ocrx_word' id='word_1_511' title='bbox 3301 3495 3544 3550; x_wconf 88' lang='lat' dir='ltr'><strong>diversos</strong></span> 
     </span>
    </p>
   </div>
   <div class='ocr_carea' id='block_1_47' title="bbox 264 3584 3545 3657">
    <p class='ocr_par' dir='ltr' id='par_1_47' title="bbox 264 3584 3545 3657">
     <span class='ocr_line' id='line_1_47' title="bbox 264 3584 3545 3657; baseline -0.002 -15"><span class='ocrx_word' id='word_1_512' title='bbox 264 3598 345 3642; x_wconf 87' lang='lat' dir='ltr'><strong>est</strong></span> <span class='ocrx_word' id='word_1_513' title='bbox 374 3587 493 3642; x_wconf 69' lang='lat' dir='ltr'><strong>dua:</strong></span> <span class='ocrx_word' id='word_1_514' title='bbox 524 3587 924 3652; x_wconf 87' lang='lat' dir='ltr'><strong>desiderantur,</strong></span> <span class='ocrx_word' id='word_1_515' title='bbox 977 3602 1085 3641; x_wconf 90' lang='lat' dir='ltr'><strong>una</strong></span> <span class='ocrx_word' id='word_1_516' title='bbox 1116 3588 1184 3643; x_wconf 89' lang='lat' dir='ltr'><strong>ad</strong></span> <span class='ocrx_word' id='word_1_517' title='bbox 1215 3586 1585 3642; x_wconf 84' lang='lat' dir='ltr'><strong>Frodoardum</strong></span> <span class='ocrx_word' id='word_1_518' title='bbox 1616 3586 1850 3642; x_wconf 74' lang='lat' dir='ltr'><strong>Remen-</strong></span> <span class='ocrx_word' id='word_1_519' title='bbox 1958 3600 2207 3645; x_wconf 87' lang='lat' dir='ltr'><strong>auctores</strong></span> <span class='ocrx_word' id='word_1_520' title='bbox 2249 3596 2412 3657; x_wconf 86' lang='lat' dir='ltr'><strong>atque</strong></span> <span class='ocrx_word' id='word_1_521' title='bbox 2475 3586 2688 3642; x_wconf 88' lang='lat' dir='ltr'><strong>diversa</strong></span> <span class='ocrx_word' id='word_1_522' title='bbox 2732 3584 2973 3653; x_wconf 89' lang='lat' dir='ltr'><strong>ejusdem</strong></span> <span class='ocrx_word' id='word_1_523' title='bbox 3030 3584 3335 3656; x_wconf 81' lang='lat' dir='ltr'><strong>argumenti</strong></span> <span class='ocrx_word' id='word_1_524' title='bbox 3375 3598 3545 3653; x_wconf 83' lang='lat' dir='ltr'><strong>opera</strong></span> 
     </span>
    </p>
   </div>
   <div class='ocr_carea' id='block_1_48' title="bbox 268 3674 3543 3751">
    <p class='ocr_par' dir='ltr' id='par_1_48' title="bbox 268 3674 3543 3751">
     <span class='ocr_line' id='line_1_48' title="bbox 268 3674 3543 3751; baseline -0.002 -15"><span class='ocrx_word' id='word_1_525' title='bbox 268 3698 377 3736; x_wconf 85' lang='lat' dir='ltr'><strong>sem</strong></span> <span class='ocrx_word' id='word_1_526' title='bbox 396 3722 411 3747; x_wconf 92' lang='lat'><strong>,</strong></span> <span class='ocrx_word' id='word_1_527' title='bbox 460 3697 563 3751; x_wconf 90' lang='lat' dir='ltr'><strong>qua</strong></span> <span class='ocrx_word' id='word_1_528' title='bbox 590 3681 659 3736; x_wconf 86' lang='lat' dir='ltr'><strong>ad</strong></span> <span class='ocrx_word' id='word_1_529' title='bbox 688 3682 863 3751; x_wconf 89' lang='lat' dir='ltr'><strong>ipsum</strong></span> <span class='ocrx_word' id='word_1_530' title='bbox 902 3682 1051 3737; x_wconf 83' lang='lat' dir='ltr'><strong>misit</strong></span> <span class='ocrx_word' id='word_1_531' title='bbox 1081 3680 1507 3750; x_wconf 74' lang='lat' dir='ltr'><strong>Prmloquiorum</strong></span> <span class='ocrx_word' id='word_1_532' title='bbox 1534 3680 1702 3736; x_wconf 89' lang='lat' dir='ltr'><strong>libros</strong></span> <span class='ocrx_word' id='word_1_533' title='bbox 1727 3721 1742 3746; x_wconf 92' lang='lat'><strong>,</strong></span> <span class='ocrx_word' id='word_1_534' title='bbox 1797 3688 1856 3735; x_wconf 89' lang='lat' dir='ltr'><strong>ut</strong></span> <span class='ocrx_word' id='word_1_535' title='bbox 1959 3680 2220 3747; x_wconf 88' lang='lat' dir='ltr'><strong>credidit;</strong></span> <span class='ocrx_word' id='word_1_536' title='bbox 2253 3686 2308 3734; x_wconf 91' lang='lat' dir='ltr'><strong>ct</strong></span> <span class='ocrx_word' id='word_1_537' title='bbox 2331 3678 2683 3732; x_wconf 70' lang='lat' dir='ltr'><strong>Ilatramnum</strong></span> <span class='ocrx_word' id='word_1_538' title='bbox 2706 3692 2811 3731; x_wconf 92' lang='lat' dir='ltr'><strong>non</strong></span> <span class='ocrx_word' id='word_1_539' title='bbox 2839 3690 3158 3747; x_wconf 85' lang='lat' dir='ltr'><strong>agnoscens,</strong></span> <span class='ocrx_word' id='word_1_540' title='bbox 3182 3674 3304 3730; x_wconf 89' lang='lat' dir='ltr'><strong>Rat.</strong></span> <span class='ocrx_word' id='word_1_541' title='bbox 3333 3674 3543 3730; x_wconf 80' lang='lat' dir='ltr'><strong>litteras</strong></span> 
     </span>
    </p>
   </div>
   <div class='ocr_carea' id='block_1_49' title="bbox 269 3768 3547 3841">
    <p class='ocr_par' dir='ltr' id='par_1_49' title="bbox 269 3768 3547 3841">
     <span class='ocr_line' id='line_1_49' title="bbox 269 3768 3547 3841; baseline -0.002 -13"><span class='ocrx_word' id='word_1_542' title='bbox 269 3775 510 3830; x_wconf 80' lang='lat' dir='ltr'><strong>laudatus</strong></span> <span class='ocrx_word' id='word_1_543' title='bbox 532 3774 824 3830; x_wconf 88' lang='lat' dir='ltr'><strong>Fuleuinus</strong></span> <span class='ocrx_word' id='word_1_544' title='bbox 852 3775 1012 3830; x_wconf 87' lang='lat' dir='ltr'><strong>tradit</strong></span> <span class='ocrx_word' id='word_1_545' title='bbox 1041 3790 1090 3830; x_wconf 93' lang='lat' dir='ltr'><strong>c.</strong></span> <span class='ocrx_word' id='word_1_546' title='bbox 1118 3773 1210 3841; x_wconf 74' lang='grc'><strong>20,</strong></span> <span class='ocrx_word' id='word_1_547' title='bbox 1237 3774 1403 3830; x_wconf 86' lang='lat' dir='ltr'><strong>altera</strong></span> <span class='ocrx_word' id='word_1_548' title='bbox 1436 3774 1504 3829; x_wconf 92' lang='lat' dir='ltr'><strong>ad</strong></span> <span class='ocrx_word' id='word_1_549' title='bbox 1536 3773 1855 3829; x_wconf 88' lang='lat' dir='ltr'><strong>Everaclum</strong></span> <span class='ocrx_word' id='word_1_550' title='bbox 1961 3772 2027 3827; x_wconf 90' lang='lat' dir='ltr'><strong>de</strong></span> <span class='ocrx_word' id='word_1_551' title='bbox 2057 3771 2315 3825; x_wconf 81' lang='lat' dir='ltr'><strong>Ratherio</strong></span> <span class='ocrx_word' id='word_1_552' title='bbox 2351 3769 2452 3825; x_wconf 89' lang='lat' dir='ltr'><strong>sibi</strong></span> <span class='ocrx_word' id='word_1_553' title='bbox 2498 3769 2715 3825; x_wconf 89' lang='lat' dir='ltr'><strong>aliunde</strong></span> <span class='ocrx_word' id='word_1_554' title='bbox 2765 3770 2979 3840; x_wconf 85' lang='lat' dir='ltr'><strong>cognito</strong></span> <span class='ocrx_word' id='word_1_555' title='bbox 3002 3808 3015 3833; x_wconf 86' lang='lat'><strong>,</strong></span> <span class='ocrx_word' id='word_1_556' title='bbox 3067 3769 3161 3838; x_wconf 87' lang='lat' dir='ltr'><strong>qui</strong></span> <span class='ocrx_word' id='word_1_557' title='bbox 3210 3768 3267 3823; x_wconf 81' lang='lat' dir='ltr'><strong>in</strong></span> <span class='ocrx_word' id='word_1_558' title='bbox 3314 3777 3547 3839; x_wconf 85' lang='lat' dir='ltr'><strong>utroque</strong></span> 
     </span>
    </p>
   </div>
   <div class='ocr_carea' id='block_1_50' title="bbox 270 3859 3547 3938">
    <p class='ocr_par' dir='ltr' id='par_1_50' title="bbox 270 3859 3547 3938">
     <span class='ocr_line' id='line_1_50' title="bbox 270 3859 3547 3938; baseline -0.001 -21"><span class='ocrx_word' id='word_1_559' title='bbox 270 3867 574 3936; x_wconf 86' lang='lat' dir='ltr'><strong>episcopum</strong></span> <span class='ocrx_word' id='word_1_560' title='bbox 607 3863 743 3938; x_wconf 76' lang='lat' dir='ltr'><strong>[xvr]</strong></span> <span class='ocrx_word' id='word_1_561' title='bbox 773 3864 1178 3931; x_wconf 87' lang='lat' dir='ltr'><strong>Leodicensem,</strong></span> <span class='ocrx_word' id='word_1_562' title='bbox 1217 3865 1372 3936; x_wconf 89' lang='lat' dir='ltr'><strong>cujus</strong></span> <span class='ocrx_word' id='word_1_563' title='bbox 1402 3864 1490 3919; x_wconf 91' lang='lat' dir='ltr'><strong>hic</strong></span> <span class='ocrx_word' id='word_1_564' title='bbox 1542 3863 1597 3919; x_wconf 92' lang='lat' dir='ltr'><strong>in</strong></span> <span class='ocrx_word' id='word_1_565' title='bbox 1635 3880 1858 3935; x_wconf 88' lang='lat' dir='ltr'><strong>respon-</strong></span> <span class='ocrx_word' id='word_1_566' title='bbox 1964 3870 2283 3935; x_wconf 88' lang='lat' dir='ltr'><strong>argumento</strong></span> <span class='ocrx_word' id='word_1_567' title='bbox 2306 3876 2459 3931; x_wconf 70' lang='lat' dir='ltr'><strong>mque</strong></span> <span class='ocrx_word' id='word_1_568' title='bbox 2489 3876 2553 3916; x_wconf 91' lang='lat' dir='ltr'><strong>ac</strong></span> <span class='ocrx_word' id='word_1_569' title='bbox 2576 3859 2929 3915; x_wconf 87' lang='lat' dir='ltr'><strong>Bertramnus</strong></span> <span class='ocrx_word' id='word_1_570' title='bbox 2952 3861 3232 3928; x_wconf 89' lang='lat' dir='ltr'><strong>laborarit,</strong></span> <span class='ocrx_word' id='word_1_571' title='bbox 3281 3863 3547 3932; x_wconf 86' lang='lat' dir='ltr'><strong>interpre-</strong></span> 
     </span>
    </p>
   </div>
   <div class='ocr_carea' id='block_1_51' title="bbox 269 3954 2371 4029">
    <p class='ocr_par' dir='ltr' id='par_1_51' title="bbox 269 3954 2371 4029">
     <span class='ocr_line' id='line_1_51' title="bbox 269 3954 2371 4029; baseline -0.003 -18"><span class='ocrx_word' id='word_1_572' title='bbox 269 3959 418 4013; x_wconf 87' lang='lat' dir='ltr'><strong>sione</strong></span> <span class='ocrx_word' id='word_1_573' title='bbox 452 3959 595 4013; x_wconf 89' lang='lat' dir='ltr'><strong>inter</strong></span> <span class='ocrx_word' id='word_1_574' title='bbox 620 3957 877 4029; x_wconf 88' lang='lat' dir='ltr'><strong>epistolas</strong></span> <span class='ocrx_word' id='word_1_575' title='bbox 902 3956 1175 4013; x_wconf 69' lang='lat' dir='ltr'><strong>afferenda</strong></span> <span class='ocrx_word' id='word_1_576' title='bbox 1220 3956 1337 4013; x_wconf 91' lang='lat' dir='ltr'><strong>loco</strong></span> <span class='ocrx_word' id='word_1_577' title='bbox 1366 3956 1557 4012; x_wconf 87' lang='lat' dir='ltr'><strong>ultimo</strong></span> <span class='ocrx_word' id='word_1_578' title='bbox 1592 3957 1856 4012; x_wconf 86' lang='lat' dir='ltr'><strong>meminit.</strong></span> <span class='ocrx_word' id='word_1_579' title='bbox 1963 3963 2105 4010; x_wconf 88' lang='lat' dir='ltr'><strong>tatus</strong></span> <span class='ocrx_word' id='word_1_580' title='bbox 2140 3954 2371 4008; x_wconf 89' lang='lat' dir='ltr'><strong>videtur.</strong></span> 
     </span>
    </p>
   </div>
   <div class='ocr_carea' id='block_1_52' title="bbox 272 4044 3552 4119">
    <p class='ocr_par' dir='ltr' id='par_1_52' title="bbox 272 4044 3552 4119">
     <span class='ocr_line' id='line_1_52' title="bbox 272 4044 3552 4119; baseline -0 -19"><span class='ocrx_word' id='word_1_581' title='bbox 272 4048 415 4104; x_wconf 91' lang='lat' dir='ltr'><strong>Inter</strong></span> <span class='ocrx_word' id='word_1_582' title='bbox 458 4064 522 4104; x_wconf 89' lang='lat' dir='ltr'><strong>ea</strong></span> <span class='ocrx_word' id='word_1_583' title='bbox 558 4050 758 4105; x_wconf 89' lang='lat' dir='ltr'><strong>inedita</strong></span> <span class='ocrx_word' id='word_1_584' title='bbox 807 4048 1052 4104; x_wconf 81' lang='lat' dir='ltr'><strong>Ratherii</strong></span> <span class='ocrx_word' id='word_1_585' title='bbox 1096 4048 1356 4119; x_wconf 87' lang='lat' dir='ltr'><strong>opuscula</strong></span> <span class='ocrx_word' id='word_1_586' title='bbox 1408 4064 1531 4118; x_wconf 73' lang='lat' dir='ltr'><strong>qua:</strong></span> <span class='ocrx_word' id='word_1_587' title='bbox 1582 4047 1640 4102; x_wconf 90' lang='lat' dir='ltr'><strong>P.</strong></span> <span class='ocrx_word' id='word_1_588' title='bbox 1679 4047 1856 4104; x_wconf 89' lang='lat' dir='ltr'><strong>Lucas</strong></span> <span class='ocrx_word' id='word_1_589' title='bbox 2033 4052 2202 4109; x_wconf 75' lang='lat' dir='ltr'><strong>XXV.</strong></span> <span class='ocrx_word' id='word_1_590' title='bbox 2244 4051 2419 4106; x_wconf 85' lang='lat' dir='ltr'><strong>Erunt</strong></span> <span class='ocrx_word' id='word_1_591' title='bbox 2470 4048 2718 4104; x_wconf 90' lang='lat' dir='ltr'><strong>fortassis</strong></span> <span class='ocrx_word' id='word_1_592' title='bbox 2762 4047 2853 4117; x_wconf 91' lang='lat' dir='ltr'><strong>qui</strong></span> <span class='ocrx_word' id='word_1_593' title='bbox 2908 4046 3223 4102; x_wconf 83' lang='lat' dir='ltr'><strong>existiment</strong></span> <span class='ocrx_word' id='word_1_594' title='bbox 3270 4044 3552 4115; x_wconf 83' lang='lat' dir='ltr'><strong>Sigeberto</strong></span> 
     </span>
    </p>
   </div>
   <div class='ocr_carea' id='block_1_53' title="bbox 272 4137 3553 4214">
    <p class='ocr_par' dir='ltr' id='par_1_53' title="bbox 272 4137 3553 4214">
     <span class='ocr_line' id='line_1_53' title="bbox 272 4137 3553 4214; baseline -0.005 -20"><span class='ocrx_word' id='word_1_595' title='bbox 272 4141 534 4197; x_wconf 79' lang='lat' dir='ltr'><strong>Aeherius</strong></span> <span class='ocrx_word' id='word_1_596' title='bbox 575 4142 627 4197; x_wconf 91' lang='lat' dir='ltr'><strong>in</strong></span> <span class='ocrx_word' id='word_1_597' title='bbox 674 4142 907 4198; x_wconf 87' lang='lat' dir='ltr'><strong>elcncho</strong></span> <span class='ocrx_word' id='word_1_598' title='bbox 953 4141 1083 4197; x_wconf 91' lang='lat' dir='ltr'><strong>tomi</strong></span> <span class='ocrx_word' id='word_1_599' title='bbox 1126 4141 1347 4198; x_wconf 90' lang='lat' dir='ltr'><strong>secundi</strong></span> <span class='ocrx_word' id='word_1_600' title='bbox 1376 4140 1856 4205; x_wconf 84' lang='lat' dir='ltr'><strong>commemoravit,</strong></span> <span class='ocrx_word' id='word_1_601' title='bbox 1964 4143 2247 4214; x_wconf 77' lang='lat' dir='ltr'><strong>sun‘ragari</strong></span> <span class='ocrx_word' id='word_1_602' title='bbox 2284 4158 2405 4198; x_wconf 85' lang='lat' dir='ltr'><strong>eum</strong></span> <span class='ocrx_word' id='word_1_603' title='bbox 2433 4141 2674 4197; x_wconf 78' lang='lat' dir='ltr'><strong>codicem</strong></span> <span class='ocrx_word' id='word_1_604' title='bbox 2709 4156 2773 4195; x_wconf 68' lang='lat' dir='ltr'><strong>ex</strong></span> <span class='ocrx_word' id='word_1_605' title='bbox 2817 4154 2925 4209; x_wconf 79' lang='lat' dir='ltr'><strong>quo</strong></span> <span class='ocrx_word' id='word_1_606' title='bbox 2954 4139 3217 4195; x_wconf 62' lang='lat' dir='ltr'><strong>Acha-ius</strong></span> <span class='ocrx_word' id='word_1_607' title='bbox 3246 4137 3302 4192; x_wconf 75' lang='lat' dir='ltr'><strong>in</strong></span> <span class='ocrx_word' id='word_1_608' title='bbox 3344 4153 3553 4193; x_wconf 70' lang='lat' dir='ltr'><strong>meum.</strong></span> 
     </span>
    </p>
   </div>
   <div class='ocr_carea' id='block_1_54' title="bbox 275 4226 3557 4290">
    <p class='ocr_par' dir='ltr' id='par_1_54' title="bbox 275 4226 3557 4290">
     <span class='ocr_line' id='line_1_54' title="bbox 275 4226 3557 4290; baseline -0.003 -2"><span class='ocrx_word' id='word_1_609' title='bbox 275 4235 479 4288; x_wconf 90' lang='lat' dir='ltr'><strong>nullum</strong></span> <span class='ocrx_word' id='word_1_610' title='bbox 508 4234 661 4290; x_wconf 90' lang='lat' dir='ltr'><strong>nobis</strong></span> <span class='ocrx_word' id='word_1_611' title='bbox 703 4232 878 4290; x_wconf 91' lang='lat' dir='ltr'><strong>defuit</strong></span> <span class='ocrx_word' id='word_1_612' title='bbox 912 4234 1019 4290; x_wconf 89' lang='lat' dir='ltr'><strong>nisi</strong></span> <span class='ocrx_word' id='word_1_613' title='bbox 1044 4248 1186 4288; x_wconf 90' lang='lat' dir='ltr'><strong>unus</strong></span> <span class='ocrx_word' id='word_1_614' title='bbox 1228 4234 1491 4289; x_wconf 88' lang='lat' dir='ltr'><strong>eduobus</strong></span> <span class='ocrx_word' id='word_1_615' title='bbox 1521 4231 1863 4289; x_wconf 85' lang='lat' dir='ltr'><strong>sermonibus</strong></span> <span class='ocrx_word' id='word_1_616' title='bbox 1966 4244 2085 4289; x_wconf 89' lang='lat' dir='ltr'><strong>rato</strong></span> <span class='ocrx_word' id='word_1_617' title='bbox 2136 4231 2361 4288; x_wconf 91' lang='lat' dir='ltr'><strong>cleucho</strong></span> <span class='ocrx_word' id='word_1_618' title='bbox 2411 4230 2543 4285; x_wconf 93' lang='lat' dir='ltr'><strong>tomi</strong></span> <span class='ocrx_word' id='word_1_619' title='bbox 2593 4228 2811 4285; x_wconf 91' lang='lat' dir='ltr'><strong>secundi</strong></span> <span class='ocrx_word' id='word_1_620' title='bbox 2868 4229 3008 4283; x_wconf 89' lang='lat' dir='ltr'><strong>inter</strong></span> <span class='ocrx_word' id='word_1_621' title='bbox 3058 4227 3260 4282; x_wconf 87' lang='lat' dir='ltr'><strong>inedita</strong></span> <span class='ocrx_word' id='word_1_622' title='bbox 3312 4226 3557 4282; x_wconf 81' lang='lat' dir='ltr'><strong>Ratherii</strong></span> 
     </span>
    </p>
   </div>
   <div class='ocr_carea' id='block_1_55' title="bbox 278 4319 3563 4396">
    <p class='ocr_par' dir='ltr' id='par_1_55' title="bbox 278 4319 3563 4396">
     <span class='ocr_line' id='line_1_55' title="bbox 278 4319 3563 4396; baseline -0.001 -19"><span class='ocrx_word' id='word_1_623' title='bbox 278 4326 341 4378; x_wconf 89' lang='lat' dir='ltr'><strong>de</strong></span> <span class='ocrx_word' id='word_1_624' title='bbox 370 4324 712 4390; x_wconf 86' lang='lat' dir='ltr'><strong>Pentecoste,</strong></span> <span class='ocrx_word' id='word_1_625' title='bbox 750 4338 911 4394; x_wconf 87' lang='lat' dir='ltr'><strong>quem</strong></span> <span class='ocrx_word' id='word_1_626' title='bbox 939 4323 1139 4378; x_wconf 83' lang='lat' dir='ltr'><strong>frustra</strong></span> <span class='ocrx_word' id='word_1_627' title='bbox 1167 4322 1222 4376; x_wconf 94' lang='lat' dir='ltr'><strong>in</strong></span> <span class='ocrx_word' id='word_1_628' title='bbox 1254 4337 1384 4378; x_wconf 91' lang='lat' dir='ltr'><strong>mss.</strong></span> <span class='ocrx_word' id='word_1_629' title='bbox 1412 4321 1795 4382; x_wconf 87' lang='lat' dir='ltr'><strong>Lobiensibus,</strong></span> <span class='ocrx_word' id='word_1_630' title='bbox 1834 4334 1864 4374; x_wconf 93' lang='lat' dir='ltr'><strong>e</strong></span> <span class='ocrx_word' id='word_1_631' title='bbox 1965 4341 2128 4396; x_wconf 84' lang='lat' dir='ltr'><strong>opera</strong></span> <span class='ocrx_word' id='word_1_632' title='bbox 2162 4324 2344 4378; x_wconf 88' lang='lat' dir='ltr'><strong>retulit</strong></span> <span class='ocrx_word' id='word_1_633' title='bbox 2371 4323 2567 4378; x_wconf 90' lang='lat' dir='ltr'><strong>librum</strong></span> <span class='ocrx_word' id='word_1_634' title='bbox 2598 4322 2672 4377; x_wconf 89' lang='lat' dir='ltr'><strong>De</strong></span> <span class='ocrx_word' id='word_1_635' title='bbox 2704 4336 2933 4391; x_wconf 85' lang='lat' dir='ltr'><strong>corpore</strong></span> <span class='ocrx_word' id='word_1_636' title='bbox 2960 4330 3015 4377; x_wconf 90' lang='lat' dir='ltr'><strong>et</strong></span> <span class='ocrx_word' id='word_1_637' title='bbox 3043 4320 3308 4390; x_wconf 86' lang='lat' dir='ltr'><strong>sanguine</strong></span> <span class='ocrx_word' id='word_1_638' title='bbox 3344 4319 3563 4375; x_wconf 89' lang='lat' dir='ltr'><strong>Domini</strong></span> 
     </span>
    </p>
   </div>
   <div class='ocr_carea' id='block_1_56' title="bbox 277 4408 3565 4487">
    <p class='ocr_par' dir='ltr' id='par_1_56' title="bbox 277 4408 3565 4487">
     <span class='ocr_line' id='line_1_56' title="bbox 277 4408 3565 4487; baseline -0.002 -17"><span class='ocrx_word' id='word_1_639' title='bbox 277 4417 473 4487; x_wconf 89' lang='lat' dir='ltr'><strong>quibus</strong></span> <span class='ocrx_word' id='word_1_640' title='bbox 496 4417 674 4472; x_wconf 88' lang='lat' dir='ltr'><strong>omnia</strong></span> <span class='ocrx_word' id='word_1_641' title='bbox 711 4432 776 4471; x_wconf 90' lang='lat' dir='ltr'><strong>ea</strong></span> <span class='ocrx_word' id='word_1_642' title='bbox 816 4416 1073 4485; x_wconf 85' lang='lat' dir='ltr'><strong>opuscula</strong></span> <span class='ocrx_word' id='word_1_643' title='bbox 1098 4414 1313 4469; x_wconf 88' lang='lat' dir='ltr'><strong>videtur</strong></span> <span class='ocrx_word' id='word_1_644' title='bbox 1342 4412 1637 4483; x_wconf 87' lang='lat' dir='ltr'><strong>accepisse,</strong></span> <span class='ocrx_word' id='word_1_645' title='bbox 1684 4410 1860 4480; x_wconf 80' lang='lat' dir='ltr'><strong>inqui-</strong></span> <span class='ocrx_word' id='word_1_646' title='bbox 1898 4480 1933 4487; x_wconf 79' lang='lat'><strong><em>_</em></strong></span> <span class='ocrx_word' id='word_1_647' title='bbox 1969 4424 2307 4473; x_wconf 89' lang='lat' dir='ltr'><strong>constantem</strong></span> <span class='ocrx_word' id='word_1_648' title='bbox 2344 4414 2633 4484; x_wconf 85' lang='lat' dir='ltr'><strong>nonaginta</strong></span> <span class='ocrx_word' id='word_1_649' title='bbox 2660 4428 2851 4468; x_wconf 92' lang='lat' dir='ltr'><strong>novem</strong></span> <span class='ocrx_word' id='word_1_650' title='bbox 2873 4411 3141 4483; x_wconf 89' lang='lat' dir='ltr'><strong>capitulis.</strong></span> <span class='ocrx_word' id='word_1_651' title='bbox 3162 4410 3317 4465; x_wconf 87' lang='lat' dir='ltr'><strong>Hunc</strong></span> <span class='ocrx_word' id='word_1_652' title='bbox 3338 4424 3467 4465; x_wconf 89' lang='lat' dir='ltr'><strong>sane</strong></span> <span class='ocrx_word' id='word_1_653' title='bbox 3499 4408 3565 4462; x_wconf 85' lang='lat' dir='ltr'><strong>Ii-</strong></span> 
     </span>
    </p>
   </div>
   <div class='ocr_carea' id='block_1_57' title="bbox 279 4480 3581 4573">
    <p class='ocr_par' dir='ltr' id='par_1_57' title="bbox 279 4480 3581 4573">
     <span class='ocr_line' id='line_1_57' title="bbox 279 4480 3581 4573; baseline -0.002 -13"><span class='ocrx_word' id='word_1_654' title='bbox 279 4508 503 4564; x_wconf 86' lang='lat' dir='ltr'><strong>rendum</strong></span> <span class='ocrx_word' id='word_1_655' title='bbox 531 4508 864 4565; x_wconf 87' lang='lat' dir='ltr'><strong>curavimus.</strong></span> <span class='ocrx_word' id='word_1_656' title='bbox 1894 4480 1945 4541; x_wconf 71' lang='grc' dir='ltr'>θ</span> <span class='ocrx_word' id='word_1_657' title='bbox 1972 4510 2127 4565; x_wconf 87' lang='lat' dir='ltr'><strong>brum</strong></span> <span class='ocrx_word' id='word_1_658' title='bbox 2157 4504 2398 4561; x_wconf 80' lang='lat' dir='ltr'><strong>Batherii</strong></span> <span class='ocrx_word' id='word_1_659' title='bbox 2424 4505 2643 4560; x_wconf 90' lang='lat' dir='ltr'><strong>nomine</strong></span> <span class='ocrx_word' id='word_1_660' title='bbox 2673 4504 2989 4573; x_wconf 90' lang='lat' dir='ltr'><strong>inscriptum</strong></span> <span class='ocrx_word' id='word_1_661' title='bbox 3016 4502 3239 4558; x_wconf 77' lang='lat' dir='ltr'><strong>exhibet</strong></span> <span class='ocrx_word' id='word_1_662' title='bbox 3265 4517 3368 4557; x_wconf 89' lang='lat' dir='ltr'><strong>ms.</strong></span> <span class='ocrx_word' id='word_1_663' title='bbox 3395 4500 3581 4556; x_wconf 77' lang='lat' dir='ltr'><strong>codex.</strong></span> 
     </span>
    </p>
   </div>
   <div class='ocr_carea' id='block_1_58' title="bbox 352 4593 3565 4670">
    <p class='ocr_par' dir='ltr' id='par_1_58' title="bbox 352 4593 3565 4670">
     <span class='ocr_line' id='line_1_58' title="bbox 352 4593 3565 4670; baseline -0.004 -15"><span class='ocrx_word' id='word_1_664' title='bbox 352 4600 535 4655; x_wconf 78' lang='lat' dir='ltr'>XXIII.</span> <span class='ocrx_word' id='word_1_665' title='bbox 603 4620 623 4654; x_wconf 74' lang='grc' dir='ltr'>ι</span> <span class='ocrx_word' id='word_1_666' title='bbox 679 4599 802 4655; x_wconf 82' lang='lat' dir='ltr'><strong>Alia</strong></span> <span class='ocrx_word' id='word_1_667' title='bbox 846 4597 1169 4670; x_wconf 87' lang='lat' dir='ltr'><strong>quamplura</strong></span> <span class='ocrx_word' id='word_1_668' title='bbox 1218 4616 1238 4650; x_wconf 71' lang='grc' dir='ltr'><strong>ι</strong></span> <span class='ocrx_word' id='word_1_669' title='bbox 1286 4595 1537 4652; x_wconf 87' lang='lat' dir='ltr'><strong>eumdem</strong></span> <span class='ocrx_word' id='word_1_670' title='bbox 1581 4593 1866 4663; x_wconf 82' lang='lat' dir='ltr'><strong>scripsisse</strong></span> <span class='ocrx_word' id='word_1_671' title='bbox 1974 4598 2292 4665; x_wconf 86' lang='lat' dir='ltr'><strong>Lobicnsis,</strong></span> <span class='ocrx_word' id='word_1_672' title='bbox 2324 4597 2478 4669; x_wconf 89' lang='lat' dir='ltr'><strong>cujus</strong></span> <span class='ocrx_word' id='word_1_673' title='bbox 2510 4596 2741 4651; x_wconf 89' lang='lat' dir='ltr'><strong>indicem</strong></span> <span class='ocrx_word' id='word_1_674' title='bbox 2770 4595 3034 4651; x_wconf 84' lang='lat' dir='ltr'><strong>Acherius</strong></span> <span class='ocrx_word' id='word_1_675' title='bbox 3067 4600 3354 4663; x_wconf 86' lang='lat' dir='ltr'><strong>acceperat</strong></span> <span class='ocrx_word' id='word_1_676' title='bbox 3380 4631 3396 4658; x_wconf 89' lang='lat'><strong>,</strong></span> <span class='ocrx_word' id='word_1_677' title='bbox 3439 4605 3565 4645; x_wconf 89' lang='lat' dir='ltr'><strong>cum</strong></span> 
     </span>
    </p>
   </div>
   <div class='ocr_carea' id='block_1_59' title="bbox 282 4680 3571 4755">
    <p class='ocr_par' dir='ltr' id='par_1_59' title="bbox 282 4680 3571 4755">
     <span class='ocr_line' id='line_1_59' title="bbox 282 4680 3571 4755; baseline -0.004 -7"><span class='ocrx_word' id='word_1_678' title='bbox 282 4693 418 4748; x_wconf 88' lang='lat' dir='ltr'><strong>idem</strong></span> <span class='ocrx_word' id='word_1_679' title='bbox 450 4692 744 4748; x_wconf 86' lang='lat' dir='ltr'><strong>Fulcuinus</strong></span> <span class='ocrx_word' id='word_1_680' title='bbox 791 4698 1017 4745; x_wconf 89' lang='lat' dir='ltr'><strong>testatur</strong></span> <span class='ocrx_word' id='word_1_681' title='bbox 1063 4705 1113 4745; x_wconf 90' lang='lat' dir='ltr'><strong>c.</strong></span> <span class='ocrx_word' id='word_1_682' title='bbox 1166 4688 1258 4743; x_wconf 65' lang='lat'><strong>25.</strong></span> <span class='ocrx_word' id='word_1_683' title='bbox 1309 4688 1446 4744; x_wconf 84' lang='lat' dir='ltr'><strong>Cum</strong></span> <span class='ocrx_word' id='word_1_684' title='bbox 1487 4701 1618 4742; x_wconf 87' lang='lat' dir='ltr'><strong>vero</strong></span> <span class='ocrx_word' id='word_1_685' title='bbox 1656 4686 1704 4742; x_wconf 91' lang='lat' dir='ltr'><strong>is</strong></span> <span class='ocrx_word' id='word_1_686' title='bbox 1730 4687 1871 4742; x_wconf 89' lang='lat' dir='ltr'><strong>inter</strong></span> <span class='ocrx_word' id='word_1_687' title='bbox 1976 4691 2249 4745; x_wconf 89' lang='lat' dir='ltr'><strong>laudatum</strong></span> <span class='ocrx_word' id='word_1_688' title='bbox 2296 4687 2577 4743; x_wconf 88' lang='lat' dir='ltr'><strong>elenchum</strong></span> <span class='ocrx_word' id='word_1_689' title='bbox 2623 4687 2946 4755; x_wconf 89' lang='lat' dir='ltr'><strong>impressit:</strong></span> <span class='ocrx_word' id='word_1_690' title='bbox 2982 4683 3138 4753; x_wconf 88' lang='lat' dir='ltr'><strong>hujus</strong></span> <span class='ocrx_word' id='word_1_691' title='bbox 3176 4684 3319 4738; x_wconf 87' lang='lat' dir='ltr'><strong>enim</strong></span> <span class='ocrx_word' id='word_1_692' title='bbox 3366 4680 3571 4737; x_wconf 91' lang='lat' dir='ltr'><strong>codicis</strong></span> 
     </span>
    </p>
   </div>
   <div class='ocr_carea' id='block_1_60' title="bbox 284 4771 3581 4853">
    <p class='ocr_par' dir='ltr' id='par_1_60' title="bbox 284 4771 3581 4853">
     <span class='ocr_line' id='line_1_60' title="bbox 284 4771 3581 4853; baseline -0.006 -19"><span class='ocrx_word' id='word_1_693' title='bbox 284 4780 449 4851; x_wconf 89' lang='lat' dir='ltr'><strong>ipsius</strong></span> <span class='ocrx_word' id='word_1_694' title='bbox 475 4797 636 4853; x_wconf 83' lang='lat' dir='ltr'><strong>opera</strong></span> <span class='ocrx_word' id='word_1_695' title='bbox 665 4796 791 4853; x_wconf 65' lang='lat' dir='ltr'><strong>qua:</strong></span> <span class='ocrx_word' id='word_1_696' title='bbox 821 4779 1132 4851; x_wconf 80' lang='lat' dir='ltr'><strong>singillatim</strong></span> <span class='ocrx_word' id='word_1_697' title='bbox 1162 4778 1436 4845; x_wconf 80' lang='lat' dir='ltr'><strong>nominat,</strong></span> <span class='ocrx_word' id='word_1_698' title='bbox 1488 4777 1772 4833; x_wconf 91' lang='lat' dir='ltr'><strong>duodecim</strong></span> <span class='ocrx_word' id='word_1_699' title='bbox 1801 4791 1869 4831; x_wconf 83' lang='lat' dir='ltr'><strong>ex</strong></span> <span class='ocrx_word' id='word_1_700' title='bbox 1977 4780 2344 4853; x_wconf 72' lang='lat' dir='ltr'><strong>apographum</strong></span> <span class='ocrx_word' id='word_1_701' title='bbox 2374 4778 2441 4833; x_wconf 77' lang='lat' dir='ltr'><strong>ad</strong></span> <span class='ocrx_word' id='word_1_702' title='bbox 2468 4794 2566 4833; x_wconf 78' lang='lat' dir='ltr'><strong>nos</strong></span> <span class='ocrx_word' id='word_1_703' title='bbox 2590 4776 2836 4839; x_wconf 68' lang='lat' dir='ltr'><strong>missum,</strong></span> <span class='ocrx_word' id='word_1_704' title='bbox 2869 4777 3009 4832; x_wconf 69' lang='lat' dir='ltr'><strong>idem</strong></span> <span class='ocrx_word' id='word_1_705' title='bbox 3036 4789 3172 4843; x_wconf 75' lang='lat' dir='ltr'><strong>opus</strong></span> <span class='ocrx_word' id='word_1_706' title='bbox 3200 4771 3444 4827; x_wconf 66' lang='lat' dir='ltr'><strong>natherii</strong></span> <span class='ocrx_word' id='word_1_707' title='bbox 3474 4786 3581 4826; x_wconf 76' lang='lat' dir='ltr'><strong>no-</strong></span> 
     </span>
    </p>
   </div>
   <div class='ocr_carea' id='block_1_61' title="bbox 289 4862 3578 4945">
    <p class='ocr_par' dir='ltr' id='par_1_61' title="bbox 289 4862 3578 4945">
     <span class='ocr_line' id='line_1_61' title="bbox 289 4862 3578 4945; baseline -0.004 -18"><span class='ocrx_word' id='word_1_708' title='bbox 289 4874 370 4929; x_wconf 88' lang='lat' dir='ltr'><strong>his</strong></span> <span class='ocrx_word' id='word_1_709' title='bbox 397 4891 513 4945; x_wconf 72' lang='lat' dir='ltr'><strong>qua:</strong></span> <span class='ocrx_word' id='word_1_710' title='bbox 534 4876 695 4932; x_wconf 85' lang='lat' dir='ltr'><strong>nobis</strong></span> <span class='ocrx_word' id='word_1_711' title='bbox 721 4882 925 4945; x_wconf 71' lang='lat' dir='ltr'><strong>prmsto</strong></span> <span class='ocrx_word' id='word_1_712' title='bbox 943 4884 1091 4939; x_wconf 91' lang='lat' dir='ltr'><strong>sunt,</strong></span> <span class='ocrx_word' id='word_1_713' title='bbox 1117 4888 1181 4929; x_wconf 88' lang='lat' dir='ltr'><strong>ac</strong></span> <span class='ocrx_word' id='word_1_714' title='bbox 1210 4871 1392 4942; x_wconf 89' lang='lat' dir='ltr'><strong>plures</strong></span> <span class='ocrx_word' id='word_1_715' title='bbox 1419 4871 1584 4928; x_wconf 87' lang='lat' dir='ltr'><strong>etiam</strong></span> <span class='ocrx_word' id='word_1_716' title='bbox 1614 4870 1871 4941; x_wconf 84' lang='lat' dir='ltr'><strong>epistolas</strong></span> <span class='ocrx_word' id='word_1_717' title='bbox 1978 4888 2101 4928; x_wconf 89' lang='lat' dir='ltr'><strong>men</strong></span> <span class='ocrx_word' id='word_1_718' title='bbox 2150 4871 2202 4925; x_wconf 88' lang='lat' dir='ltr'><strong>in</strong></span> <span class='ocrx_word' id='word_1_719' title='bbox 2247 4869 2399 4926; x_wconf 88' lang='lat' dir='ltr'><strong>titulo</strong></span> <span class='ocrx_word' id='word_1_720' title='bbox 2428 4870 2721 4941; x_wconf 64' lang='lat' dir='ltr'><strong>prtefcrens</strong></span> <span class='ocrx_word' id='word_1_721' title='bbox 2740 4908 2754 4932; x_wconf 95' lang='lat'><strong>,</strong></span> <span class='ocrx_word' id='word_1_722' title='bbox 2800 4867 2853 4921; x_wconf 93' lang='lat' dir='ltr'><strong>in</strong></span> <span class='ocrx_word' id='word_1_723' title='bbox 2894 4868 3114 4924; x_wconf 89' lang='lat' dir='ltr'><strong>totidem</strong></span> <span class='ocrx_word' id='word_1_724' title='bbox 3159 4864 3336 4934; x_wconf 86' lang='lat' dir='ltr'><strong>capita</strong></span> <span class='ocrx_word' id='word_1_725' title='bbox 3379 4862 3578 4917; x_wconf 85' lang='lat' dir='ltr'><strong>distiu-</strong></span> 
     </span>
    </p>
   </div>
   <div class='ocr_carea' id='block_1_62' title="bbox 288 4953 3584 5035">
    <p class='ocr_par' dir='ltr' id='par_1_62' title="bbox 288 4953 3584 5035">
     <span class='ocr_line' id='line_1_62' title="bbox 288 4953 3584 5035; baseline -0.003 -19"><span class='ocrx_word' id='word_1_726' title='bbox 288 4982 419 5035; x_wconf 83' lang='lat' dir='ltr'><strong>qnas</strong></span> <span class='ocrx_word' id='word_1_727' title='bbox 452 4969 595 5023; x_wconf 89' lang='lat' dir='ltr'><strong>nacti</strong></span> <span class='ocrx_word' id='word_1_728' title='bbox 635 4982 864 5031; x_wconf 85' lang='lat' dir='ltr'><strong>sumus,</strong></span> <span class='ocrx_word' id='word_1_729' title='bbox 903 4966 1118 5021; x_wconf 86' lang='lat' dir='ltr'><strong>silentio</strong></span> <span class='ocrx_word' id='word_1_730' title='bbox 1163 4963 1519 5035; x_wconf 78' lang='lat' dir='ltr'><strong>praeterierit,</strong></span> <span class='ocrx_word' id='word_1_731' title='bbox 1565 4977 1671 5017; x_wconf 93' lang='lat' dir='ltr'><strong>non</strong></span> <span class='ocrx_word' id='word_1_732' title='bbox 1704 4962 1876 5019; x_wconf 89' lang='lat' dir='ltr'><strong>solum</strong></span> <span class='ocrx_word' id='word_1_733' title='bbox 1987 4964 2118 5035; x_wconf 88' lang='lat' dir='ltr'><strong>guit.</strong></span> <span class='ocrx_word' id='word_1_734' title='bbox 2161 4963 2351 5018; x_wconf 78' lang='lat' dir='ltr'><strong>Exstat</strong></span> <span class='ocrx_word' id='word_1_735' title='bbox 2395 4970 2662 5031; x_wconf 63' lang='lat' dir='ltr'><strong>praeterea</strong></span> <span class='ocrx_word' id='word_1_736' title='bbox 2710 4975 2813 5013; x_wconf 89' lang='lat' dir='ltr'><strong>ms.</strong></span> <span class='ocrx_word' id='word_1_737' title='bbox 2863 4958 3000 5015; x_wconf 84' lang='lat' dir='ltr'><strong>liber</strong></span> <span class='ocrx_word' id='word_1_738' title='bbox 3041 4955 3331 5011; x_wconf 76' lang='lat' dir='ltr'><strong>Vaticanus</strong></span> <span class='ocrx_word' id='word_1_739' title='bbox 3381 4953 3584 5023; x_wconf 65' lang='lat' dir='ltr'><strong>reginae</strong></span> 
     </span>
    </p>
   </div>
   <div class='ocr_carea' id='block_1_63' title="bbox 292 5042 3587 5131">
    <p class='ocr_par' dir='ltr' id='par_1_63' title="bbox 292 5042 3587 5131">
     <span class='ocr_line' id='line_1_63' title="bbox 292 5042 3587 5131; baseline -0.005 -17"><span class='ocrx_word' id='word_1_740' title='bbox 292 5062 400 5116; x_wconf 74' lang='lat' dir='ltr'><strong>lucc</strong></span> <span class='ocrx_word' id='word_1_741' title='bbox 442 5061 794 5131; x_wconf 79' lang='lat' dir='ltr'><strong>complurium</strong></span> <span class='ocrx_word' id='word_1_742' title='bbox 830 5059 1046 5114; x_wconf 91' lang='lat' dir='ltr'><strong>nomine</strong></span> <span class='ocrx_word' id='word_1_743' title='bbox 1082 5058 1382 5127; x_wconf 82' lang='lat' dir='ltr'><strong>intelligere</strong></span> <span class='ocrx_word' id='word_1_744' title='bbox 1436 5056 1640 5127; x_wconf 90' lang='lat' dir='ltr'><strong>potuit,</strong></span> <span class='ocrx_word' id='word_1_745' title='bbox 1694 5069 1883 5111; x_wconf 88' lang='lat' dir='ltr'><strong>verum</strong></span> <span class='ocrx_word' id='word_1_746' title='bbox 1989 5055 2321 5119; x_wconf 82' lang='lat' dir='ltr'><strong>Succorum,</strong></span> <span class='ocrx_word' id='word_1_747' title='bbox 2360 5052 2607 5124; x_wconf 86' lang='lat' dir='ltr'><strong>signatus</strong></span> <span class='ocrx_word' id='word_1_748' title='bbox 2644 5066 2794 5104; x_wconf 90' lang='lat' dir='ltr'><strong>num.</strong></span> <span class='ocrx_word' id='word_1_749' title='bbox 2841 5050 2983 5115; x_wconf 71' lang='grc'><strong>498,</strong></span> <span class='ocrx_word' id='word_1_750' title='bbox 3017 5049 3069 5103; x_wconf 91' lang='lat' dir='ltr'><strong>in</strong></span> <span class='ocrx_word' id='word_1_751' title='bbox 3098 5060 3206 5112; x_wconf 88' lang='lat' dir='ltr'><strong>quo</strong></span> <span class='ocrx_word' id='word_1_752' title='bbox 3237 5042 3587 5111; x_wconf 43' lang='lat' dir='ltr'><strong>describitur.</strong></span> 
     </span>
    </p>
   </div>
   <div class='ocr_carea' id='block_1_64' title="bbox 294 5133 3598 5190">
    <p class='ocr_par' dir='ltr' id='par_1_64' title="bbox 294 5133 3598 5190">
     <span class='ocr_line' id='line_1_64' title="bbox 294 5133 3598 5190; baseline 0 0"><span class='ocrx_word' id='word_1_753' title='bbox 294 5153 450 5190; x_wconf 65' lang='lat' dir='ltr'><strong>Atiam</strong></span> <span class='ocrx_word' id='word_1_754' title='bbox 499 5154 601 5190; x_wconf 68' lang='lat' dir='ltr'><strong>alio</strong></span> <span class='ocrx_word' id='word_1_755' title='bbox 634 5168 747 5190; x_wconf 79' lang='lat' dir='ltr'><strong>nnn</strong></span> <span class='ocrx_word' id='word_1_756' title='bbox 799 5166 966 5190; x_wconf 72' lang='lat' dir='ltr'><strong>nmmn</strong></span> <span class='ocrx_word' id='word_1_757' title='bbox 1029 5165 1257 5190; x_wconf 75' lang='lat' dir='ltr'><strong>nunt-um</strong></span> <span class='ocrx_word' id='word_1_758' title='bbox 1292 5148 1547 5190; x_wconf 70' lang='lat' dir='ltr'><strong>momnria</strong></span> <span class='ocrx_word' id='word_1_759' title='bbox 1580 5155 1880 5190; x_wconf 64' lang='lat' dir='ltr'><strong>lamnarum</strong></span> <span class='ocrx_word' id='word_1_760' title='bbox 1987 5146 2201 5190; x_wconf 75' lang='lat' dir='ltr'><strong>Rnlnlin</strong></span> <span class='ocrx_word' id='word_1_761' title='bbox 2234 5143 2477 5190; x_wconf 75' lang='lat' dir='ltr'><strong>Ratherii</strong></span> <span class='ocrx_word' id='word_1_762' title='bbox 2515 5146 2581 5190; x_wconf 75' lang='lat' dir='ltr'><strong>(In</strong></span> <span class='ocrx_word' id='word_1_763' title='bbox 2612 5142 2846 5190; x_wconf 78' lang='lat' dir='ltr'><strong>nuntiam</strong></span> <span class='ocrx_word' id='word_1_764' title='bbox 3018 5150 3195 5190; x_wconf 71' lang='lat' dir='ltr'><strong>SCI‘VO.</strong></span> <span class='ocrx_word' id='word_1_765' title='bbox 3226 5133 3377 5188; x_wconf 79' lang='lat' dir='ltr'><strong>Hanc</strong></span> <span class='ocrx_word' id='word_1_766' title='bbox 3409 5148 3598 5190; x_wconf 72' lang='lat' dir='ltr'><strong>autem</strong></span> 
     </span>
    </p>
   </div>
  </div>
