4038 5388
237 130 304 185 35
1171 136 1706 196 rnowcousm.
1746 168 1817 181 —
1851 136 2223 205 PREFATIO
2260 137 2621 193 causam.
2804 104 2805 107 γ
3452 137 3520 193 ss

241 228 633 311 lucubratum,
664 256 720 303 et
746 248 1045 319 Agonistici
1071 250 1235 305 libros
1277 267 1396 317 sex,
1436 252 1527 320 qui
1579 266 1746 305 unum
1783 258 1839 306 et
1864 250 1918 311 Α
1943 248 2264 304 studuimus.
2291 248 2562 314 Secundo,
2588 248 2688 303 etsi
2715 247 3005 313 Rauierius
3029 262 3207 303 mores
3237 249 3515 304 hominum

238 330 380 383 idem
411 345 564 400 Opus
592 344 737 395 sunt,
767 334 928 388 veluti
953 336 1061 390 duo
1078 335 1329 392 distincta
1354 352 1517 406 opera
1558 336 1765 391 retulit.

309 419 516 475 XXIX.
551 421 730 477 Simili
777 424 1194 482 hallucinatione
1216 427 1423 498 lapsum
1450 429 1720 484 credimus
1746 428 1838 483 Si-

239 510 561 579 gebertum,
585 528 709 567 cum
733 512 787 568 in
816 513 1033 570 laudato
1061 515 1177 572 loco
1208 516 1281 571 De
1305 517 1491 586 script.
1514 515 1648 572 eccl.
1670 514 1839 571 veluti

239 605 342 654 duo
406 602 681 659 distincta
705 620 869 675 opera
899 605 1096 662 refert:
1138 626 1155 658 ‹
1186 607 1413 678 Scripsit
1433 607 1646 671 librum,
1676 621 1839 676 quem

240 692 640 763 praetilulavit:
677 696 948 767 Ine/ﬁcu,
983 707 1036 751 ul
1060 699 1157 751 sibi
1196 701 1358 753 risum
1400 708 1495 763 est,
1523 699 1774 769 garrilus;
1811 718 1832 751 ι

239 794 290 839 et
314 795 443 854 post
482 802 697 855 pauca:
760 806 779 838 ι
828 788 1055 859 Scripsit
1082 797 1270 845 contra
1314 789 1561 845 hmresim
1598 788 1834 844 Anthro-

240 876 747 945 ps-nnorphitarum,
811 897 830 929 ι
879 888 985 933 etc.
1041 878 1277 935 Titulus:
1326 878 1594 950 Ine/ﬁcax,
1650 890 1705 932 ut
1738 879 1837 933 sibi

240 963 399 1013 uisum
426 971 536 1027 est,
586 965 839 1033 garrilus,
866 980 896 1018 a
942 963 1198 1019 Ratherio
1243 963 1431 1020 alllxus
1472 965 1571 1020 fuit
1618 965 1834 1031 libello,

240 1067 327 1107 seu
350 1052 649 1120 prolixiori
669 1055 927 1121 sermoni,
950 1054 1088 1124 apud
1112 1070 1209 1110 nos
1231 1056 1489 1121 secundo,
1511 1054 1577 1110 de
1591 1056 1837 1124 Quadra-

239 1144 463 1215 gesima,
497 1159 668 1214 quem
710 1144 1028 1216 Sigebertus
1053 1162 1120 1202 ex
1184 1147 1299 1218 ipso
1341 1147 1494 1202 titulo
1543 1148 1669 1202 inde
1742 1164 1836 1203 ex-

242 1237 444 1306 scripto
470 1252 595 1307 pra:
623 1237 794 1293 oculis
813 1238 1017 1293 habuit.
1043 1238 1211 1293 Porro
1241 1238 1293 1293 in
1322 1239 1423 1293 hoc
1452 1253 1699 1292 sermone
1728 1238 1837 1293 hae-

242 1325 373 1380 resis
396 1325 1092 1398 Anthropomorphitarum
1120 1327 1282 1383 latius
1304 1328 1667 1399 impngnatur,
1694 1327 1833 1401 [xxi]

243 1434 337 1473 nec
364 1419 517 1474 aliud
573 1420 853 1490 quidpiam
900 1428 1089 1476 contra
1119 1420 1260 1475 hanc
1323 1420 1639 1475 Ratherium
1703 1420 1837 1475 scri-

242 1509 410 1578 psisse
434 1510 799 1566 arbitramur.
820 1511 1128 1577 Fulcuinus,
1156 1511 1247 1581 qui
1274 1526 1373 1567 nec
1387 1513 1835 1582 sermonemfpro—

1941 340 2098 394 valde
2128 350 2409 411 corruptos
2438 340 2805 411 perstringens
2842 341 3041 395 nemini
3071 340 3361 409 parcebat,
3394 337 3516 395 eam

1939 439 2117 486 tamen
2142 433 2445 488 cautionem
2474 440 2529 487 et
2568 431 2995 486 moderationem
3041 430 3308 496 adhibuit,
3340 446 3408 486 ne
3439 432 3520 485 vi-

1938 539 2121 579 rorum
2160 524 2458 594 praesertim
2486 524 2797 595 insignium,
2834 538 3064 592 quorum
3094 521 3225 576 vilia
3259 536 3522 592 coargue-

1935 614 2046 678 bat,
2080 614 2327 668 vocabqu
2353 616 2698 684 exprimeret.
2731 613 2953 682 Propria
2982 612 3199 666 nomina
3226 626 3368 682 smpe
3390 611 3522 666 omi-

1936 704 2029 769 sit,
2071 713 2125 760 et
2156 704 2331 760 aliena
2369 720 2752 775 nonnunquam
2788 704 2906 759 loco
2940 703 3281 774 propriorum
3328 699 3522 755 substi-

1937 797 2060 851 tuit.
2103 796 2433 866 Quandoque
2474 798 2668 862 etiam,
2706 813 2828 852 cum
2865 798 2931 852 de
2974 812 3032 850 re
3075 811 3171 850 sua
3214 803 3425 861 ageret,
3458 806 3523 848 se

1936 887 2109 955 ipsum
2132 886 2439 951 occultavit,
2464 886 2597 941 adeo
2619 897 2706 954 ut,
2733 903 2852 940 cum
2880 888 2945 941 de
2969 902 3028 941 se
3051 886 3305 955 loquitur,
3328 885 3394 939 de
3414 882 3523 939 alio

1936 975 2080 1045 loqui
2117 976 2377 1030 videatur.
2406 975 2603 1030 Confer
2626 976 3057 1031 Admonitionem
3086 976 3138 1029 in
3176 975 3339 1028 libros
3373 973 3523 1027 Prae-

1944 1066 2271 1138 loquiorum,
2318 1083 2465 1121 num.
2500 1067 2550 1121 5.
2585 1065 2654 1121 Ut
2683 1068 2795 1121 haec
2835 1065 3107 1137 mnigmati
3140 1065 3333 1120 similia
3377 1077 3520 1118 nunc

1936 1160 2283 1229 conjecturis,
2312 1174 2453 1213 nunc
2482 1158 2806 1213 certioribus
2832 1157 3195 1211 monumentis
3221 1155 3521 1223 explicare-

1935 1262 2055 1305 mus
2084 1250 2137 1304 iu
2169 1250 2329 1313 notis,
2363 1264 2467 1304 non
2500 1249 2723 1302 minimo
2755 1248 2937 1302 labore
2972 1246 3225 1300 utendum
3252 1245 3374 1299 fuit.

2007 1339 2218 1393 XXXII.
2262 1340 2356 1394 His
2398 1355 2580 1394 rerum
2608 1337 3011 1394 dilIicultatibus
3046 1337 3303 1408 augendis
3331 1351 3518 1391 acces-

1935 1430 2007 1485 sit
2034 1430 2087 1484 in
2114 1429 2344 1499 vulgatis
2368 1429 2730 1499 interpunctio
2760 1428 2985 1483 subinde
3013 1436 3317 1482 transversa
3343 1435 3397 1480 et
3423 1426 3519 1479 de-

1934 1529 2181 1590 pravata,
2215 1536 2334 1590 qum
2371 1535 2513 1575 nunc
2537 1535 2754 1575 sensum
2794 1527 3152 1589 perverteret,
3194 1533 3337 1572 nunc
3383 1517 3522 1571 hiul-

242 1603 401 1657 lixum
449 1605 521 1659 de
582 1604 1027 1677 Quadragesima,
1070 1621 1169 1661 nec
1202 1605 1523 1677 Ine/ﬁcarent
1573 1608 1831 1679 garritum
1861 1606 1908 1667 B
1937 1625 2058 1665 cum
2103 1611 2174 1664 ita
2221 1611 2570 1681 relinqueret,
2615 1618 2676 1665 ut
2714 1610 2917 1680 aliquid
2965 1610 3153 1663 deesse
3199 1608 3517 1663 videretur:

243 1705 525 1761 memorat,
545 1697 699 1752 hunc
721 1698 791 1753 ob
812 1697 1172 1767 prolixitatem
1189 1698 1330 1752 inter
1351 1707 1610 1753 tractatus
1633 1699 1830 1769 potius,

245 1803 399 1856 quam
430 1788 590 1843 inter
620 1804 904 1843 sermones
942 1803 1257 1855 accensens,
1283 1787 1446 1843 libelli
1474 1789 1832 1859 appellatione

244 1880 488 1935 iudicavit
511 1896 573 1935 c.
606 1880 697 1947 24,
732 1881 1008 1951 inquiens:
1060 1899 1079 1933 ι
1116 1881 1214 1936 Est
1265 1888 1316 1936 et
1345 1881 1585 1950 ejusdem
1621 1881 1831 1937 libellus

248 1980 426 2023 contra
451 1970 1076 2040 Anthropomorpbitas.
1108 1990 1127 2023 ι
1166 1969 1481 2041 Sigebcrtus
1506 1981 1708 2037 autem,
1738 1973 1829 2041 qui

244 2070 291 2114 et
315 2059 649 2114 Fulcuinum
673 2062 831 2126 vidit,
864 2045 999 2130 opus
1039 2062 1107 2116 ab
1157 2060 1418 2130 Ine/ﬁcari
1462 2062 1665 2131 garrilu
1720 2062 1830 2115 dis-

247 2151 455 2204 tinctum
506 2150 607 2205 his
658 2150 903 2206 Fulcuini
954 2151 1133 2207 verbis
1181 2151 1471 2206 memorari
1534 2151 1831 2206 credidisse

244 2243 459 2296 videtur.
476 2242 642 2309 Quod
662 2244 705 2297 si
720 2244 821 2297 hoc
845 2244 1050 2311 pariter
1068 2258 1203 2313 opus
1216 2242 1465 2313 Egidius
1489 2242 1825 2307 Leodiensis,

249 2330 571 2387 'l‘rithemius
604 2333 805 2402 aliique
835 2333 1083 2388 similiter
1104 2333 1419 2395 distinxere,
1454 2333 1588 2387 nihil
1610 2347 1828 2388 movere

250 2425 458 2481 debent:
493 2442 693 2482 omnes
718 2427 864 2481 enim
887 2440 917 2481 e
950 2426 1230 2497 Sigeherto
1270 2425 1576 2482 ebiberunt.

960 2519 990 2591 ς
1028 2519 1114 2573 ιιι.

324 2609 457 2674 Quid
485 2612 541 2665 in
568 2612 675 2665 hac
703 2611 1004 2665 collectione
1026 2622 1074 2665 et
1098 2611 1324 2666 editione
1349 2612 1638 2682 prwslilum
1666 2613 1754 2666 sit.

310 2702 469 2757 XXX.
511 2702 652 2770 Quae
683 2703 926 2758 Ratherii
958 2718 1119 2772 opera
1165 2713 1324 2758 antea
1372 2705 1633 2773 impressa
1665 2704 1831 2759 colle-

253 2792 432 2863 gimus,
461 2804 515 2851 et
540 2811 670 2865 qua:
710 2804 971 2864 praeterea
996 2795 1253 2851 accedent
1287 2796 1506 2861 inedita,
1539 2810 1602 2850 cx
1629 2811 1828 2865 praece-

252 2884 381 2938 denti
410 2886 757 2956 paragrapho
782 2886 973 2955 liquet.
1002 2886 1059 2941 ln
1102 2895 1253 2941 textu
1287 2896 1464 2941 autem
1487 2888 1826 2944 emendando

1936 1715 2036 1755 nec
2067 1700 2355 1770 aliquando
2391 1701 2495 1754 nisi
2524 1700 2753 1770 repetita
2790 1699 3041 1763 lectione,
3082 1707 3136 1752 et
3160 1698 3369 1752 diutino
3400 1712 3521 1750 exat

1934 1792 2080 1846 mine
2121 1791 2570 1861 interpunctionis
2608 1791 2799 1846 vitium
2844 1791 3095 1862 detegere
3139 1790 3310 1844 licuit.
3358 1789 3519 1843 Plura

1934 1883 2033 1936 hac
2080 1882 2286 1937 ratione
2326 1891 2537 1946 sanata,
2565 1898 2684 1952 quae
2727 1883 3157 1952 desperationem
3199 1881 3518 1936 aﬂ‘erebant.

1934 1973 2251 2028 Dillicillima
2294 1991 2455 2043 porro
2480 1984 2536 2028 et
2559 1974 2713 2029 valde
2745 1974 2976 2043 implexa
3006 1974 3243 2029 auctoris
3275 1974 3522 2045 syntaxis

1932 2063 2161 2119 inveniri
2203 2064 2356 2126 solet,
2399 2079 2520 2118 cum
2552 2065 2853 2133 praesertim
2885 2064 3123 2118 oratoria
3167 2064 3398 2133 quadam
3438 2062 3520 2117 fa-

1930 2152 2125 2207 cundia
2150 2152 2226 2205 uti
2260 2152 2445 2205 voluit.
2480 2151 2781 2221 Longiores
2799 2152 2944 2206 enim
2970 2153 3198 2223 periodi,
3228 2151 3520 2216 transposi-

1931 2243 2006 2298 tio
2040 2259 2230 2298 vocum
2275 2244 2555 2309 inusitata,
2594 2250 2650 2298 et
2692 2243 2797 2297 alia
2845 2244 3067 2313 hujusce
3108 2244 3323 2315 generis
3364 2244 3523 2300 valde

1930 2335 2267 2390 incommoda
2310 2335 2505 2404 saepius
2536 2342 2862 2400 occurrunt,
2896 2350 3015 2405 qua:
3049 2344 3108 2389 ut
3144 2334 3515 2406 intelligeren-

1930 2436 2037 2488 tur,
2069 2427 2152 2482 bis
2182 2433 2330 2480 terve
2366 2434 2459 2479 aut
2494 2440 2560 2479 eo
2590 2424 2795 2494 pluries
2826 2440 2987 2479 unam
3021 2426 3374 2494 eamdemque
3421 2440 3518 2493 pc-

1928 2520 2139 2574 riodum
2166 2518 2345 2589 legere
2373 2527 2428 2574 et
2467 2517 2727 2573 attentius
2759 2518 3008 2572 meditari
3051 2533 3184 2588 opus
3229 2516 3346 2572 fuit.
3387 2517 3519 2584 Qua:

1861 2612 1869 2620 ’
1930 2622 2109 2667 autem
2142 2620 2292 2665 tanto
2329 2610 2507 2665 studio
2537 2617 2591 2665 et
2614 2608 2799 2665 labere
2829 2610 3064 2665 assecuti
3101 2625 3307 2675 sumus,
3353 2608 3515 2664 cilicii

1930 2704 2099 2759 nostri
2124 2718 2245 2758 esse
2272 2702 2528 2756 duximus
2552 2716 2615 2756 ea
2652 2700 2707 2755 iu
2738 2700 2880 2755 notis
2903 2709 3218 2756 construere
3254 2708 3309 2755 et
3339 2697 3512 2769 expli-

1930 2809 2075 2857 care,
2107 2802 2166 2847 ut
2192 2793 2422 2847 lectores
2448 2791 2635 2847 eadem
2661 2790 2905 2846 molestia
2940 2791 3265 2845 levarentur.

2001 2884 2238 2939 XXXIII.
2279 2882 2639 2954 Chronologia
2672 2881 2854 2953 [χχιιι]
2897 2896 3119 2951 operum
3160 2879 3405 2935 Ratherii
3445 2880 3517 2935 ob

253 2975 456 3031 multum
503 2993 655 3031 curae
699 2993 764 3033 ac
806 2976 1008 3032 laboris
1053 2977 1419 3033 adhibuimus.
1468 2977 1823 3032 Desideraha-
1852 2967 1897 3030 C
1930 2979 2108 3034 varias
2158 2978 2320 3049 hujus
2366 2976 2767 3032 vicissitudines
2817 2974 2949 3030 adeo
2997 2973 3227 3029 dilIicilis
3274 2972 3387 3028 visa
3432 2979 3521 3025 est

253 3081 359 3121 IllﬂS
385 3069 601 3123 codices
633 3067 839 3136 aliquot
884 3067 1123 3136 ejusdem
1153 3069 1355 3139 operis,
1388 3080 1446 3122 ut
1478 3069 1592 3124 loca
1640 3069 1825 3123 vitiata

254 3156 300 3211 in
328 3174 427 3212 uno
455 3159 870 3229 corrigerentur
896 3176 963 3214 ex
1007 3159 1143 3221 aliis,
1180 3170 1233 3215 et
1280 3160 1504 3225 lacuum,
1533 3176 1653 3230 qua:
1692 3176 1827 3216 non-

252 3268 505 3323 nunquam
542 3264 863 3319 occurrunt,
896 3255 1289 3325 supplerentur.
1322 3255 1429 3311 Sed
1458 3273 1581 3312 cum
1610 3257 1662 3311 in
1692 3273 1825 3327 pau-

254 3344 323 3398 cis
361 3347 634 3414 opusculis
678 3349 784 3400 duo
829 3346 895 3400 ad
940 3362 1207 3401 summum
1255 3346 1467 3401 codices
1513 3355 1821 3416 suppetant,

254 3438 445 3505 quando
486 3439 790 3509 potuimus,
822 3438 1227 3492 emendavimus
1261 3452 1326 3492 ex
1356 3438 1561 3502 codice,
1606 3439 1660 3492 in
1703 3438 1824 3494 aliis

256 3540 368 3581 vero
390 3544 452 3583 ex
490 3530 735 3600 ingenio,
780 3530 883 3584 hac
911 3539 1091 3584 tamen
1116 3531 1364 3584 cautione
1392 3538 1451 3584 ut
1481 3546 1585 3584 non
1616 3531 1822 3585 insere-

258 3626 387 3671 retur
428 3620 479 3674 in
520 3630 736 3675 textum
782 3620 1112 3685 emendatio,
1155 3621 1259 3675 nisi
1308 3621 1397 3674 ubi
1442 3630 1592 3675 certa
1623 3631 1677 3675 et
1707 3620 1823 3676 fere

258 3710 451 3766 evidens
480 3729 613 3768 vera
641 3713 805 3768 lectio
839 3722 1167 3782 suppeteret,
1202 3712 1458 3767 anteriori
1506 3712 1736 3767 lectione
1767 3713 1821 3767 in

260 3801 381 3856 notis
407 3805 643 3874 subjecta
677 3818 694 3857 :
728 3805 816 3859 ubi
845 3814 1027 3859 autem
1057 3821 1162 3861 non
1208 3805 1428 3859 omnino
1468 3805 1534 3859 de
1565 3806 1823 3860 emenda-

258 3893 384 3949 tione
412 3906 707 3963 constaret,
738 3900 853 3953 hmc
890 3907 1252 3968 apponeretur
1295 3898 1349 3953 in
1393 3900 1536 3953 notis
1565 3898 1648 3953 vel
1682 3900 1823 3953 inter

260 3998 405 4041 uncos
431 3988 481 4042 in
521 3999 694 4043 textu.

317 4074 494 4132 XXXI.
536 4080 839 4135 Emeudato
869 4089 1027 4150 prout
1053 4080 1205 4135 licuit
1231 4089 1402 4143 textu,
1430 4081 1694 4149 duplicem
1727 4082 1821 4135 ad-

260 4164 352 4220 huc
374 4168 423 4221 in
456 4170 569 4239 ipso
594 4170 968 4226 dillicullatem
999 4172 1205 4240 experti
1234 4187 1440 4235 sumus,
1470 4171 1627 4225 aliam
1657 4172 1708 4225 in
1738 4187 1823 4227 re-

261 4255 366 4321 bus,
403 4274 517 4328 qua:
545 4262 699 4317 subol
723 4278 899 4316 scurae
935 4263 1257 4332 quandoque
1285 4272 1412 4316 sunt
1455 4272 1510 4317 et
1549 4262 1819 4333 aenigmati

1924 3071 2241 3137 Muratorio,
2275 3077 2337 3123 ut
2371 3069 2588 3124 dissert.
2626 3067 2695 3123 45
2739 3067 2793 3122 in
2833 3066 3101 3135 Antiquit.
3143 3063 3311 3118 Italic.
3353 3061 3518 3117 medii

1924 3163 2047 3227 azvi,
2078 3170 2209 3217 tom.
2235 3159 2325 3225 Ill,
2365 3176 2486 3229 pag.
2518 3158 2644 3225 851,
2687 3157 3005 3227 scripserit:
3039 3174 3058 3208 ι
3093 3154 3197 3209 Tot
3233 3152 3513 3217 aerumnis,

1924 3251 2129 3308 exsiliis
2169 3248 2720 3317 conversionibusque
2751 3246 3020 3301 obnoxius
3063 3242 3165 3297 fuit
3223 3242 3517 3297 Ratherius

1926 3378 1943 3394 .
1986 3377 2001 3394 .
2046 3380 2062 3395 .
2108 3380 2123 3393 .
2166 3378 2180 3394 .
2223 3377 2237 3393 .
2279 3347 2337 3392 ut
2369 3337 2485 3405 ejus
2515 3335 2683 3405 (libri)
2720 3333 3125 3402 chronologiam
3158 3341 3303 3386 recte
3333 3330 3513 3385 consi-

1924 3424 2091 3501 gnarc
2129 3444 2237 3483 non
2273 3438 2383 3482 tam
2412 3426 2568 3480 facile
2596 3425 2789 3494 possis.
2828 3444 2847 3477 ι
2884 3425 2959 3478 De
2985 3424 3123 3477 libro
3156 3422 3394 3490 loquitur
3426 3422 3514 3475 in-

1924 3520 2125 3589 scripto
2155 3518 2229 3573 De
2254 3524 2566 3584 contemptu
2593 3529 2860 3569 canonum
2890 3532 2904 3567 :
2936 3513 3078 3583 quod
3103 3522 3285 3565 tamen
3315 3511 3380 3565 de
3405 3525 3512 3565 οων

1924 3611 2054 3665 teris
2083 3624 2236 3679 aeque
2266 3608 2426 3662 valet.
2456 3606 2743 3661 Enimvero
2777 3604 2881 3659 nisi
2907 3604 3057 3675 prius
3085 3602 3322 3656 auctoris
3349 3602 3516 3654 vitam

1922 3709 2111 3757 exacte
2139 3705 2448 3755 contextam
2478 3697 2706 3760 habeas,
2748 3709 2871 3764 qua:
2898 3692 3084 3747 multis
3112 3688 3515 3747 diﬂicultatibus

1921 3794 2183 3863 implicita
2225 3800 2329 3858 est,
2364 3790 2499 3845 nihil
2546 3788 2738 3845 conﬁci
2788 3786 3006 3856 poterit.
3056 3785 3281 3840 Multum
3330 3785 3514 3854 itaque

1922 3887 2084 3943 studii
2119 3886 2173 3940 in
2205 3884 2494 3953 digerenda
2523 3880 2874 3951 chronologia
2917 3888 3162 3935 actorum
3202 3892 3266 3932 ac
3294 3877 3509 3932 vicissi-

1924 3979 2168 4033 tudinum
2214 3974 2457 4030 Ratberii
2506 3971 2883 4028 collocandum
2923 3968 3045 4035 fuit,
3087 3984 3152 4024 ex
3194 3982 3301 4038 quo
3342 3966 3513 4036 ipsius

1921 4083 2085 4139 Opera
2132 4074 2188 4122 et
2219 4063 2472 4135 epistolas
2503 4064 2555 4117 in
2596 4061 3039 4130 chronologicam
3084 4058 3278 4114 seriem
3327 4057 3511 4126 dispo-

1923 4172 2055 4213 nere
2082 4157 2290 4212 liceret.
2329 4154 2567 4224 Tempus
2597 4161 2775 4207 autem
2807 4149 3070 4219 cujusque
3094 4149 3274 4218 operis
3315 4156 3371 4201 et
3399 4148 3513 4218 epi-

1923 4251 2075 4307 stola:
2104 4251 2156 4305 in
2181 4246 2661 4309 admonitionibus,
2692 4243 2776 4298 vel
2803 4244 2855 4297 in
2886 4242 3059 4312 prima
3092 4241 3327 4309 ipsorum
3359 4247 3516 4294 uola-

262 4347 458 4417 similes,
488 4352 648 4407 aliam
698 4354 752 4406 in
797 4355 1087 4423 depravata
1120 4353 1550 4422 intcrpunetione
1582 4353 1818 4423 vulgata,
1848 4314 1898 4373 Β
1926 4343 2069 4397 tione
2112 4349 2382 4396 Slaluellﬂ'
2426 4356 2439 4391 ε
2491 4336 2635 4407 quod
2677 4343 2734 4389 el
2778 4334 2833 4388 ill
2881 4331 3253 4394 sermonibus.
3281 4344 3390 4383 ιιηο
3419 4344 3516 4384 θι-

263 4440 385 4494 etin
426 4444 723 4510 perdillicili
770 4445 1106 4514 implexaque
1142 4446 1381 4499 auctoris
1422 4446 1658 4515 syntaxi.
1708 4445 1819 4499 Re—

265 4542 365 4584 rum
391 4534 773 4590 obscuritatem
815 4536 922 4590 duo
959 4535 1208 4591 ali‘erunt.
1242 4536 1421 4589 Primo
1448 4536 1570 4604 quia
1603 4550 1689 4590 res
1720 4535 1820 4589 ali-

265 4629 377 4686 Quot
401 4624 506 4690 ejus
532 4628 629 4680 aevi
681 4626 970 4681 identidem
1000 4628 1412 4682 subimlicautur
1447 4627 1515 4679 ita
1548 4641 1731 4695 parce,
1763 4633 1824 4680 ut

266 4711 343 4765 vix
367 4714 605 4774 iudicata:
652 4719 815 4791 [χχιι]
845 4721 1263 4791 abrumpantur;
1299 4736 1420 4791 qua:
1450 4729 1575 4775 tune
1605 4720 1821 4789 quidem

267 4806 488 4863 omnibus
512 4811 645 4865 satis
670 4822 829 4866 erant
863 4820 1155 4882 perspectas
1196 4820 1250 4865 et
1289 4811 1534 4881 cognitar,
1562 4824 1703 4863 nunc
1728 4824 1826 4863 au-

270 4900 360 4947 tem
388 4898 484 4954 nisi
512 4916 606 4956 eas
630 4916 698 4957 ex
728 4902 848 4957 aliis
882 4903 1239 4974 scriptoribus
1273 4918 1367 4957 seu
1396 4902 1733 4957 documentis
1762 4900 1827 4953 li-

268 4999 372 5042 ceat
411 4994 694 5062 explicare,
730 4996 857 5063 quid
904 4998 973 5051 sit
1018 4996 1148 5051 illud
1192 4997 1334 5065 quod
1382 5005 1489 5050 tam
1526 4997 1709 5065 paucis
1744 4997 1827 5050 in-

264 5078 436 5145 nuitur,
476 5084 666 5143 lateat.
720 5086 1024 5156 Scriptores
1063 5096 1247 5143 autem
1286 5104 1464 5143 rerum
1508 5087 1688 5141 smculi
1733 5087 1827 5141 de-

248 5165 356 5220 cimi
382 5173 661 5234 rarissimi
695 5186 839 5240 sunt,
867 5178 1186 5234 documenta
1227 5177 1351 5232 item
1386 5192 1626 5247 perrara.
1659 5175 1826 5244 Quid‘

246 5256 350 5322 ‘luid
373 5274 493 5318 vero
528 5268 883 5336 scriptorum
928 5281 1021 5324 aut
1049 5271 1499 5324 documentorum
1542 5266 1659 5335 ejus
1690 5276 1824 5321 tem-

249 5347 370 5388 Μυῖα
391 5351 450 5388 ad
475 5368 587 5388 nm.-
621 5373 793 5388 Ilonnn
822 5362 1053 5388 nA-IIAn:I
1108 5357 1391 5388 ,Ιῖιῖητιηιηη
1418 5357 1709 5388 Λινηιυῖιηηο
1730 5375 1743 5388 ι
1771 5363 1821 5388 ΔΙ

1923 4441 2103 4503 cepto,
2140 4441 2397 4502 praestare
2427 4429 2532 4484 nisi
2566 4442 2774 4483 sumus.

1994 4524 2234 4581 XXXIV.
2275 4523 2459 4590 Quoad
2482 4521 2827 4593 partitionem
2850 4525 2907 4575 et
2928 4515 3365 4573 distributionem
3389 4530 3516 4584 ope-

1924 4637 2043 4675 rum
2064 4620 2117 4673 in
2144 4627 2327 4687 partes
2356 4626 2486 4681 tres,
2516 4615 2569 4670 id
2593 4629 2758 4668 unum
2778 4611 3126 4677 monendum,
3154 4611 3294 4665 inter
3315 4608 3517 4679 episto-

1925 4712 2008 4768 las
2046 4712 2347 4781 descriptas
2398 4709 2450 4762 in
2502 4707 2737 4764 secunda
2788 4715 2962 4775 parte,
3016 4714 3125 4759 tres
3171 4703 3371 4758 idcirco
3406 4717 3516 4755 non

1930 4804 2095 4861 fuisse
2124 4804 2442 4867 recensitas,
2469 4802 2594 4871 quia
2616 4800 2873 4870 operibus
2900 4798 3087 4869 primae
3108 4795 3276 4866 partis
3303 4796 3371 4849 ab
3402 4794 3521 4863 ipso

1928 4906 2148 4953 auctore
2188 4895 2363 4950 insita:
2404 4894 2490 4948 vel
2529 4891 2785 4963 prmlixac,
2832 4890 2888 4945 in
2935 4887 3167 4945 secunda
3214 4895 3368 4952 parte
3414 4900 3519 4939 non

1927 4988 2363 5045 erantoinaniter
2413 4985 2737 5056 repctcndm.
2775 4982 2959 5037 Prima
3009 4987 3091 5033 est
3126 4977 3371 5033 Ratherii
3402 4977 3522 5047 epi-

1928 5083 2064 5137 stola
2094 5082 2161 5137 ad
2204 5078 2495 5151 quemdam
2520 5077 2785 5134 Ursonem
2818 5076 2901 5131 vel
2933 5072 3131 5127 Ursum
3168 5070 3220 5123 in
3265 5065 3518 5141 Papieust

1929 5187 2149 5228 carcere
2189 5176 2436 5234 exarata,
2468 5186 2588 5239 qua:
2626 5177 2733 5223 tota
2773 5166 2973 5220 inserta
3023 5168 3109 5214 est
3149 5160 3289 5214 libro
3325 5160 3522 5218 Praelu-

1927 5263 2174 5331 quiorum
2224 5260 2400 5323 tertio,
2438 5278 2585 5314 num.
2622 5258 2689 5313 ‘23
2721 5265 2776 5309 et
2820 5250 3192 5323 sequentibus.
3226 5251 3411 5308 Altera
3442 5263 3524 5307 est

1926 5355 2145 5388 nnisinln
2193 5371 2283 5388 can
2319 5352 2495 5388 nmine
2539 5350 2797 5388 mnnitnm
2827 5343 3096 5388 nnmlllnm
3140 5343 3521 5388 Irreviqaimllm
