4038 5388
466 281 538 338 27
1445 278 1848 335 RATHERIUS
1890 275 2328 335 VERONENSIS
2368 275 2746 334 EPISCOPUS
3670 272 3740 328 28

469 393 787 465 inscriptum
833 407 862 448 a
911 392 1198 459 Ratherio,
1227 392 1353 449 dum
1397 392 1548 450 Comi
1577 393 1871 459 exsu‘laret,
1910 393 2054 468 quod
2080 398 2130 456 Α
2158 393 2424 448 cumentis
2473 391 2646 465 [xxiv]
2695 392 2818 448 hinc
2861 393 2983 449 inde
3021 392 3357 463 excerpenda
3403 398 3456 445 et
3498 387 3746 456 compin-

472 483 714 541 invenies
751 484 890 540 libro
923 483 1348 554 Prteloquiorum
1378 493 1593 554 quarto,
1624 476 1889 539 numfiﬂ.
1919 482 2054 539 Ter-

474 577 603 632 tiam
645 577 858 632 tandem
881 578 1162 648 epistolam
1183 579 1248 633 ad
1273 579 1568 633 monachos
1586 577 1878 634 Lobienses
1897 578 2052 633 Comi

472 667 678 737 pariter
720 668 1056 724 lucubratam
1102 669 1342 740 reperies
1367 677 1492 722 ante
1526 667 1704 724 Vitam
1750 670 1919 724 sancti
1954 667 2058 725 Ur-

473 758 661 823 suari,
692 759 777 812 cui
804 758 949 814 illam
977 760 1264 814 Ratherius
1289 757 1496 828 prologi
1521 757 1637 813 loco
1663 758 1912 828 praefixit.

547 848 761 906 XXXV.
801 851 1054 910 Auctoris
1099 851 1309 907 tandem
1333 849 1477 916 Vita,
1519 850 1574 905 in
1619 865 1724 920 qua
1766 851 2058 922 digerenda

420 973 429 978 -
475 941 817 1010 potissimum
849 944 1229 1011 laboravimus,
1260 959 1326 998 ex
1369 944 1626 1014 operibus
1667 944 1836 1014 ipsius
1876 951 2062 999 aucto-

477 1029 572 1094 ris,
601 1041 655 1086 et
679 1047 745 1086 ex
769 1035 964 1090 coaevis
995 1043 1090 1090 aut
1122 1033 1236 1090 fere
1258 1034 1454 1090 coaevis
1486 1035 1846 1105 scriptoribus
1874 1051 1938 1090 ac
1966 1035 2061 1089 do—

2158 482 2330 554 gentia
2361 481 2480 537 fuit.
2520 483 2576 538 ld
2617 492 2676 537 ut
2715 498 2781 538 ex
2812 496 2969 553 aequo
3008 490 3376 553 prrestaretur,
3420 494 3527 534 non
3569 491 3749 548 pauca

2159 572 2315 628 valde
2347 571 2577 628 obscura
2603 580 2658 628 et
2681 572 2953 644 implicata
2977 587 3082 627 non
3107 580 3216 626 tam
3243 586 3412 627 sacrae
3436 583 3598 640 quam
3622 582 3752 639 pro-

2162 663 2302 719 fante
2338 663 2582 720 historiae
2622 665 2820 734 capita,
2856 679 2976 735 qua:
3000 664 3198 735 partim
3228 662 3589 726 Veronenses,
3623 674 3754 730 par-

2167 755 2261 809 tim
2284 754 2496 811 ltalicas
2519 770 2726 827 regum,
2758 755 3168 824 imperatorum,
3191 753 3386 808 ducum
3409 760 3464 808 et
3486 751 3753 806 comitum

2167 862 2255 902 res
2283 848 2570 918 attingunt,
2599 845 2933 902 enucleatius
2961 845 3304 916 inquirenda,
3349 840 3667 913 explicanda
3699 845 3758 894 et

2167 938 2448 994 statuenda
2480 938 2649 995 fuere.
2695 938 2819 994 [hec
2867 947 2992 994 sunt
3034 939 3241 1010 potiora
3271 952 3391 1008 quin
3438 932 3654 1006 praefari
3698 937 3758 987 et

2169 1046 2501 1102 prarmonere
2532 1032 2704 1088 visum
2733 1039 2834 1086 est.

497 1207 3742 1236 mw

1455 1387 2779 1599 RATHEBII

1156 1734 1920 1828 EPISCOPI
2043 1729 3077 1823 VERONENSIS

1880 1950 2332 2058 VITA.

559 2321 710 2396 [xxv]
760 2320 1004 2376 Ratherii
1057 2319 1294 2393 episcopi
1347 2326 1498 2389 gesta
1553 2317 1762 2388 primus
1821 2316 2072 2388 exposuit
2103 2322 2146 2382 Β
2174 2317 2466 2387 accipiant,
2491 2326 2546 2373 et
2573 2297 2917 2390 aliter'quam
2946 2316 3168 2372 laudato
3193 2314 3452 2386 Scriptori
3477 2317 3588 2371 visa
3612 2325 3765 2382 sunt,

487 2416 555 2472 V.
584 2413 643 2470 C.
673 2413 910 2470 Joannes
958 2412 1300 2468 Mabillonius
1332 2411 1385 2465 in
1434 2411 1586 2465 Actis
1614 2410 1936 2464 Sanctorum
1982 2425 2074 2464 or-

493 2506 637 2561 dinis
694 2503 1030 2559 Benedictini
1079 2501 1261 2556 saeculi
1309 2500 1527 2556 decimi.
1575 2499 1772 2554 Verum
1823 2497 2077 2552 Albertus

495 2595 780 2651 Fabricius
819 2603 963 2648 tomo
993 2591 1060 2647 Vl
1105 2590 1452 2645 Bibliotlrecze
1502 2587 1839 2660 Scriptorum
1889 2586 2080 2642 mediae

491 2697 548 2742 et
577 2688 777 2742 infima:
801 2684 977 2740 aetatis
1008 2683 1144 2738 scite
1186 2681 1414 2747 monuit,
1451 2700 1469 2733 ‹
1500 2679 1681 2736 Vitam
1717 2676 1834 2748 ejus
1860 2677 2078 2744 mereri,

494 2788 556 2835 ut
583 2794 616 2834 a
647 2779 765 2834 viro
791 2778 948 2832 docto
973 2791 1094 2831 cum
1126 2789 1258 2830 cura
1286 2773 1646 2838 describatur,
1679 2770 1934 2842 perlectis
1955 2783 2084 2839 ope-

496 2870 648 2926 ribus
684 2867 851 2934 illius,
886 2852 1265 2922 et'bistoricis
1311 2863 1527 2918 illorum
1571 2859 1879 2935 temporum
1923 2856 2084 2915 simul

495 2959 790 3026 consultis;
844 2957 970 3028 quia
1027 2969 1159 3011 sane
1199 2953 1369 3010 multa
1417 2960 1602 3006 notatu
1651 2950 1970 3020 dignissima
2029 2948 2085 3002 in

495 3051 686 3106 eadem
729 3055 1034 3105 occurrent.
1065 3045 1160 3101 llla
1187 3044 1354 3109 enim,
1381 3056 1545 3112 quam
1575 3040 1721 3096 dedit
1747 3037 2086 3094 Mabillonius

499 3138 708 3194 Szeculo
740 3138 785 3197 V
813 3137 1185 3202 Benedictiuo,
1214 3148 1312 3206 pro
1336 3133 1586 3188 instituto
1614 3131 1784 3202 ipsius
1813 3131 1949 3184 bona
1977 3136 2084 3198 est,

502 3229 598 3284 sed
633 3229 870 3282 nondum
896 3225 1092 3282 suliicit
1120 3225 1187 3280 ad
1224 3223 1436 3295 plenam
1480 3235 1660 3275 rerum
1692 3222 1757 3275 ad
1789 3219 1939 3274 illum
1967 3234 2089 3289 spe-

499 3317 760 3376 ctantium
790 3316 1092 3371 scientiam.
1122 3334 1139 3367 ι
1190 3314 1293 3368 Alii
1345 3311 1573 3368 subinde
1592 3309 1838 3365 eamdem
1881 3310 1935 3364 in
1973 3323 2088 3364 rem

502 3407 738 3461 studium
784 3404 1162 3469 contulerunt;
1192 3403 1287 3456 sed
1335 3416 1457 3457 cum
1507 3401 1620 3469 ipsa
1671 3397 1908 3452 auctoris
1936 3405 2088 3468 gesta

501 3512 620 3568 quae
647 3497 698 3551 in
725 3497 840 3568 ejus
863 3495 1119 3567 operibus
1145 3496 1475 3559 indicantur,
1507 3491 1690 3546 multis
1721 3491 1832 3546 sint
1858 3490 2090 3560 implexa

503 3589 930 3656 dillicultatibus,
963 3590 1306 3658 obscuraque
1338 3587 1410 3642 sit
1446 3591 1751 3655 temporum
1784 3583 1942 3649 ratio,
1969 3598 2090 3653 quae

2179 2411 2502 2480 explicanda
2533 2422 2696 2482 atque
2733 2411 3112 2466 constituenda
3146 2410 3274 2465 sint.
3305 2408 3472 2480 Igitur
3511 2410 3578 2466 ab
3611 2409 3769 2465 initio

2181 2503 2548 2558 exordiamur.

2253 2592 2281 2664 §
2320 2591 2698 2646 l.—Ratherii
2731 2593 2910 2664 patria
2951 2601 2996 2646 et
3043 2590 3307 2664 nobilitas.
3345 2600 3526 2644 Annus
3569 2587 3768 2643 natalis

2677 2661 2924 2732 'ejusdem
2959 2661 3258 2732 conjicitur.
3543 2667 3546 2669 λ

2251 2755 2308 2810 2.
2345 2753 2655 2817 Ratherius,
2688 2769 2795 2808 non
2829 2762 2937 2808 tam
2972 2753 3275 2808 litterarum
3306 2751 3532 2808 scientia
3560 2765 3623 2805 ac
3647 2749 3770 2807 zelo

2185 2848 2572 2904 ecclesiasticae
2593 2845 2886 2918 disciplinae
2909 2860 3070 2916 quam
3093 2858 3462 2899 aerumnarum
3488 2842 3767 2898 vicissitu-

2187 2939 2404 2995 dinibus
2425 2937 2676 3004 celebris,
2701 2937 2921 2992 natione
2939 2936 3098 3006 Belga
3125 2936 3176 2990 iu
3203 2935 3423 2990 ditecesi
3443 2932 3768 2989 Leodicensi

2189 3027 2287 3102 [αι.
2314 3026 2620 3099 Leodiensi]
2652 3034 2812 3081 natus
2838 3034 2940 3081 est.
2969 3025 3255 3079 Everaclus
3283 3022 3630 3078 Leodiceusis
3655 3023 3772 3092 epi-

2189 3132 2386 3188 scopus
2433 3116 2488 3172 in
2529 3115 2756 3186 epistola
2807 3116 2874 3172 ad
2918 3115 3093 3186 ipsum
3146 3113 3462 3168 Ratherium
3505 3111 3780 3168 Leodinm

2190 3210 2422 3264 nativam
2456 3209 2572 3280 ejus
2602 3208 2829 3278 patriam
2873 3213 3027 3261 v'ocat
3065 3203 3335 3276 (Murem.
3383 3201 3598 3258 Collect.
3656 3199 3768 3254 γει.

2191 3299 2390 3370 Script.
2418 3309 2458 3354 t.
2491 3297 2578 3363 IV,
2612 3314 2666 3369 p.
2700 3296 2848 3365 859).
2873 3295 3009 3352 Hinc
3038 3302 3226 3350 auctor
3252 3294 3342 3364 qui
3370 3292 3587 3363 scripsit
3605 3291 3780 3347 Gesta

2191 3391 2565 3461 episcoporum
2589 3387 3008 3460 Tungrensium,
3032 3401 3125 3440 seu
3148 3383 3545 3446 Leodiensium,
3572 3382 3778 3438 Ratlte-

2193 3483 2334 3538 rium
2369 3497 2570 3553 .genere
2615 3487 2899 3534 nostratem
2948 3484 3179 3530 testatur
3227 3473 3307 3546 (t.
3349 3475 3370 3529 Ι
3417 3471 3559 3528 Gest.
3613 3469 3773 3525 Pont.

2199 3571 2420 3642 Tungr.,
2444 3586 2499 3641 p.
2524 3569 2626 3624 175
2647 3575 2700 3623 et
2716 3565 2862 3634 176).
2886 3563 3174 3620 Anselmus
3195 3563 3490 3617 canonicus
3510 3560 3790 3616 Leodiens-

503 3698 610 3736 ιιοη
657 3682 774 3736 sine
816 3650 982 3737 multa
1022 3650 1267 3737 οιηηίυξη
1301 3695 1406 3736 non
1458 3650 1574 3733 tam-
1611 3678 1883 3732 editorum
1929 3650 2090 3745 quam
2121 3677 2167 3741 ο
2199 3661 2295 3722 sis.
2345 3676 2409 3716 ac
2436 3658 2685 3729 Egidius
2713 3656 2843 3711 item
2894 3653 3208 3709 Leodiensis
3235 3651 3374 3722 apud
3412 3650 3778 3720 Chapeauvil-

505 3775 829 3829 incditorum
877 3790 1102 3843 operum
1150 3771 1627 3828 animadversione
1692 3779 1745 3823 et
1805 3767 2093 3824 collatione

505 3867 763 3922 constitui
795 3873 1026 3936 poterat,
1074 3880 1182 3921 non
1228 3865 1421 3933 exigua
1462 3863 1514 3917 in
1551 3860 1826 3932 plerisque
1865 3866 2094 3915 caetero-

509 3959 641 4028 quin
675 3958 976 4030 insignibus
1024 3957 1155 4011 viris
1185 3952 1431 4011 confusio
1475 3952 1916 4024 deprehenditur.
1964 3947 2096 4003 Dili-

506 4047 805 4118 gentiorem
834 4047 937 4101 hac
971 4046 1022 4099 in
1051 4059 1109 4100 re
1136 4059 1357 4114 operam
1387 4042 1685 4097 novissime
1711 4040 1889 4110 posuit
1914 4050 2096 4093 comes

510 4137 836 4192 Franciscus
857 4135 1072 4190 Florius
1104 4133 1451 4206 primicerius
1479 4128 1956 4200 archiepiscopalis
1999 4127 2101 4180 Ec:-

511 4228 688 4284 clesia:
715 4226 1014 4284 Utinensis.
1044 4225 1171 4280 Dum
1216 4223 1469 4279 nimirum
1507 4221 1922 4276 dissertationes
1974 4216 2096 4285 ejus

512 4320 693 4374 Italica
719 4320 898 4389 lingua
945 4326 1184 4373 exarata:
1207 4315 1346 4387 typis
1370 4315 1645 4384 impressze
1674 4311 1886 4366 fuerunt
1915 4309 2100 4362 Romae

516 4428 660 4468 :nno
693 4411 848 4477 175i,
884 4411 936 4465 in
968 4426 1199 4480 quarum
1230 4408 1398 4461 altera
1433 4405 1674 4459 Ratherii
1712 4403 1890 4458 Vitam
1922 4399 2100 4452 fusius

519 4511 573 4557 et
603 4502 658 4556 in
681 4501 1117 4572 chronologicam
1141 4499 1337 4553 seriem
1363 4496 1609 4565 digessit,
1634 4494 1719 4547 cui
1743 4493 1946 4547 idcirco
1971 4503 2102 4558 pra:-

522 4594 637 4648 lixit
667 4593 877 4647 titulum
909 4611 922 4646 :
954 4591 1144 4661 Saggio
1177 4587 1316 4642 della
1369 4584 1488 4639 νῆα
1530 4585 1593 4637 de
1635 4581 1849 4636 Raterio
1889 4594 2102 4633 vescovo

516 4686 573 4740 di
610 4684 836 4740 Verona.
872 4683 1082 4752 Ubique
1107 4679 1281 4736 elucet
1315 4675 1490 4746 ampla
1531 4673 1825 4743 Scriptoris
1851 4669 2102 4734 eruditio,

520 4778 721 4850 ingenii
751 4791 976 4830 acumen
1012 4771 1209 4847 [xxvr],
1236 4769 1471 4825 sanioris
1502 4765 1718 4822 criticcs
1748 4776 1898 4826 usus,
1944 4770 2107 4828 atque

521 4874 573 4926 in
624 4869 987 4941 intell’gendis
1027 4876 1084 4922 et
1126 4861 1438 4920 evolvendis
1487 4859 1650 4913 rebus
1701 4851 2105 4910 obscurissimis

521 4950 891 5038 perspicacia.
921 4960 1076 5015 Licet
1122 4959 1227 5012 hoc
1274 4955 1398 5009 vitae
1435 4951 1693 5021 specimen
1741 4961 1809 5001 ex
1861 4941 2107 4997 Ratherii

2198 3754 2327 3809 lium
2349 3768 2471 3808 eum
2492 3767 2556 3806 ea:
2567 3750 2755 3804 nostris
2777 3746 3009 3818 partibus
3024 3745 3303 3801 oriundum
3319 3741 3515 3816 [xxvn]
3535 3742 3778 3796 tradunt.

2200 3843 2314 3899 Hac
2351 3842 2566 3897 tandem
2595 3843 2661 3897 de
2690 3854 2856 3894 causa
2877 3838 2994 3908 ipse
3024 3836 3310 3891 Ratlierius
3353 3835 3407 3888 iu
3430 3832 3792 3888 Conclusione

2200 3933 2557 3996 deliberativa,
2598 3946 2748 3985 nnm.
2784 3931 2841 3994 8,
2885 3928 3243 3983 Leodicenses
3279 3946 3297 3978 ι
3345 3926 3543 3980 nativae
3588 3925 3782 3995 patria:

2199 4025 2475 4096 populum,
2517 4034 2573 4077 et
2617 4020 2912 4076 vicinitatis
2955 4016 3210 4071 afﬁnitate
3249 4014 3595 4083 coujunctum
3626 4033 3644 4065 ι
3686 4029 3782 4083 ap-

2198 4117 2390 4188 pellat;
2417 4130 2481 4170 ac
2502 4129 2559 4168 se
2583 4112 2820 4180 ejusdem
2846 4108 3189 4164 Leodiceusis
3218 4106 3448 4162 ecclesia:
3471 4106 3784 4176 baptismate

2200 4209 2370 4278 ﬁlium
2401 4204 2699 4275 profitetur.
2731 4199 2927 4255 Notatu
2961 4200 3119 4270 digna
3151 4206 3275 4252 sunt
3305 4197 3469 4251 verba
3498 4196 3781 4250 vicinitatis

2203 4297 2449 4367 afﬁnitate
2479 4293 2837 4362 coujunctum,
2885 4289 3080 4360 quibus
3126 4302 3185 4343 se
3226 4303 3334 4342 non
3381 4288 3432 4341 in
3478 4285 3611 4340 urbe
3645 4284 3786 4338 [θος

2203 4386 2394 4454 diensi,
2426 4387 2518 4440 sed
2548 4385 2599 4438 in
2632 4383 2749 4438 loco
2778 4381 2894 4436 urbi
2943 4379 3142 4444 vicino,
3189 4394 3285 4434 seu
3320 4377 3572 4433 dimcesis
3600 4384 3786 4429 ortum

2203 4479 2442 4533 iudicare
2471 4477 2702 4531 videtur.
2725 4472 2941 4528 Patrem
2969 4469 3086 4540 ejus
3117 4485 3282 4525 unum
3310 4468 3478 4523 fuisse
3503 4482 3535 4523 e
3563 4465 3782 4522 comiti-

2202 4569 2301 4624 bus
2349 4569 2578 4623 ducatus
2625 4563 3134 4634 Lucemburgensis,
3172 4562 3264 4632 qui
3314 4561 3380 4614 ad
3429 4559 3788 4614 Leodiensem

2204 4660 2480 4718 dioecesim
2511 4659 2834 4728 pertinebat,
2876 4654 3120 4710 nonnulli
3160 4644 3490 4710 recentiores
3522 4651 3782 4719 tradunt,

2205 4754 2348 4826 quod
2378 4763 2557 4808 tamen
2606 4752 2691 4807 cui
2724 4749 3074 4805 fundamento
3121 4746 3406 4811 innitatur,
3453 4745 3785 4816 ignoramus.

2277 4850 2332 4906 ‘5.
2374 4847 2716 4902 Nobilitatem
2764 4844 2981 4916 generis
3024 4849 3271 4898 astruere
3317 4839 3571 4893 videntur
3599 4836 3686 4892 illa
3735 4837 3787 4890 in

2206 4941 2474 5015 prooemio
2501 4939 2797 5003 Phrenesis,
2825 4935 3059 5001 num.‘4,
3083 4934 3278 5005 quibus
3305 4947 3412 4986 non
3442 4929 3614 4984 solum
3649 4931 3792 5000 inge-

525 5021 781 5127 opeI-‘ibus
825 5055 1052 5122 aliisque
1096 5049 1291 5104 coaevis
1317 5043 1672 5114 scriptoribus
1712 5037 2027 5093 accuratius
2051 5043 2104 5090 et
2135 5029 2186 5090 D
2215 5035 2392 5090 auitas
2438 5031 2698 5086 Ratherio
2741 5029 3032 5090 tribuitur,
3071 5040 3190 5094 qua:
3237 5023 3466 5078 liberum
3515 5021 3789 5076 hominem

524 5150 743 5204 uberius
771 5161 932 5218 quam
961 5152 1121 5198 antea
1150 5147 1486 5209 excerptum,
1510 5135 1768 5206 pleraque
1791 5131 1931 5186 illius
1951 5138 2106 5202 gesta

525 5238 750 5301 referat,
773 5236 931 5291 nobis
960 5241 1139 5288 tamen
1170 5228 1381 5300 singula
1429 5239 1592 5296 opera
1641 5222 1974 5278 enucleatius
2021 5237 2113 5277 ex-

789 5325 886 5348 ιη-..
937 5331 986 5348 ..ο
1017 5321 1118 5348 ..12η
1152 5327 1314 5348 Αοηιοη
1342 5316 1441 5348 alio
1477 5315 1799 5348 :Innnmnntn
1829 5310 2114 5348 nnnfnrmt-

570 5341 626 5348 μσς
642 5336 756 5348 .ΙΑ.κο

2215 5125 2480 5196 designat,
2514 5138 2700 5178 verum
2729 5120 2895 5175 etiam
2937 5116 3061 5171 talis
3105 5114 3429 5186 ingenuitas,
3458 5127 3614 5179 quam
3657 5110 3796 5164 autin

2216 5218 2389 5290 quitas
2417 5211 2834 5268 commendabat.
2867 5205 3176 5275 Antiquitas
3204 5203 3389 5273 utique
3413 5199 3648 5271 generis,
3675 5214 3802 5268 quas

2216 5289 2604 5348 inconnitnlem
2633 5307 2873 5348 ornaret.
2898 5295 3114 5348 longam
3147 5293 3413 5348 maiorum
3439 5304 3546 5344 non
3575 5299 3686 5346 tam
3713 5289 3796 5342 in-
