4038 5388
152 262 212 317 29
1191 258 1727 317 PBOLEGOMENA.
1767 290 1841 303 —-
1876 258 2218 333 RATHERII’
2244 261 2428 321 VITA.‘

3348 271 3421 326 30

152 379 381 448 quiorum
411 376 671 432 tertium.
704 378 779 433 lbi
814 376 970 432 enim
1007 391 1153 431 num.
1201 377 1271 431 27
1301 391 1604 433 sermonem
1649 374 1729 430 fa-
1760 379 1812 439 Α
1838 374 1982 443 licet,
2011 385 2070 432 ut
2099 386 2183 433 est
2228 380 2415 450 utique
2443 381 2717 452 garrulus,
2762 381 3052 452 garruliter
3097 395 3165 439 ae
3192 384 3418 439 menda-

152 470 280 523 ciens
312 468 383 520 de
413 477 593 537 gente
631 468 774 522 Italis
804 467 1056 533 barbara,
1094 482 1214 537 qua:
1239 482 1270 521 e
1298 467 1607 538 Burgundia
1636 482 1732 522 ve-

153 567 311 621 nerat,
342 567 399 611 et
440 558 497 610 in
531 556 778 626 ilugonis
808 557 975 611 Italiae
1004 558 1144 629 regis
1169 558 1413 612 exercitu
1443 557 1729 621 militabat,

151 666 197 703 se
221 648 271 703 in
295 649 586 702 communi
615 648 767 703 clade
794 647 862 701 ab
887 662 949 703 ea
971 656 1131 718 gente
1161 648 1562 703 Veronensibus
1587 636 1732 701 illata

153 748 473 793 reservatum
520 749 585 792 et
614 748 952 809 aSportatum
987 739 1151 793 tradit
1194 758 1212 790 ι
1245 749 1465 809 propter
1500 754 1733 794 consan-

152 831 474 903 guinitatetn,
530 845 721 901 quam
750 847 873 886 cum
924 830 1137 885 illorum
1183 832 1449 886 habebam
1481 831 1733 899 primori-

153 926 285 979 bus.»
322 922 429 988 Qui
463 940 595 977 cum
633 924 949 994 primoribus
992 923 1264 979 exercitus
1305 922 1545 993 llugonis
1589 922 1732 992 regis

154 1016 615 1086 consanguinitate
640 1026 760 1070 erat
796 1016 1138 1085 coniunctus,
1166 1029 1459 1086 generosos
1488 1015 1731 1085 profecto

153 1119 197 1161 et
217 1108 446 1163 illustres
468 1108 907 1179 consanguineos
930 1109 1180 1165 habuisse
1200 1108 1532 1177 dignoscitur
1556 1126 1568 1161 :
1588 1109 1731 1177 quod

156 1201 209 1253 ad
260 1200 607 1256 nobilitatem
660 1202 1136 1256 demonstrandam
1198 1201 1434 1255 maxime
1494 1200 1725 1257 confert.

156 1292 281 1346 lianc
295 1292 649 1348 nobilitatem
671 1293 959 1348 conlirmat
973 1293 1287 1349 eorumdem
1303 1292 1728 1363 Praeloquiorum

157 1383 270 1438 liber
296 1383 530 1453 primus,
568 1384 661 1439 ubi
694 1384 988 1439 liatherius
1030 1385 1188 1439 decus
1226 1398 1337 1439 sua:
1377 1383 1666 1439 nobilitatis
1696 1399 1728 1438 a

158 1474 380 1543 quopiam
416 1474 645 1529 silentio
692 1476 1115 1545 prietermissum
1162 1490 1629 1542 commemorans,
1663 1475 1729 1530 de

158 1567 427 1636 semetipso
459 1568 784 1639 (suppresso
813 1569 939 1624 licet
982 1570 1223 1633 nomine)
1255 1569 1514 1641 loquitur,
1554 1580 1614 1625 ut
1658 1586 1726 1626 ex

162 1658 578 1713 adnotationibus
637 1660 835 1714 ibidem
888 1660 1148 1731 subjectis
1208 1661 1547 1731 exploratum
1612 1662 1722 1717 fiet.

1836 469 2052 524 cissime
2072 469 2238 525 dicat.
2273 490 2290 522 ο

1905 561 1958 614 5.
2001 562 2187 618 Annus
2218 578 2325 633 quo
2360 564 2411 618 in
2461 563 2635 620 lucem
2666 564 2863 634 prodiit
2910 580 3030 620 cum
3087 564 3233 620 nullo
3267 574 3419 620 certo

1834 652 2152 708 charactere
2197 655 2450 709 constitui
2486 657 2674 725 possit,
2717 671 2784 711 ex
2836 655 3043 725 aliquot
3090 657 3418 711 testimoniis

1834 750 1922 798 est
1946 742 2302 813 probabiliter
2327 746 2648 802 eliciendus.
2690 747 2825 801 Dum
2861 746 3055 801 librum
3092 744 3419 816 Prceloquio-

1834 852 1954 890 rum
1988 836 2286 892 secundum
2332 839 2595 895 scriberet
2624 856 2766 894 anno
2796 838 2920 904 956,
2946 854 3005 894 se
3039 839 3268 894 mediam
3302 836 3419 894 fere

1833 935 2047 983 atatem
2068 927 2309 998 attigisse
2334 929 2531 998 prodit.
2556 930 2716 986 «Cum
2741 929 2967 994 scilicet,
2992 928 3165 999 inquit
3187 944 3333 981 num.
3366 927 3381 980 l
3397 967 3414 993 ,

1833 1023 1901 1079 ab
1931 1021 2174 1077 infantia:
2206 1023 2523 1092 crepusculo
2573 1025 2626 1078 in
2657 1024 2802 1079 hunc
2833 1038 3044 1078 AETATIS
3074 1037 3207 1076 rem;
3250 1020 3417 1075 dedu-

1834 1123 1953 1170 ctus
1996 1130 2275 1170 HERIDIEII.
2303 1134 2320 1166 ι
2368 1113 2700 1169 Postremam
2750 1128 2938 1169 senum
2966 1122 3179 1167 aetatem
3223 1112 3416 1166 eodem

1833 1201 1971 1257 libro
2003 1218 2153 1258 num.
2183 1204 2253 1259 56
2279 1205 2345 1259 ad
2372 1204 2651 1273 octoginta
2683 1203 2904 1258 circiter
2939 1216 3108 1256 annos
3142 1200 3413 1271 producit.

1834 1292 2032 1350 Senem
2078 1295 2225 1350 enim
2283 1294 2616 1365 decrepitum
2669 1295 2964 1361 erudiens,
3013 1309 3173 1363 quem
3222 1293 3415 1347 horam

1832 1388 2023 1443 mortis
2054 1388 2168 1459 jam
2200 1387 2599 1457 impendentem
2628 1396 2943 1456 exspectare
2969 1384 3139 1454 jubet,
3175 1402 3193 1435 ‹
3226 1384 3414 1438 Annos

1831 1479 2128 1550 octoginta,
2156 1480 2252 1544 ait,
2290 1487 2387 1533 aut
2420 1476 2596 1550 [xxix]
2640 1478 2916 1547 proximos
2958 1485 3050 1530 aut
3089 1482 3411 1539 transactos,

1832 1577 1927 1623 aut
1969 1569 2283 1626 insistentes
2329 1569 2583 1640 accipias.
2616 1588 2634 1621 ι
2685 1567 2924 1623 Ᾱῑιειιθηι
2976 1567 3139 1638 igitur
3178 1564 3411 1620 mediam

1832 1660 1989 1715 annis
2025 1662 2384 1733 quadraginta
2421 1662 2644 1717 circiter
2684 1660 2949 1716 attribuit.
2998 1657 3055 1715 Si
3100 1671 3227 1713 vero
3270 1671 3413 1710 anno

160 1747 356 1803 Omnem
404 1764 539 1805 vero
575 1750 977 1807 dubitationem
1028 1752 1218 1807 adimit
1261 1754 1592 1825 epitaphium
1640 1770 1727 1811 se-
1752 1749 1802 1810 B
1830 1752 1954 1818 956,
1979 1769 2088 1824 quo
2115 1754 2392 1809 laudatum
2418 1754 2618 1810 librum
2641 1752 2965 1817 lucubravit,
2998 1751 3411 1822 agebatannum

162 1838 302 1903 pulcri
324 1840 490 1908 ipsius
520 1841 767 1909 (dabitur
796 1846 850 1895 in
880 1842 1022 1897 calce
1059 1842 1237 1913 Viue),
1263 1844 1313 1897 in
1338 1859 1445 1914 quo
1470 1859 1725 1915 expresse

164 1931 320 1984 nobilis
350 1932 574 1987 dicitur.
606 1931 795 2004 Neque
824 1950 1061 2005 opponas
1092 1936 1179 1989 illa
1211 1936 1405 2007 quibus
1434 1936 1724 1992 Ratherius

167 2036 188 2073 a
213 2022 459 2077 nonnullis
486 2024 783 2079 dicebatur
812 2044 829 2077 ε
861 2024 1084 2081 forsitan
1118 2027 1171 2080 in
1205 2027 1375 2097 patria
1413 2042 1509 2082 sua
1556 2026 1723 2084 fuisse

164 2112 413 2177 lncularis,
469 2131 569 2169 aut
628 2117 771 2173 filius
825 2121 1170 2190 carpi-ntarii.
1225 2120 1447 2189 (Qualit.
1499 2123 1721 2192 conject.

168 2218 211 2256 n.
234 2203 299 2271 ἓ).
329 2224 345 2255 ι
372 2204 425 2257 Id
453 2206 604 2259 enim
638 2207 906 2263 irrisionis
933 2211 1104 2280 gratia
1134 2210 1406 2275 dicebant,
1437 2220 1720 2281 propterea

170 2295 282 2361 quod
306 2310 447 2350 more
484 2297 824 2352 bacularinm
858 2300 1053 2355 nullam
1084 2302 1307 2357 honoris
1333 2316 1521 2356 curam
1549 2302 1722 2357 habe-

171 2395 251 2447 ret,
276 2396 324 2438 et
349 2387 504 2443 veluti
536 2392 879 2460 carpentarii
910 2392 1050 2447 lilins
1076 2393 1314 2449 basilicis
1342 2394 1615 2449 struendis
1635 2394 1721 2449 vel

172 2479 462 2534 restrucndis
489 2495 721 2551 operam
754 2482 925 2535 daret.
957 2482 1223 2539 Caeterum
1255 2484 1408 2555 longe
1443 2484 1598 2541 aliter
1627 2503 1723 2540 no—

176 2568 233 2619 bis
256 2568 419 2633 (idest
450 2571 884 2643 Veronensibus)
920 2574 1239 2646 frequentius
1269 2578 1463 2631 dictant
1491 2578 1603 2649 ipse
1632 2593 1725 2633 ca-

175 2656 349 2712 \lllﬂlm‘
374 2661 559 2715 eodem
596 2662 718 2717 ioco
747 2661 962 2737 [xxvm]
998 2674 1260 2732 testatur;
1290 2667 1452 2721 nobili
1476 2667 1620 2723 enim
1652 2684 1719 2723 ex

176 2761 331 2815 genere
372 2760 554 2805 natum
620 2752 961 2810 Vcronenscs
1015 2756 1353 2826 frequentius
1414 2759 1717 2815 audierant.

182 2836 439 2895 Diﬂiciliora
457 2842 710 2899 fortassis
733 2846 1022 2902 credentur
1044 2848 1131 2902 illa
1150 2850 1397 2918 procemii
1416 2850 1468 2904 in
1492 2850 1721 2906 Phrene-

177 2930 272 2995 sim,
298 2951 431 2989 nutu.
460 2937 508 2991 5.
547 2958 565 2989 ι
594 2938 795 2994 llorret
819 2940 1252 3010 deccptissimus,
1278 2943 1322 2997 si
1347 2943 1469 3013 quis
1488 2944 1721 3012 peritum

178 3038 271 3077 sese
291 3038 372 3082 aut
414 3046 675 3097 aonlceu,
718 3044 835 3098 aut,
862 3036 1002 3103 quod
1030 3036 1200 3091 multo
1230 3036 1467 3107 iniquius
1494 3047 1597 3105 est,
1634 3037 1723 3107 ju—

180 3124 311 3181 stum,
353 3136 451 3175 non
496 3124 768 3189 existens,
813 3163 827 3178 .
868 3163 881 3179 .
926 3166 939 3178 .
984 3166 997 3181 .
1044 3167 1057 3180 .
1098 3135 1301 3182 astruat
1330 3145 1344 3193 ;
1377 3147 1396 3180 ι
1430 3130 1627 3198 quibus
1664 3146 1721 3186 se
1750 3126 1796 3189 C

181 3221 258 3260 nec
277 3211 505 3279 peritum,
549 3228 654 3269 nec
685 3216 939 3281 nobilem,
978 3216 1302 3285 necjustum
1335 3219 1567 3275 existere
1592 3220 1725 3275 insi-

183 3314 319 3355 iuuare
345 3304 565 3361 videtur.
598 3308 671 3361 At
696 3308 833 3373 hate,
861 3309 1003 3363 dicta
1035 3312 1101 3364 ab
1127 3311 1345 3364 homine
1368 3312 1458 3379 qui
1480 3311 1580 3366 sibi
1604 3312 1724 3381 plus

182 3388 316 3444 nimio
356 3393 640 3451 detrahere
694 3399 995 3467 proposuit,
1048 3400 1181 3453 nihil
1238 3416 1455 3457 movere
1503 3403 1720 3458 debent.

184 3480 288 3546 Quis
312 3487 439 3542 enim
484 3491 613 3546 hinc
662 3493 712 3546 ei
764 3494 1015 3562 peritiam
1051 3496 1299 3567 deneget,
1339 3512 1461 3551 cum
1503 3498 1624 3552 aliis
1652 3514 1721 3554 ex

184 3573 472 3635 documentis
498 3591 716 3638 constet
744 3598 867 3637 eum
913 3585 1078 3640 fuisse.
1108 3586 1188 3641 sui
1223 3588 1479 3657 temporis
1507 3590 1722 3658 peritis-

186 3662 371 3721 simum?
391 3670 525 3725 ldem
553 3672 623 3727 de
650 3672 933 3729 nobilitate
962 3675 1322 3742 sentiendum,
1352 3692 1470 3747 quae
1504 3676 1721 3733 aliunde

186 3755 418 3813 manifesta
444 3772 545 3817 est.

238 3844 281 3898 4.
312 3848 552 3915 Quoniam
579 3870 717 3912 vero
739 3856 807 3911 de
824 3857 1065 3914 Ratherii
1090 3875 1284 3931 genere
1302 3860 1392 3916 hic
1414 3875 1592 3917 sermo
1613 3869 1718 3931 est,

184 3933 296 3989 haud
322 3943 632 4001 omittendus
661 3946 816 4002 locus
863 3946 1143 4013 Qualitatis
1175 3949 1522 4020 conjectum,
1560 3966 1717 4007 num.

186 4025 249 4089 12,
298 4034 375 4099 qui
430 4039 958 4107 consanguineorum
1016 4038 1131 4109 ejus
1182 4042 1511 4097 mentionem
1569 4042 1715 4097 facit.

190 4118 724 4195 «Consanguineorum
755 4130 904 4183 nulla
934 4145 1056 4185 eum
1086 4130 1251 4187 allicit
1280 4149 1429 4197 cura,
1458 4134 1571 4188 sive
1593 4134 1719 4203 quia

185 4209 241 4261 uil
265 4224 343 4266 eos
386 4216 649 4274 intantum
699 4218 905 4290 cogitat
956 4221 1215 4292 indigere,
1248 4230 1306 4276 ut
1337 4238 1395 4277 se
1435 4223 1632 4288 solum,
1665 4231 1720 4278 et

186 4298 363 4356 fratrem
389 4322 446 4361 ex
473 4312 546 4364 eis
576 4311 797 4365 noverit
842 4326 1107 4381 pauperes
1153 4312 1266 4367 fore
1317 4313 1451 4384 (fore
1484 4329 1582 4384 pro
1610 4332 1719 4370 esse

186 4390 451 4463 frequenter
487 4404 747 4477 accipit);
788 4405 901 4460 sive
942 4407 1067 4475 quia
1102 4407 1445 4463 interdictum
1490 4410 1591 4465 sibi
1639 4410 1719 4466 eis

1827 1844 2049 1900 circnter
2076 1845 2570 1915 quadragesimum,
2620 1854 2779 1900 natus
2819 1844 3006 1913 utique
3032 1849 3116 1897 est
3139 1840 3285 1897 circa
3317 1854 3415 1896 an-

1828 1950 1956 1989 num
1981 1935 2105 1991 896.
2131 1934 2446 1990 Natalitium
2470 1936 2688 2005 quidem
2714 1950 2917 1989 annum
2938 1932 3057 2003 ejus
3082 1932 3410 1987 anteriorem

1827 2027 2107 2098 aliquanto
2156 2026 2359 2084 inferre
2402 2028 2655 2083 videntur
2709 2027 2797 2081 illa
2846 2026 2971 2081 libri
3018 2022 3410 2089 Confessionis,

1826 2121 2013 2192 scripti
2043 2136 2186 2176 anno
2216 2120 2320 2176 960
2348 2121 2428 2174 vel
2452 2120 2579 2187 96l,
2609 2120 2807 2190 quibus
2836 2133 2895 2174 se
2925 2132 3073 2172 num.
3103 2116 3168 2171 21
3202 2124 3411 2185 septua-

1824 2213 2097 2283 genarium
2153 2221 2209 2266 et
2256 2228 2405 2266 num.
2468 2212 2532 2266 '51
2594 2226 2733 2281 pene
2798 2208 3257 2281 septuagenarium
3312 2220 3411 2262 vo-

1826 2316 1933 2359 cat.
1978 2302 2178 2359 Verum
2232 2304 2490 2375 particula
2540 2320 2669 2373 pene
2720 2316 2890 2357 annos
2941 2300 3144 2370 aliquot
3193 2315 3224 2352 a
3291 2314 3413 2367 sep—

1828 2395 2124 2465 tuagesimo
2188 2395 2502 2451 deﬁcientes
2564 2394 2850 2459 indicans,
2905 2406 3027 2446 cum
3094 2388 3258 2445 natali
3314 2402 3413 2442 an-

1826 2504 1898 2545 no
1922 2488 2028 2545 896
2056 2488 2281 2544 circiter
2322 2486 2601 2542 conciliari
2648 2484 2805 2541 facile
2852 2490 3031 2553 potest
3080 2499 3093 2535 :
3142 2495 3174 2536 e
3218 2489 3409 2535 contra

1824 2594 1957 2636 vero
1982 2589 2113 2636 tetas
2143 2578 2253 2648 fere
2279 2578 2476 2642 media,
2505 2589 2771 2631 annorum
2796 2572 3006 2629 scilicet
3036 2569 3151 2625 fere
3173 2568 3410 2639 quadra-

1827 2670 1998 2741 ginta,
2031 2684 2150 2740 quaa
2198 2669 2392 2724 incidit
2424 2654 2487 2722 in
2530 2681 2733 2721 annum
2779 2662 2903 2728 956,
2954 2661 3099 2716 haud
3155 2672 3409 2730 peraque

1826 2760 2076 2831 componi
2116 2767 2295 2830 potest
2331 2773 2453 2813 cum
2486 2772 2629 2812 anno
2664 2754 2831 2811 natali
2866 2752 2970 2810 890
3001 2760 3094 2805 aut
3120 2750 3243 2805 89f.

1832 2894 1957 2966 §|l.
2004 2925 2076 2966 -_—
2116 2891 2465 2966 Bloltasticam
2498 2890 2676 2966 citam
2733 2887 3022 2966 proﬁtetur.
3084 2884 3161 2939 De
3220 2882 3409 2966 studiis

1895 2964 2148 3034 ejusdem.
2191 2960 2380 3034 Scribit
2429 2960 2701 3034 epistola]:
2733 2952 2839 3034 :ad:
2870 2955 3161 3034 Patricum.
3215 2952 3407 3023 Opinio

1894 3028 2254 3105 quorumdam
2295 3033 2358 3085 de
2405 3028 2581 3105 oblata
2623 3028 2873 3105 Rutltert'o
2911 3037 3029 3082 ante
3053 3028 3409 3097 episcopatum

1896 3101 2107 3159 abbatia
2133 3102 2192 3157 S.
2223 3101 2449 3156 Amandi
2480 3103 2813 3170 expungitur.

1899 3216 1951 3271 6.
1992 3215 2126 3271 Cum
2167 3228 2229 3268 ea
2270 3210 2601 3267 consuetudo
2644 3225 2711 3265 ex
2747 3208 3066 3279 praescripto
3102 3203 3303 3278 regulae
3346 3204 3407 3261 S.

1829 3306 2104 3362 Benedicti
2132 3305 2424 3371 obtineret,
2450 3312 2511 3357 ut
2525 3303 2675 3373 pueri
2692 3300 3039 3356 monasteriis
3059 3296 3409 3363 offerrentur,

1828 3399 2121 3454 Ratherius
2144 3396 2331 3466 primis
2371 3395 2547 3451 aetatis
2586 3409 2699 3450 sua:
2740 3392 2895 3447 annis
2929 3391 3143 3447 oblatus
3168 3388 3268 3444 fuit
3296 3387 3408 3444 Deo

1830 3491 1882 3545 in
1899 3489 2228 3545 monasterio
2252 3485 2680 3555 Lobiensi,quod
2705 3484 2771 3540 ad
2789 3483 2973 3538 Sabim
2994 3481 3214 3536 fluvium
3244 3479 3410 3534 situm

1829 3587 1913 3634 est
1936 3579 1989 3632 in
2021 3577 2257 3632 confinio
2286 3577 2568 3640 Annoniae,
2598 3572 2897 3629 Teorascia:
2925 3580 2979 3625 et
3021 3568 3243 3624 ditionis
3272 3567 3410 3623 Leo-

1829 3670 2081 3725 diceusis.
2130 3668 2311 3722 Bitum
2356 3665 2515 3735 hujus
2561 3664 2848 3721 oblationis
2888 3663 3002 3732 ipse
3043 3659 3301 3715 describit
3350 3659 3408 3712 in
3465 3715 3469 3718 _

1827 3763 1964 3818 libro
1999 3760 2389 3827 Confessionis,
2423 3777 2571 3816 num.
2604 3760 2672 3814 i2
2701 3778 2714 3813 :
2750 3777 2770 3812 ι
2804 3759 2942 3813 Dum
2986 3756 3128 3812 enim
3150 3751 3409 3826 puerulus

1825 3870 2024 3923 essem,
2048 3855 2199 3910 venit
2218 3854 2435 3925 quidam
2466 3853 2751 3924 ingenuus,
2795 3860 2850 3906 et
2888 3850 2943 3905 in
2984 3848 3144 3904 altari
3168 3845 3405 3918 quodam

1827 3948 1885 4003 S.
1915 3947 2062 4004 Petri
2086 3956 2141 4002 et
2164 3948 2315 4002 Pauli
2347 3948 2561 4017 (horum
2586 3945 2803 4000 nomine
2830 3944 3012 3998 dicata
3041 3950 3160 3997 erat
3198 3936 3405 3997 laudati

1822 4040 2136 4094 monasterii
2166 4038 2417 4109 ecclesia)
2446 4047 2632 4092 tenens
2662 4052 2746 4091 me
2772 4051 2895 4091 cum
2924 4048 3064 4105 pane
3094 4043 3150 4088 et
3176 4032 3368 4087 vino..
3387 4067 3404 4089 .

1820 4132 2016 4187 obtulit
2071 4131 2183 4187 Deo
2231 4140 2286 4186 et
2334 4130 2393 4185 S.
2451 4130 2611 4186 Petro
2661 4132 2714 4184 in
2762 4128 3234 4185 holocaustum...
3282 4124 3411 4194 jure

1822 4223 1976 4291 quasi
2019 4221 2347 4276 Nazarei...
2400 4222 2815 4277 immutabiliter
2860 4220 3284 4276 serviturum...
3334 4218 3406 4271 ad

1822 4313 1998 4369 foedus
2041 4324 2303 4384 perpetuo
2343 4314 2797 4368 confirmandum.
2845 4331 2865 4365 ι
2924 4312 3073 4367 Ουῐην
3110 4311 3402 4366 Ratberius

1820 4421 1930 4461 non
1959 4422 1987 4459 a
2017 4414 2192 4476 patre,
2241 4406 2335 4460 sed
2384 4409 2451 4460 ab
2477 4408 2701 4476 ingenuo
2744 4406 2956 4460 dicatur
2995 4405 3242 4471 oblatus;
3294 4403 3399 4459 nisi

186 4486 351 4559 aliquid
378 4496 499 4553 dare
522 4499 740 4553 noverit
768 4499 1027 4554 canonica
1059 4499 1205 4571 lege;
1239 4500 1352 4555 sive
1377 4501 1501 4570 quia
1530 4501 1715 4557 ἀρα-ρ.
1741 4504 1795 4565 Ῑ)
1821 4496 2031 4567 ingenui
2058 4496 2335 4565 cujusdam
2366 4497 2727 4565 appellatione
2759 4505 2914 4567 pater
2944 4495 3277 4566 designetur,
3303 4492 3405 4548 alia

186 4578 273 4644 pilo
294 4584 376 4639 sibi
402 4590 567 4644 nullos
589 4590 796 4659 cogitat
822 4604 964 4654 esse,
991 4606 1113 4645 cum
1142 4600 1196 4645 et
1222 4592 1310 4661 qui
1348 4599 1493 4657 sunt,
1518 4591 1629 4659 jam
1660 4593 1712 4647 in

188 4680 303 4725 sexta
326 4676 418 4730 sint
443 4679 510 4734 illi
542 4689 727 4742 :etate,
759 4689 813 4734 et
862 4680 980 4735 loco
1025 4680 1254 4736 fratrum
1286 4683 1453 4737 series
1500 4696 1715 4737 succes-

189 4762 288 4814 serit
311 4766 633 4839 abnepotum.
660 4791 677 4823 )
708 4769 786 4824 Ne
815 4772 1018 4841 priora,
1047 4773 1242 4842 quibus
1272 4772 1492 4827 fratrem
1519 4789 1715 4843 paupe-

190 4863 276 4904 rem
300 4863 619 4926 superstitem
654 4863 855 4927 innuit,
885 4878 1126 4934 pugnare
1150 4864 1436 4918 videantur
1469 4880 1593 4919 cum
1617 4879 1712 4918 ex-

191 4946 351 5010 llemis,
372 4951 448 5004 ubi
472 4954 587 5009 loco
614 4954 841 5007 fratrum
864 4955 1057 5009 seriem
1082 4956 1403 5023 abnepotum
1428 4968 1712 5025 superesse

192 5027 401 5101 affirmat;
438 5042 560 5097 illud
615 5044 886 5112 conjicere
926 5044 1070 5109 licet,
1098 5043 1323 5097 fratrem
1361 5044 1707 5114 superstitem

192 5116 316 5177 fuisse
339 5135 668 5197 monachum,
694 5148 850 5203 quem
873 5150 1023 5205 teque
1054 5152 1117 5190 ac
1145 5151 1202 5190 se
1229 5144 1351 5189 voto
1377 5130 1710 5205 paupertatis

192 5211 467 5329 pbslrictum,
511 5243 794 5316 pauperem
842 5230 1182 5297 pronuntiat;
1239 5228 1533 5298 abnepotes
1578 5242 1708 5281 vero

1822 4588 1944 4657 quis
1988 4586 2104 4657 ejus
2147 4589 2483 4658 propinquus
2529 4588 2905 4659 intelligendus
2935 4596 3020 4643 est
3055 4604 3070 4641 :
3112 4602 3217 4642 non
3270 4584 3401 4642 solis

1820 4678 1962 4731 enim
1983 4679 2317 4748 parentibus,
2353 4679 2448 4733 sed
2484 4678 2603 4734 aliis
2641 4679 2805 4733 etiam
2858 4677 3176 4748 propinquis
3222 4689 3291 4730 ex
3338 4676 3400 4729 S.

1820 4774 2094 4831 Benedicti
2127 4773 2309 4845 regula
2341 4786 2654 4828 concessam
2700 4770 2867 4825 fuisse
2910 4766 3219 4825 facultatem
3265 4764 3406 4849 oll‘ej

1822 4866 1973 4920 rendi
2012 4878 2208 4936 pueros
2250 4864 2301 4918 in
2349 4862 2699 4919 monasteriis
2741 4861 3124 4917 animadvertit
3158 4857 3405 4912 Mabilloe

1820 4956 1942 5011 nius
1970 4958 2024 5012 in
2056 4955 2354 5010 Annalibus
2380 4954 2764 5018 Benedictinis,
2813 4953 2907 5008 lib.
2955 4967 3153 5016 nam,
3201 4966 3258 5004 n.
3309 4952 3401 5007 88.

1818 5046 1957 5118 Πυθοῖ
1981 5047 2199 5115 oblatio!
2226 5063 2329 5101 non
2373 5051 2519 5105 nuda
2545 5055 2602 5102 et
2622 5045 2891 5111 solitaria,
2916 5045 3007 5098 sed
3025 5058 3126 5096 una
3151 5057 3269 5094 cum
3305 5061 3406 5114 ρα-

1820 5155 1882 5193 ne
1902 5148 1949 5193 et
1975 5141 2113 5205 vino,
2139 5148 2301 5209 atque
2326 5139 2451 5197 aliis
2472 5140 2538 5196 ad
2558 5138 2723 5192 vitam
2746 5137 3021 5198 subsidiis,
3037 5147 3265 5203 quorum
3298 5135 3415 5194 for-

1816 5232 1954 5284 sitan
1993 5231 2248 5286 indicium
2282 5230 2333 5283 in
2364 5232 2561 5289 lacuna
2588 5229 2945 5293 desideratur,
2984 5227 3126 5280 facta
3156 5225 3279 5279 fuit.
3323 5231 3423 5288 Sic
