4038 5388
568 271 644 347 ’δι’
1550 284 1951 350 BATHERIUS
1987 287 2163 351 vent

2278 274 2435 347 NSlS
2470 284 2866 345 urnscoeus.
2955 252 2958 256 “
3777 281 3870 337 δε

566 413 741 461 statur
769 398 984 473 (Annal.
1005 397 1228 468 Bened.,
1261 397 1299 454 ι.
1335 413 1523 466 xxx“,
1546 415 1605 454 ιι.
1635 399 1749 471 58).
1778 400 2009 457 Additur
2042 402 2147 457 im-
2174 408 2226 469 Α
2252 401 2369 474 ipsa
2392 401 2685 457 declarant.
2719 399 2920 455 Confer
2958 412 3079 467 qua:
3127 397 3179 452 in
3223 396 3540 467 praefatione
3596 397 3863 468 generali

565 493 888 549 umtubiliter
937 491 1252 546 seruiturum
1278 530 1294 555 ,
1349 498 1633 560 propterea
1690 490 1835 560 quod
1883 488 2147 560 ejusmodi
2249 490 2411 548 latius
2429 492 2836 547 observavimus
2863 504 3011 543 num.
3035 489 3141 544 ὅθι
3164 487 3215 541 ι.
3238 487 3413 542 Unum
3443 488 3532 542 hic
3551 488 3858 542 addemus.

564 597 858 656 puerorum
885 581 1093 637 oblatio
1114 596 1181 637 ex
1213 581 1326 652 ipsa
1361 578 1418 637 S.
1445 579 1726 636 Benedicti
1774 579 1980 652 regula,
2022 595 2144 650 cap.
2247 580 2365 661 Νριι
2396 581 2632 638 defuisse
2673 582 2984 652 magistros,
3029 581 3121 650 qui
3163 579 3408 635 Graecam
3450 581 3697 652 linguam
3740 582 3866 635 hoc

563 675 656 740 59,
680 671 1051 728 irrevocabilis
1076 671 1386 734 haberetur,
1424 676 1483 724 ut
1509 668 1695 725 videre
1718 677 1802 725 est
1827 669 1968 739 apud
1994 684 2148 724 eum-
2247 685 2461 741 quoque
2483 680 2723 740 tempore
2751 671 3045 737 traderent,
3070 670 3223 725 testis
3245 678 3329 724 est
3353 669 3629 741 Rotgerus
3647 679 3867 726 auctor

565 768 687 819 dem
716 761 1082 818 Mabillonium
1103 760 1419 831 praefatione
1445 761 1681 816 secunda
1706 761 1759 815 in
1785 760 2053 817 Saiculum
2078 758 2147 816 ιν
2247 761 2383 815 Viue
2414 759 2470 815 S.
2509 760 2781 816 Bruuonis
2804 759 3197 831 archiepiscopi
3223 758 3569 841 poloniensis
3599 759 3857 832 (Patrol.

563 856 770 912 ordinis
807 855 1037 922 Bened.,
1071 870 1219 909 num.
1258 852 1380 918 199,
1420 861 1477 908 et
1522 850 1838 923 praefatione
1865 851 2039 921 prima
2090 851 2147 905 in
2248 858 2379 905 tom.
2408 849 2727 922 CXXXIV),
2769 853 2860 923 qui
2907 851 3126 908 Graecos
3161 860 3527 923 praeceptores
3564 853 3860 909 adhibuit.

564 947 832 1004 Saeculum
858 946 949 1013 ιν,
987 958 1114 1002 num
1174 948 1264 1002 56.
1308 946 1511 1000 Harum
1554 944 1886 1001 oblationum
1921 951 2147 999 vetustte
2247 943 2567 1000 Ratherium
2602 960 2733 1001 vero
2769 946 2838 1000 ad
2889 946 3135 1003 Graecam
3182 962 3400 1019 quoque
3448 946 3689 1017 linguam
3722 950 3863 1004 aui-

562 1038 809 1093 formulae
840 1038 1087 1093 eamdem
1114 1037 1533 1107 perpetuitatem
1562 1035 1932 1105 exprimentes
1963 1034 2147 1105 plures
2245 1051 2393 1091 mum
2433 1037 2758 1107 applicuisse
2785 1039 3041 1094 nonnulla
3065 1040 3265 1095 indicia
3283 1042 3686 1098 demonstrant.
3720 1040 3861 1099 Non

562 1139 1006 1202 suppetunt,qu:e
1034 1147 1061 1183 a
1096 1132 1313 1185 laudato
1342 1129 1650 1184 Mahillonio
1674 1128 1983 1183 indicantur
2009 1143 2150 1198 pra:-
2246 1123 2418 1179 solum
2472 1126 2616 1180 enim
2666 1127 2913 1196 quaedam
2955 1127 3140 1184 Graeca
3171 1130 3440 1186 vocabula
3488 1131 3543 1186 in
3573 1131 3856 1187 Latinam

562 1222 767 1276 latione
793 1222 967 1290 prima
993 1222 1044 1275 in
1077 1221 1344 1276 S:ecnhun
1377 1220 1464 1283 IV,
1498 1233 1643 1273 num.
1676 1218 1765 1273 55.
1798 1217 1941 1272 Duas
1961 1225 2143 1270 autem
2246 1215 2510 1270 rationem
2562 1225 2876 1272 constructa
2925 1217 3221 1274 identidem
3250 1229 3497 1290 usurpat.
3541 1235 3663 1290 qua:
3694 1220 3857 1290 apud

561 1314 745 1369 saeculi
770 1313 965 1368 decimi
993 1313 1281 1367 ediderunt
1308 1311 1412 1365 PP.
1456 1311 1697 1365 Martene
1741 1318 1797 1364 et
1838 1307 2138 1367 Durandus,
2246 1306 2450 1360 nullum
2478 1307 2800 1377 scriptorem
2834 1307 3086 1364 Latinum
3123 1310 3363 1379 reperire
3404 1309 3580 1375 licuit,
3609 1310 3688 1364 uti
3720 1312 3860 1366 bro-

562 1420 791 1475 quarum
820 1421 927 1459 una
964 1419 1026 1458 ex
1059 1405 1380 1474 perantiqno
1407 1403 1596 1459 codice
1640 1399 1954 1457 monasterii
1984 1398 2148 1453 Elno—
2244 1396 2403 1462 mins,
2437 1399 2723 1469 euntorpha
2748 1406 2805 1454 et
2846 1399 3068 1465 similia,
3116 1401 3211 1455 sed
3267 1401 3626 1471 quarumdam
3666 1402 3854 1456 etiam

568 1511 752 1553 nenSIs
775 1494 833 1551 S.
856 1496 1083 1549 Amandi
1105 1506 1317 1565 sumpta
1341 1495 1439 1550 fuit
1466 1495 1527 1564 (t.
1560 1492 1631 1548 IX
1650 1490 1890 1557 ϐοηθοίη
1918 1506 1969 1555 p.
1997 1489 2138 1558 l59).
2244 1485 2554 1542 Graecarum
2592 1503 2786 1544 vocum
2820 1490 2927 1545 vim
2953 1505 2986 1545 e
3010 1490 3199 1546 Grmco
3230 1492 3644 1562 interpretatur.
3672 1493 3857 1548 Libro

561 1586 738 1643 Verba
766 1588 835 1639 ad
857 1585 1024 1654 [trdus
1050 1595 1296 1655 perpetuo
1321 1582 1996 1653 conﬁrmanduminnuunt
2039 1593 2137 1633 usu
2244 1588 2439 1647 quarto
2484 1577 2933 1649 Prteloqniorum,
2961 1596 3110 1636 num.
3156 1581 3250 1647 25,
3298 1583 3429 1637 dum
3471 1598 3655 1653 regem
3705 1583 3857 1638 allo-

561 1683 842 1745 receptum
863 1673 1031 1729 fuisse
1060 1683 1119 1727 ut
1146 1675 1298 1745 pueri
1331 1672 1553 1744 perinde
1573 1671 1764 1737 oblati,
1800 1667 2140 1725 irrevocabili
2243 1658 2416 1739 quens
2445 1670 2559 1724 ait:
2608 1688 2628 1722 ι
2665 1670 2842 1724 Etiam
2872 1685 3068 1727 nomen
3097 1671 3151 1725 in
3192 1671 3386 1727 Graeco
3415 1672 3651 1727 cilicium
3683 1683 3850 1728 tuum

560 1779 867 1835 quanquam
905 1752 1029 1832 jure
1050 1772 1176 1819 voto
1204 1774 1488 1835 parentum
1521 1762 1973 1832 astringerentur,
1995 1758 2145 1814 obla-
2177 1755 2221 1816 Β
2249 1761 2391 1815 inter
2425 1759 2669 1815 Graecam
2713 1760 3072 1832 Latinamque
3098 1762 3227 1818 illud
3272 1764 3685 1834 interpretando
3727 1765 3853 1820 fore

563 1855 769 1909 tionem
825 1863 1005 1909 tamen
1053 1855 1317 1926 ejusmodi
1367 1854 1752 1909 confirmarent
1807 1850 2146 1923 professione
2248 1868 2392 1908 mam
2424 1867 2677 1924 agnosce,
2710 1863 2762 1908 te
2790 1854 3047 1925 populum
3071 1864 3291 1925 portare
3322 1856 3540 1922 debere,
3569 1872 3678 1912 non
3706 1872 3846 1926 pre-

559 1945 798 2016 propria,
852 1959 974 1999 cum
1025 1946 1092 1999 ad
1137 1944 1431 2011 legitimam
1476 1952 1689 1998 aetatem
1748 1941 2142 2013 pervenissent.
2245 1955 2425 2005 mere;
2470 1961 2488 1995 ι
2523 1941 2770 1997 Graecum
2793 1959 2988 1999 nomen
3014 1945 3256 2019 βασιλεύς
3284 1945 3629 2017 apertissime
3657 1962 3844 2018 expo-

565 2035 680 2091 Nisi
712 2037 835 2106 quis
860 2035 999 2092 forte
1027 2037 1252 2093 credere
1293 2036 1446 2091 malit
1489 2036 1591 2091 hoc
1616 2035 1812 2091 sarculo
1840 2035 2144 2091 relaxatam
2246 2032 2395 2102 suit.,
2424 2031 2631 2088 Videsis
2659 2032 2857 2088 ibidem
2886 2042 3066 2088 notam
3088 2034 3177 2089 56.
3207 2035 3263 2089 In
3281 2034 3645 2105 confessione,
3682 2051 3849 2093 num.

563 2124 733 2183 fuisse
761 2127 1035 2198 antiquam
1072 2128 1402 2183 oblatiouum
1435 2127 1595 2197 hujus
1647 2127 1864 2195 generis
1902 2126 2145 2197 discipli-
2242 2112 2334 2185 '15,
2370 2123 2924 2194 expressiusscripsit
2957 2140 3025 2180 ex
3051 2123 3278 2182 Graeco:
3308 2144 3327 2178 ι
3360 2125 3563 2182 Panem
3586 2138 3846 2183 nostrum

562 2230 712 2282 nam,
751 2216 826 2271 ita
855 2226 913 2271 ιιι
952 2217 1102 2272 hisce
1128 2217 1311 2288 pueris
1339 2215 1484 2271 nulla
1510 2223 1658 2271 esset
1685 2220 1983 2271 necessitas
2024 2231 2153 2285 per-
2245 2212 2751 2268 consubstantiatum
2802 2214 2871 2270 da
2920 2215 3076 2271 nobis
3133 2216 3312 2283 hodie,
3368 2217 3572 2274 dicitur
3618 2219 3755 2273 Deo.
3809 2238 3833 2272 ι

562 2307 811 2361 manendi
862 2307 914 2361 in
948 2308 1294 2371 monasterio,
1326 2305 1762 2377 nisi-'postquam
1814 2315 1972 2361 aetate
2014 2306 2145 2378 legi-
2248 2305 2403 2360 Adde
2424 2304 2568 2374 quod
2601 2304 2656 2360 in
2694 2320 2943 2361 sermone
2961 2305 3038 2361 De
3068 2306 3233 2361 Maria
3251 2317 3305 2362 et
3333 2307 3567 2372 Martha,
3596 2325 3749 2364 num.
3779 2310 3847 2375 2,

530 2398 695 2456 .tinta
721 2398 1048 2457 oblationem
1074 2413 1228 2457 suam
1264 2405 1439 2455 ratam
1467 2398 1806 2452 habuissent.
1851 2397 2144 2453 Eutherius
2246 2395 2382 2449 duas
2435 2393 2655 2452 Graecas
2705 2411 2867 2452 voces
2911 2397 3107 2452 litteris
3158 2397 3360 2454 Graecis
3408 2402 3726 2468 expressit,
3778 2411 3841 2455 ct

563 2490 779 2561 quidem
816 2505 970 2547 suam
1018 2491 1347 2547 oblationem
1398 2485 1740 2546 conﬁrmavit
1787 2488 1889 2542 hac
1938 2485 2145 2556 profes-
2245 2502 2396 2541 num.
2439 2487 2477 2542 ’5
2506 2488 2655 2544 vocis
2697 2488 2925 2561 Angelus
2954 2490 3278 2559 peculiarem
3324 2491 3845 2562 interpretationem

564 2584 736 2649 sione,
763 2597 923 2652 quam
950 2582 1140 2637 eodem
1182 2582 1235 2636 in
1268 2581 1406 2637 libro
1431 2580 1673 2651 protulit.
1718 2599 1736 2631 ι
1778 2579 1884 2635 Sed
1921 2586 2144 2649 accepto
2237 2577 2394 2647 juxta
2440 2587 2585 2632 stans
2633 2578 2717 2633 sui
2767 2587 3053 2635 contextus
3108 2581 3401 2637 sententia:-
3443 2592 3841 2653 congruentem

563 2675 679 2742 ipse
702 2672 911 2729 calamo
946 2681 1157 2727 matura
1180 2670 1501 2739 jam,aetate
1523 2680 1581 2726 et
1605 2670 1844 2741 legitima
1871 2669 2059 2740 scripsi
2088 2670 2142 2724 in
2244 2666 2527 2734 allaturos,
2572 2681 2694 2723 eam
2737 2669 2975 2725 radicem
3006 2686 3037 2725 e
3064 2670 3252 2728 Graeco
3276 2669 3412 2746 ἄγχι
3437 2688 3599 2743 prape
3618 2673 3859 2729 videtur

562 2764 709 2819 hunc
756 2763 997 2829 modum,
1042 2763 1412 2833 scriptumque
1448 2778 1612 2832 super
1638 2761 1804 2816 altare
1831 2761 2006 2832 posui,
2037 2776 2143 2816 non
2245 2756 2505 2822 indicare,
2529 2771 2690 2829 quam
2722 2759 2936 2815 nonnisi
2959 2759 3131 2816 Graeci
3155 2762 3422 2817 sermonis
3443 2762 3599 2819 valde
3623 2764 3863 2833 peritus.

563 2867 727 2920 super
754 2851 895 2907 aliud
924 2852 1027 2908 nisi
1060 2852 1234 2923 ipsum
1264 2852 1596 2922 (sanctorum
1646 2850 1853 2906 scilicet
1898 2849 2044 2906 Petri
2091 2858 2147 2906 et
2244 2848 2570 2919 investigare
2616 2857 2672 2906 et
2716 2852 2956 2921 reperire
3012 2852 3294 2923 potuisset.
3352 2852 3469 2908 Non
3534 2856 3828 2911 minimqu

569 2943 745 3015 Pauli)
772 2962 788 2998 :
820 2944 932 3016 Ego
952 2943 1245 3000 Ratherius
1270 2944 1529 3015 promitto
1561 2941 1911 2997 stabilitatem
1943 2956 2139 3007 meam,
2245 2937 2462 2993 tandem
2493 2938 2752 2995 indicium
2774 2941 3013 3012 ejusdem
3044 2943 3251 3012 peritiae
3275 2941 3531 2999 videntur
3574 2944 3663 3000 illa
3703 2946 3834 3015 qui-

564 3044 620 3091 et
651 3037 1058 3093 conversiOuem
1108 3049 1353 3090 meorum
1390 3049 1631 3099 morum,
1682 3041 1738 3088 et
1780 3032 2140 3087 obedientiam
2177 3091 2214 3103 Α
2248 3028 2346 3082 bus
2369 3026 2632 3098 malignus
2650 3044 2841 3086 censor
2869 3031 2923 3086 in
2944 3030 3226 3097 Qualilatt's
3248 3032 3567 3103 conjectura,
3588 3036 3828 3101 num.2,

565 3127 860 3184 secundum
906 3126 1144 3198 regulam
1192 3126 1368 3182 sancti
1397 3123 1673 3181 Benedicti
1721 3137 1903 3179 coram
1942 3120 2055 3177 Deo
2089 3091 2216 3177 etC
2246 3126 2646 3173 memoraturus
2704 3118 3042 3190 deperditum
3108 3091 3357 3177 Ratherii
3411 3122 3736 3193 opusculum
3807 3139 3843 3179 e

566 3218 774 3275 sanctis
802 3218 937 3289 ejus.
984 3236 1004 3271 ι
2248 3205 2439 3265 Graeco
2459 3208 2775 3280 inscriptum
2800 3209 3257 3283 Chronograpliia,
3293 3213 3525 3269 vanitati
3562 3214 3610 3269 ei
3642 3215 3856 3272 tribuit

638 3310 689 3363 7.
734 3326 755 3361 ι
803 3308 1271 3365 Benedictinorum
1297 3307 1554 3366 Ordinem
1586 3305 1700 3361 fere
1728 3319 1787 3361 se
1823 3303 1938 3361 solo
1966 3304 2145 3360 studia
2249 3299 2324 3386 in
2355 3299 2668 3356 Latinorum
2716 3301 2975 3357 libroruin
3032 3303 3229 3377 [xxxii]
3290 3306 3463 3362 titulis
3518 3306 3855 3378 διωρίζετο..

568 3402 927 3471 scientiasque
976 3401 1209 3471 plurium
1258 3399 1603 3456 saeculorum
1639 3398 1869 3453 decursu
1919 3396 1972 3451 in
2033 3404 2145 3451 tota
2249 3390 2754 3464 Chronograpltiam,
2784 3395 2977 3464 inquit,
3007 3397 3608 3465 grarcizando-uanus...
3640 3408 3853 3453 uocat:.

567 3494 780 3562 Europa
802 3500 1135 3548 sustentasse
1174 3512 1191 3546 ι
1220 3502 1364 3547 recte
1391 3490 1734 3545 Mahillonius
1766 3486 2149 3542 animadvertit
2249 3482 2405 3553 cujus
2427 3499 2644 3555 quoque
2673 3486 2888 3555 generis
2928 3495 3012 3540 est
3036 3486 3175 3541 alius
3220 3487 3405 3543 titulus
3438 3488 3647 3543 Climaa:
3694 3488 3839 3560 Syr-

568 3583 670 3654 (De
696 3583 851 3639 Stud.
889 3584 1185 3648 monastic,
1213 3591 1354 3653 part.
1393 3598 1435 3645 ι,
1470 3596 1522 3638 c.
1556 3578 1667 3651 16).
1724 3577 1860 3633 Hinc
1906 3577 2150 3633 celebres
2248 3576 2403 3630 matis
2434 3574 2633 3629 inditus
2660 3575 2941 3644 epigraphi
2971 3575 3332 3632 Couclusionis
3360 3578 3734 3635 deliberative.

567 3674 955 3729 monachorum
977 3672 1180 3727 scholae
1202 3672 1255 3726 in
1283 3670 1563 3727 coenobiis.
1596 3669 1708 3723 lloc
1729 3675 1912 3722 autem
1934 3667 2150 3721 nomine
2318 3665 2374 3722 8.
2412 3664 2565 3721 Nulla
2589 3664 2753 3734 hujus
2778 3666 3051 3736 temporis,
3092 3682 3202 3737 quo
3232 3668 3521 3725 Ratherius
3560 3670 3704 3725 inter
3731 3671 3855 3728 L0;

569 3763 712 3818 inter
745 3770 941 3817 caetera
976 3759 1407 3817 laudatissimum
1450 3758 1649 3816 saeculo
1678 3774 1714 3813 ι
1760 3756 2150 3814 monasterium
2250 3755 2464 3812 bienses
2495 3756 2788 3810 monachos
2832 3764 3077 3811 versatus
3121 3765 3226 3823 est,
3280 3755 3521 3826 ejusdem
3571 3773 3739 3828 opera
3769 3760 3854 3817 ad.

569 3851 856 3917 Lobiense,
892 3852 947 3907 in
978 3866 1093 3922 quo,
1111 3850 1351 3908 omnium
1372 3848 1725 3920 comqualium
1746 3845 2152 3919 perspicacissi-
2251 3860 2351 3902 nos
2379 3852 2758 3915 pervenerunt,
2788 3861 2894 3901 una
2918 3846 2985 3902 ad
3013 3845 3289 3903 Patricum
3333 3847 3558 3917 cpistola
3582 3860 3839 3920 excepta,

569 3941 692 3998 mus
716 3942 1007 3997 Ratherius
1032 3942 1310 3998 institutus
1335 3939 1458 4005 fuit,
1479 3940 1555 3995 uti
1578 3938 1872 3995 Fulcuinus
1895 3936 2139 4008 ejusdem
2250 3954 2412 4009 quam
2435 3938 2502 3993 ab
2523 3953 2588 3994 eo
2609 3948 2735 3993 ante
2758 3940 3130 4009 episcopatum
3153 3940 3411 4009 scriptam
3435 3940 3488 3994 in
3505 3941 3649 3995 notis
3665 3941 3849 4009 conji—

570 4033 884 4090 tnonasterii
909 4034 1076 4090 abbas
1101 4032 1336 4104 prodidit
1360 4031 1471 4104 (De
1485 4030 1631 4087 (ἔθει.
1647 4030 1767 4086 abb.
1786 4005 1945 4095 Lob.,
1961 4044 2012 4084 c.
2039 4027 2147 4099 19).
2251 4005 2474 4086 ciemus.
2505 4029 2630 4085 Haec
2659 4005 2906 4099 epistola,
2924 4005 2989 4086 de
3010 4045 3237 4100 corpore
3261 4005 3318 4085 et
3335 4029 3597 4100 sanguine
3621 4005 3838 4085 Donfini

576 4142 596 4176 ι
635 4124 979 4191 Florueruttt,
1012 4124 1206 4194 inquit,
1238 4124 1322 4179 his
1360 4123 1694 4192 temporibus
1737 4120 1882 4190 apud
1910 4133 2009 4174 nos
2039 4125 2152 4172 slu-
2252 4138 2437 4195 agens,
2468 4121 2695 4179 celebris
2727 4131 2820 4195 est
2856 4121 2925 4176 ob
2970 4121 3180 4191 insigne
3227 4120 3372 4191 quod
3406 4120 3459 4175 in
3489 4136 3554 4176 ea
3584 4122 3653 4177 de
3699 4123 3838 4177 ωειιί

572 4212 660 4268 dia
696 4212 1020 4281 litterarum,
1070 4209 1266 4283 quibus
1312 4212 1657 4268 addisceudis
1689 4225 1914 4285 operam
1961 4208 2153 4263 dantes
2253 4214 2454 4271 Christi
2481 4212 2770 4284 praesentia
2801 4212 3206 4268 inEucharistia
3224 4212 3589 4269 testimonium
3611 4214 3839 4284 ponitur

570 4304 928 4374 opinatissimi
968 4304 1186 4360 fuerunt
1213 4303 1521 4370 Scaminus,
1551 4302 1923 4365 Theoduinus,
1949 4308 2005 4352 et
2029 4312 2153 4368 νει*-
2253 4304 2535 4360 occasione
2558 4301 2672 4370 ejus
2693 4301 3005 4371 qumstionis
3047 4317 3207 4370 quam
3255 4300 3504 4357 Patricus
3548 4301 3602 4356 in
3651 4300 3836 4356 llorna

572 4396 976 4468 spicacissimus
996 4397 1189 4453 horum
1214 4395 1520 4451 Ratherius.
1558 4415 1577 4448 ι
1606 4378 1656 4450 ls
1680 4392 1855 4466 [xxxi]
1869 4400 2151 4461 propterea
2179 4452 2224 4468 ﬁ
2256 4395 2368 4465 (qui
2402 4393 2550 4449 locus
2591 4392 2767 4446 adhuc
2795 4399 2879 4446 est
2916 4391 2970 4446 in
3001 4391 3222 4446 diwcesi
3254 4389 3591 4462 Leodicensi)
3622 4392 3847 4446 cuidam

576 4452 749 4544 totum
778 4488 1081 4543 litterarum
1122 4503 1188 4543 ac
1232 4486 1635 4557 disciplinarum
1676 4452 1911 4538 fructdm
1965 4492 2140 4532 inona.
2179 4452 2229 4512 D
2255 4452 2644 4557 proposuerat,
2673 4498 2801 4537 num
2833 4481 3124 4537 [tanien-ius
3157 4482 3379 4537 missam
3411 4480 3850 4537 cantassetﬁml

575 4577 694 4632 ehis
730 4576 1086 4635 Lobiensibus
1117 4576 1307 4633 tribuit
1349 4576 1402 4630 in
1442 4572 1669 4645 epistola
1706 4586 1866 4642 quam
1922 4567 2055 4623 Viue
2090 4565 2148 4621 So
2256 4589 2417 4630 unam
2472 4573 2573 4627 hoc
2635 4571 2830 4628 saeculo
2890 4571 3229 4628 celebrandae
3270 4572 3451 4627 missa:
3495 4571 3837 4642 disciplinam

577 4668 819 4725 Ursmari
876 4668 1127 4738 prtelixit.
1177 4668 1333 4723 Hunc
1384 4666 1637 4722 Hilduiuo
1684 4661 1946 4733 magistro
1996 4672 2153 4713 υειιιη
2257 4663 2421 4721 fuisse
2447 4662 2643 4717 exinde
2685 4662 2870 4732 liquet.
2904 4662 3007 4715 Alii
3054 4661 3222 4727 enim,
3251 4670 3311 4717 ut
3354 4661 3671 4728 Ratberius,
3713 4677 3845 4716 raro.

575 4759 905 4815 Tt-itheuiius
947 4768 1153 4815 narrat.
1207 4759 1309 4827 Qui
1344 4767 1528 4814 autem
1557 4752 1945 4810 monachorum
1977 4745 2151 4817 magi-
2255 4753 2683 4819 autrarissimc;
2715 4752 2806 4807 alii
2838 4767 2997 4820 vero,
3020 4762 3079 4806 ut
3105 4751 3371 4815 Patricus,
3414 4750 3654 4821 quotidie
3697 4748 3840 4805 cele-

574 4853 740 4909 σιω-ιο
771 4866 833 4909 se
861 4853 1041 4909 omnia
1065 4852 1264 4908 debere
1299 4849 1517 4911 fatetur.
1544 4846 1839 4903 monachos
1866 4841 2161 4914 magiSll‘OS
2253 4847 2503 4905 brabant.
2548 4847 2868 4902 Balnearum
2924 4860 3140 4916 quoque
3207 4861 3365 4900 usum
3416 4841 3845 4898 solemnioribus

575 4944 784 5012 habuit,
804 4952 907 4999 non
929 4944 1175 5008 clericos,
1196 4944 1248 4998 in
1273 4943 1469 5014 quibus
1489 4940 1657 4995 fuisse
1683 4937 2013 4999 llilduinum,
2031 4948 2160 4989 cum

2257 4937 2414 4994 festis
2454 4937 2886 5009 impendentibus
2922 4937 2991 4992 ob
3034 4950 3206 4991 sacra:
3249 4933 3643 4989 communionis
3689 4947 3833 4986 reve-

586 5036 655 5090 ad
682 5035 1069 5091 Leodicensem
1091 5028 1836 5103 cathedrampromotusfuit,
1867 5025 2157 5082 Fulcuinus
2259 5029 2489 5086 nentiam
2518 5044 2549 5083 a
2599 5028 2879 5084 nonnullis
2925 5026 3235 5097 probatum,
3285 5024 3361 5079 ab.
3408 5022 3527 5077 aliis
3578 5021 3844 5091 rejectum

1566 5123 1683 5144 j----_
1726 5119 1862 5144 ι..-.-ι1
1895 5120 1944 5144 :n
1980 5117 2122 5146 ΠΙ...Λ
2260 5130 2503 5146 και-..ηκο
2682 5119 2871 5146 η-ιζιιιιη
2898 5117 3143 5146 ὒηιηῖιαιιο

2260 5130 2503 5146 -..ι-..ηκο
2536 5120 2619 5146 211..
2682 5119 2871 5146 “nil”..-
2898 5117 3143 5146 ὒηι-ηἶιηιο
3177 5112 3570 5146 οηηηιισιιῖτηιιιο
3605 5112 3803 5146 ΙνοιιΙῖΙιι
