4038 5388
154 184 211 238 33
1122 196 1125 199 ν
1162 173 1699 232 PROLEGOMENA.
1737 204 1804 214 —
1845 174 2170 231 RATllERll
2212 179 2389 234 V'l'i'A.
3322 187 3393 241 54

152 288 473 351 Eucharistia
492 303 559 345 ac
581 287 1231 345 transmbstanliationem
1254 273 1408 358 panis
1437 296 1493 343 et
1518 287 1626 341 vini
1654 287 1706 341 in
1736 290 1789 348 Α
1884 286 1966 340 det
1998 291 2370 362 quwstionilius
2412 309 2542 362 quas
2588 294 2797 356 quidam
2840 295 3247 353 Mcdiofaneuses

150 398 321 453 corpus
343 390 398 436 et
438 381 759 450 sanguinem
798 379 1000 434 Christi
1053 379 1357 434 luculenter
1409 378 1708 433 constituit.

153 480 212 531 De
235 473 441 530 caeteris
467 481 653 526 autem
698 470 1065 527 subtilioribus
1094 478 1149 525 et
1187 470 1418 524 curiosis
1455 469 1712 538 quaestio-

151 568 285 621 uibus
310 578 429 633 qua:
453 563 635 616 hacin
664 578 721 617 rc
753 562 954 616 moveri
989 567 1215 631 queunt,
1252 579 1270 612 ς
1302 576 1370 615 ne
1384 559 1709 623 solliciteris,

152 657 319 726 inquit,
341 652 786 723 quandoquidem
810 652 1129 722 mysterium
1158 666 1279 706 esse
1308 651 1484 716 audis,
1521 656 1573 703 et
1612 651 1712 705 hoc

152 747 274 802 lidei.
295 744 426 799 Nam
453 744 500 799 si
526 742 843 814 mysterium
865 750 969 805 est,
997 756 1101 795 non
1127 741 1269 795 valet
1291 738 1709 809 comprehendi;

149 839 185 892 si
215 836 348 897 ﬁdei,
377 833 542 887 debet
567 832 738 896 credi,
783 846 890 885 non
920 829 1135 884 discuti.
1169 850 1187 881 ι
1233 828 1388 895 Quod
1434 829 1711 899 egregium

151 929 508 982 documentum
535 923 590 976 in
622 922 744 976 aliis
772 936 986 991 quoque
1014 920 1240 974 aliorum
1270 919 1390 975 ﬁdei
1417 919 1709 989 mysterio-

153 1032 249 1070 nun
268 1012 679 1083 quaestionibus,
698 1027 818 1080 qua:
830 1010 1093 1066 curiosius
1119 1008 1458 1079 ingeruntur,
1476 1009 1711 1063 maxime

152 1104 521 1163 observandum
561 1112 663 1157 est.

206 1198 252 1251 9.
278 1195 408 1250 Cum
440 1193 741 1248 Ratherius
771 1193 869 1247 sub
917 1192 1075 1245 ﬁnem
1122 1191 1243 1245 libri
1290 1192 1461 1261 quinti
1508 1191 1708 1247 Prazlo-

153 1291 388 1359 quiorum,
417 1302 580 1357 quem
620 1286 672 1338 in
702 1285 952 1354 Papicnsi
990 1284 1244 1339 turricula
1278 1285 1511 1355 scripsit,
1541 1285 1710 1340 abba-

156 1381 260 1433 tiam
283 1379 338 1433 S.
364 1376 595 1431 Amandi
623 1376 725 1431 sibi
756 1374 991 1430 oblatam
1016 1384 1071 1428 et
1092 1375 1190 1429 abs
1214 1388 1273 1428 se
1303 1373 1556 1442 rejectam
1586 1389 1711 1429 nar-

157 1478 241 1532 ret,
266 1469 313 1522 id
341 1466 543 1520 factum
570 1465 673 1535 ipsi
697 1464 871 1518 adhuc
895 1464 1160 1518 monacho
1182 1472 1236 1517 et
1255 1461 1440 1530 juveni
1470 1464 1710 1519 tribuen—

155 1558 256 1611 dum
283 1555 517 1611 nonnulli
550 1556 886 1619 existimant,
922 1562 1209 1623 antequam
1241 1554 1308 1608 ad
1333 1553 1706 1623 episcopatum

3290 317 3394 352 1νο-

1884 318 1965 340 un
1998 318 2369 357 quwuwuwus
2412 318 2542 362 quas
2588 318 2797 356 quntum
2840 318 3247 353 ινισαιοίαηρηωδ
3290 318 3390 352 1Το-

1883 370 2179 425 posuerant.
2213 359 2467 415 llilduino
2494 366 2562 415 ad
2585 364 3017 419 Mcdiolanensem
3036 369 3205 421 sedem
3232 318 3390 423 elec'o

1889 428 2111 502 Romam
2138 431 2523 497 proﬁciscitur;
2572 434 2789 502 indeque
2825 452 3051 489 reversus
3079 438 3175 502 ipsi
3206 441 3258 491 in
3298 437 3393 491 Ve-

1887 501 2094 551 ronensi
2125 502 2370 554 cathedra
2402 504 2647 555 succedit.
2690 501 2872 557 Annus
2903 501 3154 559 statuitur
3187 507 3391 561 electio-

1888 570 1967 621 nis
2003 568 2243 623 Hilduini
2274 581 2321 624 et
2349 575 2754 626 consecrationis
2789 574 3043 628 Rat/terti.

1887 658 1973 712 10.
2012 658 2068 712 ln
2100 662 2418 725 monastico,
2449 663 2589 731 quod
2612 662 2884 731 professus
2915 664 3119 729 fuerat,
3146 665 3392 719 instituto

1816 748 1995 817 quiete
2023 750 2189 803 vitam
2222 766 2372 804 suam
2403 752 2755 819 transegisset
2776 752 3088 819 Ratln-rius,
3131 755 3233 809 nisi
3266 755 3381 809 llil-

1814 837 1964 891 duini
2022 837 2369 893 Leodicensis
2425 840 2659 910 episcopi
2709 848 2765 895 et
2820 841 3034 897 abbatis
3082 843 3386 909 Lobiensis,

1816 924 1971 995 cujus
2017 927 2264 996 partibus
2313 927 2537 990 faverat,
2568 930 2789 984 consilia
2818 946 2942 985 eum
2985 932 3107 987 inde
3132 934 3389 988 abduxis-

1811 1027 1953 1071 sent.
1986 1018 2093 1072 Res
2116 1018 2403 1088 aliquando
2424 1019 2584 1074 altius
2610 1022 2796 1089 paucis
2820 1025 3106 1092 repetenda
3138 1034 3240 1079 est.
3276 1026 3390 1079 Mo-

1813 1109 2106 1165 nasterium
2137 1106 2401 1163 Lobiense
2434 1110 2533 1163 hoc
2558 1118 2887 1180 tempore,et
2912 1122 3025 1167 toto
3047 1114 3161 1169 fere
3186 1117 3387 1170 saeculo

1811 1202 2159 1272 przecedenti,
2184 1201 2259 1255 ita
2285 1201 2353 1255 ad
2390 1201 2737 1257 Lcodicensis
2756 1205 2990 1275 episcOpi
3030 1208 3113 1277 ius
3143 1209 3382 1277 pertine-

1810 1291 1922 1357 bat,
1979 1300 2040 1344 ut
2092 1292 2183 1361 qui
2211 1291 2701 1347 eratLeodicensis
2751 1294 3053 1364 episcopus,
3082 1297 3220 1351 idem
3248 1305 3390 1351 esset

1811 1382 1980 1437 abbas
2020 1381 2323 1437 Lobiensis.
2387 1381 2661 1452 Stephano
2700 1384 2952 1454 episcopo
2991 1395 3150 1455 atque
3193 1389 3389 1443 abbate

1808 1472 1918 1527 vita
1951 1470 2157 1536 functo,
2188 1487 2331 1526 anno
2371 1472 2476 1527 920
2508 1483 2561 1526 et
2605 1475 2849 1544 sequenti
2880 1490 3073 1546 magna
3105 1478 3169 1530 de
3192 1477 3389 1532 Leodi-

1810 1563 1959 1616 censi
1990 1563 2301 1632 episcOpatu
2335 1562 2473 1617 inter
2492 1563 2805 1618 llilduinum
2848 1575 2902 1620 et
2927 1565 3236 1621 lliebarium
3263 1584 3390 1622 con-

156 1646 485 1699 Veronensem
508 1651 945 1713 promoveretur.
980 1642 1178 1698 Verum
1211 1643 1331 1698 dua:
1360 1643 1701 1697 animadver-

1810 1655 1976 1709 tentio
1991 1665 2179 1709 exorta
2200 1664 2283 1711 est
2305 1656 2601 1725 (Fnooosn.
2622 1657 2840 1723 Chrom,
2858 1667 2910 1713 et
2943 1659 3054 1714 Uoo
3079 1660 3387 1714 chvmso.

156 1735 305 1790 siones
332 1734 498 1789 hocce
549 1742 766 1801 tempus
794 1732 1106 1788 excludunt.
1152 1732 1336 1787 Primo
1386 1733 1597 1788 abbatia
1646 1732 1701 1789 S.

154 1826 347 1881 Amandi
372 1841 470 1895 per
489 1826 614 1880 haee
645 1834 908 1893 tempora,
931 1840 1051 1894 qua:
1071 1824 1437 1893 episcopatum
1467 1823 1707 1878 Ratherii

157 1916 463 1980 antecedunt,
488 1930 602 1969 non
625 1916 870 1969 vacabat.
891 1914 1033 1969 Laici
1064 1913 1442 1986 [xxxutjenim
1465 1914 1710 1969 homines

161 2022 257 2061 eam
285 2008 625 2074 oblinebant,
661 2007 741 2061 uti
773 2007 1068 2062 Rotbertus
1120 2009 1262 2078 regis
1310 2008 1705 2073 ministerialis,

159 2099 281 2164 cujus
306 2095 488 2151 exstat'
510 2097 899 2152 documentum
933 2096 1058 2150 anni
1090 2096 1225 2161 921;
1278 2105 1332 2151 et
1392 2097 1515 2151 dein
1576 2097 1708 2152 Rot-

158 2201 292 2257 gerus
313 2200 508 2252 comes,
544 2186 643 2255 qui
692 2185 951 2240 Rotberto
1000 2186 1281 2247 successit,
1314 2201 1378 2241 ac
1426 2202 1493 2240 ex
1546 2186 1711 2241 docu-

161 2279 326 2332 mentis
349 2279 518 2332 eidem
553 2276 792 2333 abbatite
821 2284 1049 2346 praeerat
1085 2291 1173 2330 an.
1211 2276 1315 2331 925
1344 2287 1398 2331 et
1431 2278 1709 2347 sequenti-

159 2366 238 2420 bus
272 2367 332 2421 ad
368 2383 568 2421 annum
617 2381 787 2436 usque
816 2366 933 2421 957.
969 2365 1102 2420 Vide
1130 2366 1420 2422 Mabillonii
1450 2367 1705 2423 Annales.

159 2458 377 2512 Ratberio
414 2459 585 2530 igitur
616 2460 793 2514 adhuc
831 2460 1097 2515 monacho
1135 2460 1249 2515 haec
1276 2462 1487 2515 abbatia
1524 2460 1708 2516 oll‘erri

161 2564 243 2603 non
267 2552 444 2620 potuit.
475 2552 623 2619 Quid
649 2552 691 2606 si
724 2550 923 2606 factum
968 2553 1140 2622 ipsum
1171 2569 1275 2607 non
1309 2565 1434 2609 ante
1455 2544 1707 2609 lucubra-

159 2648 247 2693 tum
270 2658 297 2694 a
318 2641 575 2697 Ratherio
604 2642 881 2698 laudatum
907 2643 1330 2713 Prteloquiorum
1360 2645 1557 2699 librum
1580 2660 1708 2699 con-

160 2730 267 2800 tigit,
293 2734 378 2786 sed
408 2733 581 2787 multo
609 2742 751 2803 post,
786 2733 859 2787 ita
891 2741 948 2787 nt
986 2735 1155 2788 multo
1187 2744 1307 2803 post
1336 2734 1403 2788 ab
1450 2734 1563 2803 ipso
1609 2734 1705 2787 tle-

158 2824 378 2893 scriptum
421 2826 712 2899 eidemque
754 2825 893 2880 libro
920 2827 1190 2895 posterius
1220 2827 1477 2881 insertum
1506 2826 1709 2880 fuerit?

159 2913 202 2967 ld
223 2918 434 2970 secunda
475 2917 879 2971 animadversio
910 2918 1247 2988 perspicuum
1288 2917 1467 2973 faciat.
1514 2919 1699 2972 Enita-

1810 1746 1865 1799 in
1891 1745 2084 1799 Chron.
2137 1744 2402 1814 Virrium).
2455 1747 2559 1801 Alii
2611 1749 2755 1803 enim
2787 1749 3096 1804 llilduinum
3149 1750 3391 1820 ejusdem

1811 1838 2054 1891 ecclesiae
2078 1838 2331 1893 clericum
2356 1850 2717 1909 poposcerunt
2738 1839 3073 1910 episcopum,
3106 1855 3169 1895 ac
3200 1840 3391 1895 faven-

1810 1938 1863 1983 te
1893 1927 2193 1983 Gtsleberto
2224 1929 2584 2001 Lotliaringite
2614 1931 2768 1995 duce,
2791 1931 2881 2000 qui
2918 1941 3107 1986 contra
3131 1930 3386 1986 Carolntn

1810 2019 1997 2075 Gallia:
2044 2036 2223 2090 regem
2284 2020 2648 2092 Lothariugici
2695 2023 2845 2093 regni
2886 2023 2987 2077 sibi
3036 2030 3395 2093 usurpaverat

1813 2126 2102 2177 summam,
2137 2113 2190 2163 in
2219 2110 2330 2180 ipsa
2362 2111 2589 2165 ecclesia
2617 2098 2933 2166 Leodicensi
2961 2114 3025 2166 ab
3058 2112 3392 2166 llerimanno

1809 2202 2116 2258 Coloniensi
2157 2204 2499 2273 metropolita
2530 2213 2879 2259 consecratus
2904 2203 3005 2256 fuit
3043 2220 3181 2259 nova
3216 2214 3270 2257 et
3312 2204 3393 2257 in-

1813 2295 2011 2349 usitata
2058 2295 2290 2360 ratione,
2326 2296 2529 2364 absque
2572 2295 2714 2365 regis
2745 2294 2950 2350 scilicet
2990 2310 3391 2364 procerumque

1811 2400 2095 2440 consensu.
2125 2384 2229 2438 Alii
2265 2400 2295 2439 e
2321 2393 2505 2439 contra
2538 2383 2730 2439 Carolo
2768 2399 2893 2454 rege
2937 2385 3266 2438 assentiente
3298 2384 3387 2437 [ti-

1810 2475 2055 2531 cltarium
2117 2475 2362 2531 abbatem
2417 2474 2788 2529 Prumiensem
2830 2475 3191 2543 expetirruut.
3217 2473 3390 2528 Causa

1811 2568 1879 2622 a‘d
1903 2566 2258 2638 apostolicam
2310 2569 2491 2621 sedem
2522 2565 2719 2632 delata,
2754 2581 2819 2621 eo
2848 2565 3130 2620 Hilduinus
3152 2576 3205 2620 et
3236 2566 3392 2619 lleri-

1810 2672 2046 2712 manuus
2075 2655 2190 2725 ejus
2220 2657 2513 2717 ordinator,
2545 2670 2645 2712 nec
2669 2672 2773 2711 non
2794 2655 3077 2711 R-icharius
3098 2672 3125 2709 a
3151 2648 3278 2727 rege
3302 2657 3394 2709 de-

1811 2748 2056 2817 siguatus
2103 2755 2419 2801 evocantur.
2445 2744 2699 2801 llilduino
2729 2754 2910 2800 autem
2930 2745 3193 2814 judicium
3225 2746 3392 2799 decli-

1810 2846 1993 2900 nante,
2023 2834 2261 2890 Joannes
2296 2835 2362 2889 Xl
2393 2852 2637 2891 summus
2665 2836 2904 2905 pontifex
2930 2852 3074 2891 anno
3105 2835 3208 2890 9°22
3240 2836 3388 2889 ordi-

1817 2930 1964 2983 navit
1989 2928 2158 2984 Richa
2169 2929 2327 2994 rium,
2348 2929 2436 2998 qui
2454 2928 2677 2998 paciﬁce
2701 2928 3081 2984 Leodicensem
3098 2928 3384 2984 ecclesiam

160 3017 261 3058 vero
276 3002 463 3060 factum
497 3008 679 3075 ipsum
708 3021 814 3060 non
844 3007 1011 3061 multo
1041 3016 1188 3071 ante,
1221 3007 1315 3062 sed
1340 3007 1528 3063 eodem
1559 3022 1703 3064 anno
1730 3007 1775 3071 C
1806 3023 2057 3078 οιηίηυίι,

158 3107 244 3161 quo
268 3104 442 3149 auctor
469 3096 607 3149 illud
638 3097 948 3167 descripsit,
992 3099 1279 3167 contigisse
1318 3098 1493 3168 palam
1534 3100 1591 3152 lit
1638 3115 1706 3155 ex

158 3183 226 3239 his
252 3183 355 3253 ejus
379 3186 559 3242 verbis
588 3203 602 3238 :
644 3205 663 3237 ‹
698 3186 1068 3256 Opportunum
1114 3202 1244 3241 sane
1287 3202 1482 3242 censeo
1513 3203 1705 3241 narra-

158 3272 274 3328 visse
298 3274 415 3343 quid
437 3276 617 3330 horno
644 3275 721 3347 (id
745 3286 831 3331 est
855 3276 955 3332 hoc
980 3276 1143 3348 anno)
1171 3278 1430 3332 anxietati
1468 3279 1704 3349 contige-

159 3364 215 3417 rit
238 3380 371 3421 meaa.
399 3367 647 3423 Lauduni
680 3383 913 3438 namque
943 3384 1065 3423 cum
1088 3383 1284 3436 essem,
1320 3388 1337 3420 ι
1373 3378 1477 3425 etc.
1513 3369 1567 3424 Si
1594 3371 1708 3424 haec

158 3454 439 3523 scripsisset,
469 3458 600 3513 dum
634 3457 907 3512 laudatum
951 3457 1374 3528 Praeloquiorum
1424 3458 1618 3513 librum
1653 3459 1704 3512 in

159 3542 365 3613 Papiensi
400 3549 535 3603 turri
562 3549 834 3613 exaravit,
851 3549 1160 3617 scripsisset
1182 3550 1321 3603 inter
1351 3549 1703 3604 Februarium

161 3636 259 3688 anui
292 3636 386 3693 955
423 3649 475 3694 et
512 3620 820 3709 Kugnstum
856 3642 983 3695 anni
1017 3641 1144 3704 957,
1175 3641 1434 3709 quandiu,
1466 3649 1526 3695 ut
1554 3641 1705 3695 vide-

160 3723 321 3791 bimus,
359 3727 549 3783 ibidem
590 3730 645 3783 in
692 3744 917 3785 carcere
951 3730 1198 3786 detentus
1246 3730 1364 3785 fuit.
1416 3730 1705 3785 Ratherius

158 3825 263 3866 vero
287 3831 447 3885 neque
474 3819 559 3873 bis
582 3819 765 3885 annis,
799 3821 999 3889 quibus
1028 3831 1143 3875 erat
1178 3821 1230 3875 in
1262 3835 1501 3883 carcere,
1532 3836 1707 3890 neque

160 3909 567 3975 precedeutibus,
600 3912 802 3980 quibus
835 3909 1057 3966 Verona:
1092 3911 1203 3982 jam
1234 3911 1524 3980 episcopus
1564 3928 1702 3980 pra:-

159 3993 255 4061 luit,
290 3996 517 4056 Lauduni
561 4003 797 4067 exstitit,
846 3999 933 4055 ubi
986 4001 1117 4057 illud
1169 4001 1367 4056 factum
1411 4003 1705 4073 contigisse

160 4088 387 4143 traditur:
425 4107 488 4146 ac
539 4103 830 4163 propterea
865 4093 989 4147 huic
1021 4092 1250 4162 tempori
1279 4094 1571 4153 convenire
1600 4109 1704 4148 ne-

157 4186 325 4243 queunt
352 4180 461 4245 illa,
490 4183 619 4251 quid
647 4184 837 4245 ltorno,
868 4197 959 4237 seu
985 4182 1088 4237 hoc
1111 4197 1274 4247 anno,
1308 4183 1564 4237 anxietati
1580 4201 1704 4238 con-

158 4266 295 4336 tigerit
314 4287 453 4325 mete.
472 4272 724 4326 Lauduni
749 4289 869 4325 cum
891 4288 1077 4337 essem,
1107 4280 1240 4339 etc.,
1271 4288 1389 4342 quae
1420 4273 1463 4327 si
1501 4266 1699 4327 annum

1879 3112 1964 3165 ll.
2007 3110 2122 3166 Non
2153 3112 2321 3166 multo
2336 3120 2474 3182 post,
2494 3127 2633 3166 anno
2655 3112 2904 3167 videlicet
2923 3111 3047 3177 9‘26,
3070 3112 3217 3168 circa
3241 3128 3391 3167 men-

1808 3218 1919 3259 sem
1964 3201 2204 3270 Junium,
2259 3203 2410 3273 llugo
2459 3218 2641 3259 comes
2686 3203 3016 3257 Arelatensis
3062 3211 3116 3258 et
3147 3202 3391 3256 marchio

1806 3296 2124 3361 Provincite,
2172 3297 2262 3365 qui
2311 3311 2433 3351 cum
2478 3294 2729 3349 Hilduino
2764 3293 3387 3365 allinitatejungebatur,

1807 3386 1972 3441 Italia:
1996 3402 2219 3453 regnum
2244 3386 2612 3455 consequitur.
2642 3385 2697 3438 lu
2739 3385 2947 3438 Italiam
2981 3400 3102 3438 mox
3130 3398 3249 3438 sese
3305 3400 3387 3438 re-

1807 3476 1951 3544 cepit
1984 3474 2287 3537 llilduinus,
2313 3489 2534 3542 sperans
2556 3472 2671 3527 fore
2700 3482 2759 3526 ut
2782 3474 2848 3525 ab
2874 3488 2937 3525 eo
2960 3472 3119 3526 alicui
3142 3472 3387 3525 ecclesia:

1808 3567 2005 3620 ltalieze
2026 3566 2392 3634 praeﬁceretur
2416 3564 2765 3634 (LIUTPRAND.
2797 3563 2887 3617 lib.
2920 3580 2977 3617 tit
3007 3563 3170 3629 Hist.,
3197 3580 3246 3618 c.
3274 3565 3384 3634 ll).

1809 3656 2122 3712 Ratherium
2140 3671 2373 3726 quoque,
2404 3655 2494 3724 qui
2526 3670 2636 3709 sua:
2663 3654 2803 3723 parti
2836 3663 3028 3708 contra
3060 3654 3378 3709 Richarium

1809 3747 2033 3809 faverat,
2068 3761 2249 3801 secum
2277 3747 2545 3801 adducere
2584 3745 2807 3800 studuit.
2844 3744 2957 3801 lluc
2980 3744 3265 3800 referimus
3296 3744 3383 3798 illa

1809 3841 1928 3895 libri
1945 3841 2101 3909 primi
2124 3840 2571 3909 Praeloquiornm,
2588 3855 2733 3893 num.
2753 3840 2851 3893 ‘25:
2877 3859 2893 3890 ι
2925 3839 3169 3894 Invenies
3194 3853 3381 3908 quem-

1810 3934 1939 3989 libet
1980 3934 2238 3988 nobilium
2293 3932 2483 4005 [xxxv]
2516 3933 2768 3987 omnibus
2811 3948 2947 4003 pene
2978 3932 3138 3987 rebus
3160 3932 3387 3987 destitu-

1810 4034 1918 4077 tum
1944 4025 2180 4093 potentia
2213 4035 2266 4079 et
2293 4023 2572 4093 dignitate,
2601 4023 2644 4076 si
2676 4036 2837 4091 quam
2866 4020 3006 4076 forte
3026 4021 3253 4090 adeptus
3280 4031 3384 4085 est,

1806 4113 2106 4177 viduatum,
2136 4112 2462 4182 penitusque
2513 4118 2772 4180 quantum
2801 4111 2869 4165 ad
2901 4111 2976 4176 id,
3008 4112 3150 4181 quod
3180 4112 3388 4182 cupidi-

1811 4207 1881 4264 tia
1910 4205 2097 4269 dictat,
2150 4212 2204 4258 et
2229 4203 2482 4259 nobilitas
2505 4202 2829 4271 expostulat,
2863 4203 3130 4270 dejectum
3156 4202 3387 4275 (Hildni~

1808 4313 1936 4352 num
1957 4312 1988 4351 e
2011 4297 2137 4351 sede
2160 4295 2477 4351 Leodicensi
2511 4293 2778 4363 dejectum
2807 4295 3102 4368 intelligit),
3133 4299 3224 4367 qui
3251 4314 3382 4352 coa-

159 4358 417 4416 indicarcnt
465 4364 799 4418 anteriorem
855 4365 1164 4434 episcopatu
1222 4365 1543 4431 Veronensi,
1595 4381 1700 4421 non

1809 4396 1887 4442 tra
1915 4397 2023 4442 tam
2055 4388 2244 4442 duram
2270 4387 2553 4442 infortunii
2582 4386 2943 4441 calamitatem
2977 4390 3257 4444 brachium
3282 4390 3389 4444 eri-

157 4446 312 4515 Itorno,
343 4452 430 4506 sed
454 4463 576 4507 ante
604 4453 804 4523 aliquot
830 4471 992 4508 annos
1020 4454 1346 4523 scripsisset.
1378 4455 1510 4511 Cum
1540 4451 1702 4525 porro

157 4554 301 4608 neque
322 4555 616 4613 congruant
642 4546 877 4615 cuipiam
909 4563 1070 4613 anno,
1102 4564 1211 4618 quo
1240 4549 1318 4602 vel
1348 4549 1593 4615 Veronae,
1617 4551 1703 4605 vel

157 4627 198 4680 in
224 4628 452 4701 Papiensi
480 4650 727 4700 carcere,
754 4650 860 4690 non
881 4646 1063 4692 autem
1090 4637 1333 4693 Lauduni
1361 4638 1491 4704 fuit;
1526 4639 1700 4709 palam

156 4721 365 4787 sequitur
387 4724 451 4778 ad
476 4726 753 4794 posterius
785 4734 992 4797 tempus
1014 4728 1065 4783 id
1092 4729 1384 4800 pertinere,
1414 4740 1701 4801 postquam

157 4806 226 4861 ille
250 4808 599 4870 Veronensem
627 4816 1001 4885 episcopatum
1025 4818 1336 4885 dimiserat;
1370 4821 1455 4875 cui
1487 4821 1702 4890 quidem

158 4902 349 4969 tempori
371 4903 498 4959 illud
523 4905 730 4961 factum
758 4907 994 4978 assignat
1016 4908 1327 4975 Fulcuinus,
1360 4910 1436 4965 uti
1463 4910 1706 4981 pluribus

157 4999 234 5040 suo
251 4989 354 5047 loco
372 4995 786 5063 explicabimus.
810 4995 865 5049 ln
889 4997 1040 5055 libris
1066 5008 1246 5056 autem
1278 5000 1701 5070 Przeloquiorum

156 5074 302 5148 Papia:
340 5088 577 5141 exaratis
623 5087 734 5141 hoc
781 5088 1200 5146 additamentum
1248 5100 1351 5156 est,
1394 5092 1537 5160 quod
1578 5107 1700 5147 cum

157 5170 309 5225 eodem
330 5188 468 5231 anno
494 5191 616 5246 quo
647 5176 703 5230 id
733 5178 1050 5248 contigerat,
1086 5182 1199 5252 ipse
1237 5181 1529 5237 Ratherius
1559 5182 1703 5236 inse-

158 5260 319 5318 ruisset
344 5264 396 5320 in
420 5265 617 5323 librum
648 5266 917 5338 quintum,
944 5274 1109 5328 horno
1135 5275 1417 5331 verissime
1444 5274 1600 5329 dixit.

1806 4493 1933 4547 gere
1959 4479 2155 4544 nitens,
2191 4492 2288 4532 nec
2316 4493 2411 4547 per
2441 4492 2499 4532 se
2523 4517 2537 4531 .
2560 4516 2573 4531 .
2602 4516 2616 4531 .
2648 4515 2663 4530 .
2694 4515 2708 4531 .
2738 4477 2939 4547 aliquid
2965 4478 3166 4545 valens,
3192 4494 3353 4548 quem
3375 4508 3389 4519 -

1808 4571 1948 4641 piam
1971 4571 2171 4642 (ipsum
2211 4569 2418 4624 scilicet
2463 4568 2801 4639 Ratherium)
2843 4569 2935 4639 qui
2973 4570 3189 4640 quietus
3228 4571 3383 4642 copia

1808 4662 2082 4718 arridente
2124 4670 2217 4715 aut
2270 4662 2320 4714 in
2352 4675 2410 4715 se
2430 4660 2725 4716 subsistere
2753 4660 3034 4731 (nimirum
3072 4663 3124 4716 in
3178 4679 3373 4717 mona-

1808 4752 2018 4823 sterio),
2044 4759 2138 4806 aut
2167 4751 2218 4805 in
2251 4752 2442 4821 grandi
2465 4759 2703 4821 quazstus
2727 4752 3089 4807 emolumento
3114 4752 3266 4807 alteri
3295 4769 3390 4807 va-

1810 4847 1945 4903 let-et
1968 4846 2175 4901 servire
2225 4843 2498 4916 (videlicet
2540 4843 2793 4899 Ricliario
2831 4846 3126 4918 episcopo),
3158 4846 3390 4899 dulciso-

1809 4937 1892 4992 nis
1920 4936 2409 5006 blandiloquiorum
2441 4936 2708 4992 illecebris
2729 4937 2795 4991 atl
2835 4953 2895 4994 se
2920 4934 3250 5007 sequendum
3278 4952 3386 4992 non

1807 5027 2013 5082 dubitet
2031 5026 2264 5082 irretire.
2294 5045 2311 5076 ι
2338 5025 2501 5085 Hisce
2524 5035 2703 5082 autem
2734 5026 3004 5085 illecebris
3051 5039 3170 5080 sese
3193 5026 3390 5082 cessis-

1807 5131 1865 5172 se
1918 5118 2087 5187 ipsius
2147 5114 2385 5173 llilduiui
2420 5131 2603 5174 amore
2649 5117 2873 5183 indicat,
2903 5132 3024 5174 cum
3053 5122 3176 5183 post
3214 5130 3387 5183 pauca

1806 5207 2024 5276 suijicit
2050 5226 2062 5263 ι
2088 5228 2104 5259 ι
2137 5207 2260 5263 Sola
2284 5220 2373 5271 ea,
2405 5226 2525 5281 ane
2552 5207 2704 5262 fortis
2723 5216 2887 5262 estut
2907 5218 3074 5268 mors,
3102 5202 3392 5260 diluetione

1805 5313 1865 5354 se
1895 5299 2109 5370 penitus
2140 5297 2391 5369 neglecto
2431 5301 2517 5356 illi
2540 5296 2788 5352 maluerit
2812 5296 2977 5350 etiam
3010 5306 3134 5348 cum
3161 5294 3287 5348 vita:
3312 5295 3393 5349 in-
