4038 5388
494 298 500 304 ’
596 289 665 346 35
1593 285 1999 344 BATHERIUS
2040 282 2476 344 VERONENSIS
2510 287 2905 347 EPISCOPUS.
3787 297 3858 354 36

595 398 738 468 s'ent,
768 402 836 458 ad
854 409 981 458 vota
1009 407 1247 471 captare.
1281 420 1300 453 t
1331 399 1410 454 Ita
1464 398 1759 454 Ratherius
1803 399 2039 470 partibus
2065 398 2183 453 Ilil-
2209 404 2260 464 Α
2285 414 2394 470 quo
2419 386 2712 458 Ratherius
2753 417 2878 458 cum
2924 402 3180 461 Hilduino
3210 405 3264 462 in
3295 405 3504 463 Italiam
3527 409 3694 477 venit,
3732 418 3859 469 tunc

595 493 746 547 duini
768 492 969 562 (avens,
997 490 1075 544 illi
1091 489 1514 560 inseparabiliter
1533 489 1775 556 adhtesit,
1805 502 1862 544 ut
1883 487 2177 546 Fulcuiuus

594 582 835 654 prodidit
862 579 1031 652 (ϐεδε.
1060 581 1145 634 ab.
1175 578 1306 634 Lob.
1338 594 1390 634 c.
1416 579 1528 649 19).

667 672 756 726 l2.
800 672 1019 725 Interim
1061 669 1321 726 Notlierio
1367 667 1666 725 Veronensi
1697 669 1952 740 episcopo
1974 684 2005 725 e
2035 667 2176 725 vivis

597 762 888 818 sublatoav
915 762 1036 817 Idus
1061 761 1285 833 Augusti
1307 776 1396 815 an.
1423 760 1549 827 928,
1583 761 1735 833 Hugo
1757 777 1853 818 rex
1875 761 2174 818 Veronensi

595 855 709 911 sedi
735 855 1028 925 przeposuit
1071 853 1406 919 Hilduinum,
1435 867 1531 909 seu
1557 853 1735 924 potius
1757 870 1823 910 ex
1858 853 2028 910 abusu
2057 854 2175 926 ejus

594 946 772 1002 :etatis
818 946 919 1017 ipsi
949 944 1216 1001 concessit
1240 946 1484 1000 eamdem
1511 944 1795 1000 ecclesiam
1811 945 1936 1016 jure
1978 945 2176 1015 stipen-

595 1038 787 1104 diario,
829 1048 890 1092 ut
933 1035 1126 1091 exinde
1153 1034 1377 1091 haberet
1405 1035 1545 1090 unde
1575 1035 1800 1102 viveret,
1831 1034 2008 1106 quoad
2041 1034 2176 1091 insi-

595 1131 753 1202 gnior
773 1129 928 1185 sedes
939 1136 1157 1183 vacaret
1171 1126 1366 1196 (Itum
1383 1143 1463 1196 ep.
1480 1126 1532 1193 5,
1549 1127 1617 1181 ad
1630 1126 1794 1182 Joan.
1810 1143 2024 1198 papam,
2045 1143 2100 1182 n.
2116 1127 2171 1193 ὅ,

598 1233 656 1278 et
687 1222 918 1278 LIUTPR.
947 1219 986 1275 Ι.
1010 1236 1094 1286 ιιι,
1127 1236 1174 1274 c.
1218 1219 1329 1289 11).
1355 1218 1580 1274 Mortem
1612 1217 1852 1276 Notherii
1892 1235 2035 1276 anno
2069 1218 2173 1275 928

595 1310 882 1375 alIiximus,
913 1325 1020 1364 non
1049 1324 1176 1364 vero
1197 1323 1340 1363 anno
1366 1309 1492 1373 929,
1526 1316 1585 1363 ut
1612 1324 1718 1364 non
1758 1309 1963 1365 nemini
1996 1310 2170 1366 visum

595 1410 698 1457 est.
729 1401 819 1456 Ille
844 1401 989 1456 enim
1019 1414 1194 1454 annus
1219 1399 1502 1469 perspicue
1534 1399 1750 1454 elicitur
1771 1413 1839 1454 ex
1879 1399 2171 1470 sepulcrali

591 1493 710 1564 ejus
745 1492 1046 1564 epitaphio,
1073 1491 1214 1560 quod
1242 1490 1416 1547 adhuc
1456 1500 1637 1547 exstat
1668 1492 1721 1546 in
1762 1491 2082 1556 cathedrali,
2115 1499 2172 1546 et

585 1585 659 1640 ab
699 1583 942 1654 Ughellio
974 1583 1177 1638 editum
1205 1591 1290 1637 est
1327 1590 1472 1638 tomo
1496 1583 1539 1638 V
1564 1582 1730 1638 Italiae
1754 1597 1924 1638 sacra:
1960 1582 2015 1636 in
2057 1581 2171 1652 epi-

597 1675 777 1746 scopis
805 1674 1230 1741 Veronensibus,
1256 1675 1356 1730 col.
1377 1675 1500 1742 733,
1541 1674 1632 1730 ubi
1661 1689 1914 1745 expresse
1939 1673 2167 1744 legitur:

2281 491 2544 550 dicendus
2591 493 2698 549 erit
2739 493 3026 553 Ililduinus
3070 497 3122 553 ei
3151 496 3320 555 fuisse
3343 499 3612 570 pollicitus
3641 517 3700 558 se
3729 518 3855 559 cum

2277 579 2502 653 Hugone
2555 598 2681 655 rege
2725 592 2979 641 acturum
3008 597 3068 642 ut
3111 587 3227 658 ipse
3259 604 3474 660 quoque
3516 591 3887 663 ad.aliquem-

2275 674 2644 746 episcopatum
2691 686 3122 746 promoveretur.
3171 680 3332 736 Certe
3384 682 3438 737 in
3473 681 3857 753 Confessione,

2274 768 2369 822 ubi
2413 769 2810 825 monasterium
2863 780 2920 827 et
2965 773 3324 829 monasticam
3370 776 3706 845 propositum
3741 793 3859 834 asc

2276 857 2552 914 desertum
2599 857 2778 928 deflet,
2829 875 2890 917 se
2933 861 2990 917 in
3021 873 3126 918 rete
3158 863 3234 933 (id
3259 872 3346 919 est
3374 865 3429 919 in
3458 865 3857 939 episcopatum)

2273 949 2549 1006 immisisse
2582 953 2762 1022 pedem
2804 969 2980 1021 suum,
3031 955 3392 1026 eamdemque
3438 959 3667 1016 ambisse
3723 962 3860 1018 satis

2276 1050 2460 1110 aperte
2517 1044 2828 1115 significare
2869 1047 3081 1103 videtur
3117 1050 3361 1106 scribens
3389 1066 3446 1104 η.
3478 1050 3547 1106 19
3579 1068 3592 1104 :
3628 1049 3860 1105 Immisit

2275 1129 2518 1195 maxime,
2547 1132 2786 1199 immisit,
2811 1134 2856 1188 si
2877 1144 2926 1188 et
2949 1136 3182 1191 ambivit.

2346 1217 2434 1271 14.
2473 1217 2780 1289 Antequam
2833 1221 3066 1278 ulterius
3119 1225 3554 1296 progrediamur,
3595 1229 3704 1284 hoc
3729 1230 3858 1284 loco

2277 1307 2478 1362 mentio
2500 1307 2744 1365 facienda
2771 1319 2856 1366 est
2877 1311 3156 1381 cujusdam
3181 1316 3385 1384 operis,
3407 1318 3736 1388 caeteroquin
3759 1320 3857 1374 de-

2273 1401 2492 1469 perditi,
2525 1417 2632 1472 quo
2663 1403 2954 1460 Ratberius
2987 1415 3115 1462 ante
3161 1408 3530 1477 episcopatum
3575 1410 3853 1465 nonnullis

2271 1491 2666 1559 quaestionibus
2692 1492 3170 1550 Mediolanensium
3199 1497 3501 1565 respondit.
3533 1497 3701 1567 Hujus
3721 1514 3857 1570 ope-

2275 1578 2352 1633 ris
2394 1579 2650 1635 indicium
2691 1582 2927 1651 suppetit
2973 1597 3038 1638 ex
3079 1583 3238 1654 epist.
3277 1578 3351 1659 ‘5,
3387 1587 3456 1642 ad
3503 1585 3854 1655 Rotbertum,

2274 1682 2423 1722 num.
2455 1669 2479 1722 1
2516 1687 2529 1722 :
2564 1687 2583 1721 ι
2617 1669 2673 1725 In
2697 1671 2829 1740 ipsis
2855 1672 3044 1741 initiis,
3071 1673 3268 1745 inquit,
3298 1677 3656 1745 quorumdam
3703 1694 3858 1748 quae-

600 1785 619 1818 ι
649 1766 796 1823 Obiit
823 1782 875 1820 1v
898 1766 1021 1822 ldus
1047 1767 1292 1835 Augusti,
1339 1781 1481 1821 anno
1507 1765 1800 1821 Dominicze
1829 1764 2163 1820 Incarnatio-
2195 1756 2242 1816 Β
2269 1759 2551 1817 stiunculis
2599 1761 3080 1820 Mediolanensium
3120 1767 3260 1823 haud
3315 1767 3508 1825 leviter
3565 1770 3852 1840 pulsatus,

597 1858 682 1913 nis
725 1858 851 1922 928,
911 1857 1097 1912 indict.
1127 1873 1168 1912 ι.
1209 1877 1227 1911 ι
1263 1856 1416 1924 Quod
1452 1856 1497 1912 si
1545 1856 1776 1914 codicilli
1803 1855 2114 1910 Nothetiani
2138 1869 2171 1909 a

592 1947 906 2004 marcbione
963 1947 1218 2020 Dionysio
1259 1945 1499 2016 ejusdem
1540 1945 1870 2002 cathedralis
1907 1945 2170 2000 canonico

589 2037 900 2108 nuperrime
922 2036 1052 2091 editi
1085 2037 1283 2091 habent
1308 2035 1408 2104 (De
1434 2034 1636 2089 duobus
1661 2035 1820 2104 episc.
1843 2049 1964 2104 pag.
1998 2033 2123 2105 105)
2150 2049 2165 2087 :

593 2147 614 2181 ι
647 2115 927 2200 Regnante
948 2129 1146 2183 domno
1173 2127 1360 2199 Ugone
1389 2142 1516 2196 rege
1543 2127 1632 2182 hic
1656 2126 1710 2181 in
1735 2125 1883 2181 Italia
1914 2141 2058 2182 anno
2080 2139 2168 2180 se-

585 2221 764 2276 eundo
817 2220 918 2276 sub
964 2220 1050 2275 die
1075 2219 1264 2289 quinto
1293 2219 1506 2274 decimo
1545 2220 1611 2275 de
1641 2233 1827 2274 mense
1849 2217 2164 2281 Novembri,

585 2317 879 2373 indictione
899 2317 1074 2387 prima
1101 2332 1117 2384 ;
1152 2333 1170 2366 ι
1210 2331 1280 2370 ne
1301 2315 1356 2370 hi
1377 2313 1632 2381 codicilli,
1660 2314 1716 2368 in
1746 2313 1943 2383 quibus
1967 2310 2168 2368 Nothe-

587 2413 702 2469 rius
728 2412 882 2466 vivus
905 2411 1190 2482 praefertur
1211 2424 1384 2464 mense
1415 2406 1718 2471 Novembri,
1754 2405 2038 2459 indictione
2059 2405 2167 2472 pri-

583 2523 694 2572 ma,
725 2521 846 2561 cum
871 2503 1149 2574 epitaphio
1177 2501 1469 2557 credantur
1502 2514 1760 2570 pugnare,
1816 2495 2164 2552 animadver-

583 2595 806 2652 tendum
833 2601 937 2660 est,
964 2591 1196 2663 primam
1259 2589 1604 2645 indictionem
1637 2587 1953 2642 sumendam
1986 2599 2108 2640 esse
2132 2599 2163 2639 a

581 2699 772 2740 mense
812 2679 1117 2753 Septembri
1167 2679 1296 2734 anni
1336 2677 1440 2733 927
1469 2691 1639 2747 usque
1692 2677 1759 2730 ad
1787 2673 2163 2745 Septembrem

584 2773 711 2828 anni
739 2772 883 2838 928;
912 2770 1051 2827 unde
1077 2769 1278 2824 laudati
1314 2767 1545 2824 codicilli
1568 2766 1874 2838 assignandi
1905 2774 2031 2820 sunt
2056 2779 2163 2820 non

582 2877 726 2917 anno
747 2861 873 2928 928,
897 2860 993 2916 sed
1020 2859 1144 2926 927,
1174 2873 1284 2930 quo
1310 2871 1444 2913 sane
1466 2871 1651 2912 mense
1672 2855 1962 2911 Novembri
1989 2854 2163 2924 prima

581 2951 806 3006 indictio
849 2949 1194 3016 decurrebat,
1243 2955 1300 3002 et
1329 2947 1532 3019 Ugonis
1565 2947 1708 3017 regis
1742 2960 1916 3000 annus
1945 2942 2159 3025 [xxxvi]

579 3041 852 3097 secundus
887 3054 902 3094 :
942 3040 1077 3096 alias
1119 3053 1294 3094 annus
1317 3036 2162 3107 Ugonistertiusnotandusfuis-

2273 1850 2518 1918 quaedam
2551 1865 2619 1907 ex
2649 1852 2735 1908 liis
2757 1868 2878 1923 quae
2913 1869 3013 1911 vos
3037 1857 3317 1926 requirere
3355 1873 3461 1914 non
3488 1861 3727 1932 ambigo,
3759 1863 3849 1917 vi-

2269 1954 2365 1994 sus
2385 1955 2504 1994 sum
2535 1941 2847 2011 praslibasse
2897 1942 3152 2016 [xxxvn].
3197 1964 3217 1999 ι
3260 1945 3396 2001 Dum
3426 1948 3482 2001 in
3521 1949 3648 2017 ipsis
3677 1950 3848 2004 initiis

2270 2027 2367 2094 ait,
2407 2028 2548 2084 istud
2577 2038 2790 2100 tempus
2816 2032 3042 2099 indicat,
3065 2047 3188 2088 cum
3217 2035 3393 2104 primo
3420 2035 3732 2093 Hilduinum
3761 2053 3855 2093 se-

2271 2130 2433 2174 cutus
2465 2120 2518 2175 in
2549 2120 2758 2176 Italiam
2783 2123 2948 2188 venit,
2995 2132 3050 2177 et
3080 2125 3318 2180 nondum
3349 2125 3634 2196 episcopus
3665 2127 3854 2181 fuerat

2267 2219 2640 2277 consecratus,
2697 2221 2756 2266 ut
2817 2227 2884 2268 ex
2937 2214 3286 2283 sequentibus
3341 2215 3592 2286 colligere
3640 2217 3850 2273 licebit.

2269 2295 2527 2365 Quaenam
2578 2299 2782 2356 fuerint
2803 2301 3066 2372 ejusmodi
3104 2305 3453 2375 quaestiones,
3486 2307 3636 2362 latet.
3660 2307 3851 2364 Solum

2270 2389 2471 2444 scimus
2495 2405 2590 2444 eas
2616 2391 2685 2446 ad
2715 2391 2940 2460 profana
2972 2394 3150 2449 studia
3182 2395 3533 2464 pertinuisse,
3561 2396 3615 2450 in
3647 2399 3850 2467 quibus

2267 2490 2528 2550 quantum
2550 2482 2773 2549 valeret,
2813 2485 3182 2556 pervulgatum
3211 2495 3346 2542 erat.
3372 2487 3506 2544 Cum
3525 2475 3684 2542 'enim
3708 2497 3836 2559 post

2266 2583 2331 2624 ea
2388 2569 2592 2626 similes
2647 2571 2806 2641 plane
2864 2575 3196 2643 quaistioiies
3236 2578 3414 2633 eidem
3446 2578 3558 2649 jam
3587 2579 3854 2650 episcopo

2265 2661 2637 2730 proposuisset
2685 2663 3009 2731 Ilotbertus,
3055 2681 3119 2721 ea
3161 2669 3374 2724 ratione
3394 2682 3517 2724 sese
3541 2673 3852 2739 excusavit,

2265 2751 2393 2822 quia
2453 2751 2580 2808 licet
2628 2763 2754 2809 ante
2795 2755 3168 2826 episcopatum
3217 2773 3325 2813 non
3359 2771 3665 2816 recusasset
3689 2778 3853 2831 pares

2267 2841 2754 2901 Mediolanensium
2797 2847 3121 2918 qumstiénes
3168 2849 3483 2919 dissolvere,
3526 2863 3848 2910 nontamen

2267 2935 2496 2993 decebat
2524 2938 2578 2993 in
2610 2938 2678 2994 iis
2705 2940 2914 2995 versari
2950 2941 3286 3011 episcopum,
3310 2944 3401 3014 qui
3433 2959 3539 3000 non
3563 2945 3616 2999 in
3649 2945 3850 3016 profa-

2266 3029 2372 3096 nis,
2398 3030 2491 3084 sed
2513 3030 2567 3084 in
2593 3031 2794 3087 divinis
2827 3040 2883 3088 et
2911 3033 3087 3090 sacris
3130 3035 3326 3092 studiis
3359 3037 3521 3093 debet
3561 3041 3845 3110 occupari.

585 3141 690 3188 εει,
715 3131 966 3188 Concinit
997 3131 1163 3186 etiam
1188 3131 1568 3185 documentum
1609 3143 1677 3182 ex
1707 3128 1929 3183 archiva
1950 3126 2161 3182 monia-
2189 3109 2234 3173 C
2265 3117 2405 3175 Huic
2430 3118 2660 3174 forsitan
2684 3121 2835 3190 operi
2872 3121 3074 3177 inserta
3099 3123 3200 3178 fuit
3241 3125 3331 3181 illa
3357 3126 3634 3196 cujusdam
3671 3109 3850 3198 philo-

584 3221 716 3276 linm
767 3219 826 3276 S.
868 3219 1146 3275 Zachariae
1174 3218 1327 3274 urbis
1354 3216 1704 3273 Venetiarum
1755 3231 1786 3271 a
1817 3215 2023 3272 Joanne
2055 3215 2158 3270 Ba-

582 3310 750 3380 ptiSta
772 3308 1088 3364 Biancolino
1111 3307 1384 3380 vulgatum
1401 3306 1518 3378 (De’
1539 3307 1736 3362 uescovi
1763 3307 1818 3361 di
1849 3305 2077 3369 Verona,
2099 3319 2155 3376 p.

581 3398 730 3470 {20),
780 3413 888 3470 quo
927 3397 1212 3453 Ililduinus
1239 3395 1484 3453 Notherii
1519 3411 1804 3454 successor
1831 3397 2160 3454 Veronensis

577 3490 864 3560 episcopus
892 3488 1124 3543 traditur
1148 3505 1167 3540 ι
1199 3495 1461 3558 regnante
1490 3486 1688 3544 domno
1713 3487 1898 3560 Ugone
1919 3502 2046 3558 rege
2068 3488 2158 3545 hic

577 3578 634 3634 in
683 3577 838 3634 Italia
885 3593 1027 3634 anno
1063 3585 1260 3648 quarto
1290 3576 1391 3632 sub
1434 3578 1521 3633 die
1548 3593 1602 3632 ιι
1655 3578 1721 3633 de
1741 3592 1926 3634 mense
1952 3576 2150 3646 Julius,

576 3671 875 3728 indictione
919 3671 1177 3726 secunda.
1236 3689 1255 3724 ι
1297 3668 1438 3726 Sunt
1475 3669 1611 3726 certi
1650 3671 1998 3727 characteres
2025 3671 2158 3727 anni

575 3762 703 3829 929,
755 3777 863 3832 quo
915 3760 1120 3832 Ugonis
1148 3761 1293 3830 regis
1346 3775 1523 3814 annus
1552 3768 1780 3830 quartus
1808 3776 1996 3816 mense
2015 3760 2156 3818 Julio

574 3853 667 3908 vix
712 3853 1085 3918 inchoaverat,
1115 3859 1172 3906 et
1212 3850 1575 3906 concurrebat
1607 3865 1731 3905 cum
1760 3850 2053 3906 indictione
2072 3865 2158 3907 se-

576 3943 774 3999 cunda.
805 3942 863 3998 Si
891 3952 1070 3998 autem
1114 3955 1303 3998 mense
1328 3939 1471 3996 Julio
1499 3941 1626 3997 anni
1656 3941 1761 3998 929
1787 3943 2153 4013 episcopatum

577 4031 940 4090 Veronensem
966 4033 1248 4088 obtinebat
1275 4030 1581 4099 Hilduinus,
1609 4046 1756 4087 mors
1776 4033 1964 4102 procul
1992 4033 2154 4089 dubio

575 4123 842 4192 Notherii,
871 4125 964 4196 qui
993 4125 1129 4181 obiit
1154 4141 1208 4179 tv
1234 4123 1360 4180 Idus
1378 4124 1625 4194 Augusti,
1656 4123 1711 4179 in
1735 4125 2047 4196 Augustum
2065 4140 2156 4181 an-

575 4215 632 4270 ni
652 4214 756 4271 929
782 4215 974 4271 referri
997 4215 1203 4285 nequit,
1230 4215 1326 4270 sed
1348 4215 1594 4286 Augusto
1615 4215 1744 4269 anni
1765 4215 1871 4270 928
1897 4215 1950 4270 in
1977 4216 2150 4285 epita-

573 4305 702 4377 phio
725 4306 928 4377 Optime
955 4305 1266 4361 ascribitur.

649 4398 736 4452 15.
780 4397 890 4452 Hac
915 4396 1226 4462 occasione,
1255 4409 1361 4466 qua
1380 4394 1666 4451 Hilduinus
1689 4395 1758 4450 ad
1781 4394 2150 4452 Veronensem

2261 3209 2418 3278 sophi
2461 3211 2750 3274 sententia,
2794 3213 2949 3283 cujus
2992 3214 3238 3270 meminit
3267 3216 3408 3274 libro
3453 3226 3611 3272 sexto
3644 3216 3848 3274 Praele-

2262 3299 2542 3369 quiorum,
2592 3316 2742 3355 num.
2777 3301 2829 3368 7,
2880 3302 3174 3372 inquiens:
3220 3324 3239 3357 ‹
3277 3305 3541 3375 Exemplo
3586 3307 3850 3363 videlicet

2261 3390 2543 3460 cujusdam
2589 3391 2917 3462 philosophi,
2965 3394 3060 3463 qui
3112 3409 3236 3450 eum
3272 3395 3341 3450 ad
3382 3396 3747 3465 iracundiam,
3774 3413 3847 3453 ur

2257 3494 2356 3534 Ml
2385 3496 2437 3534 IN
2462 3495 2865 3538 ALIOVOLUIIINB
2883 3483 3182 3550 retulimus,
3211 3487 3598 3554 concitaretur,
3633 3488 3837 3554 eidem,

2258 3589 2291 3630 a
2317 3589 2424 3646 quo
2443 3574 2800 3643 incitabatur,
2827 3577 3030 3634 dixisse
3052 3576 3226 3634 fertur
3247 3579 3401 3634 :Jam
3422 3590 3471 3634 te
3495 3590 3842 3650 percuterem,

2259 3665 2360 3719 nisi
2381 3665 2548 3720 iratus
2573 3681 2755 3720 essem.
2791 3685 2810 3718 ο
2841 3667 2995 3735 Quod
3035 3667 3080 3722 si
3105 3669 3158 3724 in
3212 3669 3412 3746 librum
3435 3685 3542 3739 quo
3579 3669 3848 3726 Mediola-

2258 3757 2507 3812 nensium
2540 3757 2930 3827 quaestionibus
2973 3760 3271 3829 respondit,
3312 3759 3582 3829 ejusmodi
3615 3772 3840 3818 senten-

2258 3850 2334 3906 tia
2393 3861 2500 3906 non
2543 3849 2645 3910 fuit
2692 3851 2917 3919 inserta,
2947 3851 3091 3907 aliud
3145 3853 3388 3922 ignotum
3427 3853 3680 3910 volumen
3714 3863 3844 3910 ante

2256 3941 2560 4013 Praaloquia
2613 3944 2876 4014 scriptum
2919 3960 2949 3998 a
3013 3944 3276 4000 Ratherio
3322 3945 3614 4000 dicendum
3661 3955 3832 4002 esset.

2255 4031 2368 4088 Nec
2396 4033 2704 4089 dubitamus
2729 4036 2945 4104 quidem
2969 4036 3097 4106 quin
3134 4037 3300 4091 homo
3323 4035 3484 4104 hujus
3503 4036 3600 4090 aevi
3629 4035 3838 4091 dnctis-

2256 4123 2424 4179 simus
2461 4123 2567 4178 alia
2611 4124 2777 4178 multa
2803 4135 2928 4180 ante
2975 4126 3189 4182 eosdem
3214 4125 3640 4196 Praaloquiorum
3663 4125 3838 4183 libros

2256 4213 2648 4279 Iucubraverit,
2687 4229 2914 4284 quorum
2947 4216 3210 4270 memoria
3252 4216 3480 4271 interiit.

2327 4303 2414 4358 15.
2445 4303 2570 4360 Post
2599 4304 2769 4361 ferme
2793 4305 3066 4360 biennium
3097 4319 3203 4375 quo
3224 4303 3510 4360 Hilduinns
3532 4303 3836 4361 Veronensi

2254 4393 2510 4450 Ecclesia:
2529 4407 2779 4465 praeerat,
2805 4394 3094 4450 Lamberto
3116 4394 3528 4464 metropolitano
3548 4395 3841 4461 exstincto,

573 4487 756 4543 sedem
785 4494 1062 4556 promotus
1092 4487 1214 4551 fuit,
1247 4485 1567 4541 Ratherium
1603 4500 1712 4541 non
1751 4485 1888 4542 levis
1917 4501 2042 4556 spes
2064 4487 2150 4542 in-
2175 4481 2231 4542 D
2257 4484 2472 4538 vacavit
2516 4485 2998 4556 arcbiepiscopalis
3040 4485 3197 4540 sedes
3242 4483 3676 4550 Mediolanensis,
3720 4498 3842 4554 quae

573 4577 742 4632 cessit
777 4575 1100 4632 succedendi
1151 4575 1430 4641 liilduino,
1493 4593 1512 4628 ι
1553 4577 1822 4646 promisso
1865 4577 2008 4648 regis
2031 4592 2149 4633 ma-

577 4676 762 4735 nente,
805 4668 949 4738 quod
974 4667 1064 4723 ubi
1087 4667 1236 4722 illum
1267 4667 1431 4723 altius
1467 4669 1822 4739 promovendi
1849 4677 2153 4740 emergeret

577 4767 811 4828 tempus,
844 4757 1136 4815 Ratherius
1183 4757 1584 4816 Veronensibus
1615 4761 1842 4816 daretur
1863 4762 2152 4832 episcopus

575 4851 764 4923 (FULc.
800 4868 850 4905 ο.
890 4851 1002 4922 19).
1041 4871 1062 4904 s
1097 4851 1234 4908 Hinc
1272 4853 1328 4908 in
1355 4851 1641 4919 Qualitatis
1669 4855 1973 4924 conjectura
1997 4870 2147 4912 num.

574 4944 644 4998 15
674 4960 688 4998 :
727 4962 746 4996 ί
780 4942 1148 5015 Quadraginta
1185 4945 1298 5015 jam
1328 4943 1442 5000 fere
1465 4954 1590 5000 sunt
1617 4946 1769 5012 anni,
1798 4945 1976 5015 inquit
2010 4947 2153 5002 idem

577 5034 862 5070 nothus-inc
943 5050 1006 5072 av
1057 5050 1166 5072 mm
1199 5035 1405 5074 «mltis-0
1437 5035 1736 5076 minutiam
1775 5036 1914 5076 omni
1943 5053 1956 5065 °
2003 5056 2020 5078 ι
2060 5037 2150 5078 ubi

2259 4589 2383 4630 cum
2418 4575 2494 4630 illi
2521 4577 2910 4646 congruentior
2927 4578 3043 4632 visa
3073 4586 3259 4642 esset,
3303 4577 3494 4633 eodem
3523 4591 3553 4630 a
3582 4577 3712 4632 sede
3738 4577 3844 4633 Ve-

2257 4667 2476 4722 ronensi
2512 4664 2580 4720 ad
2608 4665 3059 4723 Mediolanensem
3088 4665 3352 4730 traducto,
3384 4665 3471 4720 ille
3523 4679 3684 4720 casus
3713 4679 3843 4720 eve-

2257 4766 2434 4823 nerat,
2465 4772 2572 4828 quo
2605 4757 2899 4812 Ratherius
2943 4771 3008 4810 ex
3032 4755 3236 4828 Ugonis
3279 4757 3421 4826 regis
3459 4755 3747 4826 promissis
3777 4757 3843 4810 ad

2261 4849 2630 4906 Veronensem
2659 4849 2974 4904 cathedram
3003 4849 3404 4919 promovendus
3447 4856 3588 4902 erat.
3639 4845 3842 4901 Verum

2262 4959 2282 4994 ι
2315 4951 2375 4996 ut
2400 4955 2522 4996 sese
2551 4940 2877 4996 instabilitas
2912 4939 3199 4995 mundanas
3236 4940 3379 5010 saepe
3409 4938 3654 4993 continet
3695 4937 3844 4991 volu-

2256 5032 2485 5078 bilitatis
2523 5032 2735 5078 (scribit
2779 5033 2865 5078 hic.
2895 5031 3053 5078 enist.
3083 5031 3137 5078 Pi-
3171 5045 3323 5078 num.
3355 5029 3431 5078 Ξῖ.
3491 5028 3651 5078 longe
3683 5028 3841 5078 aliter
