4038 5388
208 262 271 318 37
1174 304 1177 309 ,
1237 244 1773 303 PROLEGOMENA.
1813 274 1881 284 —
1921 242 2252 300 RATHERII
2290 242 2471 300 VlTA.
3402 252 3474 309 33

210 374 327 429 dem
354 384 466 425 non
491 376 599 422 tam
614 362 873 427 ililduini,
895 375 1057 433 quam
1081 374 1233 416 suam
1248 374 1361 414 rem
1385 373 1552 430 agens
1565 356 1792 429 (Ugonis
1818 358 1867 420 Α
1894 356 2015 412 aliis
2044 356 2251 411 chartis
2289 357 2390 411 sub
2436 355 2624 411 iisdem
2659 355 2996 426 principibus
3041 361 3280 417 exaratis
3312 342 3491 420 adno-I

208 459 597 520 volubilitatem
644 452 893 510 fortassis
936 448 1340 521 praesenserat),
1378 448 1588 502 litteras
1629 446 1791 500 simul

210 550 390 607 retulit
436 546 641 603 domini
690 558 842 614 papae
870 540 1095 597 Joannis
1117 539 1209 604 XI,
1256 556 1275 591 c
1305 539 1503 607 quibus
1546 536 1792 592 contine—

208 644 424 705 bantur,
456 659 475 691 ι
530 637 707 706 inquit
754 634 949 690 ibidem
982 630 1198 696 numJ,
1260 647 1279 681 ι
1314 643 1505 699 preces
1547 627 1789 698 ejusdem

212 734 482 800 totiusque
507 728 764 783 Romamn
796 721 1048 796 [xxxviii]
1081 719 1364 783 Ecclesiae,
1391 718 1468 772 uti
1501 731 1601 787 ego
1628 714 1794 770 Vero-

210 823 464 880 nensibus
490 821 651 874 darer
680 817 981 887 episcopus.
1017 810 1299 882 Displicuit
1341 810 1443 864 hoc
1472 822 1577 861 non
1604 819 1793 876 parum

210 913 319 985 regi
370 909 648 966 contraria
706 904 994 969 molienti;
1052 902 1147 957 sed
1206 898 1440 954 obtinuit
1486 894 1797 966 deprecatio

216 1002 535 1076 apostolica,
567 1001 802 1055 instante
822 995 1061 1068 rogando
1083 1008 1203 1048 meo
1224 991 1337 1063 jam
1366 989 1511 1045 dicto
1534 1004 1655 1043 cum
1687 986 1797 1056 pri-

212 1095 449 1151 moribus
495 1091 646 1162 regni
683 1089 902 1144 domino
930 1085 1207 1142 llilduino.
1245 1103 1264 1135 ι
1313 1082 1433 1137 Alia
1460 1096 1589 1135 vero
1619 1080 1796 1149 potior

213 1187 343 1242 ratio
372 1182 620 1253 Ugonem
651 1180 718 1234 ad
756 1192 1036 1233 assensum
1086 1174 1314 1229 forsitan
1360 1170 1549 1226 movit.
1600 1168 1795 1223 Snbdit

211 1278 345 1331 enim
378 1271 713 1327 Ratberius:
744 1288 761 1319 ι
792 1268 904 1338 Ego
934 1265 1228 1322 semivivus
1258 1276 1395 1333 pene
1427 1258 1678 1328 iacebam
1712 1258 1796 1311 in-

214 1369 394 1420 ﬁrmus
432 1364 578 1432 (post
608 1359 908 1413 Romanum
940 1354 1150 1411 scilicet
1177 1352 1323 1422 iter).
1344 1351 1675 1435 Persuasum
1707 1355 1793 1401 est

221 1454 352 1524 regi,
381 1460 536 1521 puto,
576 1464 608 1501 a
646 1462 732 1501 me
770 1444 1135 1514 diligentibus,
1169 1441 1313 1511 quod
1352 1454 1457 1494 non
1489 1438 1792 1492 evaderem.

214 1546 317 1599 llae
340 1558 437 1612 spe
477 1540 744 1612 pellectus
767 1537 1061 1603 consensit,
1083 1532 1400 1589 satisfacere
1427 1530 1663 1602 gestiens
1686 1537 1795 1582 tam

212 1638 421 1691 domino
469 1648 655 1705 papa},
706 1646 867 1701 quam
922 1629 1165 1693 exteris,
1222 1640 1359 1696 quos
1410 1620 1796 1678 inconveniens

1902 453 2135 510 laverat,
2183 461 2306 502 cum
2342 447 2472 503 anni
2502 445 2702 502 Christi
2733 448 2827 517 qui
2872 449 2925 502 in
2964 449 3096 519 ipsis
3120 451 3481 519 praeferuntur

1894 553 2017 593 cum
2063 538 2279 593 cazteris
2301 538 2445 594 notis
2491 554 2597 594 non
2642 548 2964 610 congruant.
3019 541 3309 599 Enimvero
3334 546 3481 603 aliud

1894 628 2275 684 documentum
2301 628 2567 685 Comense
2589 630 2714 684 anni
2744 630 2845 685 937
2875 631 2942 686 ab
2966 629 3215 701 Ughellio
3241 642 3297 689 et
3322 650 3349 688 a
3378 636 3483 690 Pa-

1897 726 1977 774 tre
2005 719 2140 774 Tato
2177 721 2527 790 impressum,
2572 736 2763 776 omnes
2800 723 3087 777 chronicas
3118 732 3273 777 notas
3304 727 3482 783 eidem

1896 824 2039 864 anno
2066 818 2426 880 congruentes
2470 811 2690 867 exhibet
2720 812 2797 868 sic
2826 830 2838 867 :
2866 829 2973 867 xvu
3004 812 3129 868 Kal.
3161 815 3275 870 Jul.
3302 816 3348 870 U
3352 835 3483 888 gone

1895 915 1952 955 ιι
1982 908 2028 953 et
2052 898 2303 953 Lothario
2334 916 2429 967 vn,
2462 902 2645 956 indict.
2673 918 2728 957 x.
2769 902 3022 957 Nostrum
3058 914 3239 960 autem
3266 908 3485 978 privile-

1896 990 2064 1060 gium,
2092 992 2233 1060 quod
2268 1007 2372 1046 una
2407 1000 2614 1047 tantum
2645 993 2732 1048 die
2760 994 3031 1062 posterius
3060 1005 3163 1060 est,
3196 1012 3481 1067 perperam

1900 1082 2098 1135 habet:
2128 1079 2307 1152 Ugone
2336 1098 2364 1135 χ
2409 1092 2455 1136 et
2480 1081 2729 1137 Lat/tario
2752 1098 2810 1148 v,
2852 1085 3039 1139 indict.
3073 1101 3129 1138 x.
3160 1086 3293 1153 Quis
3332 1103 3484 1143 erro-

1899 1185 2011 1224 rem
2062 1186 2169 1224 non
2214 1170 2361 1225 videt
2417 1171 2815 1227 manifestum?
2858 1175 3247 1231 Documentum
3300 1188 3480 1234 autem

1898 1263 2039 1329 quod
2073 1263 2124 1315 in
2153 1262 2427 1318 chronicis
2471 1264 2615 1319 notis
2648 1271 2760 1318 tam
2793 1274 2977 1333 aperte
3006 1274 3146 1333 erat,
3173 1268 3222 1322 ei
3253 1269 3486 1324 chrono-

1900 1354 2055 1423 logite
2094 1370 2255 1423 quam
2284 1354 2484 1410 Saxius
2519 1364 2629 1411 tam
2661 1367 2850 1414 exacte
2880 1359 3187 1428 constituit,
3235 1361 3487 1433 przejudt-

1899 1445 2041 1499 cium
2069 1444 2264 1501 all‘erre
2293 1461 2399 1500 non
2427 1456 2625 1516 potest.

1974 1536 2038 1589 16
2078 1536 2173 1591 bis.
2205 1536 2389 1607 Neque
2420 1538 2624 1594 idcirco
2646 1537 3014 1596 Veronensem
3068 1541 3312 1598 Ratherii
3361 1544 3499 1615 epi-'

1901 1636 2180 1696 scopatum
2200 1628 2376 1684 eidem
2406 1644 2550 1685 anno
2574 1629 2670 1684 951
2702 1631 3023 1700 aﬂigendum
3047 1632 3337 1688 credimus.
3361 1633 3490 1690 Post

214 1730 489 1783 videbatur
539 1724 812 1781 offendere
856 1729 1130 1793 rogantes.
1163 1739 1183 1772 ι
1238 1716 1503 1789 Sperabat
1542 1714 1797 1795 nimirum
1828 1713 1875 1772 B
1906 1717 2143 1774 llilduini
2170 1720 2313 1775 enim
2340 1721 2659 1776 electionem
2689 1722 2778 1778 ille
2816 1722 3042 1779 Romam
3075 1725 3349 1795 profectus
3369 1735 3485 1794 est;

217 1818 328 1874 lore
371 1828 429 1874 ut
485 1818 539 1870 vi
595 1814 767 1870 morbi
820 1826 1116 1883 oppressus
1171 1810 1462 1873 interiret,
1510 1816 1566 1862 et
1604 1804 1798 1861 electio

220 1909 520 1977 hujusmodi
564 1905 756 1962 ell‘ectu
802 1913 1035 1959 careret.
1080 1901 1188 1958 Sed
1240 1900 1521 1957 curatione
1560 1896 1797 1953 adhibita

220 2017 333 2056 cum
387 2000 690 2055 Ratherius
746 1997 1053 2061 evasisset,
1115 1996 1401 2066 episcopus
1449 1996 1800 2047 consecratus

216 2091 328 2146 fuit.

281 2181 363 2237 16.
392 2182 590 2236 Annus
622 2177 783 2248 hujus
812 2175 1263 2240 consecrationis,
1294 2173 1386 2244 qui
1432 2172 1595 2227 rebus
1639 2168 1802 2241 pluri-

217 2276 309 2330 bus
350 2273 617 2342 deinceps
667 2268 1063 2326 constituendis
1103 2266 1228 2321 usni
1274 2264 1486 2319 futurus
1534 2270 1647 2325 est,
1694 2274 1801 2315 non

217 2366 421 2421 aiiunde
449 2362 649 2418 melius
685 2376 848 2434 quam
876 2375 942 2415 ex
963 2358 1203 2414 Hilduini
1243 2352 1595 2410 translatione
1625 2352 1692 2406 ad
1719 2364 1804 2405 se-

219 2457 331 2510 dem
354 2453 818 2509 Mediolanensem
848 2450 971 2505 elici
998 2457 1198 2518 potest.
1259 2441 1662 2514 Papeprochius
1694 2438 1805 2494 liii-

222 2544 359 2598 duini
393 2524 797 2611 archiepiscopi
828 2537 1243 2594 Mediolanensis
1270 2534 1421 2589 initia
1450 2531 1638 2587 tribuit
1663 2545 1804 2584 anno

220 2634 334 2689 952.
370 2632 564 2688 Melius
600 2645 734 2686 vero
763 2630 961 2700 Joseph
997 2628 1265 2683 Antonius
1301 2624 1496 2681 Saxius
1538 2624 1591 2678 in
1632 2622 1806 2677 archi-

230 2724 599 2794 episcOporum
645 2719 1120 2775 Mediolanensium
1158 2715 1310 2772 Serie
1355 2712 1802 2769 historico-chro-

222 2814 489 2886 nologica,
528 2822 659 2869 tom.
688 2811 752 2876 Il,
780 2827 900 2882 pag.
926 2809 1030 2864 540
1061 2819 1116 2863 et
1136 2807 1261 2869 541,
1286 2805 1435 2860 illum
1467 2804 1534 2858 ad
1556 2802 1804 2858 eamdem

222 2908 395 2963 sedem
426 2912 742 2975 promotum
784 2902 973 2958 statuit
1009 2914 1152 2955 anno
1185 2897 1312 2961 951,
1343 2895 1505 2950 Junio
1551 2901 1803 2948 exeunte.

223 2997 275 3053 ld
297 2996 643 3052 manifestum
683 2993 818 3048 facit
854 2993 1049 3062 partim
1089 3005 1154 3047 ex
1196 2990 1653 3060 praedecessorum
1690 2983 1807 3053 ejus

1902 1810 2025 1866 inde
2071 1819 2249 1867 autem
2293 1828 2549 1868 reversus
2596 1814 2747 1883 gravi
2798 1815 2988 1871 morbo
3037 1815 3327 1883 laboravit,
3377 1834 3488 1889 quo

1902 1903 2199 1957 moriturus
2242 1900 2587 1958 credebatur.
2639 1902 2754 1973 Ugo
2791 1914 3049 1975 prteterea
3094 1923 3122 1961 a
3152 1908 3321 1976 priori
3368 1924 3492 1964 sen-

1901 1992 2067 2047 tentia
2116 1992 2443 2059 desciscens,
2476 1993 2566 2047 alii
2599 1993 2968 2065 episcopatum
2998 1995 3211 2052 volebat
3238 1998 3490 2059 commit-

1902 2090 2039 2148 tere,
2069 2097 2168 2139 nec
2193 2083 2295 2138 nisi
2325 2083 2637 2152 apostolicis
2676 2084 2873 2140 litteris
2901 2096 2955 2139 et
2983 2085 3219 2141 [lildnini
3259 2102 3322 2141 ac
3377 2087 3492 2157 pri-

1902 2193 2115 2232 morum
2145 2179 2295 2249 regni
2330 2178 2786 2247 postulationibus
2836 2179 3057 2245 cedens,
3087 2180 3263 2249 ipsum
3314 2181 3495 2235 adhuc

1903 2269 2173 2324 inﬁrmum
2203 2277 2258 2323 et
2288 2270 2394 2324 vita
2426 2270 2820 2338 periclitantem
2844 2269 3159 2339 episcopum
3177 2271 3488 2326 destinavit.

1903 2360 1959 2414 Id
1997 2375 2121 2417 cum
2151 2361 2531 2428 deliberasset,
2578 2370 2637 2416 ut
2671 2362 2803 2417 cleri
2848 2372 2899 2417 et
2939 2363 3118 2433 populi
3161 2363 3489 2419 Veronensis

1903 2452 2098 2507 electio
2129 2468 2190 2508 ex
2225 2468 2375 2507 more
2403 2454 2719 2520 haberetur,
2751 2455 2927 2524 ipsum
2955 2470 3174 2510 curasse
3204 2456 3337 2510 satis
3365 2471 3493 2526 pro-

1906 2542 2088 2597 habile
2116 2553 2216 2597 est.
2270 2542 2420 2598 Hauc
2452 2544 2597 2599 enim
2632 2543 2792 2613 hujus
2823 2545 3082 2616 temporis
3118 2546 3492 2617 episcoporum

1905 2633 2273 2705 eligendorum
2322 2636 2638 2691 methodnm
2688 2635 2892 2700 fuisse.
2935 2645 2995 2691 ut
3035 2652 3193 2707 quem
3242 2638 3494 2708 princeps

1906 2726 2088 2792 vellet,
2132 2725 2310 2782 clerus
2346 2736 2403 2783 et
2431 2728 2657 2798 populus
2699 2727 2957 2798 eligeret,
3006 2727 3375 2800 principisque
3405 2745 3494 2784 as-

1908 2831 2097 2871 sensus
2132 2816 2462 2886 postularet,
2502 2818 2746 2889 pluribus
2785 2820 2979 2875 decimi
3022 2820 3202 2877 saeculi
3231 2823 3495 2894 exemplis

1908 2906 2270 2961 demonstrari
2304 2902 2508 2975 posSet.
2540 2907 2622 2962 Ad
2653 2909 2765 2961 haec
2793 2908 3088 2964 Ratherius
3119 2918 3241 2979 post
3267 2911 3494 2989 electio:

1908 3011 2031 3051 nem
2059 3010 2090 3049 a
2106 2996 2293 3051 morbo
2318 3005 2373 3051 et
2394 2996 2632 3066 periculo
2659 2997 3036 3054 convalescere
3053 2998 3258 3064 debuit,
3277 3008 3337 3054 ut
3365 3014 3495 3056 con-

225 3092 376 3155 serie,
408 3090 612 3160 partim
653 3101 722 3142 ex
763 3085 1024 3155 catalogis
1053 3082 1312 3153 antiquis,
1341 3080 1433 3151 qui
1460 3076 1795 3149 singulorum
1824 3075 1869 3137 C
1906 3094 2240 3141 secraretur.
2302 3085 2487 3156 Neque
2533 3101 2662 3142 vero
2706 3087 2773 3141 ab
2808 3086 3061 3143 Hilduino
3109 3088 3496 3146 Mediolancnsi

226 3181 753 3252 archiepiscoporum
768 3190 939 3231 annos
959 3183 1013 3230 et
1027 3174 1143 3230 dies
1157 3172 1352 3243 quibus
1372 3170 1626 3226 sederunt
1646 3176 1807 3238 atque

226 3271 487 3337 obierunt,
510 3276 719 3324 notant.
737 3264 1089 3337 Papeprocbii
1109 3272 1289 3319 autem
1311 3259 1633 3317 sententiam
1662 3259 1810 3328 inge-

226 3369 424 3415 rentem
448 3375 654 3414 annum
670 3356 777 3413 932
791 3371 859 3412 ex
881 3370 946 3411 eo
967 3354 1145 3424 rejicit
1160 3354 1285 3424 quia
1308 3353 1354 3408 is
1378 3352 1431 3407 in
1450 3348 1810 3406 antecessori-

226 3450 320 3505 bus
342 3449 581 3504 liilduini
621 3446 1070 3519 postAnselmum
1093 3444 1157 3511 ll,
1186 3458 1347 3515 quem
1380 3442 1580 3498 obiisse
1600 3439 1812 3512 putavit

228 3558 359 3598 anno
380 3542 508 3607 897,
527 3556 634 3596 uno
659 3556 803 3596 anno
815 3540 1038 3596 erravit.
1061 3539 1219 3595 Hunc
1238 3552 1368 3594 vero
1383 3550 1626 3593 errorem
1652 3540 1806 3588 certo

229 3634 561 3689 demonstrat
588 3648 655 3689 ex
693 3633 891 3703 placito
919 3646 1267 3703 pergameno,
1309 3628 1455 3701 quod
1506 3627 1557 3681 in
1590 3623 1812 3681 archivo

231 3725 614 3781 monachorum
649 3722 707 3778 S.
731 3722 1001 3778 Ambrosii
1029 3721 1351 3777 custoditur.
1384 3717 1500 3774 Hoc
1523 3716 1668 3772 enim
1699 3714 1814 3785 pla-

231 3815 388 3869 citum
413 3815 545 3869 anni
568 3813 674 3871 896
696 3813 1160 3884 archiepiscopum
1186 3805 1810 3871 memoratLandull‘um,

232 3907 316 3977 qui
342 3907 601 3963 Anselmo
626 3906 671 3960 ll
696 3906 1020 3978 subrogatus
1046 3904 1162 3959 fuit.
1200 3902 1257 3958 Si
1289 3909 1468 3957 autem
1498 3898 1816 3956 emortualis

233 4013 399 4054 annus
450 3997 615 4067 hujus
644 3996 890 4053 Anselmi
936 3997 1201 4052 evehatur
1245 3995 1313 4050 ad
1360 4008 1561 4050 annum
1592 3991 1719 4059 896,
1750 4006 1815 4045 ac

232 4087 472 4144 similiter
498 4103 612 4143 uno
640 4102 787 4142 anno
823 4086 1191 4157 anticipeutur
1237 4083 1677 4155 subsequentium
1728 4097 1817 4136 ar-

232 4178 694 4248 chiepiseOporum
718 4176 895 4243 initia,
923 4192 1154 4247 quorum
1183 4174 1313 4230 anni
1338 4184 1393 4230 et
1416 4175 1531 4230 dies
1562 4173 1817 4243 legitimis

233 4266 569 4323 documentis
611 4266 989 4338 designantur,
1035 4267 1377 4337 exploratum
1430 4266 1523 4320 [iet
1578 4264 1817 4319 llilduini

229 4363 447 4416 taxordia
484 4362 738 4417 incidisse
790 4363 843 4417 in
874 4377 1075 4418 annum
1099 4364 1222 4429 73i,
1252 4377 1358 4417 non
1381 4376 1508 4417 vero
1535 4360 1588 4415 in
1614 4375 1817 4414 annum

234 4452 351 4507 952.
379 4453 430 4508 Is
459 4469 623 4523 porro
648 4469 717 4509 ex
745 4455 985 4524 antiquis
1005 4455 1483 4510 Mediolanensium
1511 4454 1816 4509 antistitum

235 4543 496 4614 catalogis
522 4561 553 4599 a
579 4544 878 4601 Muratorio
903 4545 1063 4601 editis
1089 4544 1232 4617 (Rer.
1261 4544 1391 4598 Ital.
1429 4553 1471 4598 t.
1503 4543 1543 4609 l,
1592 4551 1732 4613 part.
1757 4542 1818 4615 ιι)

243 4629 696 4690 Mediolanensem
746 4636 928 4690 sedem
951 4625 1139 4689 tenuit
1170 4635 1326 4690 annis
1355 4634 1595 4705 quinque
1623 4644 1676 4687 et
1705 4634 1820 4690 dies

238 4723 562 4791 quindecim,
606 4725 709 4793 vel,
752 4733 813 4779 ut
838 4741 977 4781 unus
1019 4726 1297 4797 catalogus
1342 4725 1590 4797 prtel‘ert,
1628 4725 1818 4797 viginti

239 4816 507 4884 quinque;
533 4818 669 4872 obiit
698 4828 883 4873 autem
928 4834 982 4872 IV
1012 4818 1162 4883 Kal.,
1208 4817 1283 4872 al.
1316 4834 1370 4873 ιχ
1414 4816 1543 4871 Kal.
1572 4816 1815 4887 Augusti.

238 4904 451 4963 Initium
479 4923 610 4979 ergo
638 4911 987 4981 episcopatus
1006 4911 1180 4982 ipsius
1206 4911 1259 4965 in
1288 4912 1417 4967 sede
1440 4907 1822 4965 Mcdiolanensi

241 5000 440 5066 Optime
485 5001 701 5073 [χχχιι]
754 5004 1015 5058 statuitur
1058 5013 1292 5060 exeunte
1337 5003 1499 5058 Junio
1535 5003 1659 5057 anni
1697 5003 1821 5070 951;

241 5102 385 5144 mors
414 5105 547 5145 vero
582 5107 635 5144 tv
677 5090 762 5146 vel
796 5109 850 5146 Ix
882 5092 1001 5146 Kal.
1045 5095 1273 5166 Augusti
1313 5095 1438 5148 anni
1473 5094 1595 5149 956.
1645 5093 1822 5148 Unum

242 5190 540 5248 opponetur
570 5182 906 5252 privilegium
938 5183 1140 5255 Ugonis
1184 5185 1328 5255 regis
1358 5195 1413 5240 et
1442 5184 1707 5248 Lotharii,
1737 5184 1825 5238 da-

247 5276 352 5351 tum
384 5286 529 5326 anno
551 5271 676 5337 9'57,
704 5288 789 5327 xvi
838 5274 952 5328 Kal.
984 5276 1109 5332 Julii
1150 5277 1291 5346 apud
1336 5276 1613 5330 laudatum
1644 5274 1823 5328 Mura-

248 5360 437 5388 In-ﬁ..m
470 5361 511 5388 Io
584 5362 626 5388 ll
699 5364 838 5388 Δηιι..
898 5366 1041 5388 l._l_-_
1101 5383 1205 5388 ..-μ
1260 5368 1342 5388 ἰ’-η
1399 5369 1410 5388 2

927 5368 1041 5388 --l.'_
1101 5383 1205 5388 ..-μ
1260 5368 1342 5388 β’·ηι

1494 5382 1589 5388 ---Α
1622 5380 1703 5388 ...Α

1909 3177 2190 3232 ordinatus
2214 3176 2319 3232 dici
2353 3187 2553 3248 potest,
2586 3193 2711 3233 cum
2740 3177 2955 3235 Verona
2999 3182 3067 3236 ad
3100 3182 3496 3253 metropolitam

1911 3269 2363 3325 Mediolanensem
2400 3285 2507 3325 non
2536 3270 2855 3340 pertineret.
2912 3271 3025 3326 liae
3054 3273 3198 3327 enim
3227 3272 3293 3328 de
3334 3288 3499 3329 causa

1910 3358 2203 3415 Ratherius
2255 3362 2309 3415 in
2358 3360 2588 3429 epistola
2640 3360 2705 3426 5,
2750 3361 2818 3416 ad
2862 3359 3123 3418 Joannem
3167 3363 3496 3433 pontificem,

1912 3467 2060 3506 num.
2124 3454 2192 3515 6,
2276 3451 2627 3522 reprehendit
2677 3452 2977 3509 Manassetn
3032 3456 3501 3526 archiepiscopum

1910 3542 2306 3607 Arelatensem,
2336 3542 2533 3611 quippe
2556 3543 2645 3611 qui
2672 3550 2826 3597 extra
2850 3543 3081 3613 propriae
3104 3545 3399 3615 provincia:
3431 3544 3499 3598 li-

1913 3633 2072 3687 mites
2124 3652 2143 3683 c
2173 3632 2517 3687 consecravit
2546 3632 2857 3703 episcopum
2900 3635 3188 3702 quemdam
3224 3650 3337 3690 sua:
3366 3635 3505 3689 dioe-

1912 3724 2054 3779 cesis
2092 3724 2145 3777 in
2198 3723 2353 3778 titulo
2402 3722 2647 3780 ecclesia:
2697 3725 3044 3780 Veronensis.
3081 3744 3099 3777 ι
3165 3726 3504 3798 Quapropter

1916 3815 2032 3889 [ιιι]
2068 3815 2158 3871 ille
2195 3814 2288 3885 qui
2326 3815 2726 3872 ecclesiasticos
2773 3831 3009 3872 canones
3055 3832 3119 3873 ac
3158 3818 3501 3888 disciplinam

1915 3908 2152 3962 maxime
2197 3906 2509 3972 custodivit,
2561 3907 2847 3962 ordinatus
2896 3907 3156 3964 dicendus
3204 3919 3289 3965 est
3339 3925 3368 3964 a
3399 3926 3498 3982 pa-

1922 3999 2158 4054 triarcha
2180 3995 2530 4066 Aquileiensi,
2561 3998 2647 4053 cui
2676 3998 2885 4053 Verona
2923 3999 3162 4054 suberat.
3196 3999 3294 4057 llis
3322 4011 3501 4056 autem

1916 4088 2171 4143 omnibus
2222 4085 2546 4156 peragendis
2600 4095 2723 4155 post
2771 4085 3008 4141 llilduini
3063 4087 3383 4144 electionem
3444 4100 3504 4145 ut

1917 4192 2210 4248 congruum
2238 4175 2766 4245 tempustribuatur,
2792 4176 2951 4231 unius
2980 4187 3073 4232 aut
3097 4180 3325 4234 duorum
3355 4196 3506 4235 men-

1919 4270 2056 4324 sium
2106 4267 2339 4337 spatium
2373 4280 2481 4320 non
2528 4263 2743 4320 sullicit.
2783 4265 2954 4321 Porro
2982 4266 3299 4323 Ratherinm
3335 4271 3505 4325 Vero-

1922 4373 2147 4415 nensem
2198 4357 2379 4413 sedem
2430 4356 2630 4411 adiisse
2675 4371 2861 4412 mense
2900 4358 3141 4429 Augusto
3186 4375 3252 4415 ex
3292 4362 3503 4417 duobus

1847 4428 1896 4489 Ῑ)
1923 4450 2242 4520 colligimus.
2273 4448 2330 4502 ln
2360 4447 2784 4518 Prteloquiorum
2828 4448 2967 4504 libro
2993 4428 3253 4517 secundo,
3280 4470 3428 4508 num.
3460 4455 3507 4521 l,

1922 4556 2075 4597 suam
2103 4540 2335 4611 primam
2374 4540 2743 4610 captivitatem
2784 4540 2838 4595 in
2871 4540 3225 4598 Februarium
3267 4561 3511 4600 mensem

1922 4630 2109 4687 refert.
2160 4629 2231 4686 Se
2281 4638 2461 4685 autem
2509 4639 2728 4701 captum
2780 4632 2982 4687 duobus
3025 4636 3179 4689 annis
3214 4646 3262 4689 et
3290 4638 3511 4690 dimidio

1920 4731 2043 4794 post
2110 4723 2301 4778 initum
2346 4722 2714 4794 episcopatum
2762 4724 3131 4781 Veronensem
3160 4767 3173 4791 ,
3227 4729 3513 4797 perspicue

1923 4813 2154 4868 allirmat
2200 4813 2255 4866 in
2298 4822 2598 4869 memorata
2649 4814 2875 4885 cpistola
2902 4815 2956 4880 5,
3007 4831 3157 4873 num.
3190 4816 3242 4871 5.
3295 4817 3515 4873 Initium

1926 4919 2058 4977 ergo
2107 4904 2449 4975 episcopatus
2494 4905 2612 4975 ejus
2648 4904 2701 4959 in
2730 4907 3030 4979 Augustum
3082 4908 3303 4962 circiter
3352 4908 3515 4965 cadit.

1927 4996 2061 5052 Cum
2089 5011 2217 5052 vero
2245 5011 2313 5051 ex
2354 4998 2422 5054 iis
2450 5012 2570 5067 quae
2598 5001 2961 5067 praamisimus
3009 5001 3114 5054 hoc
3152 4998 3375 5062 initium
3426 5016 3523 5056 ne-

1925 5097 2088 5159 queat
2125 5088 2393 5159 assignari
2441 5089 2613 5145 mensi
2641 5089 2882 5163 Augusto
2911 5090 3039 5146 anni
3067 5090 3190 5152 951,
3222 5092 3413 5156 palam
3443 5105 3529 5145 se-

1925 5183 2112 5251 quitur
2157 5193 2279 5235 esse
2323 5180 2647 5255 aliigendum
2674 5182 2918 5255 Augusto
2947 5178 3074 5234 anni
3101 5176 3224 5234 952.
3286 5182 3532 5255 ldipsum

1930 5272 2218 5327 conﬁrmat
2259 5286 2439 5328 annus
2482 5270 2713 5327 laudatae
2761 5268 3113 5345 captivitatis,
3157 5283 3334 5339 quem
3367 5274 3534 5329 fuisse

1930 5364 2230 5388 --:.lnl.:mnll§
2261 5377 2463 5388 ειη----μ
2495 5360 2598 5388 ﬂag
2660 5362 2681 5388 Α
2716 5360 3013 5388 π..ι.........ἶιι
3036 5368 3215 5388 nnllnm
3243 5366 3380 5388 ...η-ε
3412 5361 3513 5388 “Th,
