4038 5388
483 291 551 345 39
1471 276 1866 330 RA‘t‘ttEtttua
1914 278 1940 327 ’ν
1955 270 2343 324 cannensis
2382 266 2776 324 Lt'isUOPUS.
3667 267 3739 323 40

485 402 646 460 therii
672 399 1039 471 episcopatum
1069 395 1306 465 assignat
1326 407 1466 446 anno
1495 389 1621 453 928,
1653 397 1765 442 tum
1793 385 1930 441 alios
1958 399 2062 439 non
2093 386 2142 444 Α
2170 382 2349 437 fuerat
2390 384 2680 449 enutritus,
2731 383 2920 438 eodem
2961 383 3285 453 imperatore
3319 383 3542 439 Verona:
3567 387 3752 461 occiso

483 507 686 563 paucos
737 476 1090 548 recentioi'es,
1123 484 1216 554 qui
1263 482 1409 537 illum
1442 480 1720 535 ascribunt
1769 490 1912 531 anno
1935 475 2060 530 951.

488 625 516 695 §
547 623 634 677 IV.
657 651 726 663 —-
753 622 920 695 Initio
933 621 1270 695 Δεξρὶξεοραζιῳ
1294 613 1529 695 [lat/ierii
1551 630 1708 695 quam
1732 611 2063 695 calamitosa.

556 695 842 748 Adhtm'em
869 681 1052 743 Miloni
1076 681 1248 741 comiti
1271 681 1570 740 Arnoldunt
1589 682 1858 752 Bajouritr
1875 681 2064 752 ducent

571 763 784 816 Verona!
817 760 1004 828 recepit
1049 767 1239 828 contra
1263 755 1495 828 Ugonem
1526 749 1714 822 regem.
1757 750 1832 828 ᾼὺ
1871 749 2065 828 Ugonis

459 899 463 903 ι
558 832 808 887 militibus
834 820 1036 898 captus,
1065 829 1117 881 in
1144 820 1448 896 Papiensem
1469 820 1728 878 carcerem
1749 820 2063 875 detruditur.

563 944 650 997 17.
686 941 827 1011 (111111¹
848 954 938 994 rex
970 935 1088 1008 Ugo
1118 951 1223 992 non
1258 943 1474 1005 sponte,
1515 932 1608 988 sed
1636 931 1863 986 aliorum
1884 938 2068 1001 postu-

491 1032 779 1088 lationibus
827 1029 1002 1084 victus
1048 1037 1275 1081 eatenus
1300 1023 1613 1079 Ratherinm
1667 1021 1918 1092 elegisset
1950 1020 2066 1089 epi-

490 1140 730 1196 scopum,
757 1123 881 1194 quia
908 1135 1032 1176 eum
1057 1119 1204 1190 gravi
1243 1118 1432 1172 morbo
1470 1115 1804 1170 laborantem
1843 1114 2070 1169 moritu-

491 1233 610 1272 rum
639 1216 920 1287 sperabat;
957 1221 1017 1268 ut
1057 1213 1230 1282 ipsum
1272 1225 1302 1265 e
1349 1218 1523 1262 morte
1562 1216 1804 1278 ereptura
1853 1217 1908 1262 et
1957 1207 2070 1276 epi-

489 1321 708 1377 scopum
739 1311 1118 1358 consecratum
1151 1299 1304 1364 vidit,
1343 1317 1360 1348 ι
1399 1297 1724 1353 iratissimus
1748 1297 2010 1360 redditur,
2043 1315 2061 1349 ι

491 1395 734 1466 inquitin
750 1392 1146 1464 epist.5,num.
1165 1391 1217 1456 4,
1248 1390 1388 1444 idem
1413 1389 1724 1452 Ratherius.
1753 1396 1806 1444 et
1831 1387 2072 1458 «juravit

488 1502 587 1557 per
610 1487 776 1540 Deum
810 1485 930 1554 (nec
956 1489 1041 1536 est
1065 1479 1348 1549 mentitus)
1404 1479 1548 1549 quod
1594 1477 1782 1533 diebus
1809 1479 1930 1532 vitae
1960 1491 2071 1532 sua:

490 1581 558 1634 de
585 1579 701 1648 ipsa
733 1575 1072 1631 ordinatione
1100 1588 1205 1627 non
1233 1585 1408 1627 essem
1430 1570 1730 1642 gavisurus.
1765 1589 1781 1621 ι
1809 1567 1944 1636 Quid
1976 1583 2070 1622 au-

491 1677 596 1722 tem
624 1667 854 1737 primttm
891 1662 1003 1735 Ugo
1027 1662 1220 1733 egerit,
1251 1661 1335 1716 bis
1361 1661 1542 1716 verbis
1569 1660 1857 1716 describit:
1881 1679 1898 1712 ι
1926 1658 2071 1713 Misit

491 1757 546 1810 in
584 1726 838 1826 pitaciolo
880 1726 1090 1807 cei-lani
1114 1726 1470 1820 quantitatem
1515 1750 1788 1820 stipendii,
1819 1749 1962 1820 quod
1992 1757 2068 1804 te-
2098 1726 2144 1786 Β

494 1860 682 1900 nerem
712 1845 779 1900 de
809 1843 972 1898 rebus
1001 1841 1266 1906 ecclesiae,
1300 1843 1364 1895 de
1396 1841 1608 1896 caeteris
1643 1840 1866 1911 exigens
1901 1838 2072 1910 jusju-

495 1933 750 1998 randum,
774 1941 836 1986 ut
863 1932 1054 1987 diebus
1077 1931 1217 1984 illius
1245 1929 1446 1998 ﬁliique
1475 1929 1556 1984 sui
1583 1929 1812 2000 amplius
1841 1943 1947 1984 non
1989 1944 2073 1984 re-

495 2025 792 2092 quirerem.
821 2023 934 2094 Ego
981 2022 1286 2092 intelligens
1327 2018 1464 2092 [xu]
1514 2027 1714 2089 quanta
1764 2018 2072 2074 absurditas

491 2115 596 2170 hoc
647 2123 1092 2184 consequeretur,
1145 2127 1248 2167 non
1291 2110 1560 2167 consensi.
1598 2129 1618 2162 ι
1662 2109 1811 2165 Hanc
1840 2111 2072 2180 primam

496 2208 674 2262 aversi
724 2223 752 2260 a
783 2222 842 2261 se
867 2206 1009 2277 regis
1045 2205 1211 2259 animi
1259 2219 1480 2260 causam
1531 2203 1741 2258 notavit
1790 2203 1842 2256 iu
1871 2201 2073 2257 Prmlo-

492 2299 741 2368 quiorum
773 2298 908 2352 libro
938 2312 1013 2362 tv,
1041 2311 1190 2350 num.
1220 2295 1290 2350 20
1315 2313 1328 2349 :
1359 2315 1376 2347 ‹
1406 2294 1554 2361 Haec,
1581 2303 1643 2348 ut
1665 2294 1876 2364 opinor,
1907 2307 2073 2348 causa

490 2387 591 2442 fuit
621 2388 848 2455 dissidii,
887 2389 1003 2442 haec
1030 2397 1156 2442 nota
1192 2386 1335 2456 quod
1378 2386 1581 2457 ingeris
1607 2385 1852 2440 criminis
1885 2401 1898 2436 :
1929 2383 2075 2455 quod

490 2479 743 2534 videlicet
768 2485 820 2532 tu
847 2477 1111 2548 (Ugonem
1141 2475 1453 2546 alloquitur)
1502 2485 1590 2528 res
1638 2488 1828 2528 omnes
1858 2472 2075 2528 volebas

493 2580 679 2625 tenere
715 2569 980 2633 ecclesiae,
1027 2583 1149 2621 eum
1179 2581 1309 2622 vero
1340 2567 1416 2637 (id
1443 2573 1529 2620 est
1554 2565 1895 2632 Rathcrium)
1929 2581 2073 2621 mer-

493 2663 771 2718 cenarium
827 2662 924 2726 tui,
959 2675 1063 2715 non
1094 2668 1366 2730 pastorem
1413 2659 1592 2732 gregis
1641 2674 1762 2714 esse
1786 2659 2010 2714 Christi.
2049 2680 2067 2713 ι

501 2753 614 2808 Hoc
637 2753 812 2824 primo
863 2752 1138 2807 molimine
1183 2751 1464 2817 frustrato,
1490 2766 1585 2805 rex
1641 2750 1804 2805 aliam
1846 2751 2073 2807 vexandi

499 2843 738 2914 episcopi
777 2842 900 2897 iniit
929 2842 1095 2897 viam.
1139 2859 1159 2893 ι
1191 2842 1451 2898 Adhibuit
1498 2841 1733 2911 undique
1759 2850 2074 2912 persecuto-

499 2950 585 2990 res
613 2945 670 2990 et
693 2934 1055 2999 adversarios,
1087 2935 1179 3006 qui
1208 2944 1300 2989 aut
1331 2935 1669 2991 deterrerent
1716 2948 1822 3000 me,
1851 2941 1908 2988 ut
1935 2932 2074 2988 etfu-

496 3038 679 3094 gercm
705 3043 724 3076 ›
773 3023 959 3094 (verba
1013 3033 1138 3078 sunt
1192 3025 1426 3079 auctoris
1481 3025 1533 3078 in
1572 3023 1788 3077 laudata
1828 3023 1986 3093 epist.
2016 3021 2070 3093 5)

499 3134 520 3166 ι
555 3124 649 3170 aut
678 3115 971 3178 irritarent,
1002 3121 1056 3168 et
1081 3122 1138 3167 ut
1163 3113 1462 3184 expellendi
1502 3129 1589 3169 me
1635 3113 1942 3168 invenirent
1973 3127 2072 3167 oc-

497 3206 790 3262 casionem.
830 3224 849 3257 »
903 3205 1147 3261 Duobus'
1189 3205 1344 3260 annis
1392 3214 1448 3260 et
1495 3205 1717 3259 dimidio
1763 3203 2073 3274 hujusmodi

495 3295 927 3364 persecutionem
952 3295 1237 3365 episcopus
1264 3294 1507 3365 pertulit.

570 3389 657 3444 18.
697 3387 844 3441 inter
882 3388 996 3442 haec
1035 3385 1151 3458 Ugo
1182 3397 1562 3458 opportunam,
1587 3403 1748 3458 quam
1781 3388 2075 3458 quaerebat,

498 3478 800 3550 expellendi
829 3480 1064 3550 episcopi
1097 3488 1151 3534 et
1187 3481 1238 3533 in
1274 3494 1550 3534 carcerem
1579 3478 1896 3535 detrudendi
1918 3493 2077 3534 occa-

498 3572 702 3626 sionem
741 3581 934 3627 uactus
972 3581 1076 3628 est.
1116 3571 1302 3628 Plures
1338 3573 1392 3627 in
1435 3573 1586 3627 Italia
1619 3582 1805 3629 contra
1838 3572 2079 3644 Ugonem

502 3666 645 3720 male
702 3675 860 3720 erant
913 3667 1156 3721 animati.
1217 3667 1354 3722 Hinc
1406 3667 1766 3722 revocandum
1823 3674 2082 3737 putarunt

499 3754 790 3810 llodulfum
831 3755 876 3809 ll
921 3771 1103 3825 regem
1139 3757 1498 3827 Burgundiae,
1532 3756 1621 3825 qui
1655 3757 1931 3825 aliquanto
1959 3764 2084 3810 ante

499 3842 686 3898 Italico
709 3857 876 3914 regno
894 3844 1137 3912 privatus
1157 3843 1334 3898 fuerat
1357 3844 1671 3916 (Lw'rptutv.
1701 3845 1739 3896 ι.
1770 3860 1850 3910 tu,
1881 3861 1929 3897 c.
1970 3845 2079 3914 l3).

501 3930 560 3985 ld
589 3947 712 3988 cum
753 3933 1128 4003 praesensisset
1175 3933 1318 4004 Ugo,
1352 3933 1575 3988 directis
1597 3933 1664 3987 ad
1693 3932 1981 3988 Rodulfum
2010 3933 2085 3987 le-

503 4028 677 4098 gatis,
721 4035 777 4081 et
809 4026 1080 4081 nonnullis
1109 4025 1436 4102 ditionibus‘,
1471 4041 1606 4094 quas
1637 4025 1856 4080 tenebat
1880 4025 1932 4078 in
1953 4023 2088 4078 Pro-

504 4119 704 4186 vincia,
738 4119 912 4174 eidem
961 4117 1219 4183 dimissis,
1264 4116 1366 4172 sibi
1418 4118 1486 4172 ab
1525 4130 1590 4170 eo
1642 4116 1775 4170 satis
1811 4113 1878 4169 de
1921 4129 2086 4186 regno

504 4207 689 4262 Italico
725 4206 888 4262 cavit.
931 4205 1100 4260 Paulo
1132 4215 1253 4274 post
1298 4204 1638 4260 Veronenses
1684 4203 1848 4274 Ugoni
1889 4202 2087 4258 infensi

506 4297 828 4365 Arnoldum,
853 4312 968 4363 seu,
999 4306 1059 4352 ut
1080 4295 1170 4350 alii
1196 4295 1490 4366 appellant,
1517 4294 1798 4350 Arnolfum
1825 4291 2087 4362 Bajoarite

507 4397 566 4444 et
604 4388 902 4444 Carinthia:
939 4388 1132 4444 ducem
1170 4396 1486 4443 evocarunt.
1531 4386 1680 4442 Hanc
1727 4386 2083 4442 rebellionem

508 4479 744 4536 factione
803 4480 1020 4550 quidem
1070 4479 1440 4535 archidiaconi
1495 4487 1551 4534 et
1581 4479 1710 4534 cleri
1737 4478 2080 4542 Veronensis,

511 4562 674 4646 atque
715 4574 1073 4646 quorumdam
1117 4574 1499 4644 primariorum
1535 4572 1769 4629 civitatis
1795 4571 2084 4628 conflatam

519 4667 691 4736 liquet
723 4681 790 4720 ex
822 4664 1064 4720 Batherii
1111 4663 1336 4735 epistola
1372 4665 1439 4718 ad
1482 4662 1745 4718 Ursonem
1776 4661 2083 4727 diaconum,

513 4757 771 4810 insertam
803 4754 941 4809 libro
975 4753 1395 4824 Praeloquiorum
1422 4753 1613 4817 tertio,
1643 4769 1791 4806 num.
1817 4752 1906 4806 27.
1938 4751 2088 4806 Milo-

514 4862 636 4903 nem
668 4855 848 4902 autem
873 4846 1126 4901 comitem
1153 4855 1210 4900 et
1232 4844 1546 4900 Ratherium
1578 4844 1887 4914 episcopum
1915 4843 2092 4898 rebel-

518 4938 682 4994 lionis
717 4938 895 5010 capita
939 4953 969 4992 a
1016 4937 1352 5008 Liutprando
1380 4937 1697 5003 traduntur;
1733 4936 1921 4991 scribit
1945 4935 2088 4990 enim

511 5030 811 5086 Arnoldum
846 5030 1112 5101 Bajoaria:
1157 5032 1368 5098 ducem,
1408 5030 1648 5100 quicum
1695 5029 1933 5084 exercitu
1973 5028 2092 5082 Tri~

513 5121 788 5176 dentinam
821 5121 1121 5176 marchiam
1165 5122 1579 5192 pet-transierat,
1615 5119 1885 5175 Veronam
1922 5132 2092 5187 usque

513 5216 824 5286 pervenisse
865 5217 1112 5288 (Lwrrn.
1143 5218 1239 5283 ib.,
1277 5234 1324 5270 c.
1380 5217 1492 5286 M),
1551 5235 1569 5268 ι
1623 5217 1675 5270 in
1722 5232 1827 5286 qua
1872 5231 1902 5271 a
1951 5214 2100 5270 Milo-

1224 5305 1263 5318 ﬂ

2169 486 2313 526 anno
2329 471 2434 527 9‘24
2450 471 2631 540 aliqua
2655 487 2863 526 summa
2893 480 3162 542 potestate
3184 473 3536 542 fungebatur;
3567 459 3751 528 Flam-

2168 562 2381 618 bertum
2436 561 2581 616 enim
2629 562 2704 633 (1)
2747 562 3104 618 sculdascium
3169 562 3288 632 ejus
3345 563 3752 620 interfectorem

2170 650 2382 723 (Ibid),
2416 671 2434 702 i
2468 651 2627 721 eique
2658 660 2765 706 tam
2815 653 2866 706 in
2916 651 3123 706 nefario
3149 653 3352 707 scelere
3379 655 3753 718 cunniventes.

2168 742 2221 796 vi
2270 751 2459 812 captos
2503 744 2791 813 suspendio
2840 744 3003 798 vitam
3051 744 3205 799 linire
3257 747 3530 816 przccepil.
3566 766 3584 799 1
3640 747 3755 802 Hoc

2172 841 2414 903 tempore
2466 834 2607 888 idem
2661 834 2784 888 Milo
2815 833 2972 907 [xui]
3003 851 3186 892 comes
3216 835 3545 892 Veronensis
3586 837 3756 895 fuisse

2172 923 2340 979 videri
2383 932 2559 993 potest
2596 924 2836 994 (DIONYS.
2887 925 2953 978 de
2982 925 3182 979 duobus
3217 942 3296 995 ep.
3327 943 3378 996 ι).
3410 926 3555 997 1οῗ).
3587 927 3754 983 Codi-

2170 1013 2308 1070 cillis
2341 1030 2469 1070 vero
2499 1013 2744 1070 Notherii
2775 1017 3011 1087 episcopi
3036 1033 3124 1071 an.
3163 1017 3266 1072 927
3293 1019 3409 1072 sine
3453 1019 3560 1073 ullo
3583 1021 3756 1075 comi-

2172 1104 2239 1160 tis
2271 1106 2448 1170 titulo,
2476 1106 2573 1161 sed
2600 1115 2728 1161 ante
2754 1107 3030 1162 seavinum
3050 1115 3111 1161 et
3133 1106 3370 1177 judicem
3397 1109 3751 1180 subscripsit;

2171 1210 2236 1250 ac
2281 1203 2542 1266 prmterea
2593 1197 2732 1250 inter
2775 1205 2935 1251 testes
2975 1198 3204 1251 refertur
3244 1196 3549 1268 Sigibaldus
3574 1217 3754 1254 vanus

2174 1288 2420 1354 Milonis,
2473 1289 2612 1344 sicut
2639 1289 2690 1344 in
2723 1287 2960 1357 eiusdem
3001 1287 3242 1343 Notherii
3270 1297 3596 1344 testamento
3625 1292 3756 1346 anni

2170 1379 2275 1434 922
2318 1388 2441 1450 post
2488 1379 2843 1451 lngelfredum
2897 1388 3026 1434 tunc
3059 1379 3284 1435 Veronae
3320 1381 3573 1435 comitem
3613 1381 3758 1436 inter

2173 1479 2339 1527 testes
2392 1471 2680 1542 Ingelfredi
2723 1488 2902 1526 cassus
2946 1471 3278 1526 nominatur.
3328 1471 3382 1525 In
3431 1472 3756 1526 documento

2172 1563 2296 1618 anni
2344 1562 2447 1619 99.9
2475 1563 2590 1632 ipse
2629 1561 2754 1617 Milo
2783 1562 2884 1616 etsi
2917 1561 3069 1616 titulo
3097 1561 3310 1616 comitis
3338 1561 3546 1630 pariter
3573 1570 3754 1627 caret,
3778 1574 3780 1576 '

2173 1655 2354 1709 tamen
2379 1671 2558 1708 vassus
2589 1654 2757 1723 regius
2794 1653 2992 1708 dicitur
3019 1651 3294 1720 (BIANCOL.
3321 1632 3412 1706 De
3436 1667 3566 1705 rese.
3591 1667 3619 1704 e
3637 1667 3754 1720 9ου.

2174 1746 2228 1799 di
2263 1743 2484 1808 Verona,
2519 1760 2571 1814 p.
2601 1742 2726 1813 120)
2753 1760 2765 1797 :
2796 1742 2937 1812 quod
2970 1743 3298 1813 ptmcipuam
3329 1741 3379 1794 in
3417 1755 3482 1796 eo
3502 1740 3757 1794 nobilita-

2176 1845 2283 1890 tem
2311 1835 2570 1891 deelarat.
2603 1835 2736 1889 Cum
2766 1849 2928 1904 porro
2962 1833 3263 1888 Aruoldum
3287 1843 3474 1887 contra
3507 1831 3755 1902 ligonem

2173 1931 2406 1994 vocavit,
2449 1930 2560 2000 jam
2612 1927 2931 2000 dignitatem
2983 1926 3198 1980 comitis
3243 1924 3570 1979 Veronensis
3604 1933 3754 1978 certo

2175 2021 2382 2075 certius
2423 2019 2723 2085 obtinebat,
2771 2033 2880 2088 quo
2929 2017 3147 2072 nomine
3193 2016 3333 2070 inter
3382 2015 3586 2084 primos
3631 2024 3755 2069 erat

2175 2109 2338 2166 ltalici
2391 2109 2562 2178 regni,
2591 2117 2644 2164 et
2689 2108 2962 2164 civitatem
2988 2120 3197 2160 summa
3227 2113 3492 2175 potestate
3525 2104 3756 2157 admini-

2173 2204 2399 2258 strabat.
2432 2200 2566 2255 l-luic
2591 2213 2752 2269 porro
2773 2198 2898 2268 quid
2921 2198 2974 2252 in
3006 2212 3070 2252 ea
3096 2204 3283 2252 contra
3310 2193 3548 2262 Ugonem
3581 2192 3754 2248 rebel-

2177 2291 2320 2345 lione
2347 2289 2627 2353 acciderit,
2659 2284 3020 2356 Liutprandus
3043 2283 3316 2339 memoria:
3336 2282 3591 2352 prodidit.
3617 2280 3752 2335 Cum

2177 2383 2316 2436 idem
2343 2396 2458 2446 rex,
2490 2379 2580 2450 qui
2611 2379 2790 2448 Papia:
2821 2377 3003 2432 sedem
3043 2374 3298 2436 habebat,
3323 2372 3560 2426 audisset
3585 2371 3758 2426 Vero‘

2177 2489 2262 2527 na:
2294 2472 2591 2526 Arnoldum
2623 2470 2789 2524 fuisse
2815 2476 3121 2538 receptum;
3183 2485 3202 2518 ε
3231 2465 3457 2522 collecto
3485 2463 3749 2526 exercitu,

2176 2561 2353 2629 inquit
2383 2560 2492 2623 ille,
2513 2559 2575 2612 ei
2604 2558 2818 2613 obviam
2857 2558 3043 2611 tendit.
3072 2558 3315 2624 Cumque
3343 2555 3529 2609 eodem
3563 2568 3754 2623 pervc-

2176 2651 2363 2711 nisset,
2403 2657 2459 2703 et
2487 2648 2856 2712 caballicatas,
2883 2654 2942 2700 ut
2973 2641 3133 2710 vulgo
3168 2647 3338 2706 aiunt,
3367 2646 3570 2698 circum
3597 2644 3748 2698 circa

2176 2739 2469 2809 dirigeret,
2504 2735 2874 2805 Bajoariorum
2897 2736 3140 2806 quaedam
3164 2749 3289 2805 pars
3319 2749 3422 2788 non
3445 2734 3665 2788 minima
3687 2734 3758 2788 de

2177 2839 2356 2885 castro
2377 2827 2636 2883 vocabulo
2663 2827 3008 2896 Gauseningo
3036 2824 3322 2895 egrediens
3340 2865 3353 2889 ,
3383 2839 3505 2878 cum
3538 2824 3755 2877 Italicu-

2176 2922 2324 2976 sibus
2355 2933 2598 2990 pugnare
2623 2918 2808 2988 cmpit.
2836 2937 2855 2969 1
2880 2916 3199 2986 Gauselingo
3225 2914 3446 2970 forsitan
3473 2913 3756 2985 legendum

2175 3027 2275 3083 pro
2321 3025 2385 3066 co
2413 3010 2551 3076 loco,
2579 3009 2669 3080 qui
2711 3011 2762 3064 in
2795 3010 2982 3064 charta
3008 3007 3133 3061 anni
3163 3005 3268 3060 825
3291 3003 3593 3075 Gusilingus
3623 3005 3756 3059 dici-

2178 3112 2285 3168 tur,
2313 3110 2366 3157 et
2393 3117 2534 3156 nunc
2561 3097 2881 3170 Gussolengo
2911 3097 3210 3168 appellatur
3252 3095 3493 3167 (DIONYS.
3530 3093 3751 3163 Apolog.

2175 3193 2363 3263 ri/less.
2387 3207 2438 3261 p.
2470 3189 2560 3260 53)
2595 3207 2607 3242 :
2640 3189 2767 3244 hinc
2799 3189 2941 3242 enim
2976 3186 3132 3242 facile
3163 3195 3352 3241 contra
3376 3170 3577 3252 Ugonis
3601 3197 3756 3236 exer-

2177 3287 2343 3341 citum
2371 3299 2401 3340 e
2429 3283 2592 3354 Papia
2632 3281 2862 3351 aliisque
2899 3280 3099 3335 Italicis
3129 3278 3356 3333 urbibus
3381 3275 3756 3332 advenientem

2179 3374 2540 3438 contenditur,
2590 3388 2695 3427 non
2739 3386 2867 3426 vero
2916 3385 2983 3425 ex
3023 3383 3086 3423 eo
3128 3377 3330 3434 castro,
3356 3367 3497 3438 quod
3533 3373 3760 3419 vocatur

2182 3467 2453 3535 Ossem’go,
2503 3472 2557 3518 et
2586 3463 2640 3518 in
2689 3461 3002 3517 memoratis
3041 3457 3282 3514 Notherii
3327 3455 3593 3535 codicillis
3629 3453 3762 3507 anni

2179 3558 2282 3613 927
2331 3533 2438 3611 non
2489 3552 2819 3623 Gauseningo
2858 3551 3136 3614 scribitur,
3170 3549 3266 3603 sed
3296 3533 3590 3610 Ursamcoj
3615 3543 3762 3612 quod

2183 3657 2419 3704 castrum
2456 3661 2578 3702 cum
2634 3653 2782 3698 trans
2826 3641 3070 3696 Athesim
3112 3641 3274 3695 s'it'um
3307 3638 3400 3702 sit,
3436 3645 3491 3691 et
3526 3636 3594 3689 ad
3641 3635 3762 3689 Tri-

2185 3742 2409 3795 dentum
2431 3745 2638 3806 vergat,
2673 3734 2872 3790 isthinc
2899 3733 3159 3786 adversus
3192 3717 3490 3785 exercitum
3520 3741 3587 3780 ex
3618 3725 3764 3780 itali-

2185 3832 2264 3885 cis
2290 3829 2515 3884 urbibus
2541 3829 2807 3882 Veronam
2835 3825 2914 3880 cis
2934 3823 3179 3878 Athesim
3206 3821 3547 3877 accedentem
3575 3817 3644 3872 ab
3670 3832 3760 3882 eo,

2186 3920 2275 3989 qui
2312 3919 2532 3972 Verona:
2562 3915 2894 3986 imperabat,
2923 3915 3122 3969 milites
3161 3913 3433 3966 immissos
3463 3925 3620 3965 nemo
3646 3925 3764 3965 cre-

2187 4007 2402 4062 diderit.
2434 4006 2621 4075 Pugna
2645 4021 2774 4060 vero
2788 4004 3157 4073 Bajoariorum
3181 4017 3303 4056 cum
3333 4000 3470 4054 male
3493 4001 3762 4062 cessisset,

2193 4117 2212 4150 ‹
2249 4097 2521 4152 Arnoldus
2549 4099 2657 4151 dux
2682 4113 2788 4151 non
2819 4111 2984 4166 parva
3015 4104 3098 4149 est
3125 4093 3441 4149 confusione
3482 4094 3717 4162 repletus
3748 4109 3763 4150 :

2188 4193 2330 4248 unde
2367 4191 2569 4246 factum
2598 4198 2701 4255 est,
2727 4197 2787 4244 ut
2813 4188 3038 4244 consilio
3068 4199 3288 4257 accepto
3315 4187 3565 4241 Milonem
3591 4190 3768 4242 comi-

2190 4293 2298 4338 tem
2341 4281 2500 4336 vellet
2547 4295 2761 4350 capere,
2814 4288 2975 4348 atque
3024 4276 3174 4332 Italia
3206 4276 3462 4332 derelicta
3511 4275 3658 4331 illum
3713 4279 3766 4332 in

2188 4371 2490 4441 Bajoariam
2535 4371 2734 4425 ducere
2753 4411 2768 4435 ,
2801 4377 3067 4439 quatenus
3098 4379 3347 4438 reparato
3374 4367 3610 4421 exercitu
3640 4382 3765 4421 cum

2190 4481 2255 4524 eo
2279 4467 2474 4521 iterum
2519 4462 2697 4518 redire
2731 4468 2940 4530 posset;
2984 4459 3128 4528 quod
3158 4457 3406 4512 Milonem
3431 4472 3537 4511 non
3571 4455 3764 4510 latuit:

2194 4559 2288 4632 qui
2322 4555 2551 4612 diversis
2577 4551 2994 4625 cogitationibus
3016 4560 3270 4614 aestuans,
3303 4550 3431 4619 quid
3460 4558 3643 4619 ageret
3676 4565 3770 4620 pc-

2194 4653 2342 4707 nitus
2366 4646 2667 4718 ignorabat.
2704 4644 2944 4715 Ugonem
2969 4658 3149 4715 regem
3181 4642 3357 4711 plane,
3388 4651 3444 4696 ut
3476 4649 3765 4705 meruerat,

2199 4743 2353 4797 adire
2385 4737 2779 4794 timebat:cum
2814 4735 3054 4790 Arnoldo
3085 4750 3212 4789 vero
3243 4736 3295 4787 in
3321 4731 3627 4802 Bajoariam
3645 4731 3763 4785 duci

2197 4849 2304 4890 non
2352 4831 2524 4887 solum
2579 4836 2832 4892 mortem,
2887 4827 2980 4882 sed
3035 4825 3301 4880 iufcrmun
3357 4824 3597 4892 putabat.
3657 4821 3768 4876 Hac

2198 4925 2385 4994 itaque
2416 4922 2468 4976 in
2501 4918 2873 4987 ambiguitate,
2911 4914 3090 4988 [xuii]
3131 4916 3385 4984 quoniam
3417 4927 3595 4982 regem
3629 4909 3767 4979 Ugo-

2197 5032 2322 5073 nem
2357 5015 2466 5071 cito
2519 5010 2889 5068 misericordia
2920 5017 3146 5064 noverat
3170 5005 3411 5061 inclinari
3431 5045 3444 5069 ,
3475 5001 3764 5057 Arnoldum

2202 5108 2416 5179 iugere,
2469 5111 2525 5159 et
2576 5102 2643 5156 ad
2691 5116 2814 5157 eum
2865 5100 3131 5155 deliberat
3172 5095 3387 5150 tendere
3430 5089 3765 5163 (Liutprand.

2201 5201 2377 5272 ibid).
2416 5219 2434 5253 ι
2463 5196 2619 5252 Hunc
2643 5195 2781 5250 forte
2809 5201 2866 5246 ut
2894 5189 3222 5246 dctnulccrct
3244 5188 3453 5258 sibique
3481 5183 3766 5254 pr0pitium

2589 5297 2606 5318 ι
2637 5295 2688 5318 ..ο
2721 5285 2889 5318 fnum:-
2918 5296 3046 5318 cnnc
3077 5280 3426 5318 nurnilinnorn
3460 5292 3580 5318 num
3609 5274 3770 5318 ‘39.!!!-

2207 5295 2448 5318 ..-.I.I-..nl
2501 5295 2580 5318 Αηῖ
