4038 5388
227 307 290 361 tt
476 264 484 270 ’
1248 292 1779 352 PROLEGOMENA.
1821 322 1890 332 -
1930 289 2253 344 RATIIERII
2295 289 2471 344 rm.
3421 297 3493 354 η

227 417 401 471 duxit.
441 436 456 464 ι
504 413 625 484 lpse
649 421 826 466 autem
863 424 1046 465 comes
1077 408 1203 462 Milo
1251 423 1374 463 cum
1419 406 1606 476 ligone
1641 403 1824 459 conci—
1857 408 1898 465 Α
1933 411 2039 453 tem
2063 401 2130 454 ob
2144 402 2539 455 conniventiatn
2559 411 2608 454 ct
2624 402 3028 471 obsequentium
3045 419 3108 458 ac
3125 407 3499 464 necessitatem

224 509 390 562 liatus
415 507 708 575 pristinam
736 504 1052 572 dignitatem
1084 500 1328 554 retinuit.

298 599 388 652 i9.
431 598 555 652 Alia
609 611 830 666 prorsus
881 593 979 646 fuit
1029 591 1271 645 Ratherii
1322 589 1556 659 episcopi
1587 593 1819 641 lortuna.

237 707 253 737 ι
288 689 412 753 Quo
424 685 710 756 (Aruoldol
725 683 1056 744 discedente,
1073 681 1221 735 addit
1243 679 1630 748 Liutprandus,
1652 675 1823 744 Ugoni

232 778 342 846 regi
397 792 526 830 mox
577 784 772 830 emtas
810 773 1072 838 redditur,
1133 786 1187 825 et
1238 769 1532 824 Ratbcrius
1582 765 1822 834 ejusdem

233 869 476 923 civitatis
521 868 808 936 episcopus
862 867 930 919 ab
967 880 1033 919 eo
1067 873 1278 932 captus,
1329 860 1509 931 Papiae
1551 859 1603 912 in
1634 857 1824 913 exsilio

235 961 530 1030 relegatur.
570 979 591 1010 ι
625 957 760 1012 [line
785 958 837 1011 in
858 955 1085 1027 epistola
1110 956 1164 1022 5,
1194 954 1258 1008 ad
1289 953 1551 1008 Joannem
1603 950 1822 1020 pontiﬁ-

234 1066 372 1114 cem,
429 1067 581 1103 num.
615 1050 669 1114 4,
719 1049 952 1118 aliquam
996 1046 1213 1116 quidem
1260 1059 1412 1098 suam
1450 1043 1662 1112 culpam
1701 1043 1827 1097 huic

208 1112 535 1196 ⁸ρειιςιιιιίωιί
554 1156 776 1195 causam
799 1140 1010 1194 dedisse
1032 1139 1128 1204 ait,
1156 1137 1406 1192 rebellem
1435 1152 1562 1191 vero
1585 1137 1826 1189 animum

236 1242 288 1284 et
320 1231 498 1302 Ugoni
526 1230 820 1296 infensum,
844 1245 952 1299 quo
981 1229 1201 1283 nomine
1237 1228 1289 1282 in
1317 1234 1522 1280 tantam
1550 1225 1823 1280 miseriam

236 1323 625 1386 deduceretur,
671 1323 772 1376 sibi
819 1321 986 1375 fuise
1035 1320 1266 1374 inticiari
1317 1319 1544 1372 videtur.
1589 1335 1608 1368 ι
1652 1317 1826 1384 Coepit

239 1427 322 1465 me
363 1411 505 1481 Ugo,
559 1412 781 1466 retrusit
835 1411 887 1463 in
929 1409 1230 1465 custodiam
1276 1409 1328 1462 in
1368 1408 1602 1477 quadam
1648 1407 1828 1476 Papia:

241 1501 528 1566 turricula,
570 1517 678 1556 non
725 1502 847 1556 dico
897 1501 1014 1556 sine
1044 1499 1148 1554 mei
1179 1498 1359 1568 culpa,
1388 1499 1480 1566 qui
1507 1498 1650 1551 enim
1686 1498 1829 1552 inter

239 1593 372 1647 talia
403 1592 598 1648 saltem
627 1593 682 1647 in
704 1592 870 1647 verbo
898 1607 1004 1647 non
1031 1591 1285 1657 offendit,
1331 1590 1419 1645 hic
1446 1590 1718 1660 perfectus
1744 1599 1830 1646 est

238 1684 319 1738 vir
355 1701 369 1749 ;
399 1686 497 1740 sed
523 1693 711 1739 contra
740 1684 910 1755 legem
939 1684 1010 1738 ita
1039 1685 1153 1738 haec
1186 1684 1328 1753 egit,
1375 1692 1432 1737 et
1457 1683 1577 1738 sine
1605 1683 1830 1737 audien-

1929 494 2608 562 quamdamdescendisse.
2658 495 2840 564 Neque
2883 506 3098 551 moveat
3123 499 3502 570 Liutprandus,

1927 583 2016 650 qui
2046 583 2170 635 dum
2195 582 2512 636 Rathcrinm
2533 599 2685 652 atque
2704 600 2766 639 ac
2779 585 3027 641 Milonem
3042 574 3296 644 comitem
3319 594 3495 648 rebel-

1925 671 2084 726 lionis
2126 672 2420 741 principem
2454 674 2709 742 prodidit,
2748 676 3016 747 vulgatam
3048 679 3248 734 famam
3289 694 3509 738 secutus
3538 711 3540 714 -

1927 769 2029 826 est,
2074 777 2237 830 quant
2283 761 2446 817 invidi
2494 774 2825 833 sparserunt.
2881 767 3005 823 Ha‘e
3033 771 3250 839 quidem
3280 774 3434 844 culpa
3463 780 3508 831 si

1929 862 2077 906 certa
2107 851 2324 916 fuisset,
2355 855 2536 907 statim
2560 865 2678 924 post
2707 855 2908 926 Ugonis
2931 859 3216 915 victoriam
3237 875 3430 932 captus
3457 877 3514 919 et

1929 943 1982 997 in
2015 958 2296 998 carcerem
2335 944 2523 999 fuisset
2551 945 2835 1001 deductus.
2869 946 3020 1003 Tunc
3067 965 3217 1014 vero,
3261 955 3430 1008 enini;
3453 967 3542 1009 ut-

1929 1047 2043 1090 erat
2076 1035 2229 1106 culpa
2257 1035 2511 1106 (Prwloq.
2545 1037 2580 1089 l.
2611 1053 2692 1103 Ill,
2728 1055 2782 1091 n.
2823 1038 2937 1111 27),
2965 1056 3072 1094 non
3101 1042 3153 1096 in
3175 1043 3511 1114 episcopum.

1930 1129 2024 1183 sed
2059 1131 2110 1181 in
2135 1128 2339 1182 clerum
2371 1136 2428 1183 et
2458 1130 2756 1198 pracipuos
2783 1131 3022 1186 civitatis
3043 1134 3240 1202 rejecta
3271 1145 3386 1202 est;
3415 1153 3517 1192 nec

1931 1227 2044 1272 tota
2073 1218 2226 1272 ruina
2251 1219 2306 1272 in
2340 1219 2582 1274 liatberii
2615 1231 2774 1289 caput
2803 1223 3020 1286 decidit,
3055 1225 3155 1276 nisi
3187 1235 3306 1292 post
3333 1227 3515 1295 scrip-

1935 1318 2044 1362 tam
2068 1310 2359 1378 quamdam
2393 1310 2702 1379 epistolam,
2731 1309 2882 1379 cujus
2910 1313 3024 1382 ipse
3052 1323 3242 1370 auctor
3263 1324 3319 1370 et
3350 1319 3520 1372 totius

1930 1399 2222 1454 moliminis
2249 1399 2498 1455 incentor
2539 1401 2817 1459 traductus
2848 1404 2972 1458 fuit.

2002 1490 2092 1544 20.
2133 1491 2245 1547 Hoc
2274 1492 2483 1562 insigne
2506 1493 2729 1561 factum,
2752 1510 2818 1550 ex
2840 1497 3247 1566 quocalamita-s
3273 1501 3520 1556 Ratherii

1933 1593 2222 1640 consecuta
2248 1594 2352 1650 est,
2401 1602 2468 1640 ex
2509 1587 2681 1656 ipsius
2722 1589 2999 1657 operibus,
3031 1591 3084 1644 in
3115 1593 3309 1661 quibus
3333 1593 3514 1664 plura,

1936 1679 2150 1732 tametsi
2175 1677 2456 1747 aliquanto
2481 1679 2784 1745 obscurius,
2813 1681 2900 1736 hic
2924 1681 3032 1738 illic
3058 1685 3286 1752 sparsim
3309 1687 3517 1756 attigit,

239 1775 337 1827 ua.
373 1774 529 1829 Dicat,
557 1775 646 1829 hic
683 1776 912 1846 quisque
941 1779 1085 1846 (μιοά
1128 1777 1272 1831 vote;
1305 1795 1318 1830 ε
1347 1777 1654 1831 temerariis
1684 1778 1827 1831 enim
1863 1761 1906 1818 Β
1932 1785 2124 1824 eruere
2149 1787 2211 1825 ac
2245 1771 2299 1824 in
2330 1771 2642 1827 historicam
2684 1774 2880 1828 seriem
2912 1775 3156 1845 digerere
3179 1779 3520 1832 conabimur.

235 1864 463 1932 judiciis
483 1864 641 1934 juxta
677 1866 1036 1936 Augustinum
1065 1867 1221 1937 plena
1261 1879 1386 1922 sunt
1415 1868 1620 1923 omnia.
1651 1868 1832 1923 Conti-

243 1968 364 2012 teor
392 1972 544 2022 vero,
593 1972 660 2012 ex
711 1972 819 2027 quo
871 1973 994 2012 eum
1035 1960 1284 2029 primitus
1328 1960 1470 2024 vidi,
1509 1975 1679 2029 usque
1706 1961 1830 2014 dum

243 2049 524 2103 hominem
579 2050 751 2114 exuit,
798 2064 1014 2120 semper
1049 2066 1135 2105 me
1185 2050 1472 2105 Theodosii
1521 2049 1832 2106 felicitatem

243 2140 596 2211 imperatoris
627 2140 702 2196 illi
727 2151 950 2210 optasse
972 2183 984 2205 ,
1025 2149 1080 2196 et
1105 2141 1284 2196 adhuc
1311 2143 1430 2212 ejus
1459 2143 1835 2198 recordatione

245 2248 336 2289 me
365 2234 609 2305 graviter
641 2232 778 2289 allici
805 2234 1010 2289 dolore.
1051 2253 1068 2285 ι
1098 2233 1222 2288 llzec
1256 2234 1462 2304 scripta
1491 2249 1597 2288 non
1621 2235 1836 2289 vivente

249 2323 439 2395 Ugone
458 2365 473 2389 ,
516 2325 610 2380 sed
646 2334 771 2395 post
803 2323 926 2393 ejus
953 2334 1180 2379 mortem
1216 2324 1394 2395 magni
1423 2322 1663 2380 facienda
1690 2333 1833 2378 sunt.

249 2415 570 2470 Temeritati
608 2414 942 2484 judiciorum
995 2414 1162 2470 refert
1195 2416 1515 2470 attributum
1563 2415 1665 2470 sibi
1699 2430 1840 2469 verte

252 2507 569 2562 rebellionis
590 2507 800 2562 crimen
818 2507 874 2561 in
891 2505 1157 2578 Ugonem,
1189 2521 1348 2574 quem
1388 2520 1602 2576 semper
1627 2505 1834 2572 dilexit,

251 2599 456 2668 cuique
505 2614 720 2669 semper
744 2599 927 2654 omnia
959 2612 1214 2668 prospera
1246 2598 1522 2668 appetivit.
1569 2597 1841 2665 Quaeritur

253 2688 462 2742 nullam
514 2688 615 2744 sibi
661 2688 845 2742 datam
893 2686 1246 2751 audientiam,
1298 2702 1404 2756 qua
1441 2702 1623 2741 rerum
1655 2687 1752 2743 abs
1780 2703 1839 2743 se

251 2786 530 2848 gestarum
585 2779 855 2833 rationem
900 2777 1170 2833 redderet.
1222 2776 1466 2847 Culpam,
1497 2792 1598 2848 qua
1627 2792 1686 2834 se
1731 2793 1838 2834 non

251 2869 403 2922 omni
448 2883 514 2921 ex
549 2877 704 2937 parte
723 2878 912 2923 carere
935 2866 1202 2938 agnoscit,
1233 2867 1376 2922 inter
1401 2867 1546 2922 leves
1573 2876 1836 2934 recenset,

251 2959 320 3014 de
372 2959 574 3029 quibus
622 2959 859 3015 Jac-obus
879 2960 955 3014 ait
990 2978 1002 3012 :
1036 2959 1141 3026 Qui
1176 2976 1279 3014 non
1327 2961 1542 3030 offendit
1577 2963 1633 3016 in
1666 2963 1836 3027 verba,

249 3049 337 3101 hic
365 3050 643 3119 perfectus
685 3059 761 3104 est
803 3051 886 3104 vir
929 3049 1068 3121 (Jac.
1093 3065 1176 3115 tu,
1205 3051 1286 3120 2).
1319 3050 1432 3106 Hac
1473 3053 1662 3108 eadem
1687 3055 1753 3109 de
1780 3066 1840 3108 re

255 3137 425 3192 latius
477 3139 749 3194 disserens
796 3138 938 3194 libro
984 3155 1037 3194 tv
1069 3139 1489 3211 Praeloquiorum
1515 3144 1684 3212 (num.
1712 3141 1746 3196 5
1787 3151 1836 3196 et

255 3227 336 3295 7),
369 3242 536 3296 quem
568 3227 621 3282 in
661 3227 909 3298 Papiensi
939 3243 1158 3283 carcere
1183 3229 1418 3299 scripsit,
1461 3229 1836 3296 rebellionem,

254 3315 412 3384 cujus
436 3317 552 3387 ipse
583 3325 768 3373 auctor
795 3317 1131 3384 tradebatur,
1159 3320 1325 3374 meris
1351 3320 1653 3378 invidorum
1669 3322 1836 3377 cavil-

251 3407 556 3464 lationibus
605 3409 1015 3464 disseminatam
1063 3411 1263 3478 innuit,
1292 3412 1451 3482 eique
1491 3413 1840 3469 fundamento

252 3497 524 3560 innixam,
558 3516 578 3548 ι
631 3498 758 3567 quia
811 3513 935 3553 cum
980 3498 1435 3564 malefactoribus,
1470 3520 1489 3552 ι
1524 3502 1840 3572 inqmebant

253 3601 404 3641 num.
434 3589 466 3642 7
494 3588 569 3656 (id
592 3596 693 3653 est,
725 3605 850 3644 cum
877 3587 1273 3646 Veronensibus
1317 3591 1630 3646 rebellionis
1656 3601 1840 3646 aucto-

257 3677 433 3752 ribus)
467 3696 485 3727 ι
525 3687 908 3745 comici-satus,
963 3689 1020 3734 et
1072 3679 1200 3735 dum
1249 3691 1534 3750 caperetur
1591 3682 1842 3736 inventus

255 3777 378 3822 est:
417 3788 436 3820 ι
472 3769 696 3838 perinde
716 3785 780 3824 ac
812 3771 858 3824 si
888 3770 1208 3840 episcopus,
1240 3779 1296 3824 ut
1323 3786 1537 3826 omnem
1577 3772 1842 3841 suSpicio-

258 3875 383 3915 nem
427 3859 724 3924 eximeret,
747 3859 990 3915 debuerit
1023 3860 1174 3915 exire
1195 3876 1266 3914 ex
1299 3863 1454 3926 urbe,
1488 3871 1544 3915 et
1566 3861 1633 3916 ad
1661 3877 1839 3932 regem

259 3951 637 4020 proﬁciscens,
690 3950 830 4006 ﬁlios
871 3952 1182 4020 proditores
1226 3950 1463 4006 deferre.
1506 3951 1660 4006 Hanc
1688 3969 1841 4007 suam

255 4057 384 4096 cum
426 4040 725 4096 rebellibus
773 4039 944 4113 [xuv]
977 4057 1180 4096 moram
1209 4042 1352 4096 bona
1382 4042 1681 4098 intentione
1714 4058 1846 4112 pur-

260 4143 351 4204 gat
376 4132 628 4188 Jeremiae
651 4132 921 4203 exemplo,
951 4151 968 4182 α
1005 4134 1096 4203 qui
1130 4149 1225 4203 per
1243 4134 1589 4190 charitatem.
1626 4145 1686 4190 ut
1714 4135 1844 4190 dicit

259 4222 323 4275 Β.
359 4221 676 4293 Gregorius,
729 4222 856 4276 dum
896 4222 1040 4277 cives
1093 4224 1160 4278 ab
1201 4225 1442 4296 ingressu
1493 4224 1715 4296 λεωριί
1734 4241 1843 4280 non

263 4315 436 4383 potuit
465 4314 742 4378 cohibere,
765 4313 972 4368 studuit
994 4314 1118 4369 illuc
1149 4331 1271 4370 cum
1295 4317 1375 4372 eis
1401 4328 1453 4372 et
1480 4318 1592 4387 ipse
1622 4319 1845 4373 descen-

264 4407 411 4460 dere.
450 4425 467 4456 ι
499 4405 564 4459 Et
606 4413 731 4474 post
777 4404 1076 4460 nonnulla:
1108 4426 1124 4457 ι
1158 4405 1394 4462 Cunctos
1437 4423 1504 4463 ne
1545 4423 1676 4479 ergo
1699 4407 1844 4477 judi-

266 4517 358 4556 cas
407 4501 774 4572 deponendos,
798 4501 891 4569 qui
940 4500 1163 4555 rebelles
1209 4501 1427 4571 regibus
1447 4503 1601 4557 cives
1619 4510 1673 4556 et
1709 4501 1845 4554 tilios

267 4607 379 4646 esse
413 4593 666 4655 scientes,
721 4606 827 4645 non
874 4605 968 4644 eos
1012 4599 1070 4644 ut
1121 4592 1441 4659 punirentur
1463 4592 1842 4661 prodiderunt;

268 4685 355 4738 sed
397 4694 586 4741 contra
630 4683 826 4738 missas
866 4682 946 4736 eis
989 4682 1253 4747 fecerunt,
1289 4681 1424 4737 ﬁlios
1451 4699 1640 4738 eorum
1668 4685 1847 4754 bapti-

269 4784 538 4836 zaverunt,
572 4773 1032 4842 praedicaverunt,
1074 4772 1530 4838 chrismaverunt,
1581 4776 1851 4842 pmniteu-

270 4865 390 4920 tiam
420 4865 787 4928 indulserunt,
839 4863 1362 4918 recouciliaverunt?
1408 4884 1426 4915 ι
1479 4864 1716 4919 Tandem
1773 4879 1852 4919 re-

267 4939 563 5023 sponsurus
593 4952 980 5022 objicientibus
1002 4951 1293 5006 Arnoldqu
1333 4970 1362 5008 a
1395 4969 1452 5008 se
1482 4954 1656 5023 palam
1682 4957 1848 5011 fuisse

263 5054 608 5114 susceptum,
658 5041 934 5111 exemplis.
982 5051 1291 5096 sanctorum
1343 5045 1571 5098 suadere
1624 5046 1856 5110 nititur,

265 5137 584 5166 nunn.lr.nun
628 5134 790 5166 l:nnnn
825 5134 876 5166 in
920 5135 1104 5166 llh‘lnl‘ll
1147 5133 1326 5166 ιιηοοηο
1365 5143 1414 5166 nl
1447 5136 1725 5166 :nIVHOAI-no
1763 5151 1822 5166 -Λ

1939 1860 2295 1917 Statuendum
2357 1863 2604 1933 inprimis
2643 1873 2726 1918 est
2783 1874 3016 1935 tempus,
3067 1868 3211 1937 quod
3254 1869 3308 1922 in
3356 1869 3522 1923 rebus

1940 1953 2216 2008 historicis
2246 1955 2482 2009 maxime
2513 1955 2829 2024 requiritur.
2860 1956 3063 2026 Ugonis
3088 1960 3370 2014 victoriam
3393 1976 3525 2015 con-

1940 2050 2020 2095 tra
2078 2042 2376 2096 Arnoldum
2421 2041 2738 2114 aﬂigendam
2790 2060 2934 2099 anno
2977 2046 3085 2102 955
3115 2047 3366 2104 dubitare
3413 2065 3522 2103 non

1939 2135 2066 2189 sinit
2094 2135 2542 2205 chronographus
2571 2137 3021 2208 Salisburgensis,
3063 2156 3223 2210 quem
3260 2142 3320 2195 P.
3353 2143 3518 2197 Ausi-

1939 2225 2055 2279 zins
2079 2225 2279 2278 laudat.
2303 2224 2578 2280 Udalberti
2605 2228 2748 2281 enim
2783 2227 3213 2300 Salisburgensis
3253 2233 3524 2302 archiepi-

1938 2317 2108 2386 scopi,
2137 2317 2228 2386 qui
2267 2317 2562 2372 Arnoldum
2593 2318 2854 2388 Bajoania:
2885 2321 3077 2376 ducem
3103 2323 3162 2377 in
3185 2322 3365 2378 Italica
3390 2339 3524 2379 con-

1942 2416 2020 2460 Ira
2075 2407 2314 2479 Ugonem
2360 2408 2707 2478 expeditione
2776 2423 2996 2466 secutus
3057 2411 3262 2479 fuerat,
3291 2425 3522 2471 mortem

1939 2497 2113 2551 eidem
2144 2511 2287 2551 anno
2305 2496 2506 2551 'Iribuit
2530 2498 2775 2553 scribens
2805 2519 2818 2553 :
2847 2499 2950 2565 Qui
2969 2502 3034 2555 de
3059 2503 3325 2557 incuriam
3349 2504 3525 2559 Italia:

1943 2591 2150 2644 rediens
2179 2589 2326 2644 obiit.
2355 2589 2414 2645 Si
2447 2605 2589 2645 anno
2615 2592 2721 2647 935
2745 2592 2878 2647 obiit
2905 2593 3263 2663 Udalbertus,
3299 2597 3391 2667 qui
3417 2597 3524 2651 Ar-

1941 2682 2088 2737 noldi
2142 2682 2422 2749 militiam,
2470 2684 2549 2738 uti
2597 2684 2820 2751 solebat,
2862 2701 3102 2754 secutus,
3145 2703 3272 2744 cum
3331 2690 3520 2746 eodem

1944 2772 2134 2841 utique
2171 2774 2234 2826 de
2280 2774 2546 2828 inuasione
2590 2773 2767 2829 Italiae
2817 2776 2995 2841 rediit,
3031 2777 3087 2830 in
3131 2777 3378 2833 eumdem
3405 2795 3530 2850 pro-

1943 2862 2084 2918 fecto
2111 2862 2258 2936 [ην]
2290 2880 2489 2918 annum
2519 2864 2723 2932 ligonis
2757 2866 2983 2920 victoria
3012 2865 3263 2922 incidisse
3297 2869 3523 2924 dicenda

1942 2964 2044 3010 est.
2069 2955 2383 3010 Ratherium
2399 2970 2528 3010 vero
2554 2956 2623 3011 ab
2651 2954 2836 3027 Ugone
2862 2957 3069 3012 victore
3097 2967 3311 3027 captum
3337 2973 3529 3014 mense

1942 3045 2239 3100 Februario
2282 3045 2455 3114 liquet
2504 3060 2572 3100 ex
2627 3045 2766 3101 libro
2814 3047 3052 3102 secundo
3096 3045 3541 3118 Prteloqnioru'm'

1945 3153 2093 3190 num.
2116 3137 2208 3201 Ἡ,
2234 3136 2323 3190 ubi
2346 3137 2632 3207 septimum
2658 3151 2918 3204 mensem,
2945 3138 2996 3192 id
3019 3148 3101 3193 est
3133 3137 3529 3208 Septembrem,

1943 3237 2180 3281 octavum
2201 3237 2359 3281 vocat
2390 3226 2455 3280 ab
2481 3226 2662 3296 hujus,
2683 3245 2801 3299 quae
2826 3243 2908 3282 me
2949 3229 3214 3299 deprimit,
3259 3229 3365 3283 into
3407 3245 3538 3283 erit--

1944 3318 2018 3370 dit
2039 3316 2356 3372 calamitatis
2391 3319 2702 3373 accessione.
2733 3319 3135 3390 Captivitatem,
3180 3335 3285 3390 qua
3313 3335 3530 3391 preme-

1943 3406 2106 3460 batur
2145 3400 2433 3478 intelligit,
2481 3416 2603 3477 post
2655 3424 2817 3479 quam
2866 3410 2910 3464 si
2950 3409 3273 3480 September
3325 3413 3530 3466 mensis

1944 3507 2062 3551 erat
2091 3508 2323 3564 octavus,
2354 3514 2417 3552 ea
2456 3499 2782 3568 praecedenti
2815 3498 3114 3552 Februario
3153 3499 3539 3554 inchoaverat.

1943 3585 2142 3641 Confer
2178 3587 2377 3640 ibidem
2411 3596 2582 3640 notas.
2619 3587 2768 3642 Dicm
2809 3602 3023 3656 quoque
3055 3587 3291 3655 ejusdem
3329 3591 3534 3644 mensis

1947 3680 2160 3733 tertiam
2204 3695 2272 3734 ex
2325 3680 2462 3734 libro
2505 3680 2930 3750 Prmloquiorum
2985 3682 3174 3751 quinto
3219 3682 3526 3756 colligimus

1945 3786 2095 3824 nunt.
2128 3770 2213 3824 12.
2248 3770 2318 3825 Se
2353 3772 2495 3826 enim
2522 3786 2586 3825 eo
2626 3780 2879 3838 tractatu,
2906 3773 3059 3843 cujus
3083 3788 3245 3828 causa
3285 3775 3532 3844 captivus

1946 3860 2138 3914 ductus
2162 3861 2279 3927 fuit,
2309 3861 2590 3932 deceptum
2623 3871 2851 3916 testatur
2876 3865 3134 3932 postridie
3165 3865 3282 3934 ejus
3302 3863 3429 3919 festi
3465 3863 3527 3917 Β.

1946 3950 2144 4014 Mariae,
2171 3966 2278 4021 quo
2307 3952 2407 4007 sibi
2435 3953 2574 4007 inter
2603 3953 2888 4007 missarum
2911 3953 3174 4008 solemnia
3198 3952 3348 4023 pacis
3372 3967 3532 4008 oscu-

1946 4043 2054 4097 lum
2078 4044 2262 4097 datum
2285 4044 2476 4098 fuerat.
2502 4044 2904 4100 Purilicat-iouis
2943 4046 3003 4100 Β.
3038 4045 3528 4104 Μῃτὶωΐρδιὶνίωε.

1947 4150 2066 4203 quae
2115 4135 2226 4189 sola
2276 4136 2328 4189 in
2376 4135 2732 4191 Februarium
2781 4153 3020 4193 mensem
3067 4139 3238 4199 cadit,
3269 4138 3531 4192 innuilur.

1947 4223 2212 4279 Postridie
2264 4225 2426 4295 igitur
2450 4225 2568 4295 ejus
2611 4225 2758 4292 festi,
2791 4228 2843 4281 id
2872 4237 2975 4294 est,
3009 4228 3094 4282 die
3127 4229 3281 4282 tertia
3326 4230 3533 4284 mensis

1947 4317 2261 4384 Februarii,
2306 4318 2464 4383 anui,
2497 4327 2556 4372 ut
2579 4319 2962 4387 probavimus,
2991 4318 3116 4386 955,
3148 4320 3235 4375 ille
3267 4329 3529 4375 tractatus

1949 4419 2030 4465 cst
2045 4410 2275 4473 habitus,
2295 4425 2400 4478 quo
2414 4410 2527 4479 ipse
2543 4409 2796 4480 deceptus
2815 4411 2866 4464 in
2889 4411 3256 4481 captivitatem
3277 4413 3526 4467 incurrit.

2017 4505 2106 4558 9.1.
2132 4505 2186 4559 ld
2202 4513 2378 4558 autem
2397 4515 2664 4574 quatenus
2683 4505 2960 4569 acciderit,
2984 4522 3126 4560 nunc
3149 4505 3540 4578 explicandum

1949 4604 2050 4649 est.
2083 4595 2196 4648 Duo
2224 4594 2562 4664 potissimum
2591 4605 2768 4650 textus
2798 4597 2923 4651 huic
2952 4598 3026 4651 rei
3060 4597 3232 4651 lucem
3267 4595 3491 4652 aﬂ‘erent
3519 4617 3534 4651 :

1952 4689 2088 4742 alter
2109 4703 2172 4742 ex
2199 4687 2428 4757 epistola
2457 4689 2522 4743 ad
2547 4688 2834 4754 Ursonem,
2862 4691 3063 4744 inserta
3097 4691 3148 4742 in
3173 4690 3367 4743 librum
3391 4689 3541 4742 Przr-

1953 4777 2252 4844 loquiorum
2271 4776 2488 4831 tertium
2507 4792 2657 4830 num.
2671 4777 2740 4830 27
2762 4794 2775 4842 ;
2795 4779 2932 4833 alter
2945 4793 3010 4831 ex
3024 4778 3163 4832 libro
3179 4779 3367 4847 quinto
3382 4789 3508 4829 num
3520 4819 3533 4829 .

1956 4870 2041 4922 l‘z.
2076 4868 2416 4939 Recuperata
2445 4871 2652 4925 Verona
2681 4867 2749 4921 ab
2779 4867 2984 4940 Ugone,
3004 4870 3095 4922 die
3118 4868 3254 4922 festo
3283 4865 3553 4918 Purifit'a

1955 4961 2114 5015 tionis
2160 4962 2400 5017 solemne
2448 4976 2661 5018 sacrum
2700 4961 3027 5017 celebratum
3075 4959 3196 5012 fuit.
3248 4957 3393 5009 Inter
3441 4956 3550 5013 hoc

1953 5049 2194 5118 quidam,
2230 5060 2292 5105 ut
2319 5049 2556 5118 videtur,
2579 5049 2813 5119 episc0pi
2842 5051 2988 5121 pacis
3010 5050 3250 5102 osculum
3281 5041 3558 5100 Rathcriu

1956 5140 2212 5166 ιιΛΔΙΑω-ιιςί
2289 5159 2302 5166 -
2339 5153 2594 5166 λιιι-κ..ΙΑη
2628 5155 2744 5166 unum
2779 5156 2883 5166 I'AA“
2917 5140 3036 5166 lin-:0
3061 5143 3400 5166 nnannlﬂhunn
3451 5142 3562 5166 BA."
