  <div class='ocr_page' id='page_1' title='image "/cluster/home/n/w/nwhite01/storage/ocr_20150623/136/hvd.32044015471766/027.png"; bbox 0 0 4038 5388; ppageno 0'>
   <div class='ocr_carea' id='block_1_1' title="bbox 459 300 3730 380">
    <p class='ocr_par' dir='ltr' id='par_1_1' title="bbox 459 300 3730 380">
     <span class='ocr_line' id='line_1_1' title="bbox 459 300 3730 380; baseline -0.007 -10"><span class='ocrx_word' id='word_1_1' title='bbox 459 320 531 380; x_wconf 66' lang='grc'><strong>43</strong></span> <span class='ocrx_word' id='word_1_2' title='bbox 1421 300 1822 360; x_wconf 75' lang='lat' dir='ltr'><strong>RATHERIUS</strong></span> <span class='ocrx_word' id='word_1_3' title='bbox 1865 300 2298 357; x_wconf 71' lang='lat' dir='ltr'><strong>VERONENSIS</strong></span> <span class='ocrx_word' id='word_1_4' title='bbox 2339 300 2736 358; x_wconf 72' lang='lat' dir='ltr'><strong>EPISCOPUS.</strong></span> <span class='ocrx_word' id='word_1_5' title='bbox 3657 300 3730 356; x_wconf 76' lang='grc' dir='ltr'><strong>ιι</strong></span> 
     </span>
    </p>
   </div>
   <div class='ocr_carea' id='block_1_2' title="bbox 459 410 3734 492">
    <p class='ocr_par' dir='ltr' id='par_1_2' title="bbox 459 410 3734 492">
     <span class='ocr_line' id='line_1_2' title="bbox 459 410 3734 492; baseline -0.007 -3"><span class='ocrx_word' id='word_1_6' title='bbox 459 436 545 492; x_wconf 86' lang='lat' dir='ltr'><strong>lit.</strong></span> <span class='ocrx_word' id='word_1_7' title='bbox 574 429 675 486; x_wconf 80' lang='lat' dir='ltr'><strong>Hic</strong></span> <span class='ocrx_word' id='word_1_8' title='bbox 706 433 990 489; x_wconf 85' lang='lat' dir='ltr'><strong>tractatus,</strong></span> <span class='ocrx_word' id='word_1_9' title='bbox 1018 423 1306 476; x_wconf 70' lang='lat' dir='ltr'><strong>luccscentc</strong></span> <span class='ocrx_word' id='word_1_10' title='bbox 1333 417 1416 472; x_wconf 86' lang='lat' dir='ltr'><strong>die</strong></span> <span class='ocrx_word' id='word_1_11' title='bbox 1445 423 1716 488; x_wconf 88' lang='lat' dir='ltr'><strong>peractus,</strong></span> <span class='ocrx_word' id='word_1_12' title='bbox 1751 414 1802 466; x_wconf 92' lang='lat' dir='ltr'><strong>in</strong></span> <span class='ocrx_word' id='word_1_13' title='bbox 1833 419 2036 480; x_wconf 46' lang='lat' dir='ltr'><strong>epistov</strong></span> <span class='ocrx_word' id='word_1_14' title='bbox 2071 419 2117 476; x_wconf 79' lang='grc' dir='ltr'><strong>Α</strong></span> <span class='ocrx_word' id='word_1_15' title='bbox 2148 427 2248 474; x_wconf 87' lang='lat' dir='ltr'><strong>res,</strong></span> <span class='ocrx_word' id='word_1_16' title='bbox 2285 412 2518 466; x_wconf 75' lang='lat' dir='ltr'><strong>maxime</strong></span> <span class='ocrx_word' id='word_1_17' title='bbox 2545 413 2588 467; x_wconf 93' lang='lat' dir='ltr'><strong>si</strong></span> <span class='ocrx_word' id='word_1_18' title='bbox 2633 421 2728 466; x_wconf 88' lang='lat' dir='ltr'><strong>aut</strong></span> <span class='ocrx_word' id='word_1_19' title='bbox 2781 419 2884 466; x_wconf 65' lang='lat' dir='ltr'><strong>tute</strong></span> <span class='ocrx_word' id='word_1_20' title='bbox 2931 410 3172 466; x_wconf 75' lang='lat' dir='ltr'><strong>ecclesia:</strong></span> <span class='ocrx_word' id='word_1_21' title='bbox 3223 412 3421 467; x_wconf 81' lang='lat' dir='ltr'><strong>fuerint</strong></span> <span class='ocrx_word' id='word_1_22' title='bbox 3462 411 3577 477; x_wconf 80' lang='lat' dir='ltr'><strong>lilii,</strong></span> <span class='ocrx_word' id='word_1_23' title='bbox 3639 422 3734 467; x_wconf 87' lang='lat' dir='ltr'><strong>aut</strong></span> 
     </span>
    </p>
   </div>
   <div class='ocr_carea' id='block_1_3' title="bbox 459 501 2045 581">
    <p class='ocr_par' dir='ltr' id='par_1_3' title="bbox 459 501 2045 581">
     <span class='ocr_line' id='line_1_3' title="bbox 459 501 2045 581; baseline -0.015 0"><span class='ocrx_word' id='word_1_24' title='bbox 459 526 514 581; x_wconf 86' lang='lat' dir='ltr'><strong>la</strong></span> <span class='ocrx_word' id='word_1_25' title='bbox 542 524 611 579; x_wconf 88' lang='lat' dir='ltr'><strong>ad</strong></span> <span class='ocrx_word' id='word_1_26' title='bbox 658 520 919 578; x_wconf 89' lang='lat' dir='ltr'><strong>Ursoncm</strong></span> <span class='ocrx_word' id='word_1_27' title='bbox 948 511 1274 570; x_wconf 82' lang='lat' dir='ltr'><strong>Veronensis</strong></span> <span class='ocrx_word' id='word_1_28' title='bbox 1305 507 1548 564; x_wconf 72' lang='lat' dir='ltr'><strong>ecclesiae</strong></span> <span class='ocrx_word' id='word_1_29' title='bbox 1586 504 1840 560; x_wconf 79' lang='lat' dir='ltr'><strong>clericum</strong></span> <span class='ocrx_word' id='word_1_30' title='bbox 1874 501 2045 557; x_wconf 90' lang='lat' dir='ltr'><strong>fusius</strong></span> 
     </span>
    </p>
   </div>
   <div class='ocr_carea' id='block_1_4' title="bbox 462 592 2042 686">
    <p class='ocr_par' dir='ltr' id='par_1_4' title="bbox 462 592 2042 686">
     <span class='ocr_line' id='line_1_4' title="bbox 462 592 2042 686; baseline -0.016 -15"><span class='ocrx_word' id='word_1_31' title='bbox 462 612 767 686; x_wconf 82' lang='lat' dir='ltr'><strong>exponitur.</strong></span> <span class='ocrx_word' id='word_1_32' title='bbox 809 605 1085 661; x_wconf 83' lang='lat' dir='ltr'><strong>Tractatui</strong></span> <span class='ocrx_word' id='word_1_33' title='bbox 1120 615 1339 656; x_wconf 88' lang='lat' dir='ltr'><strong>causam</strong></span> <span class='ocrx_word' id='word_1_34' title='bbox 1381 597 1528 653; x_wconf 88' lang='lat' dir='ltr'><strong>dedit</strong></span> <span class='ocrx_word' id='word_1_35' title='bbox 1576 596 1628 650; x_wconf 91' lang='lat' dir='ltr'><strong>id</strong></span> <span class='ocrx_word' id='word_1_36' title='bbox 1659 593 1804 663; x_wconf 88' lang='lat' dir='ltr'><strong>quod</strong></span> <span class='ocrx_word' id='word_1_37' title='bbox 1849 592 2042 663; x_wconf 81' lang='lat' dir='ltr'><strong>pridie,</strong></span> 
     </span>
    </p>
   </div>
   <div class='ocr_carea' id='block_1_5' title="bbox 460 690 2044 774">
    <p class='ocr_par' dir='ltr' id='par_1_5' title="bbox 460 690 2044 774">
     <span class='ocr_line' id='line_1_5' title="bbox 460 690 2044 774; baseline -0.015 -13"><span class='ocrx_word' id='word_1_38' title='bbox 460 721 555 761; x_wconf 88' lang='lat' dir='ltr'><strong>seu</strong></span> <span class='ocrx_word' id='word_1_39' title='bbox 592 703 710 774; x_wconf 87' lang='lat' dir='ltr'><strong>ipso</strong></span> <span class='ocrx_word' id='word_1_40' title='bbox 732 695 1134 755; x_wconf 84' lang='lat' dir='ltr'><strong>Purificat-ionis</strong></span> <span class='ocrx_word' id='word_1_41' title='bbox 1167 694 1272 748; x_wconf 91' lang='lat' dir='ltr'><strong>die.</strong></span> <span class='ocrx_word' id='word_1_42' title='bbox 1299 690 1576 759; x_wconf 86' lang='lat' dir='ltr'><strong>aliquanto</strong></span> <span class='ocrx_word' id='word_1_43' title='bbox 1603 695 1724 758; x_wconf 86' lang='lat' dir='ltr'><strong>post</strong></span> <span class='ocrx_word' id='word_1_44' title='bbox 1755 700 2044 740; x_wconf 76' lang='lat' dir='ltr'><strong>missarum</strong></span> 
     </span>
    </p>
   </div>
   <div class='ocr_carea' id='block_1_6' title="bbox 462 780 2044 854">
    <p class='ocr_par' dir='ltr' id='par_1_6' title="bbox 462 780 2044 854">
     <span class='ocr_line' id='line_1_6' title="bbox 462 780 2044 854; baseline -0.015 -2"><span class='ocrx_word' id='word_1_45' title='bbox 462 794 723 852; x_wconf 80' lang='lat' dir='ltr'><strong>solemnia</strong></span> <span class='ocrx_word' id='word_1_46' title='bbox 742 790 1032 846; x_wconf 85' lang='lat' dir='ltr'><strong>acciderat.</strong></span> <span class='ocrx_word' id='word_1_47' title='bbox 1055 787 1308 854; x_wconf 70' lang='lat' dir='ltr'><strong>Quaalam</strong></span> <span class='ocrx_word' id='word_1_48' title='bbox 1330 783 1473 837; x_wconf 90' lang='lat' dir='ltr'><strong>enim</strong></span> <span class='ocrx_word' id='word_1_49' title='bbox 1503 797 1626 850; x_wconf 82' lang='lat' dir='ltr'><strong>gem</strong></span> <span class='ocrx_word' id='word_1_50' title='bbox 1657 780 1838 848; x_wconf 59' lang='lat' dir='ltr'><strong>ciem,</strong></span> <span class='ocrx_word' id='word_1_51' title='bbox 1870 788 1917 832; x_wconf 82' lang='lat' dir='ltr'><strong>et</strong></span> <span class='ocrx_word' id='word_1_52' title='bbox 1949 793 2044 830; x_wconf 81' lang='lat' dir='ltr'><strong>no-</strong></span> 
     </span>
    </p>
   </div>
   <div class='ocr_carea' id='block_1_7' title="bbox 462 866 2045 958">
    <p class='ocr_par' dir='ltr' id='par_1_7' title="bbox 462 866 2045 958">
     <span class='ocr_line' id='line_1_7' title="bbox 462 866 2045 958; baseline -0.014 -17"><span class='ocrx_word' id='word_1_53' title='bbox 462 889 539 940; x_wconf 79' lang='lat' dir='ltr'><strong>bis</strong></span> <span class='ocrx_word' id='word_1_54' title='bbox 569 883 788 958; x_wconf 87' lang='lat' dir='ltr'><strong>[melius</strong></span> <span class='ocrx_word' id='word_1_55' title='bbox 812 878 977 950; x_wconf 69' lang='lat' dir='ltr'><strong>vobis}</strong></span> <span class='ocrx_word' id='word_1_56' title='bbox 1007 876 1252 936; x_wconf 80' lang='lat' dir='ltr'><strong>barbara,</strong></span> <span class='ocrx_word' id='word_1_57' title='bbox 1283 873 1336 927; x_wconf 89' lang='lat' dir='ltr'><strong>id</strong></span> <span class='ocrx_word' id='word_1_58' title='bbox 1369 881 1454 926; x_wconf 82' lang='lat' dir='ltr'><strong>est</strong></span> <span class='ocrx_word' id='word_1_59' title='bbox 1481 886 1588 926; x_wconf 88' lang='lat' dir='ltr'><strong>non</strong></span> <span class='ocrx_word' id='word_1_60' title='bbox 1619 868 1784 924; x_wconf 85' lang='lat' dir='ltr'><strong>Italici</strong></span> <span class='ocrx_word' id='word_1_61' title='bbox 1811 866 2045 938; x_wconf 78' lang='lat' dir='ltr'><strong>generis,</strong></span> 
     </span>
    </p>
   </div>
   <div class='ocr_carea' id='block_1_8' title="bbox 462 959 2049 1048">
    <p class='ocr_par' dir='ltr' id='par_1_8' title="bbox 462 959 2049 1048">
     <span class='ocr_line' id='line_1_8' title="bbox 462 959 2049 1048; baseline -0.014 -15"><span class='ocrx_word' id='word_1_62' title='bbox 462 992 583 1048; x_wconf 65' lang='lat' dir='ltr'><strong>rpite</strong></span> <span class='ocrx_word' id='word_1_63' title='bbox 609 976 663 1030; x_wconf 88' lang='lat' dir='ltr'><strong>in</strong></span> <span class='ocrx_word' id='word_1_64' title='bbox 699 971 905 1044; x_wconf 81' lang='lat' dir='ltr'><strong>Ugonis</strong></span> <span class='ocrx_word' id='word_1_65' title='bbox 929 967 1167 1024; x_wconf 75' lang='lat' dir='ltr'><strong>exercitu</strong></span> <span class='ocrx_word' id='word_1_66' title='bbox 1197 963 1497 1027; x_wconf 72' lang='lat' dir='ltr'><strong>militabat,</strong></span> <span class='ocrx_word' id='word_1_67' title='bbox 1545 967 1667 1031; x_wconf 80' lang='lat' dir='ltr'><strong>post</strong></span> <span class='ocrx_word' id='word_1_68' title='bbox 1711 959 1950 1014; x_wconf 87' lang='lat' dir='ltr'><strong>devictas</strong></span> <span class='ocrx_word' id='word_1_69' title='bbox 1994 965 2049 1012; x_wconf 88' lang='lat' dir='ltr'><strong>et</strong></span> 
     </span>
    </p>
   </div>
   <div class='ocr_carea' id='block_1_9' title="bbox 464 1052 2047 1136">
    <p class='ocr_par' dir='ltr' id='par_1_9' title="bbox 464 1052 2047 1136">
     <span class='ocr_line' id='line_1_9' title="bbox 464 1052 2047 1136; baseline -0.015 -12"><span class='ocrx_word' id='word_1_70' title='bbox 464 1071 520 1124; x_wconf 86' lang='lat' dir='ltr'><strong>in</strong></span> <span class='ocrx_word' id='word_1_71' title='bbox 545 1066 846 1136; x_wconf 86' lang='lat' dir='ltr'><strong>Bajoariam</strong></span> <span class='ocrx_word' id='word_1_72' title='bbox 869 1061 1048 1133; x_wconf 90' lang='lat' dir='ltr'><strong>pulsas</strong></span> <span class='ocrx_word' id='word_1_73' title='bbox 1071 1057 1293 1113; x_wconf 82' lang='lat' dir='ltr'><strong>Arnoldi</strong></span> <span class='ocrx_word' id='word_1_74' title='bbox 1314 1056 1497 1126; x_wconf 84' lang='lat' dir='ltr'><strong>copias</strong></span> <span class='ocrx_word' id='word_1_75' title='bbox 1519 1052 1788 1108; x_wconf 79' lang='lat' dir='ltr'><strong>Veronam</strong></span> <span class='ocrx_word' id='word_1_76' title='bbox 1810 1065 2047 1113; x_wconf 77' lang='lat' dir='ltr'><strong>reversa,</strong></span> 
     </span>
    </p>
   </div>
   <div class='ocr_carea' id='block_1_10' title="bbox 465 1140 2050 1214">
    <p class='ocr_par' dir='ltr' id='par_1_10' title="bbox 465 1140 2050 1214">
     <span class='ocr_line' id='line_1_10' title="bbox 465 1140 2050 1214; baseline -0.014 -1"><span class='ocrx_word' id='word_1_77' title='bbox 465 1174 589 1212; x_wconf 89' lang='lat' dir='ltr'><strong>cum</strong></span> <span class='ocrx_word' id='word_1_78' title='bbox 612 1169 815 1211; x_wconf 77' lang='lat' dir='ltr'><strong>omnem</strong></span> <span class='ocrx_word' id='word_1_79' title='bbox 845 1147 1155 1208; x_wconf 85' lang='lat' dir='ltr'><strong>rebellionis</strong></span> <span class='ocrx_word' id='word_1_80' title='bbox 1189 1159 1245 1201; x_wconf 86' lang='lat' dir='ltr'><strong>ut</strong></span> <span class='ocrx_word' id='word_1_81' title='bbox 1280 1155 1391 1201; x_wconf 83' lang='lat' dir='ltr'><strong>erat</strong></span> <span class='ocrx_word' id='word_1_82' title='bbox 1433 1142 1640 1214; x_wconf 83' lang='lat' dir='ltr'><strong>culpam</strong></span> <span class='ocrx_word' id='word_1_83' title='bbox 1680 1141 1733 1196; x_wconf 92' lang='lat' dir='ltr'><strong>in</strong></span> <span class='ocrx_word' id='word_1_84' title='bbox 1774 1140 2050 1195; x_wconf 75' lang='lat' dir='ltr'><strong>Veronen-</strong></span> 
     </span>
    </p>
   </div>
   <div class='ocr_carea' id='block_1_11' title="bbox 465 1236 2054 1310">
    <p class='ocr_par' dir='ltr' id='par_1_11' title="bbox 465 1236 2054 1310">
     <span class='ocr_line' id='line_1_11' title="bbox 465 1236 2054 1310; baseline -0.012 -3"><span class='ocrx_word' id='word_1_85' title='bbox 465 1253 542 1306; x_wconf 87' lang='lat' dir='ltr'><strong>sis</strong></span> <span class='ocrx_word' id='word_1_86' title='bbox 572 1249 819 1306; x_wconf 61' lang='lat' dir='ltr'><strong>ecclesia</strong></span> <span class='ocrx_word' id='word_1_87' title='bbox 847 1245 1314 1308; x_wconf 87' lang='lat' dir='ltr'><strong>archidiaconum,</strong></span> <span class='ocrx_word' id='word_1_88' title='bbox 1345 1250 1400 1296; x_wconf 90' lang='lat' dir='ltr'><strong>et</strong></span> <span class='ocrx_word' id='word_1_89' title='bbox 1424 1240 1478 1294; x_wconf 88' lang='lat' dir='ltr'><strong>in</strong></span> <span class='ocrx_word' id='word_1_90' title='bbox 1507 1238 1768 1310; x_wconf 80' lang='lat' dir='ltr'><strong>quosdam</strong></span> <span class='ocrx_word' id='word_1_91' title='bbox 1815 1236 2054 1290; x_wconf 88' lang='lat' dir='ltr'><strong>honora-</strong></span> 
     </span>
    </p>
   </div>
   <div class='ocr_carea' id='block_1_12' title="bbox 466 1327 2051 1402">
    <p class='ocr_par' dir='ltr' id='par_1_12' title="bbox 466 1327 2051 1402">
     <span class='ocr_line' id='line_1_12' title="bbox 466 1327 2051 1402; baseline -0.01 -6"><span class='ocrx_word' id='word_1_92' title='bbox 466 1345 633 1398; x_wconf 81' lang='lat' dir='ltr'><strong>tiores</strong></span> <span class='ocrx_word' id='word_1_93' title='bbox 669 1341 1028 1402; x_wconf 88' lang='lat' dir='ltr'><strong>Veronenses,</strong></span> <span class='ocrx_word' id='word_1_94' title='bbox 1063 1334 1298 1390; x_wconf 68' lang='lat' dir='ltr'><strong>maxime</strong></span> <span class='ocrx_word' id='word_1_95' title='bbox 1339 1347 1470 1387; x_wconf 85' lang='lat' dir='ltr'><strong>vero</strong></span> <span class='ocrx_word' id='word_1_96' title='bbox 1518 1331 1572 1385; x_wconf 91' lang='lat' dir='ltr'><strong>in</strong></span> <span class='ocrx_word' id='word_1_97' title='bbox 1603 1329 1805 1386; x_wconf 88' lang='lat' dir='ltr'><strong>clerum</strong></span> <span class='ocrx_word' id='word_1_98' title='bbox 1832 1327 2051 1382; x_wconf 85' lang='lat' dir='ltr'><strong>univer-</strong></span> 
     </span>
    </p>
   </div>
   <div class='ocr_carea' id='block_1_13' title="bbox 464 1418 2049 1505">
    <p class='ocr_par' dir='ltr' id='par_1_13' title="bbox 464 1418 2049 1505">
     <span class='ocr_line' id='line_1_13' title="bbox 464 1418 2049 1505; baseline -0.015 -15"><span class='ocrx_word' id='word_1_99' title='bbox 464 1449 582 1490; x_wconf 89' lang='lat' dir='ltr'><strong>sum</strong></span> <span class='ocrx_word' id='word_1_100' title='bbox 606 1430 776 1505; x_wconf 75' lang='lat' dir='ltr'><strong>[XLVI]</strong></span> <span class='ocrx_word' id='word_1_101' title='bbox 807 1429 1118 1492; x_wconf 88' lang='lat' dir='ltr'><strong>retulisset;</strong></span> <span class='ocrx_word' id='word_1_102' title='bbox 1152 1444 1172 1477; x_wconf 80' lang='grc' dir='ltr'><strong>ι</strong></span> <span class='ocrx_word' id='word_1_103' title='bbox 1198 1439 1412 1481; x_wconf 92' lang='lat' dir='ltr'><strong>omnem</strong></span> <span class='ocrx_word' id='word_1_104' title='bbox 1435 1423 1650 1505; x_wconf 72' lang='lat' dir='ltr'><strong>domum</strong></span> <span class='ocrx_word' id='word_1_105' title='bbox 1676 1419 1768 1476; x_wconf 94' lang='lat' dir='ltr'><strong>Dei</strong></span> <span class='ocrx_word' id='word_1_106' title='bbox 1796 1418 2049 1489; x_wconf 71' lang='lat' dir='ltr'><strong>przcdari,</strong></span> 
     </span>
    </p>
   </div>
   <div class='ocr_carea' id='block_1_14' title="bbox 463 1513 2051 1591">
    <p class='ocr_par' dir='ltr' id='par_1_14' title="bbox 463 1513 2051 1591">
     <span class='ocr_line' id='line_1_14' title="bbox 463 1513 2051 1591; baseline -0.011 -11"><span class='ocrx_word' id='word_1_107' title='bbox 463 1539 654 1580; x_wconf 86' lang='lat' dir='ltr'><strong>omnes</strong></span> <span class='ocrx_word' id='word_1_108' title='bbox 679 1520 914 1591; x_wconf 85' lang='lat' dir='ltr'><strong>majores</strong></span> <span class='ocrx_word' id='word_1_109' title='bbox 949 1517 1186 1575; x_wconf 89' lang='lat' dir='ltr'><strong>civitatis</strong></span> <span class='ocrx_word' id='word_1_110' title='bbox 1211 1524 1305 1570; x_wconf 88' lang='lat' dir='ltr'><strong>aut</strong></span> <span class='ocrx_word' id='word_1_111' title='bbox 1333 1513 1732 1576; x_wconf 82' lang='lat' dir='ltr'><strong>exmembrare,</strong></span> <span class='ocrx_word' id='word_1_112' title='bbox 1760 1517 1852 1564; x_wconf 91' lang='lat' dir='ltr'><strong>aut</strong></span> <span class='ocrx_word' id='word_1_113' title='bbox 1881 1519 2051 1580; x_wconf 86' lang='lat' dir='ltr'><strong>capu-</strong></span> 
     </span>
    </p>
   </div>
   <div class='ocr_carea' id='block_1_15' title="bbox 465 1601 2051 1682">
    <p class='ocr_par' dir='ltr' id='par_1_15' title="bbox 465 1601 2051 1682">
     <span class='ocr_line' id='line_1_15' title="bbox 465 1601 2051 1682; baseline -0.01 -12"><span class='ocrx_word' id='word_1_114' title='bbox 465 1633 563 1674; x_wconf 59' lang='grc' dir='ltr'><strong>τοῦ</strong></span> <span class='ocrx_word' id='word_1_115' title='bbox 593 1613 831 1678; x_wconf 81' lang='lat' dir='ltr'><strong>ducere;</strong></span> <span class='ocrx_word' id='word_1_116' title='bbox 868 1613 1040 1682; x_wconf 90' lang='lat' dir='ltr'><strong>ipsum</strong></span> <span class='ocrx_word' id='word_1_117' title='bbox 1086 1623 1219 1664; x_wconf 86' lang='lat' dir='ltr'><strong>vero</strong></span> <span class='ocrx_word' id='word_1_118' title='bbox 1247 1606 1362 1676; x_wconf 86' lang='lat' dir='ltr'><strong>jam</strong></span> <span class='ocrx_word' id='word_1_119' title='bbox 1406 1606 1607 1661; x_wconf 89' lang='lat' dir='ltr'><strong>factum</strong></span> <span class='ocrx_word' id='word_1_120' title='bbox 1641 1623 1660 1655; x_wconf 78' lang='grc' dir='ltr'><strong>ι</strong></span> <span class='ocrx_word' id='word_1_121' title='bbox 1697 1601 2051 1674; x_wconf 88' lang='lat' dir='ltr'><strong>(archidiaco-</strong></span> 
     </span>
    </p>
   </div>
   <div class='ocr_carea' id='block_1_16' title="bbox 467 1692 2051 1777">
    <p class='ocr_par' dir='ltr' id='par_1_16' title="bbox 467 1692 2051 1777">
     <span class='ocr_line' id='line_1_16' title="bbox 467 1692 2051 1777; baseline -0.012 -14"><span class='ocrx_word' id='word_1_122' title='bbox 467 1709 619 1777; x_wconf 86' lang='lat' dir='ltr'><strong>num)</strong></span> <span class='ocrx_word' id='word_1_123' title='bbox 667 1715 722 1762; x_wconf 90' lang='lat' dir='ltr'><strong>et</strong></span> <span class='ocrx_word' id='word_1_124' title='bbox 748 1706 868 1761; x_wconf 90' lang='lat' dir='ltr'><strong>illos</strong></span> <span class='ocrx_word' id='word_1_125' title='bbox 895 1703 987 1773; x_wconf 88' lang='lat' dir='ltr'><strong>qui</strong></span> <span class='ocrx_word' id='word_1_126' title='bbox 1022 1709 1209 1772; x_wconf 90' lang='lat' dir='ltr'><strong>postea</strong></span> <span class='ocrx_word' id='word_1_127' title='bbox 1241 1697 1510 1768; x_wconf 86' lang='lat' dir='ltr'><strong>principes</strong></span> <span class='ocrx_word' id='word_1_128' title='bbox 1543 1695 1760 1750; x_wconf 86' lang='lat' dir='ltr'><strong>fuerunt</strong></span> <span class='ocrx_word' id='word_1_129' title='bbox 1790 1692 2051 1763; x_wconf 84' lang='lat' dir='ltr'><strong>proditio-</strong></span> 
     </span>
    </p>
   </div>
   <div class='ocr_carea' id='block_1_17' title="bbox 2151 499 3740 570">
    <p class='ocr_par' dir='ltr' id='par_1_17' title="bbox 2151 499 3740 570">
     <span class='ocr_line' id='line_1_17' title="bbox 2151 499 3740 570; baseline 0.001 -17"><span class='ocrx_word' id='word_1_130' title='bbox 2151 500 2310 565; x_wconf 79' lang='lat' dir='ltr'><strong>forte,</strong></span> <span class='ocrx_word' id='word_1_131' title='bbox 2352 502 2493 570; x_wconf 90' lang='lat' dir='ltr'><strong>quod</strong></span> <span class='ocrx_word' id='word_1_132' title='bbox 2518 501 2684 566; x_wconf 84' lang='lat' dir='ltr'><strong>absit,</strong></span> <span class='ocrx_word' id='word_1_133' title='bbox 2705 499 2945 568; x_wconf 87' lang='lat' dir='ltr'><strong>ejusdem</strong></span> <span class='ocrx_word' id='word_1_134' title='bbox 2977 499 3130 569; x_wconf 87' lang='lat' dir='ltr'><strong>cujus</strong></span> <span class='ocrx_word' id='word_1_135' title='bbox 3160 515 3220 555; x_wconf 84' lang='lat' dir='ltr'><strong>es</strong></span> <span class='ocrx_word' id='word_1_136' title='bbox 3263 499 3450 556; x_wconf 79' lang='lat' dir='ltr'><strong>ofﬁcii.</strong></span> <span class='ocrx_word' id='word_1_137' title='bbox 3485 521 3506 552; x_wconf 83' lang='grc'><em>›</em></span> <span class='ocrx_word' id='word_1_138' title='bbox 3557 499 3740 556; x_wconf 85' lang='grc' dir='ltr'><strong>Ροιϊο</strong></span> 
     </span>
    </p>
   </div>
   <div class='ocr_carea' id='block_1_18' title="bbox 2147 590 3736 660">
    <p class='ocr_par' dir='ltr' id='par_1_18' title="bbox 2147 590 3736 660">
     <span class='ocr_line' id='line_1_18' title="bbox 2147 590 3736 660; baseline 0.003 -16"><span class='ocrx_word' id='word_1_139' title='bbox 2147 591 2288 646; x_wconf 83' lang='lat' dir='ltr'><strong>hunc</strong></span> <span class='ocrx_word' id='word_1_140' title='bbox 2317 607 2587 646; x_wconf 82' lang='lat' dir='ltr'><strong>summum</strong></span> <span class='ocrx_word' id='word_1_141' title='bbox 2611 601 2662 647; x_wconf 87' lang='lat' dir='ltr'><strong>et</strong></span> <span class='ocrx_word' id='word_1_142' title='bbox 2689 590 2926 660; x_wconf 81' lang='lat' dir='ltr'><strong>cjttsdem</strong></span> <span class='ocrx_word' id='word_1_143' title='bbox 2949 591 3112 646; x_wconf 80' lang='lat' dir='ltr'><strong>ofﬁcii</strong></span> <span class='ocrx_word' id='word_1_144' title='bbox 3137 592 3310 648; x_wconf 84' lang='lat' dir='ltr'><strong>virum</strong></span> <span class='ocrx_word' id='word_1_145' title='bbox 3331 590 3500 650; x_wconf 82' lang='lat' dir='ltr'><strong>fuisse</strong></span> <span class='ocrx_word' id='word_1_146' title='bbox 3527 593 3736 648; x_wconf 85' lang='lat' dir='ltr'><strong>llildui-</strong></span> 
     </span>
    </p>
   </div>
   <div class='ocr_carea' id='block_1_19' title="bbox 2147 683 3741 754">
    <p class='ocr_par' dir='ltr' id='par_1_19' title="bbox 2147 683 3741 754">
     <span class='ocr_line' id='line_1_19' title="bbox 2147 683 3741 754; baseline 0.001 -18"><span class='ocrx_word' id='word_1_147' title='bbox 2147 698 2274 736; x_wconf 87' lang='lat' dir='ltr'><strong>num</strong></span> <span class='ocrx_word' id='word_1_148' title='bbox 2310 683 2765 739; x_wconf 77' lang='lat' dir='ltr'><strong>Mediolanensem</strong></span> <span class='ocrx_word' id='word_1_149' title='bbox 2801 683 3292 754; x_wconf 78' lang='lat' dir='ltr'><strong>archiepiscopum,</strong></span> <span class='ocrx_word' id='word_1_150' title='bbox 3339 685 3397 739; x_wconf 91' lang='lat' dir='ltr'><strong>in</strong></span> <span class='ocrx_word' id='word_1_151' title='bbox 3423 700 3534 754; x_wconf 84' lang='lat' dir='ltr'><strong>quo</strong></span> <span class='ocrx_word' id='word_1_152' title='bbox 3562 693 3741 739; x_wconf 85' lang='lat' dir='ltr'><strong>totam</strong></span> 
     </span>
    </p>
   </div>
   <div class='ocr_carea' id='block_1_20' title="bbox 2148 772 3742 839">
    <p class='ocr_par' dir='ltr' id='par_1_20' title="bbox 2148 772 3742 839">
     <span class='ocr_line' id='line_1_20' title="bbox 2148 772 3742 839; baseline 0.001 -13"><span class='ocrx_word' id='word_1_153' title='bbox 2148 787 2276 826; x_wconf 84' lang='lat' dir='ltr'><strong>sane</strong></span> <span class='ocrx_word' id='word_1_154' title='bbox 2304 772 2558 828; x_wconf 81' lang='lat' dir='ltr'><strong>fiduciam</strong></span> <span class='ocrx_word' id='word_1_155' title='bbox 2601 774 2800 829; x_wconf 83' lang='lat' dir='ltr'><strong>habere</strong></span> <span class='ocrx_word' id='word_1_156' title='bbox 2833 773 3067 828; x_wconf 82' lang='lat' dir='ltr'><strong>debebat</strong></span> <span class='ocrx_word' id='word_1_157' title='bbox 3109 772 3425 839; x_wconf 74' lang='lat' dir='ltr'><strong>Ilatherius,</strong></span> <span class='ocrx_word' id='word_1_158' title='bbox 3471 789 3542 830; x_wconf 80' lang='lat' dir='ltr'><strong>ex</strong></span> <span class='ocrx_word' id='word_1_159' title='bbox 3591 773 3742 829; x_wconf 83' lang='lat' dir='ltr'><strong>libro</strong></span> 
     </span>
    </p>
   </div>
   <div class='ocr_carea' id='block_1_21' title="bbox 2147 861 3744 932">
    <p class='ocr_par' dir='ltr' id='par_1_21' title="bbox 2147 861 3744 932">
     <span class='ocr_line' id='line_1_21' title="bbox 2147 861 3744 932; baseline 0.001 -16"><span class='ocrx_word' id='word_1_160' title='bbox 2147 861 2574 932; x_wconf 67' lang='lat' dir='ltr'><strong>Praeloquiorum</strong></span> <span class='ocrx_word' id='word_1_161' title='bbox 2610 863 2808 932; x_wconf 90' lang='lat' dir='ltr'><strong>&#39;primo</strong></span> <span class='ocrx_word' id='word_1_162' title='bbox 2859 862 3110 932; x_wconf 77' lang='lat' dir='ltr'><strong>colligere</strong></span> <span class='ocrx_word' id='word_1_163' title='bbox 3169 861 3313 918; x_wconf 88' lang='lat' dir='ltr'><strong>licet.</strong></span> <span class='ocrx_word' id='word_1_164' title='bbox 3356 861 3432 917; x_wconf 88' lang='lat' dir='ltr'><strong>De</strong></span> <span class='ocrx_word' id='word_1_165' title='bbox 3475 861 3744 918; x_wconf 82' lang='lat' dir='ltr'><strong>Hilduino</strong></span> 
     </span>
    </p>
   </div>
   <div class='ocr_carea' id='block_1_22' title="bbox 2150 955 3738 1026">
    <p class='ocr_par' dir='ltr' id='par_1_22' title="bbox 2150 955 3738 1026">
     <span class='ocr_line' id='line_1_22' title="bbox 2150 955 3738 1026; baseline 0 -16"><span class='ocrx_word' id='word_1_166' title='bbox 2150 955 2317 1021; x_wconf 83' lang='lat' dir='ltr'><strong>enim,</strong></span> <span class='ocrx_word' id='word_1_167' title='bbox 2347 964 2408 1010; x_wconf 89' lang='lat' dir='ltr'><strong>ut</strong></span> <span class='ocrx_word' id='word_1_168' title='bbox 2432 955 2724 1021; x_wconf 82' lang='lat' dir='ltr'><strong>credimus,</strong></span> <span class='ocrx_word' id='word_1_169' title='bbox 2757 969 3050 1026; x_wconf 87' lang='lat' dir='ltr'><strong>suppresso</strong></span> <span class='ocrx_word' id='word_1_170' title='bbox 3074 955 3201 1011; x_wconf 87' lang='lat' dir='ltr'><strong>licet</strong></span> <span class='ocrx_word' id='word_1_171' title='bbox 3230 955 3444 1011; x_wconf 90' lang='lat' dir='ltr'><strong>nomine</strong></span> <span class='ocrx_word' id='word_1_172' title='bbox 3464 955 3738 1021; x_wconf 82' lang='lat' dir='ltr'><strong>scribens,</strong></span> 
     </span>
    </p>
   </div>
   <div class='ocr_carea' id='block_1_23' title="bbox 2148 1047 3743 1120">
    <p class='ocr_par' dir='ltr' id='par_1_23' title="bbox 2148 1047 3743 1120">
     <span class='ocr_line' id='line_1_23' title="bbox 2148 1047 3743 1120; baseline -0.001 -18"><span class='ocrx_word' id='word_1_173' title='bbox 2148 1063 2309 1118; x_wconf 90' lang='lat' dir='ltr'><strong>quem</strong></span> <span class='ocrx_word' id='word_1_174' title='bbox 2344 1048 2581 1120; x_wconf 80' lang='lat' dir='ltr'><strong>eBelgio</strong></span> <span class='ocrx_word' id='word_1_175' title='bbox 2623 1049 2676 1104; x_wconf 90' lang='lat' dir='ltr'><strong>in</strong></span> <span class='ocrx_word' id='word_1_176' title='bbox 2730 1048 2936 1103; x_wconf 85' lang='lat' dir='ltr'><strong>Italiam</strong></span> <span class='ocrx_word' id='word_1_177' title='bbox 2992 1059 3212 1104; x_wconf 88' lang='lat' dir='ltr'><strong>secutus</strong></span> <span class='ocrx_word' id='word_1_178' title='bbox 3240 1047 3438 1114; x_wconf 63' lang='lat' dir='ltr'><strong>fuerat,</strong></span> <span class='ocrx_word' id='word_1_179' title='bbox 3485 1047 3743 1103; x_wconf 89' lang='lat' dir='ltr'><strong>eumdem</strong></span> 
     </span>
    </p>
   </div>
   <div class='ocr_carea' id='block_1_24' title="bbox 2151 1138 3743 1210">
    <p class='ocr_par' dir='ltr' id='par_1_24' title="bbox 2151 1138 3743 1210">
     <span class='ocr_line' id='line_1_24' title="bbox 2151 1138 3743 1210; baseline -0.001 -16"><span class='ocrx_word' id='word_1_180' title='bbox 2151 1149 2427 1196; x_wconf 88' lang='lat' dir='ltr'><strong>auctorem</strong></span> <span class='ocrx_word' id='word_1_181' title='bbox 2458 1139 2678 1210; x_wconf 58' lang='lat' dir='ltr'><strong>prafert</strong></span> <span class='ocrx_word' id='word_1_182' title='bbox 2701 1141 2842 1196; x_wconf 86' lang='lat' dir='ltr'><strong>sicut</strong></span> <span class='ocrx_word' id='word_1_183' title='bbox 2861 1140 2992 1196; x_wconf 87' lang='lat' dir='ltr'><strong>olim</strong></span> <span class='ocrx_word' id='word_1_184' title='bbox 3014 1155 3122 1196; x_wconf 82' lang='lat' dir='ltr'><strong>suae</strong></span> <span class='ocrx_word' id='word_1_185' title='bbox 3159 1139 3515 1210; x_wconf 87' lang='lat' dir='ltr'><strong>promotionis</strong></span> <span class='ocrx_word' id='word_1_186' title='bbox 3535 1139 3602 1194; x_wconf 84' lang='lat' dir='ltr'><strong>ad</strong></span> <span class='ocrx_word' id='word_1_187' title='bbox 3631 1138 3743 1208; x_wconf 82' lang='lat' dir='ltr'><strong>epi-</strong></span> 
     </span>
    </p>
   </div>
   <div class='ocr_carea' id='block_1_25' title="bbox 2151 1228 3746 1300">
    <p class='ocr_par' dir='ltr' id='par_1_25' title="bbox 2151 1228 3746 1300">
     <span class='ocr_line' id='line_1_25' title="bbox 2151 1228 3746 1300; baseline -0.001 -14"><span class='ocrx_word' id='word_1_188' title='bbox 2151 1238 2453 1300; x_wconf 86' lang='lat' dir='ltr'><strong>scopatum,</strong></span> <span class='ocrx_word' id='word_1_189' title='bbox 2485 1231 2558 1285; x_wconf 92' lang='lat' dir='ltr'><strong>ita</strong></span> <span class='ocrx_word' id='word_1_190' title='bbox 2580 1246 2719 1286; x_wconf 89' lang='lat' dir='ltr'><strong>nunc</strong></span> <span class='ocrx_word' id='word_1_191' title='bbox 2739 1245 2925 1286; x_wconf 81' lang='lat' dir='ltr'><strong>eorum</strong></span> <span class='ocrx_word' id='word_1_192' title='bbox 2947 1230 3230 1295; x_wconf 88' lang='lat' dir='ltr'><strong>malorum,</strong></span> <span class='ocrx_word' id='word_1_193' title='bbox 3252 1230 3348 1284; x_wconf 69' lang='lat' dir='ltr'><strong>«ad</strong></span> <span class='ocrx_word' id='word_1_194' title='bbox 3371 1245 3489 1300; x_wconf 61' lang='lat' dir='ltr'><strong>quae</strong></span> <span class='ocrx_word' id='word_1_195' title='bbox 3507 1228 3620 1298; x_wconf 81' lang='lat' dir='ltr'><strong>jam</strong></span> <span class='ocrx_word' id='word_1_196' title='bbox 3645 1229 3746 1284; x_wconf 74' lang='lat' dir='ltr'><strong>dc-</strong></span> 
     </span>
    </p>
   </div>
   <div class='ocr_carea' id='block_1_26' title="bbox 2153 1320 3744 1392">
    <p class='ocr_par' dir='ltr' id='par_1_26' title="bbox 2153 1320 3744 1392">
     <span class='ocr_line' id='line_1_26' title="bbox 2153 1320 3744 1392; baseline -0.002 -16"><span class='ocrx_word' id='word_1_197' title='bbox 2153 1331 2342 1392; x_wconf 86' lang='lat' dir='ltr'><strong>ccptus</strong></span> <span class='ocrx_word' id='word_1_198' title='bbox 2368 1323 2449 1377; x_wconf 88' lang='lat' dir='ltr'><strong>sui</strong></span> <span class='ocrx_word' id='word_1_199' title='bbox 2487 1337 2649 1378; x_wconf 87' lang='lat' dir='ltr'><strong>causa</strong></span> <span class='ocrx_word' id='word_1_200' title='bbox 2688 1322 2910 1380; x_wconf 89' lang='lat' dir='ltr'><strong>decidit.</strong></span> <span class='ocrx_word' id='word_1_201' title='bbox 2939 1321 3311 1377; x_wconf 78' lang='lat' dir='ltr'><strong>Reminisccns</strong></span> <span class='ocrx_word' id='word_1_202' title='bbox 3335 1335 3568 1390; x_wconf 88' lang='lat' dir='ltr'><strong>namque</strong></span> <span class='ocrx_word' id='word_1_203' title='bbox 3594 1320 3744 1391; x_wconf 86' lang='lat' dir='ltr'><strong>quod</strong></span> 
     </span>
    </p>
   </div>
   <div class='ocr_carea' id='block_1_27' title="bbox 2153 1411 3750 1481">
    <p class='ocr_par' dir='ltr' id='par_1_27' title="bbox 2153 1411 3750 1481">
     <span class='ocr_line' id='line_1_27' title="bbox 2153 1411 3750 1481; baseline -0.003 -15"><span class='ocrx_word' id='word_1_204' title='bbox 2153 1411 2398 1475; x_wconf 86' lang='lat' dir='ltr'><strong>contulit,</strong></span> <span class='ocrx_word' id='word_1_205' title='bbox 2447 1411 2783 1466; x_wconf 87' lang='lat' dir='ltr'><strong>obliviscitur</strong></span> <span class='ocrx_word' id='word_1_206' title='bbox 2809 1427 2930 1481; x_wconf 70' lang='lat' dir='ltr'><strong>qua:</strong></span> <span class='ocrx_word' id='word_1_207' title='bbox 2976 1411 3234 1466; x_wconf 89' lang='lat' dir='ltr'><strong>abstulit:</strong></span> <span class='ocrx_word' id='word_1_208' title='bbox 3259 1411 3494 1466; x_wconf 83' lang='lat' dir='ltr'><strong>recitans</strong></span> <span class='ocrx_word' id='word_1_209' title='bbox 3522 1411 3588 1465; x_wconf 88' lang='lat' dir='ltr'><strong>ad</strong></span> <span class='ocrx_word' id='word_1_210' title='bbox 3620 1425 3750 1478; x_wconf 71' lang='lat' dir='ltr'><strong>qua:</strong></span> 
     </span>
    </p>
   </div>
   <div class='ocr_carea' id='block_1_28' title="bbox 2155 1497 3746 1570">
    <p class='ocr_par' dir='ltr' id='par_1_28' title="bbox 2155 1497 3746 1570">
     <span class='ocr_line' id='line_1_28' title="bbox 2155 1497 3746 1570; baseline -0.002 -16"><span class='ocrx_word' id='word_1_211' title='bbox 2155 1500 2304 1556; x_wconf 88' lang='lat' dir='ltr'><strong>illunt</strong></span> <span class='ocrx_word' id='word_1_212' title='bbox 2349 1500 2578 1566; x_wconf 77' lang='lat' dir='ltr'><strong>extulit,</strong></span> <span class='ocrx_word' id='word_1_213' title='bbox 2626 1509 2769 1555; x_wconf 88' lang='lat' dir='ltr'><strong>tacet</strong></span> <span class='ocrx_word' id='word_1_214' title='bbox 2805 1515 2835 1554; x_wconf 87' lang='lat' dir='ltr'><strong>a</strong></span> <span class='ocrx_word' id='word_1_215' title='bbox 2865 1499 3062 1570; x_wconf 86' lang='lat' dir='ltr'><strong>quibus</strong></span> <span class='ocrx_word' id='word_1_216' title='bbox 3094 1497 3326 1568; x_wconf 81' lang='lat' dir='ltr'><strong>dejecit;</strong></span> <span class='ocrx_word' id='word_1_217' title='bbox 3361 1506 3547 1554; x_wconf 87' lang='lat' dir='ltr'><strong>tacens</strong></span> <span class='ocrx_word' id='word_1_218' title='bbox 3575 1499 3746 1554; x_wconf 78' lang='lat' dir='ltr'><strong>decus</strong></span> 
     </span>
    </p>
   </div>
   <div class='ocr_carea' id='block_1_29' title="bbox 2155 1589 3748 1662">
    <p class='ocr_par' dir='ltr' id='par_1_29' title="bbox 2155 1589 3748 1662">
     <span class='ocr_line' id='line_1_29' title="bbox 2155 1589 3748 1662; baseline -0.001 -16"><span class='ocrx_word' id='word_1_219' title='bbox 2155 1591 2322 1662; x_wconf 80' lang='lat' dir='ltr'><strong>ipsius</strong></span> <span class='ocrx_word' id='word_1_220' title='bbox 2363 1591 2685 1657; x_wconf 74' lang='lat' dir='ltr'><strong>nobilitalis,</strong></span> <span class='ocrx_word' id='word_1_221' title='bbox 2730 1601 2912 1647; x_wconf 84' lang='lat' dir='ltr'><strong>notam</strong></span> <span class='ocrx_word' id='word_1_222' title='bbox 2951 1607 3112 1662; x_wconf 77' lang='lat' dir='ltr'><strong>quam</strong></span> <span class='ocrx_word' id='word_1_223' title='bbox 3166 1591 3278 1662; x_wconf 88' lang='lat' dir='ltr'><strong>ipse</strong></span> <span class='ocrx_word' id='word_1_224' title='bbox 3329 1590 3530 1656; x_wconf 89' lang='lat' dir='ltr'><strong>intulit,</strong></span> <span class='ocrx_word' id='word_1_225' title='bbox 3573 1589 3748 1646; x_wconf 84' lang='lat' dir='ltr'><strong>refert</strong></span> 
     </span>
    </p>
   </div>
   <div class='ocr_carea' id='block_1_30' title="bbox 2154 1679 3749 1752">
    <p class='ocr_par' dir='ltr' id='par_1_30' title="bbox 2154 1679 3749 1752">
     <span class='ocr_line' id='line_1_30' title="bbox 2154 1679 3749 1752; baseline -0.004 -16"><span class='ocrx_word' id='word_1_226' title='bbox 2154 1682 2508 1752; x_wconf 71' lang='lat' dir='ltr'><strong>paupertatis.</strong></span> <span class='ocrx_word' id='word_1_227' title='bbox 2543 1701 2568 1734; x_wconf 81' lang='grc'><strong>›</strong></span> <span class='ocrx_word' id='word_1_228' title='bbox 2600 1680 2730 1736; x_wconf 88' lang='lat' dir='ltr'><strong>Vide</strong></span> <span class='ocrx_word' id='word_1_229' title='bbox 2759 1682 2955 1737; x_wconf 85' lang='lat' dir='ltr'><strong>ibidem</strong></span> <span class='ocrx_word' id='word_1_230' title='bbox 2983 1691 3156 1737; x_wconf 88' lang='lat' dir='ltr'><strong>notas.</strong></span> <span class='ocrx_word' id='word_1_231' title='bbox 3189 1679 3358 1750; x_wconf 82' lang='lat' dir='ltr'><strong>Hujus</strong></span> <span class='ocrx_word' id='word_1_232' title='bbox 3375 1695 3503 1750; x_wconf 74' lang='lat' dir='ltr'><strong>ergo</strong></span> <span class='ocrx_word' id='word_1_233' title='bbox 3531 1679 3749 1749; x_wconf 72' lang='lat' dir='ltr'><strong>episco-</strong></span> 
     </span>
    </p>
   </div>
   <div class='ocr_carea' id='block_1_31' title="bbox 467 1769 3749 1858">
    <p class='ocr_par' dir='ltr' id='par_1_31' title="bbox 467 1769 3749 1858">
     <span class='ocr_line' id='line_1_31' title="bbox 467 1769 3749 1858; baseline -0.007 -5"><span class='ocrx_word' id='word_1_234' title='bbox 467 1800 554 1853; x_wconf 83' lang='lat' dir='ltr'><strong>nis</strong></span> <span class='ocrx_word' id='word_1_235' title='bbox 600 1769 870 1858; x_wconf 70' lang='lat' dir='ltr'><strong>llatherii,</strong></span> <span class='ocrx_word' id='word_1_236' title='bbox 914 1769 1076 1847; x_wconf 67' lang='lat' dir='ltr'><strong>lorea</strong></span> <span class='ocrx_word' id='word_1_237' title='bbox 1109 1789 1429 1845; x_wconf 83' lang='lat' dir='ltr'><strong>moliebatur</strong></span> <span class='ocrx_word' id='word_1_238' title='bbox 1458 1785 1781 1855; x_wconf 83' lang='lat' dir='ltr'><strong>appendere.</strong></span> <span class='ocrx_word' id='word_1_239' title='bbox 1815 1782 1952 1837; x_wconf 87' lang='lat' dir='ltr'><strong>llinc</strong></span> <span class='ocrx_word' id='word_1_240' title='bbox 1995 1781 2047 1834; x_wconf 87' lang='lat' dir='ltr'><strong>in</strong></span> <span class='ocrx_word' id='word_1_241' title='bbox 2085 1775 2126 1833; x_wconf 85' lang='grc' dir='ltr'><strong><em>Β</em></strong></span> <span class='ocrx_word' id='word_1_242' title='bbox 2158 1771 2229 1842; x_wconf 82' lang='lat' dir='ltr'><strong>pi.</strong></span> <span class='ocrx_word' id='word_1_243' title='bbox 2266 1772 2353 1826; x_wconf 87' lang='lat' dir='ltr'><strong>cui</strong></span> <span class='ocrx_word' id='word_1_244' title='bbox 2379 1772 2610 1826; x_wconf 59' lang='lat' dir='ltr'><strong>maxiu‘te</strong></span> <span class='ocrx_word' id='word_1_245' title='bbox 2639 1770 2839 1826; x_wconf 78' lang='lat' dir='ltr'><strong>ﬁdebat</strong></span> <span class='ocrx_word' id='word_1_246' title='bbox 2871 1771 3182 1835; x_wconf 79' lang='lat' dir='ltr'><strong>Rallterius,</strong></span> <span class='ocrx_word' id='word_1_247' title='bbox 3211 1769 3434 1825; x_wconf 78' lang='lat' dir='ltr'><strong>consilio</strong></span> <span class='ocrx_word' id='word_1_248' title='bbox 3459 1769 3749 1824; x_wconf 68' lang='lat' dir='ltr'><strong>obsecunt-</strong></span> 
     </span>
    </p>
   </div>
   <div class='ocr_carea' id='block_1_32' title="bbox 473 1873 2054 1946">
    <p class='ocr_par' dir='ltr' id='par_1_32' title="bbox 473 1873 2054 1946">
     <span class='ocr_line' id='line_1_32' title="bbox 473 1873 2054 1946; baseline -0.011 -3"><span class='ocrx_word' id='word_1_249' title='bbox 473 1893 610 1944; x_wconf 77' lang='lat' dir='ltr'><strong>tibro</strong></span> <span class='ocrx_word' id='word_1_250' title='bbox 643 1884 1012 1944; x_wconf 84' lang='lat' dir='ltr'><strong>Confessionis</strong></span> <span class='ocrx_word' id='word_1_251' title='bbox 1041 1898 1188 1938; x_wconf 91' lang='lat' dir='ltr'><strong>num.</strong></span> <span class='ocrx_word' id='word_1_252' title='bbox 1219 1881 1290 1946; x_wconf 74' lang='lat'><strong>2,</strong></span> <span class='ocrx_word' id='word_1_253' title='bbox 1323 1899 1341 1931; x_wconf 79' lang='grc' dir='ltr'><strong>ι</strong></span> <span class='ocrx_word' id='word_1_254' title='bbox 1379 1877 1691 1942; x_wconf 86' lang='lat' dir='ltr'><strong>homicidia,</strong></span> <span class='ocrx_word' id='word_1_255' title='bbox 1723 1873 2054 1931; x_wconf 77' lang='lat' dir='ltr'><strong>exoculatio-</strong></span> 
     </span>
    </p>
   </div>
   <div class='ocr_carea' id='block_1_33' title="bbox 477 1965 2054 2042">
    <p class='ocr_par' dir='ltr' id='par_1_33' title="bbox 477 1965 2054 2042">
     <span class='ocr_line' id='line_1_33' title="bbox 477 1965 2054 2042; baseline -0.012 -9"><span class='ocrx_word' id='word_1_256' title='bbox 477 1993 596 2042; x_wconf 79' lang='lat' dir='ltr'><strong>nes,</strong></span> <span class='ocrx_word' id='word_1_257' title='bbox 635 1973 1152 2037; x_wconf 81' lang='lat' dir='ltr'><strong>exmembrationes,</strong></span> <span class='ocrx_word' id='word_1_258' title='bbox 1181 1968 1412 2040; x_wconf 59' lang='lat' dir='ltr'><strong>praedas,</strong></span> <span class='ocrx_word' id='word_1_259' title='bbox 1443 1965 1715 2030; x_wconf 88' lang='lat' dir='ltr'><strong>incendia,</strong></span> <span class='ocrx_word' id='word_1_260' title='bbox 1745 1965 2054 2018; x_wconf 75' lang='lat' dir='ltr'><strong>vastitatem</strong></span> 
     </span>
    </p>
   </div>
   <div class='ocr_carea' id='block_1_34' title="bbox 469 2053 2052 2136">
    <p class='ocr_par' dir='ltr' id='par_1_34' title="bbox 469 2053 2052 2136">
     <span class='ocr_line' id='line_1_34' title="bbox 469 2053 2052 2136; baseline -0.011 -14"><span class='ocrx_word' id='word_1_261' title='bbox 469 2085 533 2122; x_wconf 76' lang='lat' dir='ltr'><strong>ac</strong></span> <span class='ocrx_word' id='word_1_262' title='bbox 571 2064 1064 2136; x_wconf 87' lang='lat' dir='ltr'><strong>depopulationem,</strong></span> <span class='ocrx_word' id='word_1_263' title='bbox 1106 2075 1228 2132; x_wconf 85' lang='lat' dir='ltr'><strong>quae</strong></span> <span class='ocrx_word' id='word_1_264' title='bbox 1275 2072 1375 2129; x_wconf 89' lang='lat' dir='ltr'><strong>pro</strong></span> <span class='ocrx_word' id='word_1_265' title='bbox 1409 2057 1656 2127; x_wconf 89' lang='lat' dir='ltr'><strong>abjurata</strong></span> <span class='ocrx_word' id='word_1_266' title='bbox 1693 2053 1864 2125; x_wconf 81' lang='lat' dir='ltr'><strong>Ugoni</strong></span> <span class='ocrx_word' id='word_1_267' title='bbox 1897 2053 1999 2107; x_wconf 88' lang='lat' dir='ltr'><strong>lide</strong></span> <span class='ocrx_word' id='word_1_268' title='bbox 2034 2070 2052 2104; x_wconf 75' lang='grc' dir='ltr'><strong>ι</strong></span> 
     </span>
    </p>
   </div>
   <div class='ocr_carea' id='block_1_35' title="bbox 467 2143 2060 2225">
    <p class='ocr_par' dir='ltr' id='par_1_35' title="bbox 467 2143 2060 2225">
     <span class='ocr_line' id='line_1_35' title="bbox 467 2143 2060 2225; baseline -0.01 -13"><span class='ocrx_word' id='word_1_269' title='bbox 467 2156 850 2225; x_wconf 77' lang='lat' dir='ltr'><strong>contigerunt,</strong></span> <span class='ocrx_word' id='word_1_270' title='bbox 884 2151 1062 2208; x_wconf 85' lang='lat' dir='ltr'><strong>deﬂet.</strong></span> <span class='ocrx_word' id='word_1_271' title='bbox 1103 2149 1305 2205; x_wconf 83' lang='lat' dir='ltr'><strong>Eadem</strong></span> <span class='ocrx_word' id='word_1_272' title='bbox 1355 2162 1518 2218; x_wconf 89' lang='lat' dir='ltr'><strong>porro</strong></span> <span class='ocrx_word' id='word_1_273' title='bbox 1549 2161 1683 2217; x_wconf 76' lang='lat' dir='ltr'><strong>gens</strong></span> <span class='ocrx_word' id='word_1_274' title='bbox 1733 2160 1896 2199; x_wconf 91' lang='lat' dir='ltr'><strong>unum</strong></span> <span class='ocrx_word' id='word_1_275' title='bbox 1947 2143 2060 2212; x_wconf 87' lang='lat' dir='ltr'><strong>epi-</strong></span> 
     </span>
    </p>
   </div>
   <div class='ocr_carea' id='block_1_36' title="bbox 470 2233 2058 2316">
    <p class='ocr_par' dir='ltr' id='par_1_36' title="bbox 470 2233 2058 2316">
     <span class='ocr_line' id='line_1_36' title="bbox 470 2233 2058 2316; baseline -0.009 -13"><span class='ocrx_word' id='word_1_276' title='bbox 470 2261 720 2316; x_wconf 83' lang='lat' dir='ltr'><strong>scopum,</strong></span> <span class='ocrx_word' id='word_1_277' title='bbox 752 2245 880 2300; x_wconf 91' lang='lat' dir='ltr'><strong>licet</strong></span> <span class='ocrx_word' id='word_1_278' title='bbox 909 2258 1030 2298; x_wconf 90' lang='lat' dir='ltr'><strong>cum</strong></span> <span class='ocrx_word' id='word_1_279' title='bbox 1059 2240 1348 2297; x_wconf 86' lang='lat' dir='ltr'><strong>rebellibus</strong></span> <span class='ocrx_word' id='word_1_280' title='bbox 1375 2241 1675 2301; x_wconf 87' lang='lat' dir='ltr'><strong>inventum,</strong></span> <span class='ocrx_word' id='word_1_281' title='bbox 1709 2253 1726 2286; x_wconf 85' lang='grc' dir='ltr'><strong>ι</strong></span> <span class='ocrx_word' id='word_1_282' title='bbox 1760 2233 2058 2290; x_wconf 77' lang='lat' dir='ltr'><strong>reservavit</strong></span> 
     </span>
    </p>
   </div>
   <div class='ocr_carea' id='block_1_37' title="bbox 472 2323 2062 2405">
    <p class='ocr_par' dir='ltr' id='par_1_37' title="bbox 472 2323 2062 2405">
     <span class='ocr_line' id='line_1_37' title="bbox 472 2323 2062 2405; baseline -0.01 -14"><span class='ocrx_word' id='word_1_283' title='bbox 472 2344 692 2405; x_wconf 86' lang='lat' dir='ltr'><strong>propter</strong></span> <span class='ocrx_word' id='word_1_284' title='bbox 711 2331 1255 2403; x_wconf 78' lang='lat' dir='ltr'><strong>consanguinitatem,</strong></span> <span class='ocrx_word' id='word_1_285' title='bbox 1277 2342 1439 2398; x_wconf 87' lang='lat' dir='ltr'><strong>quant</strong></span> <span class='ocrx_word' id='word_1_286' title='bbox 1465 2341 1587 2381; x_wconf 91' lang='lat' dir='ltr'><strong>cum</strong></span> <span class='ocrx_word' id='word_1_287' title='bbox 1616 2325 1851 2391; x_wconf 89' lang='lat' dir='ltr'><strong>illorum,</strong></span> <span class='ocrx_word' id='word_1_288' title='bbox 1885 2323 2062 2393; x_wconf 86' lang='lat' dir='ltr'><strong>inquit</strong></span> 
     </span>
    </p>
   </div>
   <div class='ocr_carea' id='block_1_38' title="bbox 472 2414 2058 2498">
    <p class='ocr_par' dir='ltr' id='par_1_38' title="bbox 472 2414 2058 2498">
     <span class='ocr_line' id='line_1_38' title="bbox 472 2414 2058 2498; baseline -0.009 -20"><span class='ocrx_word' id='word_1_289' title='bbox 472 2424 728 2498; x_wconf 73' lang='lat' dir='ltr'><strong>(l’rwloq.</strong></span> <span class='ocrx_word' id='word_1_290' title='bbox 781 2422 816 2476; x_wconf 90' lang='lat' dir='ltr'><strong>l.</strong></span> <span class='ocrx_word' id='word_1_291' title='bbox 853 2423 960 2486; x_wconf 87' lang='lat' dir='ltr'><strong>nt),</strong></span> <span class='ocrx_word' id='word_1_292' title='bbox 999 2420 1262 2474; x_wconf 82' lang='lat' dir='ltr'><strong>habebam</strong></span> <span class='ocrx_word' id='word_1_293' title='bbox 1311 2415 1661 2488; x_wconf 83' lang='lat' dir='ltr'><strong>primoribus,</strong></span> <span class='ocrx_word' id='word_1_294' title='bbox 1715 2414 1960 2484; x_wconf 88' lang='lat' dir='ltr'><strong>ipsoque,</strong></span> <span class='ocrx_word' id='word_1_295' title='bbox 2002 2422 2058 2465; x_wconf 91' lang='lat' dir='ltr'><strong>ut</strong></span> 
     </span>
    </p>
   </div>
   <div class='ocr_carea' id='block_1_39' title="bbox 474 2503 2061 2582">
    <p class='ocr_par' dir='ltr' id='par_1_39' title="bbox 474 2503 2061 2582">
     <span class='ocr_line' id='line_1_39' title="bbox 474 2503 2061 2582; baseline -0.009 -12"><span class='ocrx_word' id='word_1_296' title='bbox 474 2516 711 2578; x_wconf 85' lang='lat' dir='ltr'><strong>dicebat,</strong></span> <span class='ocrx_word' id='word_1_297' title='bbox 752 2512 995 2582; x_wconf 86' lang='lat' dir='ltr'><strong>principe</strong></span> <span class='ocrx_word' id='word_1_298' title='bbox 1025 2509 1228 2580; x_wconf 81' lang='lat' dir='ltr'><strong>Ugone.</strong></span> <span class='ocrx_word' id='word_1_299' title='bbox 1271 2526 1290 2558; x_wconf 74' lang='grc' dir='ltr'><strong>ι</strong></span> <span class='ocrx_word' id='word_1_300' title='bbox 1323 2505 1776 2576; x_wconf 70' lang='lat' dir='ltr'><strong>Consanguiuitas</strong></span> <span class='ocrx_word' id='word_1_301' title='bbox 1803 2518 1926 2558; x_wconf 90' lang='lat' dir='ltr'><strong>cum</strong></span> <span class='ocrx_word' id='word_1_302' title='bbox 1957 2503 2061 2572; x_wconf 85' lang='lat' dir='ltr'><strong>pri-</strong></span> 
     </span>
    </p>
   </div>
   <div class='ocr_carea' id='block_1_40' title="bbox 475 2594 2060 2670">
    <p class='ocr_par' dir='ltr' id='par_1_40' title="bbox 475 2594 2060 2670">
     <span class='ocr_line' id='line_1_40' title="bbox 475 2594 2060 2670; baseline -0.006 -12"><span class='ocrx_word' id='word_1_303' title='bbox 475 2604 718 2658; x_wconf 86' lang='lat' dir='ltr'><strong>moribus</strong></span> <span class='ocrx_word' id='word_1_304' title='bbox 753 2601 870 2670; x_wconf 84' lang='lat' dir='ltr'><strong>ejus</strong></span> <span class='ocrx_word' id='word_1_305' title='bbox 899 2599 1077 2669; x_wconf 79' lang='lat' dir='ltr'><strong>gentis</strong></span> <span class='ocrx_word' id='word_1_306' title='bbox 1105 2597 1351 2652; x_wconf 85' lang='lat' dir='ltr'><strong>absolute</strong></span> <span class='ocrx_word' id='word_1_307' title='bbox 1378 2595 1702 2660; x_wconf 76' lang='lat' dir='ltr'><strong>affirmatur,</strong></span> <span class='ocrx_word' id='word_1_308' title='bbox 1723 2595 1850 2665; x_wconf 80' lang='lat' dir='ltr'><strong>quia</strong></span> <span class='ocrx_word' id='word_1_309' title='bbox 1882 2594 2060 2664; x_wconf 83' lang='lat' dir='ltr'><strong>reipsa</strong></span> 
     </span>
    </p>
   </div>
   <div class='ocr_carea' id='block_1_41' title="bbox 475 2682 2056 2764">
    <p class='ocr_par' dir='ltr' id='par_1_41' title="bbox 475 2682 2056 2764">
     <span class='ocr_line' id='line_1_41' title="bbox 475 2682 2056 2764; baseline -0.009 -14"><span class='ocrx_word' id='word_1_310' title='bbox 475 2710 600 2750; x_wconf 87' lang='lat' dir='ltr'><strong>cum</strong></span> <span class='ocrx_word' id='word_1_311' title='bbox 640 2693 770 2764; x_wconf 79' lang='lat' dir='ltr'><strong>ipsis</strong></span> <span class='ocrx_word' id='word_1_312' title='bbox 799 2689 1057 2761; x_wconf 78' lang='lat' dir='ltr'><strong>sanguine</strong></span> <span class='ocrx_word' id='word_1_313' title='bbox 1079 2697 1200 2743; x_wconf 89' lang='lat' dir='ltr'><strong>erat</strong></span> <span class='ocrx_word' id='word_1_314' title='bbox 1225 2685 1566 2756; x_wconf 88' lang='lat' dir='ltr'><strong>conjunctus.</strong></span> <span class='ocrx_word' id='word_1_315' title='bbox 1598 2682 2056 2754; x_wconf 80' lang='lat' dir='ltr'><strong>Consanguiuita-</strong></span> 
     </span>
    </p>
   </div>
   <div class='ocr_carea' id='block_1_42' title="bbox 477 2771 2066 2850">
    <p class='ocr_par' dir='ltr' id='par_1_42' title="bbox 477 2771 2066 2850">
     <span class='ocr_line' id='line_1_42' title="bbox 477 2771 2066 2850; baseline -0.009 -10"><span class='ocrx_word' id='word_1_316' title='bbox 477 2795 583 2840; x_wconf 89' lang='lat' dir='ltr'><strong>tem</strong></span> <span class='ocrx_word' id='word_1_317' title='bbox 631 2798 762 2839; x_wconf 78' lang='lat' dir='ltr'><strong>vero</strong></span> <span class='ocrx_word' id='word_1_318' title='bbox 807 2795 928 2836; x_wconf 90' lang='lat' dir='ltr'><strong>cum</strong></span> <span class='ocrx_word' id='word_1_319' title='bbox 973 2793 1099 2850; x_wconf 72' lang='lat' dir='ltr'><strong>rege</strong></span> <span class='ocrx_word' id='word_1_320' title='bbox 1150 2777 1204 2831; x_wconf 91' lang='lat' dir='ltr'><strong>in</strong></span> <span class='ocrx_word' id='word_1_321' title='bbox 1252 2776 1368 2830; x_wconf 87' lang='lat' dir='ltr'><strong>sola</strong></span> <span class='ocrx_word' id='word_1_322' title='bbox 1424 2774 1677 2845; x_wconf 85' lang='lat' dir='ltr'><strong>opinione</strong></span> <span class='ocrx_word' id='word_1_323' title='bbox 1724 2771 1843 2843; x_wconf 86' lang='lat' dir='ltr'><strong>ejus</strong></span> <span class='ocrx_word' id='word_1_324' title='bbox 1886 2773 2066 2844; x_wconf 77' lang='lat' dir='ltr'><strong>gentis</strong></span> 
     </span>
    </p>
   </div>
   <div class='ocr_carea' id='block_1_43' title="bbox 474 2864 2061 2943">
    <p class='ocr_par' dir='ltr' id='par_1_43' title="bbox 474 2864 2061 2943">
     <span class='ocr_line' id='line_1_43' title="bbox 474 2864 2061 2943; baseline -0.007 -13"><span class='ocrx_word' id='word_1_325' title='bbox 474 2875 636 2930; x_wconf 77' lang='lat' dir='ltr'><strong>sitam</strong></span> <span class='ocrx_word' id='word_1_326' title='bbox 665 2871 960 2943; x_wconf 69' lang='lat' dir='ltr'><strong>prwfcrunt</strong></span> <span class='ocrx_word' id='word_1_327' title='bbox 984 2869 1092 2932; x_wconf 83' lang='lat' dir='ltr'><strong>illa,</strong></span> <span class='ocrx_word' id='word_1_328' title='bbox 1129 2877 1186 2922; x_wconf 84' lang='lat' dir='ltr'><strong>ut</strong></span> <span class='ocrx_word' id='word_1_329' title='bbox 1212 2866 1436 2921; x_wconf 74' lang='lat' dir='ltr'><strong>dicebat.</strong></span> <span class='ocrx_word' id='word_1_330' title='bbox 1460 2865 1587 2920; x_wconf 65' lang='lat' dir='ltr'><strong>Hmc</strong></span> <span class='ocrx_word' id='word_1_331' title='bbox 1617 2880 1741 2920; x_wconf 84' lang='lat' dir='ltr'><strong>vero</strong></span> <span class='ocrx_word' id='word_1_332' title='bbox 1768 2864 1952 2934; x_wconf 89' lang='lat' dir='ltr'><strong>opinio</strong></span> <span class='ocrx_word' id='word_1_333' title='bbox 1997 2880 2061 2919; x_wconf 88' lang='lat' dir='ltr'><strong>ea</strong></span> 
     </span>
    </p>
   </div>
   <div class='ocr_carea' id='block_1_44' title="bbox 474 2957 2064 3031">
    <p class='ocr_par' dir='ltr' id='par_1_44' title="bbox 474 2957 2064 3031">
     <span class='ocr_line' id='line_1_44' title="bbox 474 2957 2064 3031; baseline -0.008 -10"><span class='ocrx_word' id='word_1_334' title='bbox 474 2967 614 3021; x_wconf 86' lang='lat' dir='ltr'><strong>forte</strong></span> <span class='ocrx_word' id='word_1_335' title='bbox 650 2964 718 3019; x_wconf 92' lang='lat' dir='ltr'><strong>de</strong></span> <span class='ocrx_word' id='word_1_336' title='bbox 745 2978 911 3019; x_wconf 89' lang='lat' dir='ltr'><strong>causa</strong></span> <span class='ocrx_word' id='word_1_337' title='bbox 959 2961 1030 3014; x_wconf 88' lang='lat' dir='ltr'><strong>illi</strong></span> <span class='ocrx_word' id='word_1_338' title='bbox 1079 2959 1224 3031; x_wconf 80' lang='lat' dir='ltr'><strong>genti</strong></span> <span class='ocrx_word' id='word_1_339' title='bbox 1252 2959 1568 3028; x_wconf 89' lang='lat' dir='ltr'><strong>irrepserat,</strong></span> <span class='ocrx_word' id='word_1_340' title='bbox 1597 2957 1722 3026; x_wconf 90' lang='lat' dir='ltr'><strong>quia</strong></span> <span class='ocrx_word' id='word_1_341' title='bbox 1753 2973 1876 3012; x_wconf 92' lang='lat' dir='ltr'><strong>cum</strong></span> <span class='ocrx_word' id='word_1_342' title='bbox 1899 2957 2064 3011; x_wconf 89' lang='lat' dir='ltr'><strong>sciret</strong></span> 
     </span>
    </p>
   </div>
   <div class='ocr_carea' id='block_1_45' title="bbox 475 3047 2062 3116">
    <p class='ocr_par' dir='ltr' id='par_1_45' title="bbox 475 3047 2062 3116">
     <span class='ocr_line' id='line_1_45' title="bbox 475 3047 2062 3116; baseline -0.007 -5"><span class='ocrx_word' id='word_1_343' title='bbox 475 3072 600 3112; x_wconf 81' lang='lat' dir='ltr'><strong>eum</strong></span> <span class='ocrx_word' id='word_1_344' title='bbox 635 3053 891 3110; x_wconf 84' lang='lat' dir='ltr'><strong>llilduino</strong></span> <span class='ocrx_word' id='word_1_345' title='bbox 919 3051 1194 3114; x_wconf 86' lang='lat' dir='ltr'><strong>intimum,</strong></span> <span class='ocrx_word' id='word_1_346' title='bbox 1239 3049 1404 3104; x_wconf 85' lang='lat' dir='ltr'><strong>etiam</strong></span> <span class='ocrx_word' id='word_1_347' title='bbox 1448 3047 1906 3116; x_wconf 68' lang='lat' dir='ltr'><strong>consanguineum</strong></span> <span class='ocrx_word' id='word_1_348' title='bbox 1942 3062 2062 3100; x_wconf 89' lang='lat' dir='ltr'><strong>cre-</strong></span> 
     </span>
    </p>
   </div>
   <div class='ocr_carea' id='block_1_46' title="bbox 477 3121 2130 3211">
    <p class='ocr_par' dir='ltr' id='par_1_46' title="bbox 477 3121 2130 3211">
     <span class='ocr_line' id='line_1_46' title="bbox 477 3121 2130 3211; baseline -0.007 -10"><span class='ocrx_word' id='word_1_349' title='bbox 477 3147 652 3211; x_wconf 88' lang='lat' dir='ltr'><strong>didit;</strong></span> <span class='ocrx_word' id='word_1_350' title='bbox 687 3144 975 3198; x_wconf 88' lang='lat' dir='ltr'><strong>Hilduinus</strong></span> <span class='ocrx_word' id='word_1_351' title='bbox 1010 3149 1190 3196; x_wconf 85' lang='lat' dir='ltr'><strong>autem</strong></span> <span class='ocrx_word' id='word_1_352' title='bbox 1222 3154 1344 3195; x_wconf 90' lang='lat' dir='ltr'><strong>cum</strong></span> <span class='ocrx_word' id='word_1_353' title='bbox 1397 3137 1582 3209; x_wconf 71' lang='lat' dir='ltr'><strong>Ugone</strong></span> <span class='ocrx_word' id='word_1_354' title='bbox 1637 3136 1895 3192; x_wconf 66' lang='lat' dir='ltr'><strong>affinitate</strong></span> <span class='ocrx_word' id='word_1_355' title='bbox 1935 3137 2057 3208; x_wconf 88' lang='lat' dir='ltr'><strong>jun-</strong></span> <span class='ocrx_word' id='word_1_356' title='bbox 2087 3121 2130 3181; x_wconf 66' lang='grc' dir='ltr'><strong>(ἶ</strong></span> 
     </span>
    </p>
   </div>
   <div class='ocr_carea' id='block_1_47' title="bbox 477 3228 2063 3294">
    <p class='ocr_par' dir='ltr' id='par_1_47' title="bbox 477 3228 2063 3294">
     <span class='ocr_line' id='line_1_47' title="bbox 477 3228 2063 3294; baseline -0.007 -1"><span class='ocrx_word' id='word_1_357' title='bbox 477 3249 601 3294; x_wconf 85' lang='lat' dir='ltr'><strong>ctus</strong></span> <span class='ocrx_word' id='word_1_358' title='bbox 625 3244 763 3291; x_wconf 87' lang='lat' dir='ltr'><strong>erat.</strong></span> <span class='ocrx_word' id='word_1_359' title='bbox 793 3233 1085 3288; x_wconf 82' lang='lat' dir='ltr'><strong>Ratherius</strong></span> <span class='ocrx_word' id='word_1_360' title='bbox 1113 3231 1329 3286; x_wconf 89' lang='lat' dir='ltr'><strong>interim</strong></span> <span class='ocrx_word' id='word_1_361' title='bbox 1374 3229 1500 3285; x_wconf 89' lang='lat' dir='ltr'><strong>licet</strong></span> <span class='ocrx_word' id='word_1_362' title='bbox 1532 3228 1635 3285; x_wconf 79' lang='lat' dir='ltr'><strong>hac</strong></span> <span class='ocrx_word' id='word_1_363' title='bbox 1678 3229 1747 3284; x_wconf 82' lang='lat' dir='ltr'><strong>de</strong></span> <span class='ocrx_word' id='word_1_364' title='bbox 1776 3243 1936 3284; x_wconf 83' lang='lat' dir='ltr'><strong>causa</strong></span> <span class='ocrx_word' id='word_1_365' title='bbox 1980 3245 2063 3282; x_wconf 75' lang='lat' dir='ltr'><strong>re-</strong></span> 
     </span>
    </p>
   </div>
   <div class='ocr_carea' id='block_1_48' title="bbox 478 3320 2060 3390">
    <p class='ocr_par' dir='ltr' id='par_1_48' title="bbox 478 3320 2060 3390">
     <span class='ocr_line' id='line_1_48' title="bbox 478 3320 2060 3390; baseline -0.006 -9"><span class='ocrx_word' id='word_1_366' title='bbox 478 3335 713 3382; x_wconf 71' lang='lat' dir='ltr'><strong>servatus</strong></span> <span class='ocrx_word' id='word_1_367' title='bbox 740 3364 756 3390; x_wconf 91' lang='lat'><strong>,</strong></span> <span class='ocrx_word' id='word_1_368' title='bbox 811 3338 907 3379; x_wconf 90' lang='lat' dir='ltr'><strong>seu</strong></span> <span class='ocrx_word' id='word_1_369' title='bbox 948 3338 979 3377; x_wconf 92' lang='lat' dir='ltr'><strong>a</strong></span> <span class='ocrx_word' id='word_1_370' title='bbox 1027 3331 1348 3377; x_wconf 70' lang='lat' dir='ltr'><strong>creterorunt</strong></span> <span class='ocrx_word' id='word_1_371' title='bbox 1394 3320 1702 3376; x_wconf 87' lang='lat' dir='ltr'><strong>calamitate</strong></span> <span class='ocrx_word' id='word_1_372' title='bbox 1745 3320 2060 3386; x_wconf 85' lang='lat' dir='ltr'><strong>subductus,</strong></span> 
     </span>
    </p>
   </div>
   <div class='ocr_carea' id='block_1_49' title="bbox 479 3409 2061 3486">
    <p class='ocr_par' dir='ltr' id='par_1_49' title="bbox 479 3409 2061 3486">
     <span class='ocr_line' id='line_1_49' title="bbox 479 3409 2061 3486; baseline -0.004 -15"><span class='ocrx_word' id='word_1_373' title='bbox 479 3424 778 3486; x_wconf 63' lang='lat' dir='ltr'><strong>asportata;</strong></span> <span class='ocrx_word' id='word_1_374' title='bbox 817 3422 996 3468; x_wconf 88' lang='lat' dir='ltr'><strong>tamen</strong></span> <span class='ocrx_word' id='word_1_375' title='bbox 1027 3411 1128 3468; x_wconf 83' lang='lat' dir='ltr'><strong>fuit</strong></span> <span class='ocrx_word' id='word_1_376' title='bbox 1162 3411 1214 3466; x_wconf 88' lang='lat' dir='ltr'><strong>in</strong></span> <span class='ocrx_word' id='word_1_377' title='bbox 1247 3410 1478 3482; x_wconf 84' lang='lat' dir='ltr'><strong>aliquem</strong></span> <span class='ocrx_word' id='word_1_378' title='bbox 1503 3418 1678 3464; x_wconf 90' lang='lat' dir='ltr'><strong>tutum</strong></span> <span class='ocrx_word' id='word_1_379' title='bbox 1716 3409 1894 3466; x_wconf 89' lang='lat' dir='ltr'><strong>locum</strong></span> <span class='ocrx_word' id='word_1_380' title='bbox 1923 3429 1935 3464; x_wconf 90' lang='lat'><strong>:</strong></span> <span class='ocrx_word' id='word_1_381' title='bbox 1971 3411 2061 3466; x_wconf 90' lang='lat' dir='ltr'><strong>ubi</strong></span> 
     </span>
    </p>
   </div>
   <div class='ocr_carea' id='block_1_50' title="bbox 478 3501 2062 3568">
    <p class='ocr_par' dir='ltr' id='par_1_50' title="bbox 478 3501 2062 3568">
     <span class='ocr_line' id='line_1_50' title="bbox 478 3501 2062 3568; baseline -0.005 -6"><span class='ocrx_word' id='word_1_382' title='bbox 478 3523 602 3564; x_wconf 90' lang='lat' dir='ltr'><strong>cum</strong></span> <span class='ocrx_word' id='word_1_383' title='bbox 629 3507 696 3562; x_wconf 84' lang='lat' dir='ltr'><strong>de</strong></span> <span class='ocrx_word' id='word_1_384' title='bbox 721 3502 1106 3568; x_wconf 84' lang='lat' dir='ltr'><strong>archidiaconi,</strong></span> <span class='ocrx_word' id='word_1_385' title='bbox 1155 3501 1478 3557; x_wconf 90' lang='lat' dir='ltr'><strong>clericorum</strong></span> <span class='ocrx_word' id='word_1_386' title='bbox 1519 3515 1583 3554; x_wconf 88' lang='lat' dir='ltr'><strong>ac</strong></span> <span class='ocrx_word' id='word_1_387' title='bbox 1610 3509 1926 3555; x_wconf 83' lang='lat' dir='ltr'><strong>caeterorunt</strong></span> <span class='ocrx_word' id='word_1_388' title='bbox 1971 3515 2062 3555; x_wconf 85' lang='lat' dir='ltr'><strong>ca-</strong></span> 
     </span>
    </p>
   </div>
   <div class='ocr_carea' id='block_1_51' title="bbox 478 3592 2068 3669">
    <p class='ocr_par' dir='ltr' id='par_1_51' title="bbox 478 3592 2068 3669">
     <span class='ocr_line' id='line_1_51' title="bbox 478 3592 2068 3669; baseline -0.004 -15"><span class='ocrx_word' id='word_1_389' title='bbox 478 3599 750 3669; x_wconf 75' lang='lat' dir='ltr'><strong>ptivorum</strong></span> <span class='ocrx_word' id='word_1_390' title='bbox 792 3594 1032 3666; x_wconf 86' lang='lat' dir='ltr'><strong>periculo</strong></span> <span class='ocrx_word' id='word_1_391' title='bbox 1063 3595 1296 3648; x_wconf 78' lang='lat' dir='ltr'><strong>maxime</strong></span> <span class='ocrx_word' id='word_1_392' title='bbox 1331 3593 1644 3658; x_wconf 84' lang='lat' dir='ltr'><strong>laboraret;</strong></span> <span class='ocrx_word' id='word_1_393' title='bbox 1682 3601 1848 3648; x_wconf 87' lang='lat' dir='ltr'><strong>totam</strong></span> <span class='ocrx_word' id='word_1_394' title='bbox 1882 3592 2068 3648; x_wconf 85' lang='lat' dir='ltr'><strong>subse-</strong></span> 
     </span>
    </p>
   </div>
   <div class='ocr_carea' id='block_1_52' title="bbox 477 3681 2066 3756">
    <p class='ocr_par' dir='ltr' id='par_1_52' title="bbox 477 3681 2066 3756">
     <span class='ocr_line' id='line_1_52' title="bbox 477 3681 2066 3756; baseline 0.001 -20"><span class='ocrx_word' id='word_1_395' title='bbox 477 3694 731 3756; x_wconf 86' lang='lat' dir='ltr'><strong>quentem</strong></span> <span class='ocrx_word' id='word_1_396' title='bbox 765 3692 975 3738; x_wconf 89' lang='lat' dir='ltr'><strong>noctem</strong></span> <span class='ocrx_word' id='word_1_397' title='bbox 1005 3683 1308 3737; x_wconf 91' lang='lat' dir='ltr'><strong>insomnem</strong></span> <span class='ocrx_word' id='word_1_398' title='bbox 1334 3681 1560 3747; x_wconf 85' lang='lat' dir='ltr'><strong>ducens,</strong></span> <span class='ocrx_word' id='word_1_399' title='bbox 1593 3698 1611 3733; x_wconf 85' lang='grc' dir='ltr'><strong>ι</strong></span> <span class='ocrx_word' id='word_1_400' title='bbox 1662 3682 1934 3752; x_wconf 90' lang='lat' dir='ltr'><strong>precibus,</strong></span> <span class='ocrx_word' id='word_1_401' title='bbox 1964 3683 2066 3736; x_wconf 91' lang='lat' dir='ltr'><strong>hu-</strong></span> 
     </span>
    </p>
   </div>
   <div class='ocr_carea' id='block_1_53' title="bbox 481 3771 2068 3842">
    <p class='ocr_par' dir='ltr' id='par_1_53' title="bbox 481 3771 2068 3842">
     <span class='ocr_line' id='line_1_53' title="bbox 481 3771 2068 3842; baseline -0.002 -14"><span class='ocrx_word' id='word_1_402' title='bbox 481 3773 890 3838; x_wconf 83' lang='lat' dir='ltr'><strong>miliatiouibus,</strong></span> <span class='ocrx_word' id='word_1_403' title='bbox 918 3772 1192 3842; x_wconf 89' lang='lat' dir='ltr'><strong>lacrytnis,</strong></span> <span class='ocrx_word' id='word_1_404' title='bbox 1224 3771 1528 3840; x_wconf 90' lang='lat' dir='ltr'><strong>promissis,</strong></span> <span class='ocrx_word' id='word_1_405' title='bbox 1559 3772 1962 3842; x_wconf 87' lang='lat' dir='ltr'><strong>amicorumque</strong></span> <span class='ocrx_word' id='word_1_406' title='bbox 1991 3773 2068 3826; x_wconf 82' lang='lat' dir='ltr'><strong>itt-</strong></span> 
     </span>
    </p>
   </div>
   <div class='ocr_carea' id='block_1_54' title="bbox 485 3862 2065 3933">
    <p class='ocr_par' dir='ltr' id='par_1_54' title="bbox 485 3862 2065 3933">
     <span class='ocr_line' id='line_1_54' title="bbox 485 3862 2065 3933; baseline -0.001 -13"><span class='ocrx_word' id='word_1_407' title='bbox 485 3875 729 3921; x_wconf 89' lang='lat' dir='ltr'><strong>terventu</strong></span> <span class='ocrx_word' id='word_1_408' title='bbox 773 3884 794 3918; x_wconf 74' lang='grc' dir='ltr'><strong>ι</strong></span> <span class='ocrx_word' id='word_1_409' title='bbox 830 3879 926 3919; x_wconf 91' lang='lat' dir='ltr'><strong>eos</strong></span> <span class='ocrx_word' id='word_1_410' title='bbox 950 3864 1161 3933; x_wconf 87' lang='lat' dir='ltr'><strong>eripere</strong></span> <span class='ocrx_word' id='word_1_411' title='bbox 1181 3863 1404 3917; x_wconf 89' lang='lat' dir='ltr'><strong>studuit.</strong></span> <span class='ocrx_word' id='word_1_412' title='bbox 1439 3862 1542 3918; x_wconf 86' lang='lat' dir='ltr'><strong>Urs</strong></span> <span class='ocrx_word' id='word_1_413' title='bbox 1564 3863 1632 3918; x_wconf 74' lang='lat' dir='ltr'><strong>,ni</strong></span> <span class='ocrx_word' id='word_1_414' title='bbox 1667 3862 1807 3918; x_wconf 91' lang='lat' dir='ltr'><strong>inter</strong></span> <span class='ocrx_word' id='word_1_415' title='bbox 1835 3873 2065 3920; x_wconf 68' lang='lat' dir='ltr'><strong>caeteros</strong></span> 
     </span>
    </p>
   </div>
   <div class='ocr_carea' id='block_1_55' title="bbox 485 3951 2066 4012">
    <p class='ocr_par' dir='ltr' id='par_1_55' title="bbox 485 3951 2066 4012">
     <span class='ocr_line' id='line_1_55' title="bbox 485 3951 2066 4012; baseline -0.002 0"><span class='ocrx_word' id='word_1_416' title='bbox 485 3957 649 4012; x_wconf 82' lang='lat' dir='ltr'><strong>vitam</strong></span> <span class='ocrx_word' id='word_1_417' title='bbox 681 3963 735 4011; x_wconf 89' lang='lat' dir='ltr'><strong>et</strong></span> <span class='ocrx_word' id='word_1_418' title='bbox 783 3954 1084 4008; x_wconf 87' lang='lat' dir='ltr'><strong>libertatem</strong></span> <span class='ocrx_word' id='word_1_419' title='bbox 1125 3953 1377 4008; x_wconf 90' lang='lat' dir='ltr'><strong>obtinuit.</strong></span> <span class='ocrx_word' id='word_1_420' title='bbox 1425 3951 1492 4008; x_wconf 88' lang='lat' dir='ltr'><strong>Ut</strong></span> <span class='ocrx_word' id='word_1_421' title='bbox 1540 3962 1720 4009; x_wconf 87' lang='lat' dir='ltr'><strong>autem</strong></span> <span class='ocrx_word' id='word_1_422' title='bbox 1753 3963 1808 4009; x_wconf 91' lang='lat' dir='ltr'><strong>et</strong></span> <span class='ocrx_word' id='word_1_423' title='bbox 1854 3955 2066 4010; x_wconf 75' lang='lat' dir='ltr'><strong>caeteris</strong></span> 
     </span>
    </p>
   </div>
   <div class='ocr_carea' id='block_1_56' title="bbox 483 4044 2063 4119">
    <p class='ocr_par' dir='ltr' id='par_1_56' title="bbox 483 4044 2063 4119">
     <span class='ocr_line' id='line_1_56' title="bbox 483 4044 2063 4119; baseline -0.001 -17"><span class='ocrx_word' id='word_1_424' title='bbox 483 4047 899 4119; x_wconf 87' lang='lat' dir='ltr'><strong>prospiceretur,</strong></span> <span class='ocrx_word' id='word_1_425' title='bbox 935 4064 952 4097; x_wconf 80' lang='grc' dir='ltr'><strong>ι</strong></span> <span class='ocrx_word' id='word_1_426' title='bbox 992 4044 1224 4100; x_wconf 82' lang='lat' dir='ltr'><strong>crastina</strong></span> <span class='ocrx_word' id='word_1_427' title='bbox 1250 4044 1337 4100; x_wconf 90' lang='lat' dir='ltr'><strong>die</strong></span> <span class='ocrx_word' id='word_1_428' title='bbox 1371 4064 1417 4110; x_wconf 75' lang='grc' dir='ltr'>ι,</span> <span class='ocrx_word' id='word_1_429' title='bbox 1441 4045 1492 4100; x_wconf 89' lang='lat' dir='ltr'><strong>id</strong></span> <span class='ocrx_word' id='word_1_430' title='bbox 1521 4053 1626 4112; x_wconf 90' lang='lat' dir='ltr'><strong>est,</strong></span> <span class='ocrx_word' id='word_1_431' title='bbox 1658 4045 1746 4101; x_wconf 88' lang='lat' dir='ltr'><strong>die</strong></span> <span class='ocrx_word' id='word_1_432' title='bbox 1777 4046 1933 4101; x_wconf 83' lang='lat' dir='ltr'><strong>tertia</strong></span> <span class='ocrx_word' id='word_1_433' title='bbox 1960 4045 2063 4101; x_wconf 70' lang='lat' dir='ltr'><strong>Fe-</strong></span> 
     </span>
    </p>
   </div>
   <div class='ocr_carea' id='block_1_57' title="bbox 482 4136 2066 4209">
    <p class='ocr_par' dir='ltr' id='par_1_57' title="bbox 482 4136 2066 4209">
     <span class='ocr_line' id='line_1_57' title="bbox 482 4136 2066 4209; baseline -0.003 -13"><span class='ocrx_word' id='word_1_434' title='bbox 482 4141 710 4205; x_wconf 68' lang='lat' dir='ltr'><strong>bruarii,</strong></span> <span class='ocrx_word' id='word_1_435' title='bbox 741 4137 1030 4209; x_wconf 87' lang='lat' dir='ltr'><strong>primarius</strong></span> <span class='ocrx_word' id='word_1_436' title='bbox 1059 4147 1114 4193; x_wconf 91' lang='lat' dir='ltr'><strong>et</strong></span> <span class='ocrx_word' id='word_1_437' title='bbox 1141 4152 1382 4193; x_wconf 88' lang='lat' dir='ltr'><strong>summus</strong></span> <span class='ocrx_word' id='word_1_438' title='bbox 1411 4136 1629 4207; x_wconf 71' lang='lat' dir='ltr'><strong>quidam</strong></span> <span class='ocrx_word' id='word_1_439' title='bbox 1659 4137 1760 4204; x_wconf 91' lang='lat' dir='ltr'><strong>vir,</strong></span> <span class='ocrx_word' id='word_1_440' title='bbox 1797 4156 1815 4189; x_wconf 77' lang='grc' dir='ltr'><strong>ι</strong></span> <span class='ocrx_word' id='word_1_441' title='bbox 1859 4137 1912 4192; x_wconf 93' lang='lat' dir='ltr'><strong>in</strong></span> <span class='ocrx_word' id='word_1_442' title='bbox 1959 4151 2066 4206; x_wconf 90' lang='lat' dir='ltr'><strong>quo</strong></span> 
     </span>
    </p>
   </div>
   <div class='ocr_carea' id='block_1_58' title="bbox 485 4226 2068 4298">
    <p class='ocr_par' dir='ltr' id='par_1_58' title="bbox 485 4226 2068 4298">
     <span class='ocr_line' id='line_1_58' title="bbox 485 4226 2068 4298; baseline -0.003 -12"><span class='ocrx_word' id='word_1_443' title='bbox 485 4241 596 4286; x_wconf 87' lang='lat' dir='ltr'><strong>tota</strong></span> <span class='ocrx_word' id='word_1_444' title='bbox 623 4229 816 4284; x_wconf 82' lang='lat' dir='ltr'><strong>ﬁducia</strong></span> <span class='ocrx_word' id='word_1_445' title='bbox 846 4227 972 4283; x_wconf 90' lang='lat' dir='ltr'><strong>boni</strong></span> <span class='ocrx_word' id='word_1_446' title='bbox 997 4237 1118 4283; x_wconf 89' lang='lat' dir='ltr'><strong>erat</strong></span> <span class='ocrx_word' id='word_1_447' title='bbox 1149 4236 1476 4298; x_wconf 81' lang='lat' dir='ltr'><strong>proventus,</strong></span> <span class='ocrx_word' id='word_1_448' title='bbox 1511 4247 1530 4280; x_wconf 74' lang='grc' dir='ltr'><strong>ι</strong></span> <span class='ocrx_word' id='word_1_449' title='bbox 1568 4227 1749 4284; x_wconf 88' lang='lat' dir='ltr'><strong>missis</strong></span> <span class='ocrx_word' id='word_1_450' title='bbox 1770 4226 2068 4296; x_wconf 66' lang='lat' dir='ltr'><strong>saepissime</strong></span> 
     </span>
    </p>
   </div>
   <div class='ocr_carea' id='block_1_59' title="bbox 485 4320 2071 4386">
    <p class='ocr_par' dir='ltr' id='par_1_59' title="bbox 485 4320 2071 4386">
     <span class='ocr_line' id='line_1_59' title="bbox 485 4320 2071 4386; baseline -0.002 -9"><span class='ocrx_word' id='word_1_451' title='bbox 485 4321 830 4377; x_wconf 83' lang='lat' dir='ltr'><strong>internuntiis</strong></span> <span class='ocrx_word' id='word_1_452' title='bbox 855 4320 1112 4376; x_wconf 76' lang='lat' dir='ltr'><strong>Ratherio</strong></span> <span class='ocrx_word' id='word_1_453' title='bbox 1139 4320 1450 4386; x_wconf 86' lang='lat' dir='ltr'><strong>mandavit,</strong></span> <span class='ocrx_word' id='word_1_454' title='bbox 1496 4338 1514 4372; x_wconf 82' lang='grc' dir='ltr'><strong>ι</strong></span> <span class='ocrx_word' id='word_1_455' title='bbox 1551 4335 1620 4377; x_wconf 87' lang='lat' dir='ltr'><strong>ne</strong></span> <span class='ocrx_word' id='word_1_456' title='bbox 1644 4335 1674 4374; x_wconf 92' lang='lat' dir='ltr'><strong>a</strong></span> <span class='ocrx_word' id='word_1_457' title='bbox 1705 4335 1804 4375; x_wconf 87' lang='lat' dir='ltr'><strong>suo</strong></span> <span class='ocrx_word' id='word_1_458' title='bbox 1840 4320 2071 4376; x_wconf 81' lang='lat' dir='ltr'><strong>consilio</strong></span> 
     </span>
    </p>
   </div>
   <div class='ocr_carea' id='block_1_60' title="bbox 483 4409 2066 4481">
    <p class='ocr_par' dir='ltr' id='par_1_60' title="bbox 483 4409 2066 4481">
     <span class='ocr_line' id='line_1_60' title="bbox 483 4409 2066 4481; baseline -0.003 -14"><span class='ocrx_word' id='word_1_459' title='bbox 483 4413 728 4469; x_wconf 88' lang='lat' dir='ltr'><strong>deviaret</strong></span> <span class='ocrx_word' id='word_1_460' title='bbox 763 4412 816 4466; x_wconf 91' lang='lat' dir='ltr'><strong>in</strong></span> <span class='ocrx_word' id='word_1_461' title='bbox 847 4410 1061 4481; x_wconf 90' lang='lat' dir='ltr'><strong>aliquo,</strong></span> <span class='ocrx_word' id='word_1_462' title='bbox 1096 4409 1416 4480; x_wconf 87' lang='lat' dir='ltr'><strong>promittens</strong></span> <span class='ocrx_word' id='word_1_463' title='bbox 1443 4410 1625 4465; x_wconf 88' lang='lat' dir='ltr'><strong>omnia</strong></span> <span class='ocrx_word' id='word_1_464' title='bbox 1659 4423 1780 4466; x_wconf 89' lang='lat' dir='ltr'><strong>sese</strong></span> <span class='ocrx_word' id='word_1_465' title='bbox 1823 4409 1930 4464; x_wconf 82' lang='lat' dir='ltr'><strong>ﬁne</strong></span> <span class='ocrx_word' id='word_1_466' title='bbox 1971 4425 2066 4480; x_wconf 92' lang='lat' dir='ltr'><strong>pa-</strong></span> 
     </span>
    </p>
   </div>
   <div class='ocr_carea' id='block_1_61' title="bbox 484 4501 2066 4572">
    <p class='ocr_par' dir='ltr' id='par_1_61' title="bbox 484 4501 2066 4572">
     <span class='ocr_line' id='line_1_61' title="bbox 484 4501 2066 4572; baseline -0.001 -14"><span class='ocrx_word' id='word_1_467' title='bbox 484 4513 698 4559; x_wconf 90' lang='lat' dir='ltr'><strong>cturum</strong></span> <span class='ocrx_word' id='word_1_468' title='bbox 724 4502 946 4572; x_wconf 82' lang='lat' dir='ltr'><strong>Optimo,</strong></span> <span class='ocrx_word' id='word_1_469' title='bbox 981 4511 1189 4556; x_wconf 88' lang='lat' dir='ltr'><strong>tantum</strong></span> <span class='ocrx_word' id='word_1_470' title='bbox 1220 4501 1274 4556; x_wconf 91' lang='lat' dir='ltr'><strong>in</strong></span> <span class='ocrx_word' id='word_1_471' title='bbox 1315 4509 1470 4572; x_wconf 89' lang='lat' dir='ltr'><strong>pacto</strong></span> <span class='ocrx_word' id='word_1_472' title='bbox 1511 4509 1777 4571; x_wconf 86' lang='lat' dir='ltr'><strong>perstaret</strong></span> <span class='ocrx_word' id='word_1_473' title='bbox 1799 4501 2066 4572; x_wconf 89' lang='lat' dir='ltr'><strong>promisso</strong></span> 
     </span>
    </p>
   </div>
   <div class='ocr_carea' id='block_1_62' title="bbox 486 4591 2068 4667">
    <p class='ocr_par' dir='ltr' id='par_1_62' title="bbox 486 4591 2068 4667">
     <span class='ocr_line' id='line_1_62' title="bbox 486 4591 2068 4667; baseline 0 -19"><span class='ocrx_word' id='word_1_474' title='bbox 486 4593 739 4667; x_wconf 53' lang='lat' dir='ltr'><strong>(l’mloq.</strong></span> <span class='ocrx_word' id='word_1_475' title='bbox 768 4593 858 4647; x_wconf 91' lang='lat' dir='ltr'><strong>lib.</strong></span> <span class='ocrx_word' id='word_1_476' title='bbox 888 4608 941 4658; x_wconf 72' lang='grc' dir='ltr'><strong>γ,</strong></span> <span class='ocrx_word' id='word_1_477' title='bbox 973 4609 1029 4648; x_wconf 85' lang='grc' dir='ltr'>ιι.</span> <span class='ocrx_word' id='word_1_478' title='bbox 1062 4593 1166 4663; x_wconf 72' lang='lat' dir='ltr'><strong>l2).</strong></span> <span class='ocrx_word' id='word_1_479' title='bbox 1203 4611 1222 4645; x_wconf 72' lang='grc' dir='ltr'><strong>ι</strong></span> <span class='ocrx_word' id='word_1_480' title='bbox 1257 4591 1412 4648; x_wconf 84' lang='lat' dir='ltr'><strong>llunc</strong></span> <span class='ocrx_word' id='word_1_481' title='bbox 1439 4594 1615 4648; x_wconf 87' lang='lat' dir='ltr'><strong>virum</strong></span> <span class='ocrx_word' id='word_1_482' title='bbox 1649 4594 1964 4664; x_wconf 91' lang='lat' dir='ltr'><strong>primarium</strong></span> <span class='ocrx_word' id='word_1_483' title='bbox 2011 4601 2068 4648; x_wconf 90' lang='lat' dir='ltr'><strong>et</strong></span> 
     </span>
    </p>
   </div>
   <div class='ocr_carea' id='block_1_63' title="bbox 484 4681 2064 4755">
    <p class='ocr_par' dir='ltr' id='par_1_63' title="bbox 484 4681 2064 4755">
     <span class='ocr_line' id='line_1_63' title="bbox 484 4681 2064 4755; baseline -0.003 -15"><span class='ocrx_word' id='word_1_484' title='bbox 484 4697 775 4746; x_wconf 89' lang='lat' dir='ltr'><strong>sutnmum,</strong></span> <span class='ocrx_word' id='word_1_485' title='bbox 809 4681 861 4736; x_wconf 92' lang='lat' dir='ltr'><strong>in</strong></span> <span class='ocrx_word' id='word_1_486' title='bbox 891 4696 1021 4751; x_wconf 91' lang='lat' dir='ltr'><strong>quo,</strong></span> <span class='ocrx_word' id='word_1_487' title='bbox 1048 4683 1150 4736; x_wconf 91' lang='lat' dir='ltr'><strong>etsi</strong></span> <span class='ocrx_word' id='word_1_488' title='bbox 1177 4691 1287 4737; x_wconf 92' lang='lat' dir='ltr'><strong>tota</strong></span> <span class='ocrx_word' id='word_1_489' title='bbox 1308 4682 1504 4739; x_wconf 84' lang='lat' dir='ltr'><strong>fiducia</strong></span> <span class='ocrx_word' id='word_1_490' title='bbox 1532 4683 1658 4739; x_wconf 87' lang='lat' dir='ltr'><strong>boni</strong></span> <span class='ocrx_word' id='word_1_491' title='bbox 1686 4693 1804 4738; x_wconf 91' lang='lat' dir='ltr'><strong>erat</strong></span> <span class='ocrx_word' id='word_1_492' title='bbox 1832 4697 2064 4755; x_wconf 82' lang='lat' dir='ltr'><strong>proven-</strong></span> 
     </span>
    </p>
   </div>
   <div class='ocr_carea' id='block_1_64' title="bbox 486 4773 2061 4842">
    <p class='ocr_par' dir='ltr' id='par_1_64' title="bbox 486 4773 2061 4842">
     <span class='ocr_line' id='line_1_64' title="bbox 486 4773 2061 4842; baseline -0.001 -10"><span class='ocrx_word' id='word_1_493' title='bbox 486 4789 592 4840; x_wconf 89' lang='lat' dir='ltr'><strong>tus,</strong></span> <span class='ocrx_word' id='word_1_494' title='bbox 624 4773 742 4842; x_wconf 86' lang='lat' dir='ltr'><strong>ejus</strong></span> <span class='ocrx_word' id='word_1_495' title='bbox 764 4781 941 4828; x_wconf 88' lang='lat' dir='ltr'><strong>tamen</strong></span> <span class='ocrx_word' id='word_1_496' title='bbox 961 4773 1245 4828; x_wconf 90' lang='lat' dir='ltr'><strong>consilium</strong></span> <span class='ocrx_word' id='word_1_497' title='bbox 1271 4775 1322 4830; x_wconf 89' lang='lat' dir='ltr'><strong>in</strong></span> <span class='ocrx_word' id='word_1_498' title='bbox 1346 4776 1588 4830; x_wconf 81' lang='lat' dir='ltr'><strong>Ratherii</strong></span> <span class='ocrx_word' id='word_1_499' title='bbox 1618 4777 1826 4830; x_wconf 89' lang='lat' dir='ltr'><strong>ruinam</strong></span> <span class='ocrx_word' id='word_1_500' title='bbox 1854 4774 2061 4840; x_wconf 87' lang='lat' dir='ltr'><strong>recidit,</strong></span> 
     </span>
    </p>
   </div>
   <div class='ocr_carea' id='block_1_65' title="bbox 483 4860 2060 4937">
    <p class='ocr_par' dir='ltr' id='par_1_65' title="bbox 483 4860 2060 4937">
     <span class='ocr_line' id='line_1_65' title="bbox 483 4860 2060 4937; baseline -0.001 -15"><span class='ocrx_word' id='word_1_501' title='bbox 483 4866 797 4937; x_wconf 84' lang='lat' dir='ltr'><strong>episcopum</strong></span> <span class='ocrx_word' id='word_1_502' title='bbox 829 4860 997 4918; x_wconf 83' lang='lat' dir='ltr'><strong>fuisse</strong></span> <span class='ocrx_word' id='word_1_503' title='bbox 1019 4877 1084 4917; x_wconf 75' lang='lat' dir='ltr'><strong>ex</strong></span> <span class='ocrx_word' id='word_1_504' title='bbox 1115 4872 1368 4918; x_wconf 80' lang='lat' dir='ltr'><strong>contextu</strong></span> <span class='ocrx_word' id='word_1_505' title='bbox 1406 4863 1753 4920; x_wconf 84' lang='lat' dir='ltr'><strong>manifestum</strong></span> <span class='ocrx_word' id='word_1_506' title='bbox 1800 4874 1904 4920; x_wconf 90' lang='lat' dir='ltr'><strong>cst.</strong></span> <span class='ocrx_word' id='word_1_507' title='bbox 1952 4865 2060 4921; x_wconf 82' lang='lat' dir='ltr'><strong>lbi-</strong></span> 
     </span>
    </p>
   </div>
   <div class='ocr_carea' id='block_1_66' title="bbox 485 4953 2062 5014">
    <p class='ocr_par' dir='ltr' id='par_1_66' title="bbox 485 4953 2062 5014">
     <span class='ocr_line' id='line_1_66' title="bbox 485 4953 2062 5014; baseline 0.018 -28"><span class='ocrx_word' id='word_1_508' title='bbox 485 4957 608 4988; x_wconf 63' lang='lat' dir='ltr'><strong>AM.</strong></span> <span class='ocrx_word' id='word_1_509' title='bbox 627 4955 774 4990; x_wconf 62' lang='grc' dir='ltr'><strong>αηίιη</strong></span> <span class='ocrx_word' id='word_1_510' title='bbox 801 4959 990 4994; x_wconf 67' lang='lat' dir='ltr'><strong>nimim-</strong></span> <span class='ocrx_word' id='word_1_511' title='bbox 1024 4954 1092 4996; x_wconf 61' lang='lat' dir='ltr'><strong>da</strong></span> <span class='ocrx_word' id='word_1_512' title='bbox 1115 4953 1382 5002; x_wconf 63' lang='lat' dir='ltr'><strong>nnispnnis</strong></span> <span class='ocrx_word' id='word_1_513' title='bbox 1406 4956 1669 5008; x_wconf 84' lang='lat' dir='ltr'><strong>nueritur.</strong></span> <span class='ocrx_word' id='word_1_514' title='bbox 1695 4956 1786 5010; x_wconf 72' lang='lat' dir='ltr'><strong>(Illi</strong></span> <span class='ocrx_word' id='word_1_515' title='bbox 1817 4972 1934 5012; x_wconf 90' lang='lat' dir='ltr'><strong>sese</strong></span> <span class='ocrx_word' id='word_1_516' title='bbox 1954 4974 2062 5014; x_wconf 85' lang='lat' dir='ltr'><strong>non</strong></span> 
     </span>
    </p>
   </div>
   <div class='ocr_carea' id='block_1_67' title="bbox 2159 1859 3749 1932">
    <p class='ocr_par' dir='ltr' id='par_1_67' title="bbox 2159 1859 3749 1932">
     <span class='ocr_line' id='line_1_67' title="bbox 2159 1859 3749 1932; baseline -0.003 -16"><span class='ocrx_word' id='word_1_517' title='bbox 2159 1879 2273 1928; x_wconf 85' lang='lat' dir='ltr'><strong>rus,</strong></span> <span class='ocrx_word' id='word_1_518' title='bbox 2311 1861 2387 1916; x_wconf 84' lang='lat' dir='ltr'><strong>ab</strong></span> <span class='ocrx_word' id='word_1_519' title='bbox 2409 1864 2597 1917; x_wconf 87' lang='lat' dir='ltr'><strong>eodem</strong></span> <span class='ocrx_word' id='word_1_520' title='bbox 2634 1863 2788 1932; x_wconf 83' lang='lat' dir='ltr'><strong>petiit</strong></span> <span class='ocrx_word' id='word_1_521' title='bbox 2814 1872 2870 1916; x_wconf 89' lang='lat' dir='ltr'><strong>ttt</strong></span> <span class='ocrx_word' id='word_1_522' title='bbox 2902 1863 2970 1916; x_wconf 90' lang='lat' dir='ltr'><strong>ad</strong></span> <span class='ocrx_word' id='word_1_523' title='bbox 3005 1876 3063 1916; x_wconf 91' lang='lat' dir='ltr'><strong>se</strong></span> <span class='ocrx_word' id='word_1_524' title='bbox 3110 1861 3450 1916; x_wconf 88' lang='lat' dir='ltr'><strong>mitterentur</strong></span> <span class='ocrx_word' id='word_1_525' title='bbox 3497 1859 3749 1930; x_wconf 84' lang='lat' dir='ltr'><strong>primarii</strong></span> 
     </span>
    </p>
   </div>
   <div class='ocr_carea' id='block_1_68' title="bbox 2157 1950 3751 2022">
    <p class='ocr_par' dir='ltr' id='par_1_68' title="bbox 2157 1950 3751 2022">
     <span class='ocr_line' id='line_1_68' title="bbox 2157 1950 3751 2022; baseline -0.003 -15"><span class='ocrx_word' id='word_1_526' title='bbox 2157 1954 2412 2007; x_wconf 86' lang='lat' dir='ltr'><strong>civitatis.</strong></span> <span class='ocrx_word' id='word_1_527' title='bbox 2448 1952 2632 2022; x_wconf 87' lang='lat' dir='ltr'><strong>Itaque</strong></span> <span class='ocrx_word' id='word_1_528' title='bbox 2661 1967 2782 2006; x_wconf 88' lang='lat' dir='ltr'><strong>cum</strong></span> <span class='ocrx_word' id='word_1_529' title='bbox 2811 1951 2896 2007; x_wconf 78' lang='lat' dir='ltr'><strong>his</strong></span> <span class='ocrx_word' id='word_1_530' title='bbox 2928 1961 2982 2006; x_wconf 89' lang='lat' dir='ltr'><strong>et</strong></span> <span class='ocrx_word' id='word_1_531' title='bbox 3023 1967 3144 2007; x_wconf 86' lang='lat' dir='ltr'><strong>cum</strong></span> <span class='ocrx_word' id='word_1_532' title='bbox 3188 1951 3457 2006; x_wconf 76' lang='lat' dir='ltr'><strong>nonnullis</strong></span> <span class='ocrx_word' id='word_1_533' title='bbox 3501 1950 3751 2005; x_wconf 79' lang='lat' dir='ltr'><strong>externis</strong></span> 
     </span>
    </p>
   </div>
   <div class='ocr_carea' id='block_1_69' title="bbox 2164 2042 3748 2106">
    <p class='ocr_par' dir='ltr' id='par_1_69' title="bbox 2164 2042 3748 2106">
     <span class='ocr_line' id='line_1_69' title="bbox 2164 2042 3748 2106; baseline 0 -9"><span class='ocrx_word' id='word_1_534' title='bbox 2164 2064 2181 2097; x_wconf 83' lang='grc' dir='ltr'><strong>ι</strong></span> <span class='ocrx_word' id='word_1_535' title='bbox 2218 2045 2524 2100; x_wconf 90' lang='lat' dir='ltr'><strong>luccscentc</strong></span> <span class='ocrx_word' id='word_1_536' title='bbox 2553 2045 2639 2099; x_wconf 93' lang='lat' dir='ltr'><strong>die</strong></span> <span class='ocrx_word' id='word_1_537' title='bbox 2677 2063 2696 2096; x_wconf 73' lang='grc' dir='ltr'><strong>ι</strong></span> <span class='ocrx_word' id='word_1_538' title='bbox 2732 2043 3016 2098; x_wconf 86' lang='lat' dir='ltr'><strong>consilium</strong></span> <span class='ocrx_word' id='word_1_539' title='bbox 3054 2042 3293 2098; x_wconf 86' lang='lat' dir='ltr'><strong>habitum</strong></span> <span class='ocrx_word' id='word_1_540' title='bbox 3321 2060 3338 2106; x_wconf 86' lang='lat'><strong>;</strong></span> <span class='ocrx_word' id='word_1_541' title='bbox 3370 2058 3434 2098; x_wconf 90' lang='lat' dir='ltr'><strong>ac</strong></span> <span class='ocrx_word' id='word_1_542' title='bbox 3465 2043 3519 2098; x_wconf 93' lang='lat' dir='ltr'><strong>in</strong></span> <span class='ocrx_word' id='word_1_543' title='bbox 3551 2057 3620 2098; x_wconf 91' lang='lat' dir='ltr'><strong>eo</strong></span> <span class='ocrx_word' id='word_1_544' title='bbox 3645 2042 3748 2097; x_wconf 79' lang='lat' dir='ltr'><strong>de-</strong></span> 
     </span>
    </p>
   </div>
   <div class='ocr_carea' id='block_1_70' title="bbox 2159 2134 3749 2204">
    <p class='ocr_par' dir='ltr' id='par_1_70' title="bbox 2159 2134 3749 2204">
     <span class='ocr_line' id='line_1_70' title="bbox 2159 2134 3749 2204; baseline -0.002 -12"><span class='ocrx_word' id='word_1_545' title='bbox 2159 2145 2367 2192; x_wconf 90' lang='lat' dir='ltr'><strong>cretum</strong></span> <span class='ocrx_word' id='word_1_546' title='bbox 2396 2135 2517 2202; x_wconf 82' lang='lat' dir='ltr'><strong>fuit,</strong></span> <span class='ocrx_word' id='word_1_547' title='bbox 2547 2147 2605 2190; x_wconf 88' lang='lat' dir='ltr'><strong>ut</strong></span> <span class='ocrx_word' id='word_1_548' title='bbox 2630 2136 2962 2190; x_wconf 85' lang='lat' dir='ltr'><strong>scriberetur</strong></span> <span class='ocrx_word' id='word_1_549' title='bbox 2995 2134 3240 2204; x_wconf 72' lang='lat' dir='ltr'><strong>quaedam</strong></span> <span class='ocrx_word' id='word_1_550' title='bbox 3276 2135 3526 2204; x_wconf 82' lang='lat' dir='ltr'><strong>cpistola,</strong></span> <span class='ocrx_word' id='word_1_551' title='bbox 3573 2149 3749 2203; x_wconf 82' lang='lat' dir='ltr'><strong>quam</strong></span> 
     </span>
    </p>
   </div>
   <div class='ocr_carea' id='block_1_71' title="bbox 2160 2224 3750 2294">
    <p class='ocr_par' dir='ltr' id='par_1_71' title="bbox 2160 2224 3750 2294">
     <span class='ocr_line' id='line_1_71' title="bbox 2160 2224 3750 2294; baseline -0.002 -13"><span class='ocrx_word' id='word_1_552' title='bbox 2160 2225 2207 2281; x_wconf 90' lang='lat' dir='ltr'><strong>si</strong></span> <span class='ocrx_word' id='word_1_553' title='bbox 2235 2224 2645 2280; x_wconf 86' lang='lat' dir='ltr'><strong>archidiaconus</strong></span> <span class='ocrx_word' id='word_1_554' title='bbox 2675 2243 2694 2276; x_wconf 77' lang='grc' dir='ltr'><strong>ι</strong></span> <span class='ocrx_word' id='word_1_555' title='bbox 2731 2226 2956 2280; x_wconf 83' lang='lat' dir='ltr'><strong>auderet</strong></span> <span class='ocrx_word' id='word_1_556' title='bbox 2991 2224 3229 2290; x_wconf 86' lang='lat' dir='ltr'><strong>mittere,</strong></span> <span class='ocrx_word' id='word_1_557' title='bbox 3255 2227 3408 2294; x_wconf 89' lang='lat' dir='ltr'><strong>quasi</strong></span> <span class='ocrx_word' id='word_1_558' title='bbox 3437 2226 3640 2283; x_wconf 80' lang='lat' dir='ltr'><strong>inscius</strong></span> <span class='ocrx_word' id='word_1_559' title='bbox 3665 2225 3750 2279; x_wconf 85' lang='lat' dir='ltr'><strong>di-</strong></span> 
     </span>
    </p>
   </div>
   <div class='ocr_carea' id='block_1_72' title="bbox 2161 2313 3752 2381">
    <p class='ocr_par' dir='ltr' id='par_1_72' title="bbox 2161 2313 3752 2381">
     <span class='ocr_line' id='line_1_72' title="bbox 2161 2313 3752 2381; baseline -0.001 -11"><span class='ocrx_word' id='word_1_560' title='bbox 2161 2317 2467 2372; x_wconf 88' lang='lat' dir='ltr'><strong>mitteretur</strong></span> <span class='ocrx_word' id='word_1_561' title='bbox 2495 2315 2772 2381; x_wconf 87' lang='lat' dir='ltr'><strong>criminis;</strong></span> <span class='ocrx_word' id='word_1_562' title='bbox 2803 2315 2884 2370; x_wconf 91' lang='lat' dir='ltr'><strong>sin</strong></span> <span class='ocrx_word' id='word_1_563' title='bbox 2915 2314 3066 2381; x_wconf 86' lang='lat' dir='ltr'><strong>alias,</strong></span> <span class='ocrx_word' id='word_1_564' title='bbox 3097 2315 3420 2370; x_wconf 88' lang='lat' dir='ltr'><strong>sententiam</strong></span> <span class='ocrx_word' id='word_1_565' title='bbox 3443 2315 3590 2371; x_wconf 89' lang='lat' dir='ltr'><strong>illico</strong></span> <span class='ocrx_word' id='word_1_566' title='bbox 3617 2313 3752 2370; x_wconf 78' lang='lat' dir='ltr'><strong>sub-</strong></span> 
     </span>
    </p>
   </div>
   <div class='ocr_carea' id='block_1_73' title="bbox 2162 2406 3758 2480">
    <p class='ocr_par' dir='ltr' id='par_1_73' title="bbox 2162 2406 3758 2480">
     <span class='ocr_line' id='line_1_73' title="bbox 2162 2406 3758 2480; baseline 0 -18"><span class='ocrx_word' id='word_1_567' title='bbox 2162 2407 2266 2464; x_wconf 85' lang='lat' dir='ltr'><strong>iret</strong></span> <span class='ocrx_word' id='word_1_568' title='bbox 2314 2409 2506 2478; x_wconf 86' lang='lat' dir='ltr'><strong>capitis</strong></span> <span class='ocrx_word' id='word_1_569' title='bbox 2536 2406 2790 2480; x_wconf 75' lang='lat' dir='ltr'><strong>(Prwloq.</strong></span> <span class='ocrx_word' id='word_1_570' title='bbox 2843 2407 2879 2461; x_wconf 88' lang='grc' dir='ltr'>ι.</span> <span class='ocrx_word' id='word_1_571' title='bbox 2927 2424 3015 2474; x_wconf 83' lang='grc' dir='ltr'>ιιι,</span> <span class='ocrx_word' id='word_1_572' title='bbox 3059 2407 3277 2474; x_wconf 72' lang='grc' dir='ltr'><strong>ιι.27);</strong></span> <span class='ocrx_word' id='word_1_573' title='bbox 3320 2427 3342 2462; x_wconf 82' lang='grc'><strong>›</strong></span> <span class='ocrx_word' id='word_1_574' title='bbox 3392 2417 3449 2463; x_wconf 87' lang='lat' dir='ltr'><strong>et</strong></span> <span class='ocrx_word' id='word_1_575' title='bbox 3497 2407 3758 2464; x_wconf 84' lang='lat' dir='ltr'><strong>similiter</strong></span> 
     </span>
    </p>
   </div>
   <div class='ocr_carea' id='block_1_74' title="bbox 2162 2498 3751 2571">
    <p class='ocr_par' dir='ltr' id='par_1_74' title="bbox 2162 2498 3751 2571">
     <span class='ocr_line' id='line_1_74' title="bbox 2162 2498 3751 2571; baseline -0.003 -16"><span class='ocrx_word' id='word_1_576' title='bbox 2162 2501 2251 2555; x_wconf 87' lang='lat' dir='ltr'><strong>alii</strong></span> <span class='ocrx_word' id='word_1_577' title='bbox 2283 2515 2346 2556; x_wconf 88' lang='lat' dir='ltr'><strong>ea</strong></span> <span class='ocrx_word' id='word_1_578' title='bbox 2377 2499 2602 2571; x_wconf 89' lang='lat' dir='ltr'><strong>epistola</strong></span> <span class='ocrx_word' id='word_1_579' title='bbox 2629 2500 2827 2570; x_wconf 86' lang='lat' dir='ltr'><strong>scripta</strong></span> <span class='ocrx_word' id='word_1_580' title='bbox 2858 2515 3019 2555; x_wconf 88' lang='lat' dir='ltr'><strong>omne</strong></span> <span class='ocrx_word' id='word_1_581' title='bbox 3065 2498 3361 2570; x_wconf 88' lang='lat' dir='ltr'><strong>periculum</strong></span> <span class='ocrx_word' id='word_1_582' title='bbox 3393 2499 3751 2555; x_wconf 85' lang='lat' dir='ltr'><strong>declinarent.</strong></span> 
     </span>
    </p>
   </div>
   <div class='ocr_carea' id='block_1_75' title="bbox 2162 2589 3752 2660">
    <p class='ocr_par' dir='ltr' id='par_1_75' title="bbox 2162 2589 3752 2660">
     <span class='ocr_line' id='line_1_75' title="bbox 2162 2589 3752 2660; baseline -0.001 -14"><span class='ocrx_word' id='word_1_583' title='bbox 2162 2591 2392 2647; x_wconf 86' lang='lat' dir='ltr'><strong>Cuinam</strong></span> <span class='ocrx_word' id='word_1_584' title='bbox 2417 2591 2623 2646; x_wconf 87' lang='lat' dir='ltr'><strong>directa</strong></span> <span class='ocrx_word' id='word_1_585' title='bbox 2657 2590 2820 2645; x_wconf 90' lang='lat' dir='ltr'><strong>fuerit</strong></span> <span class='ocrx_word' id='word_1_586' title='bbox 2846 2590 2962 2646; x_wconf 69' lang='lat' dir='ltr'><strong>hmo</strong></span> <span class='ocrx_word' id='word_1_587' title='bbox 2992 2589 3241 2659; x_wconf 90' lang='lat' dir='ltr'><strong>epistola,</strong></span> <span class='ocrx_word' id='word_1_588' title='bbox 3275 2590 3472 2660; x_wconf 86' lang='lat' dir='ltr'><strong>quidve</strong></span> <span class='ocrx_word' id='word_1_589' title='bbox 3498 2591 3752 2646; x_wconf 87' lang='lat' dir='ltr'><strong>contine-</strong></span> 
     </span>
    </p>
   </div>
   <div class='ocr_carea' id='block_1_76' title="bbox 2165 2680 3750 2751">
    <p class='ocr_par' dir='ltr' id='par_1_76' title="bbox 2165 2680 3750 2751">
     <span class='ocr_line' id='line_1_76' title="bbox 2165 2680 3750 2751; baseline -0.003 -11"><span class='ocrx_word' id='word_1_590' title='bbox 2165 2693 2269 2751; x_wconf 86' lang='lat' dir='ltr'><strong>ret,</strong></span> <span class='ocrx_word' id='word_1_591' title='bbox 2296 2685 2438 2739; x_wconf 90' lang='lat' dir='ltr'><strong>unde</strong></span> <span class='ocrx_word' id='word_1_592' title='bbox 2466 2680 2879 2739; x_wconf 81' lang='lat' dir='ltr'><strong>archidiaconus</strong></span> <span class='ocrx_word' id='word_1_593' title='bbox 2907 2691 2963 2739; x_wconf 81' lang='lat' dir='ltr'><strong>et</strong></span> <span class='ocrx_word' id='word_1_594' title='bbox 2992 2681 3173 2738; x_wconf 65' lang='lat' dir='ltr'><strong>czeteri</strong></span> <span class='ocrx_word' id='word_1_595' title='bbox 3202 2681 3508 2738; x_wconf 88' lang='lat' dir='ltr'><strong>rebellionis</strong></span> <span class='ocrx_word' id='word_1_596' title='bbox 3536 2683 3750 2738; x_wconf 83' lang='lat' dir='ltr'><strong>conscii</strong></span> 
     </span>
    </p>
   </div>
   <div class='ocr_carea' id='block_1_77' title="bbox 2163 2773 3755 2844">
    <p class='ocr_par' dir='ltr' id='par_1_77' title="bbox 2163 2773 3755 2844">
     <span class='ocr_line' id='line_1_77' title="bbox 2163 2773 3755 2844; baseline -0.002 -13"><span class='ocrx_word' id='word_1_597' title='bbox 2163 2790 2194 2831; x_wconf 72' lang='grc' dir='ltr'><strong>θ</strong></span> <span class='ocrx_word' id='word_1_598' title='bbox 2221 2775 2342 2829; x_wconf 75' lang='lat' dir='ltr'><strong>vita:</strong></span> <span class='ocrx_word' id='word_1_599' title='bbox 2371 2773 2684 2829; x_wconf 85' lang='lat' dir='ltr'><strong>discrimine</strong></span> <span class='ocrx_word' id='word_1_600' title='bbox 2705 2774 3148 2837; x_wconf 85' lang='lat' dir='ltr'><strong>subducerentur,</strong></span> <span class='ocrx_word' id='word_1_601' title='bbox 3178 2773 3475 2844; x_wconf 67' lang='lat' dir='ltr'><strong>ignoratur.</strong></span> <span class='ocrx_word' id='word_1_602' title='bbox 3499 2773 3554 2829; x_wconf 74' lang='grc' dir='ltr'><strong>ιιι</strong></span> <span class='ocrx_word' id='word_1_603' title='bbox 3580 2791 3755 2830; x_wconf 80' lang='lat' dir='ltr'><strong>unum</strong></span> 
     </span>
    </p>
   </div>
   <div class='ocr_carea' id='block_1_78' title="bbox 2164 2863 3759 2934">
    <p class='ocr_par' dir='ltr' id='par_1_78' title="bbox 2164 2863 3759 2934">
     <span class='ocr_line' id='line_1_78' title="bbox 2164 2863 3759 2934; baseline 0.001 -13"><span class='ocrx_word' id='word_1_604' title='bbox 2164 2867 2366 2922; x_wconf 77' lang='lat' dir='ltr'><strong>scimus</strong></span> <span class='ocrx_word' id='word_1_605' title='bbox 2387 2880 2507 2920; x_wconf 88' lang='lat' dir='ltr'><strong>eam</strong></span> <span class='ocrx_word' id='word_1_606' title='bbox 2534 2863 2700 2920; x_wconf 74' lang='lat' dir='ltr'><strong>fuisse</strong></span> <span class='ocrx_word' id='word_1_607' title='bbox 2722 2865 2966 2918; x_wconf 78' lang='lat' dir='ltr'><strong>conviciis</strong></span> <span class='ocrx_word' id='word_1_608' title='bbox 2986 2864 3194 2934; x_wconf 80' lang='lat' dir='ltr'><strong>plenam</strong></span> <span class='ocrx_word' id='word_1_609' title='bbox 3219 2880 3238 2929; x_wconf 89' lang='lat'><strong>;</strong></span> <span class='ocrx_word' id='word_1_610' title='bbox 3271 2864 3586 2921; x_wconf 76' lang='lat' dir='ltr'><strong>flatberium</strong></span> <span class='ocrx_word' id='word_1_611' title='bbox 3618 2882 3759 2923; x_wconf 85' lang='lat' dir='ltr'><strong>vero</strong></span> 
     </span>
    </p>
   </div>
   <div class='ocr_carea' id='block_1_79' title="bbox 2164 2955 3757 3021">
    <p class='ocr_par' dir='ltr' id='par_1_79' title="bbox 2164 2955 3757 3021">
     <span class='ocr_line' id='line_1_79' title="bbox 2164 2955 3757 3021; baseline 0.001 -8"><span class='ocrx_word' id='word_1_612' title='bbox 2164 2958 2341 3013; x_wconf 84' lang='lat' dir='ltr'><strong>eidem</strong></span> <span class='ocrx_word' id='word_1_613' title='bbox 2383 2955 2684 3013; x_wconf 70' lang='lat' dir='ltr'><strong>scribenda:</strong></span> <span class='ocrx_word' id='word_1_614' title='bbox 2731 2957 3068 3012; x_wconf 82' lang='lat' dir='ltr'><strong>consensisse</strong></span> <span class='ocrx_word' id='word_1_615' title='bbox 3113 2971 3179 3012; x_wconf 93' lang='lat' dir='ltr'><strong>eo</strong></span> <span class='ocrx_word' id='word_1_616' title='bbox 3208 2957 3468 3021; x_wconf 84' lang='lat' dir='ltr'><strong>consilio,</strong></span> <span class='ocrx_word' id='word_1_617' title='bbox 3503 2967 3557 3014; x_wconf 93' lang='lat' dir='ltr'><strong>ut</strong></span> <span class='ocrx_word' id='word_1_618' title='bbox 3587 2975 3757 3015; x_wconf 84' lang='lat' dir='ltr'><strong>suum</strong></span> 
     </span>
    </p>
   </div>
   <div class='ocr_carea' id='block_1_80' title="bbox 2165 3044 3750 3119">
    <p class='ocr_par' dir='ltr' id='par_1_80' title="bbox 2165 3044 3750 3119">
     <span class='ocr_line' id='line_1_80' title="bbox 2165 3044 3750 3119; baseline 0.002 -17"><span class='ocrx_word' id='word_1_619' title='bbox 2165 3063 2380 3119; x_wconf 78' lang='lat' dir='ltr'><strong>gregem</strong></span> <span class='ocrx_word' id='word_1_620' title='bbox 2424 3047 2492 3102; x_wconf 89' lang='lat' dir='ltr'><strong>ab</strong></span> <span class='ocrx_word' id='word_1_621' title='bbox 2523 3047 2954 3118; x_wconf 89' lang='lat' dir='ltr'><strong>impendentibus</strong></span> <span class='ocrx_word' id='word_1_622' title='bbox 2980 3047 3138 3104; x_wconf 87' lang='lat' dir='ltr'><strong>malis</strong></span> <span class='ocrx_word' id='word_1_623' title='bbox 3166 3058 3398 3104; x_wconf 89' lang='lat' dir='ltr'><strong>erueret.</strong></span> <span class='ocrx_word' id='word_1_624' title='bbox 3428 3044 3541 3106; x_wconf 83' lang='lat' dir='ltr'><strong>Hoc</strong></span> <span class='ocrx_word' id='word_1_625' title='bbox 3566 3061 3750 3107; x_wconf 87' lang='lat' dir='ltr'><strong>autem</strong></span> 
     </span>
    </p>
   </div>
   <div class='ocr_carea' id='block_1_81' title="bbox 2164 3137 3754 3210">
    <p class='ocr_par' dir='ltr' id='par_1_81' title="bbox 2164 3137 3754 3210">
     <span class='ocr_line' id='line_1_81' title="bbox 2164 3137 3754 3210; baseline 0.003 -18"><span class='ocrx_word' id='word_1_626' title='bbox 2164 3152 2388 3193; x_wconf 83' lang='lat' dir='ltr'><strong>assensu</strong></span> <span class='ocrx_word' id='word_1_627' title='bbox 2433 3137 2680 3207; x_wconf 63' lang='grc' dir='ltr'><strong>οπως»ιίιο</strong></span> <span class='ocrx_word' id='word_1_628' title='bbox 2723 3155 2740 3189; x_wconf 82' lang='grc' dir='ltr'><strong>ι</strong></span> <span class='ocrx_word' id='word_1_629' title='bbox 2785 3138 3072 3206; x_wconf 83' lang='lat' dir='ltr'><strong>quemdam</strong></span> <span class='ocrx_word' id='word_1_630' title='bbox 3118 3139 3274 3208; x_wconf 89' lang='lat' dir='ltr'><strong>quasi</strong></span> <span class='ocrx_word' id='word_1_631' title='bbox 3318 3139 3567 3210; x_wconf 88' lang='lat' dir='ltr'><strong>laqueum</strong></span> <span class='ocrx_word' id='word_1_632' title='bbox 3609 3142 3754 3207; x_wconf 85' lang='lat' dir='ltr'><strong>sibi,</strong></span> 
     </span>
    </p>
   </div>
   <div class='ocr_carea' id='block_1_82' title="bbox 2162 3225 3755 3302">
    <p class='ocr_par' dir='ltr' id='par_1_82' title="bbox 2162 3225 3755 3302">
     <span class='ocr_line' id='line_1_82' title="bbox 2162 3225 3755 3302; baseline 0.006 -22"><span class='ocrx_word' id='word_1_633' title='bbox 2162 3244 2272 3300; x_wconf 86' lang='lat' dir='ltr'><strong>quo</strong></span> <span class='ocrx_word' id='word_1_634' title='bbox 2302 3238 2598 3295; x_wconf 87' lang='lat' dir='ltr'><strong>teneretur,</strong></span> <span class='ocrx_word' id='word_1_635' title='bbox 2629 3229 2814 3298; x_wconf 76' lang='lat' dir='ltr'><strong>injecit</strong></span> <span class='ocrx_word' id='word_1_636' title='bbox 2838 3227 3026 3300; x_wconf 74' lang='lat' dir='ltr'><strong>(Ibid.,</strong></span> <span class='ocrx_word' id='word_1_637' title='bbox 3048 3227 3084 3283; x_wconf 89' lang='lat' dir='ltr'><strong>l.</strong></span> <span class='ocrx_word' id='word_1_638' title='bbox 3111 3225 3168 3297; x_wconf 70' lang='grc' dir='ltr'><strong>γ’,</strong></span> <span class='ocrx_word' id='word_1_639' title='bbox 3194 3247 3248 3284; x_wconf 93' lang='lat' dir='ltr'><strong>n.</strong></span> <span class='ocrx_word' id='word_1_640' title='bbox 3275 3230 3382 3302; x_wconf 68' lang='grc'><strong>12).</strong></span> <span class='ocrx_word' id='word_1_641' title='bbox 3421 3252 3442 3285; x_wconf 76' lang='grc' dir='ltr'><strong>ι</strong></span> <span class='ocrx_word' id='word_1_642' title='bbox 3471 3231 3582 3288; x_wconf 81' lang='lat' dir='ltr'><strong>Hac</strong></span> <span class='ocrx_word' id='word_1_643' title='bbox 3601 3234 3755 3289; x_wconf 89' lang='lat' dir='ltr'><strong>enim</strong></span> 
     </span>
    </p>
   </div>
   <div class='ocr_carea' id='block_1_83' title="bbox 2163 3320 3758 3393">
    <p class='ocr_par' dir='ltr' id='par_1_83' title="bbox 2163 3320 3758 3393">
     <span class='ocr_line' id='line_1_83' title="bbox 2163 3320 3758 3393; baseline 0.004 -19"><span class='ocrx_word' id='word_1_644' title='bbox 2163 3320 2386 3393; x_wconf 81' lang='lat' dir='ltr'><strong>cpistola</strong></span> <span class='ocrx_word' id='word_1_645' title='bbox 2433 3321 2792 3392; x_wconf 78' lang='lat' dir='ltr'><strong>promulgata,</strong></span> <span class='ocrx_word' id='word_1_646' title='bbox 2834 3330 2891 3375; x_wconf 92' lang='lat' dir='ltr'><strong>ut</strong></span> <span class='ocrx_word' id='word_1_647' title='bbox 2929 3321 3162 3388; x_wconf 88' lang='lat' dir='ltr'><strong>videtur,</strong></span> <span class='ocrx_word' id='word_1_648' title='bbox 3203 3323 3326 3378; x_wconf 88' lang='lat' dir='ltr'><strong>sine</strong></span> <span class='ocrx_word' id='word_1_649' title='bbox 3366 3323 3606 3380; x_wconf 74' lang='lat' dir='ltr'><strong>auctoris</strong></span> <span class='ocrx_word' id='word_1_650' title='bbox 3654 3340 3758 3380; x_wconf 88' lang='lat' dir='ltr'><strong>no-</strong></span> 
     </span>
    </p>
   </div>
   <div class='ocr_carea' id='block_1_84' title="bbox 2166 3412 3753 3483">
    <p class='ocr_par' dir='ltr' id='par_1_84' title="bbox 2166 3412 3753 3483">
     <span class='ocr_line' id='line_1_84' title="bbox 2166 3412 3753 3483; baseline 0.003 -17"><span class='ocrx_word' id='word_1_651' title='bbox 2166 3414 2330 3479; x_wconf 89' lang='lat' dir='ltr'><strong>mine,</strong></span> <span class='ocrx_word' id='word_1_652' title='bbox 2359 3427 2480 3468; x_wconf 90' lang='lat' dir='ltr'><strong>cum</strong></span> <span class='ocrx_word' id='word_1_653' title='bbox 2501 3412 2737 3483; x_wconf 85' lang='lat' dir='ltr'><strong>quidam,</strong></span> <span class='ocrx_word' id='word_1_654' title='bbox 2759 3412 2844 3467; x_wconf 89' lang='lat' dir='ltr'><strong>cui</strong></span> <span class='ocrx_word' id='word_1_655' title='bbox 2869 3413 2937 3467; x_wconf 88' lang='lat' dir='ltr'><strong>ab</strong></span> <span class='ocrx_word' id='word_1_656' title='bbox 2959 3412 3344 3468; x_wconf 82' lang='lat' dir='ltr'><strong>archidiacono</strong></span> <span class='ocrx_word' id='word_1_657' title='bbox 3366 3415 3528 3470; x_wconf 85' lang='lat' dir='ltr'><strong>missa</strong></span> <span class='ocrx_word' id='word_1_658' title='bbox 3552 3413 3753 3479; x_wconf 87' lang='lat' dir='ltr'><strong>fuerat,</strong></span> 
     </span>
    </p>
   </div>
   <div class='ocr_carea' id='block_1_85' title="bbox 2166 3500 3756 3571">
    <p class='ocr_par' dir='ltr' id='par_1_85' title="bbox 2166 3500 3756 3571">
     <span class='ocr_line' id='line_1_85' title="bbox 2166 3500 3756 3571; baseline 0.003 -14"><span class='ocrx_word' id='word_1_659' title='bbox 2166 3503 2232 3558; x_wconf 86' lang='lat' dir='ltr'><strong>de</strong></span> <span class='ocrx_word' id='word_1_660' title='bbox 2279 3511 2499 3557; x_wconf 90' lang='lat' dir='ltr'><strong>auctore</strong></span> <span class='ocrx_word' id='word_1_661' title='bbox 2547 3502 2886 3571; x_wconf 85' lang='lat' dir='ltr'><strong>inquireret;</strong></span> <span class='ocrx_word' id='word_1_662' title='bbox 2929 3500 3108 3566; x_wconf 83' lang='lat' dir='ltr'><strong>Urse,</strong></span> <span class='ocrx_word' id='word_1_663' title='bbox 3156 3501 3310 3570; x_wconf 87' lang='lat' dir='ltr'><strong>cujus</strong></span> <span class='ocrx_word' id='word_1_664' title='bbox 3358 3519 3519 3558; x_wconf 88' lang='lat' dir='ltr'><strong>manu</strong></span> <span class='ocrx_word' id='word_1_665' title='bbox 3571 3504 3756 3562; x_wconf 84' lang='lat' dir='ltr'><strong>fuerat</strong></span> 
     </span>
    </p>
   </div>
   <div class='ocr_carea' id='block_1_86' title="bbox 2165 3591 3760 3663">
    <p class='ocr_par' dir='ltr' id='par_1_86' title="bbox 2165 3591 3760 3663">
     <span class='ocr_line' id='line_1_86' title="bbox 2165 3591 3760 3663; baseline 0.002 -15"><span class='ocrx_word' id='word_1_666' title='bbox 2165 3603 2409 3658; x_wconf 69' lang='lat' dir='ltr'><strong>exarata,</strong></span> <span class='ocrx_word' id='word_1_667' title='bbox 2437 3591 2710 3662; x_wconf 87' lang='lat' dir='ltr'><strong>professus</strong></span> <span class='ocrx_word' id='word_1_668' title='bbox 2734 3591 2947 3663; x_wconf 87' lang='lat' dir='ltr'><strong>quidem</strong></span> <span class='ocrx_word' id='word_1_669' title='bbox 2969 3601 3050 3647; x_wconf 91' lang='lat' dir='ltr'><strong>est</strong></span> <span class='ocrx_word' id='word_1_670' title='bbox 3076 3607 3135 3646; x_wconf 89' lang='lat' dir='ltr'><strong>se</strong></span> <span class='ocrx_word' id='word_1_671' title='bbox 3159 3591 3300 3646; x_wconf 80' lang='lat' dir='ltr'><strong>illam</strong></span> <span class='ocrx_word' id='word_1_672' title='bbox 3323 3595 3626 3663; x_wconf 79' lang='lat' dir='ltr'><strong>scripsisse,</strong></span> <span class='ocrx_word' id='word_1_673' title='bbox 3657 3600 3760 3652; x_wconf 80' lang='lat' dir='ltr'><strong>sed</strong></span> 
     </span>
    </p>
   </div>
   <div class='ocr_carea' id='block_1_87' title="bbox 2165 3683 3759 3758">
    <p class='ocr_par' dir='ltr' id='par_1_87' title="bbox 2165 3683 3759 3758">
     <span class='ocr_line' id='line_1_87' title="bbox 2165 3683 3759 3758; baseline 0.002 -18"><span class='ocrx_word' id='word_1_674' title='bbox 2165 3686 2398 3752; x_wconf 68' lang='lat' dir='ltr'><strong>caeteris,</strong></span> <span class='ocrx_word' id='word_1_675' title='bbox 2433 3685 2526 3755; x_wconf 92' lang='lat' dir='ltr'><strong>qui</strong></span> <span class='ocrx_word' id='word_1_676' title='bbox 2553 3685 2604 3739; x_wconf 91' lang='lat' dir='ltr'><strong>in</strong></span> <span class='ocrx_word' id='word_1_677' title='bbox 2633 3698 2752 3739; x_wconf 88' lang='lat' dir='ltr'><strong>eam</strong></span> <span class='ocrx_word' id='word_1_678' title='bbox 2800 3698 3018 3753; x_wconf 84' lang='lat' dir='ltr'><strong>operam</strong></span> <span class='ocrx_word' id='word_1_679' title='bbox 3051 3683 3330 3750; x_wconf 85' lang='lat' dir='ltr'><strong>dederant,</strong></span> <span class='ocrx_word' id='word_1_680' title='bbox 3367 3686 3582 3741; x_wconf 88' lang='lat' dir='ltr'><strong>silentio</strong></span> <span class='ocrx_word' id='word_1_681' title='bbox 3612 3703 3759 3758; x_wconf 80' lang='lat' dir='ltr'><strong>prae-</strong></span> 
     </span>
    </p>
   </div>
   <div class='ocr_carea' id='block_1_88' title="bbox 2168 3773 3756 3841">
    <p class='ocr_par' dir='ltr' id='par_1_88' title="bbox 2168 3773 3756 3841">
     <span class='ocr_line' id='line_1_88' title="bbox 2168 3773 3756 3841; baseline 0.002 -10"><span class='ocrx_word' id='word_1_682' title='bbox 2168 3775 2452 3841; x_wconf 86' lang='lat' dir='ltr'><strong>termissis,</strong></span> <span class='ocrx_word' id='word_1_683' title='bbox 2482 3790 2645 3830; x_wconf 92' lang='lat' dir='ltr'><strong>unum</strong></span> <span class='ocrx_word' id='word_1_684' title='bbox 2678 3773 2994 3829; x_wconf 77' lang='lat' dir='ltr'><strong>Ratherium</strong></span> <span class='ocrx_word' id='word_1_685' title='bbox 3025 3783 3320 3841; x_wconf 89' lang='lat' dir='ltr'><strong>auctorem,</strong></span> <span class='ocrx_word' id='word_1_686' title='bbox 3349 3790 3413 3831; x_wconf 91' lang='lat' dir='ltr'><strong>ac</strong></span> <span class='ocrx_word' id='word_1_687' title='bbox 3440 3777 3606 3834; x_wconf 89' lang='lat' dir='ltr'><strong>totius</strong></span> <span class='ocrx_word' id='word_1_688' title='bbox 3634 3795 3756 3834; x_wconf 84' lang='lat' dir='ltr'><strong>mo-</strong></span> 
     </span>
    </p>
   </div>
   <div class='ocr_carea' id='block_1_89' title="bbox 2168 3867 3753 3943">
    <p class='ocr_par' dir='ltr' id='par_1_89' title="bbox 2168 3867 3753 3943">
     <span class='ocr_line' id='line_1_89' title="bbox 2168 3867 3753 3943; baseline 0.003 -19"><span class='ocrx_word' id='word_1_689' title='bbox 2168 3869 2368 3924; x_wconf 90' lang='lat' dir='ltr'><strong>liminis</strong></span> <span class='ocrx_word' id='word_1_690' title='bbox 2416 3868 2746 3923; x_wconf 88' lang='lat' dir='ltr'><strong>inceatorem</strong></span> <span class='ocrx_word' id='word_1_691' title='bbox 2790 3867 3027 3938; x_wconf 78' lang='lat' dir='ltr'><strong>przetulit</strong></span> <span class='ocrx_word' id='word_1_692' title='bbox 3051 3867 3180 3940; x_wconf 79' lang='lat' dir='ltr'><strong>(1b.,</strong></span> <span class='ocrx_word' id='word_1_693' title='bbox 3212 3869 3250 3923; x_wconf 92' lang='lat' dir='ltr'><strong>l.</strong></span> <span class='ocrx_word' id='word_1_694' title='bbox 3293 3885 3352 3925; x_wconf 88' lang='lat' dir='ltr'><strong>ut</strong></span> <span class='ocrx_word' id='word_1_695' title='bbox 3381 3912 3395 3937; x_wconf 95' lang='lat'><strong>,</strong></span> <span class='ocrx_word' id='word_1_696' title='bbox 3437 3888 3492 3926; x_wconf 91' lang='lat' dir='ltr'><strong>n.</strong></span> <span class='ocrx_word' id='word_1_697' title='bbox 3522 3872 3636 3943; x_wconf 77' lang='lat'><strong>27).</strong></span> <span class='ocrx_word' id='word_1_698' title='bbox 3672 3875 3753 3930; x_wconf 86' lang='lat' dir='ltr'><strong>lta</strong></span> 
     </span>
    </p>
   </div>
   <div class='ocr_carea' id='block_1_90' title="bbox 2170 3961 3758 4036">
    <p class='ocr_par' dir='ltr' id='par_1_90' title="bbox 2170 3961 3758 4036">
     <span class='ocr_line' id='line_1_90' title="bbox 2170 3961 3758 4036; baseline 0.007 -26"><span class='ocrx_word' id='word_1_699' title='bbox 2170 3961 2284 4016; x_wconf 71' lang='lat' dir='ltr'><strong>Iure</strong></span> <span class='ocrx_word' id='word_1_700' title='bbox 2313 3961 2538 4031; x_wconf 86' lang='lat' dir='ltr'><strong>epistola</strong></span> <span class='ocrx_word' id='word_1_701' title='bbox 2580 3961 2792 4015; x_wconf 74' lang='lat' dir='ltr'><strong>caeteris</strong></span> <span class='ocrx_word' id='word_1_702' title='bbox 2834 3961 2902 4015; x_wconf 90' lang='lat' dir='ltr'><strong>ab</strong></span> <span class='ocrx_word' id='word_1_703' title='bbox 2948 3962 3091 4014; x_wconf 89' lang='lat' dir='ltr'><strong>onmi</strong></span> <span class='ocrx_word' id='word_1_704' title='bbox 3146 3962 3385 4032; x_wconf 88' lang='lat' dir='ltr'><strong>periculo</strong></span> <span class='ocrx_word' id='word_1_705' title='bbox 3430 3966 3654 4036; x_wconf 79' lang='lat' dir='ltr'><strong>ereptis,</strong></span> <span class='ocrx_word' id='word_1_706' title='bbox 3697 3968 3758 4021; x_wconf 63' lang='lat' dir='ltr'><strong>in</strong></span> 
     </span>
    </p>
   </div>
   <div class='ocr_carea' id='block_1_91' title="bbox 2167 4051 3750 4128">
    <p class='ocr_par' dir='ltr' id='par_1_91' title="bbox 2167 4051 3750 4128">
     <span class='ocr_line' id='line_1_91' title="bbox 2167 4051 3750 4128; baseline -0.002 -20"><span class='ocrx_word' id='word_1_707' title='bbox 2167 4053 2329 4108; x_wconf 88' lang='lat' dir='ltr'><strong>unius</strong></span> <span class='ocrx_word' id='word_1_708' title='bbox 2358 4052 2596 4106; x_wconf 80' lang='lat' dir='ltr'><strong>Bathcrii</strong></span> <span class='ocrx_word' id='word_1_709' title='bbox 2619 4051 2912 4120; x_wconf 89' lang='lat' dir='ltr'><strong>perniciem</strong></span> <span class='ocrx_word' id='word_1_710' title='bbox 2936 4067 3194 4107; x_wconf 86' lang='lat' dir='ltr'><strong>conversa</strong></span> <span class='ocrx_word' id='word_1_711' title='bbox 3219 4063 3302 4108; x_wconf 91' lang='lat' dir='ltr'><strong>est</strong></span> <span class='ocrx_word' id='word_1_712' title='bbox 3329 4070 3343 4119; x_wconf 92' lang='lat'><strong>;</strong></span> <span class='ocrx_word' id='word_1_713' title='bbox 3378 4071 3447 4127; x_wconf 10' lang='lat' dir='ltr'><strong>ac,</strong></span> <span class='ocrx_word' id='word_1_714' title='bbox 3467 4068 3750 4128; x_wconf 71' lang='lat' dir='ltr'><strong>propterea</strong></span> 
     </span>
    </p>
   </div>
   <div class='ocr_carea' id='block_1_92' title="bbox 2169 4140 3754 4218">
    <p class='ocr_par' dir='ltr' id='par_1_92' title="bbox 2169 4140 3754 4218">
     <span class='ocr_line' id='line_1_92' title="bbox 2169 4140 3754 4218; baseline 0.002 -19"><span class='ocrx_word' id='word_1_715' title='bbox 2169 4147 2222 4199; x_wconf 92' lang='lat' dir='ltr'><strong>in</strong></span> <span class='ocrx_word' id='word_1_716' title='bbox 2246 4142 2475 4197; x_wconf 87' lang='lat' dir='ltr'><strong>laudatis</strong></span> <span class='ocrx_word' id='word_1_717' title='bbox 2496 4142 2562 4194; x_wconf 88' lang='lat' dir='ltr'><strong>ad</strong></span> <span class='ocrx_word' id='word_1_718' title='bbox 2590 4140 2853 4195; x_wconf 89' lang='lat' dir='ltr'><strong>Ursoncm</strong></span> <span class='ocrx_word' id='word_1_719' title='bbox 2875 4140 3069 4196; x_wconf 82' lang='lat' dir='ltr'><strong>litteris</strong></span> <span class='ocrx_word' id='word_1_720' title='bbox 3087 4142 3301 4212; x_wconf 81' lang='lat' dir='ltr'><strong>scripsit</strong></span> <span class='ocrx_word' id='word_1_721' title='bbox 3317 4143 3538 4218; x_wconf 51' lang='lat' dir='ltr'><strong>(Ibid):</strong></span> <span class='ocrx_word' id='word_1_722' title='bbox 3561 4165 3580 4197; x_wconf 85' lang='grc' dir='ltr'><strong>ι</strong></span> <span class='ocrx_word' id='word_1_723' title='bbox 3610 4147 3754 4203; x_wconf 85' lang='lat' dir='ltr'><strong>Dum</strong></span> 
     </span>
    </p>
   </div>
   <div class='ocr_carea' id='block_1_93' title="bbox 2167 4229 3749 4309">
    <p class='ocr_par' dir='ltr' id='par_1_93' title="bbox 2167 4229 3749 4309">
     <span class='ocr_line' id='line_1_93' title="bbox 2167 4229 3749 4309; baseline 0.002 -20"><span class='ocrx_word' id='word_1_724' title='bbox 2167 4235 2322 4289; x_wconf 92' lang='lat' dir='ltr'><strong>vobis</strong></span> <span class='ocrx_word' id='word_1_725' title='bbox 2341 4230 2584 4288; x_wconf 89' lang='lat' dir='ltr'><strong>consului</strong></span> <span class='ocrx_word' id='word_1_726' title='bbox 2614 4250 2633 4282; x_wconf 81' lang='grc' dir='ltr'><strong>ι</strong></span> <span class='ocrx_word' id='word_1_727' title='bbox 2658 4230 2706 4284; x_wconf 90' lang='lat' dir='ltr'><strong>ei</strong></span> <span class='ocrx_word' id='word_1_728' title='bbox 2733 4229 2970 4299; x_wconf 71' lang='lat' dir='ltr'><strong>epistola:</strong></span> <span class='ocrx_word' id='word_1_729' title='bbox 2997 4232 3296 4288; x_wconf 88' lang='lat' dir='ltr'><strong>assentiens</strong></span> <span class='ocrx_word' id='word_1_730' title='bbox 3319 4233 3552 4309; x_wconf 71' lang='lat' dir='ltr'><strong>[sum],</strong></span> <span class='ocrx_word' id='word_1_731' title='bbox 3585 4255 3606 4289; x_wconf 77' lang='grc' dir='ltr'><strong>ι</strong></span> <span class='ocrx_word' id='word_1_732' title='bbox 3639 4254 3749 4300; x_wconf 87' lang='lat' dir='ltr'><strong>me,</strong></span> 
     </span>
    </p>
   </div>
   <div class='ocr_carea' id='block_1_94' title="bbox 2168 4319 3755 4392">
    <p class='ocr_par' dir='ltr' id='par_1_94' title="bbox 2168 4319 3755 4392">
     <span class='ocr_line' id='line_1_94' title="bbox 2168 4319 3755 4392; baseline 0.001 -13"><span class='ocrx_word' id='word_1_733' title='bbox 2168 4335 2227 4380; x_wconf 90' lang='lat' dir='ltr'><strong>ut</strong></span> <span class='ocrx_word' id='word_1_734' title='bbox 2253 4324 2485 4388; x_wconf 84' lang='lat' dir='ltr'><strong>videtur,</strong></span> <span class='ocrx_word' id='word_1_735' title='bbox 2517 4319 2764 4392; x_wconf 78' lang='lat' dir='ltr'><strong>neglexi:</strong></span> <span class='ocrx_word' id='word_1_736' title='bbox 2793 4321 2920 4375; x_wconf 93' lang='lat' dir='ltr'><strong>dum</strong></span> <span class='ocrx_word' id='word_1_737' title='bbox 2963 4322 3117 4378; x_wconf 82' lang='lat' dir='ltr'><strong>vobis</strong></span> <span class='ocrx_word' id='word_1_738' title='bbox 3143 4364 3160 4389; x_wconf 92' lang='lat'><strong>,</strong></span> <span class='ocrx_word' id='word_1_739' title='bbox 3199 4323 3324 4379; x_wconf 89' lang='lat' dir='ltr'><strong>licet</strong></span> <span class='ocrx_word' id='word_1_740' title='bbox 3361 4336 3550 4382; x_wconf 66' lang='lat' dir='ltr'><strong>vestrae</strong></span> <span class='ocrx_word' id='word_1_741' title='bbox 3596 4329 3755 4385; x_wconf 65' lang='lat' dir='ltr'><strong>moli~</strong></span> 
     </span>
    </p>
   </div>
   <div class='ocr_carea' id='block_1_95' title="bbox 2174 4411 3756 4485">
    <p class='ocr_par' dir='ltr' id='par_1_95' title="bbox 2174 4411 3756 4485">
     <span class='ocr_line' id='line_1_95' title="bbox 2174 4411 3756 4485; baseline 0.004 -17"><span class='ocrx_word' id='word_1_742' title='bbox 2174 4414 2341 4470; x_wconf 91' lang='lat' dir='ltr'><strong>tionis</strong></span> <span class='ocrx_word' id='word_1_743' title='bbox 2373 4428 2440 4468; x_wconf 79' lang='lat' dir='ltr'><strong>ex</strong></span> <span class='ocrx_word' id='word_1_744' title='bbox 2468 4419 2622 4483; x_wconf 87' lang='lat' dir='ltr'><strong>parte</strong></span> <span class='ocrx_word' id='word_1_745' title='bbox 2652 4411 2919 4477; x_wconf 88' lang='lat' dir='ltr'><strong>conscius,</strong></span> <span class='ocrx_word' id='word_1_746' title='bbox 2944 4413 3183 4482; x_wconf 86' lang='lat' dir='ltr'><strong>peperci,</strong></span> <span class='ocrx_word' id='word_1_747' title='bbox 3205 4429 3290 4470; x_wconf 92' lang='lat' dir='ltr'><strong>me</strong></span> <span class='ocrx_word' id='word_1_748' title='bbox 3317 4416 3546 4485; x_wconf 73' lang='lat' dir='ltr'><strong>prodidi,</strong></span> <span class='ocrx_word' id='word_1_749' title='bbox 3587 4437 3606 4471; x_wconf 85' lang='grc'><strong>›</strong></span> <span class='ocrx_word' id='word_1_750' title='bbox 3633 4419 3756 4476; x_wconf 81' lang='grc' dir='ltr'><strong>Μο-</strong></span> 
     </span>
    </p>
   </div>
   <div class='ocr_carea' id='block_1_96' title="bbox 2172 4501 3753 4581">
    <p class='ocr_par' dir='ltr' id='par_1_96' title="bbox 2172 4501 3753 4581">
     <span class='ocr_line' id='line_1_96' title="bbox 2172 4501 3753 4581; baseline 0.003 -23"><span class='ocrx_word' id='word_1_751' title='bbox 2172 4505 2370 4559; x_wconf 76' lang='lat' dir='ltr'><strong>litiom‘s</strong></span> <span class='ocrx_word' id='word_1_752' title='bbox 2400 4502 2618 4558; x_wconf 89' lang='lat' dir='ltr'><strong>nomine</strong></span> <span class='ocrx_word' id='word_1_753' title='bbox 2665 4501 3008 4557; x_wconf 85' lang='lat' dir='ltr'><strong>rebellionem</strong></span> <span class='ocrx_word' id='word_1_754' title='bbox 3034 4543 3049 4568; x_wconf 91' lang='lat'><strong>,</strong></span> <span class='ocrx_word' id='word_1_755' title='bbox 3080 4512 3138 4557; x_wconf 92' lang='lat' dir='ltr'><strong>ut</strong></span> <span class='ocrx_word' id='word_1_756' title='bbox 3161 4513 3431 4574; x_wconf 86' lang='lat' dir='ltr'><strong>putamus,</strong></span> <span class='ocrx_word' id='word_1_757' title='bbox 3478 4507 3753 4581; x_wconf 72' lang='lat' dir='ltr'><strong>intelligit,</strong></span> 
     </span>
    </p>
   </div>
   <div class='ocr_carea' id='block_1_97' title="bbox 2172 4593 3754 4666">
    <p class='ocr_par' dir='ltr' id='par_1_97' title="bbox 2172 4593 3754 4666">
     <span class='ocr_line' id='line_1_97' title="bbox 2172 4593 3754 4666; baseline 0.004 -17"><span class='ocrx_word' id='word_1_758' title='bbox 2172 4609 2333 4663; x_wconf 90' lang='lat' dir='ltr'><strong>quam</strong></span> <span class='ocrx_word' id='word_1_759' title='bbox 2364 4593 2491 4648; x_wconf 90' lang='lat' dir='ltr'><strong>dum</strong></span> <span class='ocrx_word' id='word_1_760' title='bbox 2519 4601 2760 4656; x_wconf 76' lang='lat' dir='ltr'><strong>vestram,</strong></span> <span class='ocrx_word' id='word_1_761' title='bbox 2786 4607 2892 4646; x_wconf 92' lang='lat' dir='ltr'><strong>non</strong></span> <span class='ocrx_word' id='word_1_762' title='bbox 2919 4607 3047 4647; x_wconf 88' lang='lat' dir='ltr'><strong>vero</strong></span> <span class='ocrx_word' id='word_1_763' title='bbox 3072 4603 3304 4648; x_wconf 78' lang='lat' dir='ltr'><strong>nostram</strong></span> <span class='ocrx_word' id='word_1_764' title='bbox 3328 4596 3578 4666; x_wconf 83' lang='lat' dir='ltr'><strong>appellat,</strong></span> <span class='ocrx_word' id='word_1_765' title='bbox 3626 4615 3754 4655; x_wconf 88' lang='lat' dir='ltr'><strong>cunt</strong></span> 
     </span>
    </p>
   </div>
   <div class='ocr_carea' id='block_1_98' title="bbox 2171 4683 3752 4755">
    <p class='ocr_par' dir='ltr' id='par_1_98' title="bbox 2171 4683 3752 4755">
     <span class='ocr_line' id='line_1_98' title="bbox 2171 4683 3752 4755; baseline 0.004 -16"><span class='ocrx_word' id='word_1_766' title='bbox 2171 4684 2288 4755; x_wconf 83' lang='lat' dir='ltr'><strong>ejus</strong></span> <span class='ocrx_word' id='word_1_767' title='bbox 2311 4693 2558 4740; x_wconf 87' lang='lat' dir='ltr'><strong>auctores</strong></span> <span class='ocrx_word' id='word_1_768' title='bbox 2581 4683 2781 4739; x_wconf 91' lang='lat' dir='ltr'><strong>indicat</strong></span> <span class='ocrx_word' id='word_1_769' title='bbox 2806 4683 3160 4750; x_wconf 84' lang='lat' dir='ltr'><strong>Veronenses,</strong></span> <span class='ocrx_word' id='word_1_770' title='bbox 3190 4687 3386 4754; x_wconf 88' lang='lat' dir='ltr'><strong>quibus</strong></span> <span class='ocrx_word' id='word_1_771' title='bbox 3397 4704 3527 4743; x_wconf 86' lang='lat' dir='ltr'><strong>sane</strong></span> <span class='ocrx_word' id='word_1_772' title='bbox 3546 4706 3752 4745; x_wconf 81' lang='lat' dir='ltr'><strong>omnem</strong></span> 
     </span>
    </p>
   </div>
   <div class='ocr_carea' id='block_1_99' title="bbox 2174 4774 3748 4849">
    <p class='ocr_par' dir='ltr' id='par_1_99' title="bbox 2174 4774 3748 4849">
     <span class='ocr_line' id='line_1_99' title="bbox 2174 4774 3748 4849; baseline 0.006 -20"><span class='ocrx_word' id='word_1_773' title='bbox 2174 4786 2228 4830; x_wconf 87' lang='lat' dir='ltr'><strong>ut</strong></span> <span class='ocrx_word' id='word_1_774' title='bbox 2255 4785 2367 4830; x_wconf 80' lang='lat' dir='ltr'><strong>erat</strong></span> <span class='ocrx_word' id='word_1_775' title='bbox 2392 4775 2599 4845; x_wconf 76' lang='lat' dir='ltr'><strong>culpam</strong></span> <span class='ocrx_word' id='word_1_776' title='bbox 2623 4777 2690 4830; x_wconf 92' lang='lat' dir='ltr'><strong>ab</strong></span> <span class='ocrx_word' id='word_1_777' title='bbox 2714 4774 2916 4846; x_wconf 76' lang='lat' dir='ltr'><strong>Ugonis</strong></span> <span class='ocrx_word' id='word_1_778' title='bbox 2937 4776 3195 4832; x_wconf 88' lang='lat' dir='ltr'><strong>militibus</strong></span> <span class='ocrx_word' id='word_1_779' title='bbox 3218 4779 3468 4834; x_wconf 86' lang='lat' dir='ltr'><strong>tributam</strong></span> <span class='ocrx_word' id='word_1_780' title='bbox 3485 4782 3748 4849; x_wconf 69' lang='lat' dir='ltr'><strong>vidimus;</strong></span> 
     </span>
    </p>
   </div>
   <div class='ocr_carea' id='block_1_100' title="bbox 2172 4865 3757 4943">
    <p class='ocr_par' dir='ltr' id='par_1_100' title="bbox 2172 4865 3757 4943">
     <span class='ocr_line' id='line_1_100' title="bbox 2172 4865 3757 4943; baseline 0.002 -22"><span class='ocrx_word' id='word_1_781' title='bbox 2172 4876 2282 4921; x_wconf 89' lang='lat' dir='ltr'><strong>tum</strong></span> <span class='ocrx_word' id='word_1_782' title='bbox 2320 4882 2448 4922; x_wconf 86' lang='lat' dir='ltr'><strong>vero</strong></span> <span class='ocrx_word' id='word_1_783' title='bbox 2477 4880 2535 4920; x_wconf 87' lang='lat' dir='ltr'><strong>se</strong></span> <span class='ocrx_word' id='word_1_784' title='bbox 2568 4865 2636 4920; x_wconf 86' lang='lat' dir='ltr'><strong>ab</strong></span> <span class='ocrx_word' id='word_1_785' title='bbox 2664 4879 2725 4919; x_wconf 89' lang='lat' dir='ltr'><strong>ea</strong></span> <span class='ocrx_word' id='word_1_786' title='bbox 2764 4875 3069 4938; x_wconf 84' lang='lat' dir='ltr'><strong>exemptum</strong></span> <span class='ocrx_word' id='word_1_787' title='bbox 3098 4866 3383 4939; x_wconf 75' lang='lat' dir='ltr'><strong>significat.</strong></span> <span class='ocrx_word' id='word_1_788' title='bbox 3419 4870 3552 4925; x_wconf 92' lang='lat' dir='ltr'><strong>Dum</strong></span> <span class='ocrx_word' id='word_1_789' title='bbox 3588 4889 3757 4943; x_wconf 72' lang='lat' dir='ltr'><strong>pono</strong></span> 
     </span>
    </p>
   </div>
   <div class='ocr_carea' id='block_1_101' title="bbox 2169 4956 3749 5014">
    <p class='ocr_par' dir='ltr' id='par_1_101' title="bbox 2169 4956 3749 5014">
     <span class='ocr_line' id='line_1_101' title="bbox 2169 4956 3749 5014; baseline 0.001 -2"><span class='ocrx_word' id='word_1_790' title='bbox 2169 4971 2231 5012; x_wconf 89' lang='lat' dir='ltr'><strong>se</strong></span> <span class='ocrx_word' id='word_1_791' title='bbox 2257 4956 2498 5014; x_wconf 88' lang='lat' dir='ltr'><strong>eiusdem</strong></span> <span class='ocrx_word' id='word_1_792' title='bbox 2529 4957 2836 5012; x_wconf 90' lang='lat' dir='ltr'><strong>rebellionis</strong></span> <span class='ocrx_word' id='word_1_793' title='bbox 2872 4959 3136 5012; x_wconf 80' lang='lat' dir='ltr'><strong>conscium</strong></span> <span class='ocrx_word' id='word_1_794' title='bbox 3171 4959 3300 5014; x_wconf 88' lang='lat' dir='ltr'><strong>insis</strong></span> <span class='ocrx_word' id='word_1_795' title='bbox 3324 4959 3610 5014; x_wconf 87' lang='lat' dir='ltr'><strong>rebellibus</strong></span> <span class='ocrx_word' id='word_1_796' title='bbox 3654 4979 3749 5014; x_wconf 81' lang='lat' dir='ltr'><strong>ne-</strong></span> 
     </span>
    </p>
   </div>
  </div>
