4038 5388
233 193 297 247 43
1265 197 1793 254 PROLEGOMENA.
1835 230 1902 240 —
1945 202 2269 260 RATllERll
2313 206 2487 262 VITA.
3431 218 3499 278 ‘6

234 306 557 374 sitnsipsum
575 306 882 376 episcopum
901 305 1136 377 epistolae
1153 320 1502 363 auctoremac
1527 312 1681 364 (otius
1707 329 1815 364 ma-
1847 316 1888 371 Α
1919 314 2237 380 quebantur.
2293 319 2534 389 Aliquem
2593 336 2716 376 vero
2752 335 3133 396 prmpotcutem
3187 333 3497 404 episcopum

235 397 430 447 liminis
471 396 786 449 incertiorem
833 396 1156 452 affirmasset
1182 439 1194 461 ,
1251 413 1348 453 nec
1383 409 1506 453 ante
1547 401 1820 456 ferendam

235 485 297 537 de
345 484 464 549 ipso
526 486 849 538 sententiam
901 485 1004 538 ulla
1049 487 1097 541 ei
1145 487 1220 556 (ἐξ)
1260 489 1524 542 audientia
1564 506 1819 545 concessa

237 574 462 640 fdsset;
513 576 627 645 ipse
669 576 815 630 solus
863 578 913 630 in
953 579 1238 632 discrimen
1291 582 1455 634 venit.
1503 581 1634 637 lliuc
1676 584 1818 638 enim

239 665 420 736 ligone
453 681 579 736 rege
615 667 912 737 imperante
941 669 1183 737 captivus
1210 669 1429 740 Papiam
1461 671 1652 727 ductus
1674 672 1773 726 fuit
1803 691 1815 726 :

235 771 394 824 quam
421 756 784 811 calamitatem
810 757 1002 823 fraudi,
1028 760 1149 813 dolo
1170 771 1226 840 _et
1269 762 1484 816 factioni
1509 763 1821 821 adscribeus

236 840 371 904 libro
398 863 435 902 v
461 850 908 919 Przeloquiorum,
943 867 1088 905 num.
1121 851 1189 905 27
1215 866 1304 906 :se
1337 873 1353 903 ι
1411 853 1596 909 fraude
1641 858 1822 925 prodi-

237 951 369 1003 tum,
401 942 727 1013 negligentia
757 943 1098 1007 destitutum,
1126 943 1249 999 dolo
1293 954 1531 1014 captum,
1586 946 1819 1005 factione

235 1028 298 1082 ad
337 1031 452 1085 hate
493 1031 832 1086 incommoda
865 1033 1170 1087 devolutum
1211 1053 1228 1084 ι
1271 1035 1532 1102 queritur.

236 1119 262 1188 §
286 1119 639 1192 νπῗριιαηια
661 1123 714 1175 in
740 1121 987 1190 Pnpienai
1004 1139 1208 1176 carcere
1231 1141 1500 1192 perpessus
1519 1126 1602 1179 sit.
1630 1125 1819 1183 Scribit

303 1190 373 1244 ad
395 1190 649 1266 Ursonem
675 1190 1542 1266 Veronensisﬁcclesireclericum.
1564 1197 1818 1266 Episcopo

300 1263 526 1314 abducto
540 1262 716 1329 plures
736 1262 960 1330 infantes
992 1261 1208 1315 Verona:
1226 1265 1338 1317 sine
1358 1261 1663 1330 baptisma-te
1679 1261 1819 1320 mor-

299 1332 396 1383 tui.
423 1331 491 1384 In
519 1334 745 1385 carceris
763 1333 868 1384 otio
889 1333 1064 1386 scribit
1094 1349 1185 1385 sea:
1208 1333 1364 1386 libros
1385 1331 1814 1406 Prwloquiorunt.

300 1420 390 1472 92.
418 1409 588 1475 Suum
610 1435 881 1476 carcerem
905 1422 1196 1478 Ratherius
1228 1425 1535 1479 turriculam
1562 1426 1820 1482 Walberi

233 1511 471 1564 nominat
500 1513 674 1581 (epist.
719 1513 753 1565 5
800 1511 868 1565 ad
907 1510 1023 1574 10.,
1055 1530 1107 1565 η.
1139 1514 1217 1583 6),
1243 1514 1403 1569 ducto
1448 1515 1696 1572 fortassis
1726 1534 1820 1571 no-

234 1601 374 1654 mine
402 1616 432 1652 a
464 1599 747 1654 Walberto
770 1599 951 1668 judice
990 1605 1326 1673 prmpotenti,
1359 1605 1449 1674 qui
1477 1623 1598 1660 cum
1629 1618 1816 1662 contra

1928 410 1978 462 in
2013 421 2173 462 causa
2204 409 2367 464 fuisse
2397 410 2553 478 lmjus
2576 413 2772 468 silentii
2801 417 3026 473 innuunt
3053 419 3138 475 illa
3167 421 3288 477 libri
3314 429 3496 492 quarti

1925 500 2362 570 Pra-loquiorum,
2394 519 2543 556 num.
2570 503 2676 557 εὶς
2707 525 2724 556 ι
2755 507 2862 562 Ore
2908 511 3125 578 pessimi
3175 521 3230 569 et
3273 516 3501 572 inauditi

1924 593 2135 661 generis
2161 592 2397 657 silentio,
2431 593 2816 664 infelicissime,
2841 614 2938 668 per
2954 604 3238 671 quemdam
3265 622 3499 665 causam:

1923 695 2134 735 onntsts
2165 681 2526 752 (episcopalis)
2562 684 2832 741 obturato.
2873 707 2891 740 ι

1992 773 2080 826 25.
2118 773 2211 827 llic
2239 782 2315 827 tot
2340 789 2403 829 ac
2449 784 2608 830 tanta:
2646 778 2982 836 calamitates
3025 791 3186 853 atque
3225 787 3500 846 obtrecta-

1924 863 2100 918 tiones
2131 863 2373 918 Ratherii
2402 865 2637 919 animum
2669 883 3006 939 nequaquam
3033 873 3347 945 fregerunt;
3377 895 3500 949 pro-

1923 953 2232 1023 ditorcsque
2281 954 2380 1008 sibi
2412 955 2762 1026 obloquentes
2813 957 2889 1032 [ι]
2938 977 3092 1033 atquo
3135 967 3316 1024 animo
3361 971 3500 1024 tulit.

1925 1043 2120 1102 Mentis
2155 1048 2325 1103 aciem
2376 1049 2441 1102 ad
2482 1049 2648 1104 Deum
2685 1051 2922 1118 elevans,
2970 1058 3317 1128 omniumque
3361 1077 3500 1116 teru-

1927 1154 2172 1193 mnarum
2219 1155 2440 1194 suarum
2483 1158 2702 1196 causam
2739 1143 2793 1197 in
2838 1160 2931 1198 sua
2971 1157 3193 1216 peccata
3239 1151 3500 1220 referens,

1930 1247 1946 1279 ι
1977 1229 2222 1285 Peccatis
2249 1233 2402 1295 meis,
2446 1233 2638 1301 inquit,
2671 1235 2775 1289 heu
2809 1236 2996 1292 dolorl
3047 1239 3393 1310 facientibus,
3447 1253 3504 1301 et

1926 1322 2092 1377 multo
2123 1324 2324 1394 majora
2356 1327 2710 1393 merentibus,
2748 1331 2814 1383 ad
2846 1329 2981 1397 haec,
3011 1347 3128 1402 quae
3153 1336 3348 1404 patior,
3380 1352 3500 1393 sum

1926 1413 2203 1469 devolutus
2241 1413 2494 1488 (Pra'loq.
2525 1418 2559 1471 Ι.
2586 1435 2658 1484 vt,
2687 1437 2741 1474 ιι.
2769 1417 2860 1492 9.5)
2886 1439 2902 1487 ;
2933 1444 2950 1471 ι
2983 1425 3281 1497 ιιίνίηωᾳιιθ
3310 1429 3500 1498 pietati

1925 1505 2128 1573 gratias
2153 1507 2354 1570 retulit,
2397 1524 2517 1576 quae
2556 1510 2627 1564 ita
2673 1527 2853 1568 secum
2890 1515 3018 1586 egit,
3053 1535 3071 1568 ι
3103 1526 3160 1572 ιιι
3197 1519 3248 1572 in
3278 1520 3380 1574 isto
3408 1535 3502 1576 ne-

1925 1595 2198 1649 cessitatis
2244 1598 2456 1652 camino
2509 1599 2798 1656 absumens
2852 1605 3062 1671 deleat,
3100 1625 3255 1677 seque
3299 1611 3350 1665 in
3401 1613 3503 1666 hoc

237 1691 474 1762 Ugonem
523 1693 914 1762 conspirasset,
947 1693 1125 1762 Ρίψῖω
1166 1696 1217 1749 in
1255 1713 1476 1753 carcere
1506 1698 1604 1752 [υίι
1646 1700 1820 1769 capi“,
1853 1695 1894 1752 Β
1925 1684 2120 1738 δειτιιιο
2163 1686 2233 1739 ita
2282 1688 2567 1753 emaculet,
2603 1703 2661 1745 nt
2710 1693 2842 1747 nihil
2881 1695 3140 1760 inveniat,
3190 1700 3333 1768 quod
3364 1701 3504 1756 edax

231 1783 528 1836 diminutus
553 1784 806 1852 (Lturrn.
834 1783 870 1836 Ι.
905 1800 989 1849 ιιι,
1015 1802 1060 1838 e.
1111 1787 1190 1848 10,
1222 1787 1331 1857 tl).
1365 1788 1516 1842 Hunc
1539 1805 1813 1845 carcerem

231 1871 426 1938 triplici
460 1887 580 1924 sera
614 1871 698 1924 vel
723 1873 862 1927 ostio
893 1873 1132 1928 clausmn
1179 1875 1418 1930 indicant
1463 1877 1546 1930 illa
1581 1880 1818 1934 auctoris

231 1957 316 2011 lib.
362 1976 400 2013 ιι
435 1959 613 2032 [xux]
646 1960 1061 2030 l’rzeloquiorum
1099 1980 1111 2016 :
1145 1979 1291 2017 num.
1321 1965 1371 2028 1,
1407 1983 1425 2016 ι
1457 1965 1818 2035 Trimodoqnc

231 2050 475 2105 inclusus
523 2042 864 2122 constringar
911 2055 1200 2123 ergastulo.
1242 2075 1261 2108 ι
1299 2054 1540 2122 Quantas
1584 2058 1691 2122 hic,
1727 2060 1816 2112 ubi

228 2139 359 2196 duos
391 2157 568 2196 annos
595 2143 970 2217 cumdimidio
995 2144 1246 2200 detentus
1275 2145 1392 2211 fuit,
1422 2147 1669 2203 miserias
1700 2166 1819 2218 per-

229 2232 437 2298 tulerit,
474 2233 651 2286 innuit
692 2233 828 2288 libro
875 2232 1294 2304 Praeloqttiorum
1331 2237 1491 2292 tertio
1530 2255 1678 2293 ntun.
1727 2242 1813 2303 15,

230 2327 280 2376 tn
306 2338 416 2392 quo
448 2323 685 2391 episcopi
721 2325 936 2378 nomine
967 2341 986 2373 ‹
1026 2325 1078 2378 in
1111 2341 1330 2380 carcere
1355 2327 1452 2381 sub
1476 2328 1704 2384 vinculis
1727 2345 1817 2400 ge-

230 2417 451 2478 mentis,
475 2416 737 2476 despecti,
761 2415 1018 2483 injuriati,
1042 2417 1308 2487 vilipeusi,
1333 2421 1617 2485 carcerati,
1647 2421 1816 2493 ligati,

230 2508 382 2572 nudi,
409 2506 668 2572 famelici,
694 2507 968 2572 sitibundi,
999 2508 1447 2580 miseriarumquc
1467 2512 1707 2567 omnium
1734 2529 1820 2568 co-

228 2599 312 2667 pia
333 2597 676 2652 refcrtissimi
699 2617 715 2648 ι
745 2597 980 2669 seipsum
996 2608 1368 2668 repraesentat.
1399 2599 1606 2655 Similia
1626 2603 1820 2671 repetit

228 2689 366 2745 libro
398 2698 593 2760 quarto
619 2705 769 2743 num.
803 2689 855 2742 7.
877 2689 1221 2745 Accedebant
1247 2690 1312 2744 ad
1343 2689 1618 2744 cumulum
1645 2691 1815 2745 Vero-

228 2782 482 2835 nensium
512 2779 769 2848 obloquia
796 2788 984 2835 contra
1032 2781 1207 2850 ipsum
1239 2794 1450 2854 sparsa,
1505 2781 1570 2834 de
1615 2781 1814 2849 quibus

226 2870 585 2938 conqueritur
605 2869 697 2924 lib.
732 2885 816 2934 ιιι,
867 2885 1012 2924 num.
1039 2870 1147 2944 24:
1186 2888 1204 2922 ι
1242 2869 1352 2926 Nec
1386 2871 1580 2927 desunt
1611 2871 1814 2927 interea

224 2962 394 3016 etiam
424 2961 478 3014 in
506 2960 780 3030 episcopio
805 2975 1119 3016 corrosores
1141 3001 1156 3025 ,
1206 2961 1460 3030 qui.......
1493 2962 1816 3017 cencinnent

1924 1773 2010 1827 ille
2043 1773 2494 1844 inexstinguihilis
2523 1781 2660 1850 ignis
2681 1779 2895 1838 futurus
2917 1795 3111 1840 exurat
3137 1803 3150 1851 ;
3181 1790 3359 1858 potius
3387 1793 3504 1859 ejus

1921 1864 2093 1932 gratia
2138 1867 2364 1920 inveniat
2403 1871 2544 1938 quod
2591 1884 2921 1939 rcmuneret,
2970 1875 3182 1946 justitia
3229 1881 3372 1949 quod
3410 1897 3503 1936 co-

1921 1963 2076 2007 ronet
2102 1953 2292 2024 (lbid.,
2323 1957 2416 2010 lib.
2449 1974 2501 2023 v,
2536 1977 2588 2013 ιι.
2628 1961 2740 2033 26).
2774 1983 2790 2014 ι
2827 1963 2963 2020 Hinc
2992 1966 3298 2035 proditores
3323 1978 3376 2024 et
3406 1969 3504 2026 cli-

1923 2052 2240 2100 t-rcctatorcs
2277 2064 2421 2112 suos,
2473 2051 2561 2118 qui
2610 2060 2758 2106 tanto
2797 2070 2915 2119 suo,
2955 2058 3029 2111 uti
3078 2059 3334 2128 appellat,
3367 2062 3500 2114 bona

1920 2150 2142 2189 causam
2184 2138 2401 2204 dedere,
2442 2140 2603 2194 veluti
2653 2140 2720 2196 de
2767 2159 2824 2198 se
2869 2147 3072 2214 optime
3119 2150 3342 2204 meritos
3387 2167 3505 2205 om-

1922 2225 2080 2279 nibus
2109 2225 2296 2280 ofﬁciis
2346 2239 2662 2298 prosecutus
2699 2240 2802 2287 est.
2850 2235 3157 2291 Audiantur
3197 2236 3317 2309 qua".
3360 2242 3500 2295 seri-

1920 2316 2027 2384 psit
2075 2317 2142 2371 ad
2179 2316 2442 2374 Ursonem
2501 2321 2808 2389 diaconum,
2852 2325 2940 2394 qui
2997 2328 3237 2382 onmium
3267 2331 3505 2385 maxime

1923 2421 2203 2466 nocuerat.
2235 2430 2253 2462 ι
2293 2412 2515 2483 Legitur
2563 2423 2740 2470 autem
2782 2416 2857 2471 fili
2911 2418 2962 2470 in
3007 2419 3234 2475 historia
3281 2421 3498 2492 Tripar—

1921 2498 2040 2563 tita,
2077 2498 2218 2568 quod
2250 2501 2464 2570 quidam
2500 2503 2550 2555 in
2575 2513 2730 2574 pastu
2767 2517 3063 2575 occupatus
3087 2523 3344 2577 pecorum
3373 2525 3499 2566 cum

1920 2588 2210 2645 occidisset
2257 2595 2569 2660 quemdam,
2610 2603 2663 2649 et
2719 2594 2944 2666 fugisset
2989 2613 3190 2668 pavore
3247 2612 3401 2657 actus
3445 2603 3498 2656 in

1920 2693 2181 2745 eremum,
2214 2689 2269 2735 et
2310 2692 2620 2737 sanctorum
2669 2683 2889 2740 Patrum
2941 2689 3203 2759 exemplis
3233 2691 3374 2746 bono
3416 2708 3504 2746 as-

1919 2767 2213 2834 suefactus,
2265 2769 2454 2827 fuisset
2482 2774 2707 2828 eremita
2754 2775 3046 2846 perfectus,
3082 2795 3295 2851 semper
3340 2783 3503 2839 bette-

1919 2858 2135 2914 dicebat
2161 2861 2358 2927 scelus,
2384 2865 2527 2934 quod
2559 2865 2660 2920 sibi
2690 2867 2824 2922 tanti
2874 2867 2974 2923 fuit
3004 2884 3166 2926 causa
3199 2872 3492 2942 profectus.

1921 2949 2046 3006 Hzec
2077 2951 2198 3007 ideo
2222 2955 2403 3022 retuli,
2441 2965 2498 3010 ut
2525 2958 2652 3012 hinc
2677 2959 2916 3032 colligas,
2947 2973 3209 3032 quantum
3234 2981 3354 3022 meo
3375 2985 3498 3038 prn-

226 3065 373 3106 ηηηε
413 3058 470 3106 ει
507 3051 768 3105 adversus
811 3049 972 3105 ίειιηη
1019 3050 1264 3120 quaedam
1303 3051 1586 3121 obloquia,
1620 3061 1675 3106 ει
1718 3053 1820 3106 hoc
1845 3041 1890 3104 C
1923 3040 2086 3096 fectui
2121 3045 2384 3111 militasti,
2420 3047 2545 3102 dum
2583 3065 2686 3113 me,
2729 3061 2786 3105 ut
2812 3053 3023 3122 penitus
3051 3055 3358 3122 deﬁcerem,
3390 3070 3499 3114 tam

225 3159 330 3197 non
360 3141 564 3206 exteri,
595 3141 690 3196 sed
721 3147 889 3211 agunt
919 3139 1113 3208 privati
1139 3140 1215 3211 (id
1251 3149 1334 3195 est
1365 3141 1536 3194 intimi
1567 3155 1630 3195 ac
1659 3139 1816 3194 fami-

225 3235 437 3304 liares),
468 3232 559 3302 qui
589 3233 886 3288 debuerant
916 3240 1083 3287 testes
1103 3231 1227 3285 boni
1249 3230 1364 3300 ejus
1387 3247 1506 3287 esse
1537 3233 1816 3302 propositi.

224 3327 462 3381 Faciunt
487 3325 610 3390 hoc,
644 3325 889 3393 inquam,
923 3338 1030 3377 non
1059 3323 1282 3388 inimici,
1310 3324 1404 3378 sed
1435 3324 1595 3378 amici
1626 3323 1816 3388 dolosi,

223 3419 520 3473 nnauimes
541 3418 813 3486 quondam
840 3415 1108 3480 homines,
1135 3424 1190 3470 et
1219 3415 1505 3486 aliquando
1535 3414 1720 3469 dulces
1766 3423 1820 3469 et

223 3511 356 3573 tuti,
390 3509 490 3578 qui
516 3507 674 3562 simul
700 3523 825 3563 cum
857 3523 923 3562 eo
949 3507 1134 3562 dulces
1159 3507 1445 3576 capiebant
1465 3508 1614 3562 cibos
1646 3507 1698 3560 in
1726 3507 1820 3560 do-

225 3619 311 3656 mo
351 3600 454 3656 Dei
503 3600 780 3671 (nimirum
827 3599 1180 3654 ecclesiastici
1233 3597 1616 3665 Veronenses),
1666 3597 1818 3668 quasi

223 3708 344 3746 cum
376 3700 652 3746 Consensu
685 3688 1111 3752 coambulantes,
1144 3695 1196 3741 et
1218 3702 1341 3742 eum
1382 3687 1448 3740 ad
1488 3687 1683 3740 emtum
1733 3703 1820 3740 us-

221 3796 325 3850 que
352 3778 634 3843 tollentes,
663 3787 716 3832 et
747 3779 986 3841 beatum,
1009 3775 1212 3846 justum
1256 3783 1611 3844 sanctumque
1663 3777 1820 3830 dece-

223 3871 418 3940 ptoriis
456 3886 565 3925 non
593 3869 774 3924 minus
820 3883 982 3938 quam
1013 3867 1328 3924 adulatoriis
1371 3867 1644 3922 favoribus
1691 3884 1816 3937 pro-

221 3965 566 4017 nuntiantes.
599 3983 616 4014 ι
652 3961 798 4016 lntcr
840 3961 941 4016 hos
966 3959 1306 4016 oblocutorcs
1330 3975 1468 4014 unus
1499 3958 1618 4024 fuit,
1669 3961 1821 4030 cujus

223 4072 419 4110 uolneri
454 4053 634 4117 Urse,
663 4053 748 4107 vel
796 4052 966 4108 Ursus
995 4051 1079 4106 his
1105 4051 1286 4106 verbis
1316 4052 1586 4106 indicatur
1614 4053 1668 4106 in
1700 4053 1818 4122 epi-

221 4144 379 4206 stola,
411 4157 582 4212 quam
618 4141 903 4212 episcOpus
925 4156 956 4195 e
985 4155 1083 4195 suo
1105 4155 1326 4196 carcere
1356 4140 1420 4194 ad
1463 4141 1709 4195 eumdem
1741 4141 1818 4195 di-

222 4237 362 4290 rexit
388 4253 401 4287 :
436 4252 456 4283 ι
489 4231 599 4287 Nec
620 4248 650 4286 a
677 4241 766 4287 tuo
787 4232 1029 4286 derivato
1053 4231 1268 4285 nomine
1289 4230 1592 4285 vocitentur
1635 4229 1817 4285 Ursini

223 4325 304 4380 vel
330 4319 806 4393 Ursaui(l’r¢eloq.
831 4320 864 4372 l.
885 4336 968 4383 ιιι,
984 4335 1038 4372 ιι.
1056 4317 1168 4388 28).
1193 4339 1210 4371 ι
1233 4319 1400 4387 llujus
1423 4335 1578 4374 socer
1598 4329 1818 4374 eratca-

1920 3134 2153 3202 graviter
2180 3139 2465 3191 accusasti.
2500 3138 2634 3193 Nam
2666 3141 2708 3194 si
2731 3156 2968 3210 praesens
2995 3159 3167 3211 esses,
3197 3155 3252 3200 et
3281 3151 3503 3217 permit—

1921 3232 2090 3290 teres,
2118 3241 2312 3282 manus
2361 3229 2561 3284 osculis
2592 3229 2956 3285 demulcercm
3003 3235 3365 3302 pratdulcibus
3391 3240 3503 3308 θρίξ

1919 3314 2071 3370 stola:
2095 3315 2235 3370 illius
2265 3319 2609 3388 scriptriccs;
2654 3321 2777 3388 quia
2810 3322 2925 3375 haec
2977 3339 3142 3376 causa
3170 3327 3422 3381 materies
3447 3340 3502 3382 et

1923 3407 2086 3460 totius
2110 3423 2242 3462 mea:
2274 3424 2483 3463 smnma
2517 3409 2634 3473 fuit,
2669 3419 2726 3463 ut
2746 3413 2953 3480 opinor,
2980 3415 3199 3468 salutis:
3235 3431 3333 3484 per
3361 3417 3500 3470 hanc

1921 3498 2102 3562 morti,
2134 3506 2191 3551 ut
2214 3499 2396 3562 credo,
2452 3508 2668 3553 aeterna:
2721 3502 3050 3569 subtractus,
3099 3513 3154 3558 et
3202 3506 3326 3560 vita:
3379 3522 3498 3560 sum

1920 3587 2191 3643 redditus.
2213 3629 2226 3641 .
2246 3629 2259 3641 .
2283 3628 2296 3641 .
2322 3629 2333 3640 .
2369 3588 2600 3643 Tantum
2631 3605 2762 3645 vero
2795 3592 2895 3647 hac
2935 3609 3020 3647 me
3055 3595 3348 3650 occasione
3373 3612 3500 3651 cou-

1921 3675 2098 3730 sidero
2124 3675 2436 3746 profecisse,
2479 3687 2537 3733 ut
2569 3679 2771 3735 nullum
2803 3681 2938 3734 mihi
2976 3683 3224 3753 amplius,
3255 3701 3419 3754 quam
3449 3693 3500 3739 te

1919 3765 2130 3820 videam
2159 3768 2614 3835 amplectendam,
2645 3770 2735 3840 qui
2787 3770 2916 3824 mihi
2947 3773 3198 3828 materies
3229 3781 3498 3828 tantorum

1921 3855 2067 3911 fuisti
2099 3858 2385 3912 bonorum.
2421 3858 2463 3914 Ο
2493 3869 2669 3914 autem
2695 3875 2803 3925 me,
2831 3870 2886 3915 et
2922 3872 2979 3915 ut
3010 3863 3111 3917 hoc
3147 3864 3338 3928 dicam,
3388 3865 3502 3934 ipsi.

1921 3947 2025 3999 mei
2055 3946 2350 4002 infortunio
2383 3949 2894 4016 fortunatissimuu‘t,
2924 3953 3140 4007 etiamsi
3171 3955 3302 4008 nihil
3356 3957 3500 4010 aliud

1919 4051 2079 4105 quam
2113 4047 2163 4090 te
2195 4039 2398 4107 tibique
2421 4041 2732 4096 consimiles
2755 4044 3070 4112 cognovisse
3092 4042 3207 4111 ejus
3237 4044 3504 4101 beneficio

1920 4127 2234 4197 contigisset
2264 4129 2391 4183 mihi
2420 4149 2432 4182 :
2466 4131 2606 4186 unde
2643 4115 2822 4187 omnia
2875 4150 2984 4188 non
3017 4138 3188 4190 solum
3237 4137 3331 4192 tibi
3377 4156 3502 4207 par-

1921 4230 2071 4282 cens,
2105 4219 2198 4272 sed
2224 4228 2276 4272 et
2309 4221 2612 4275 uberrimas
2643 4239 2741 4292 pro
2768 4225 2850 4278 his
2883 4225 2975 4280 tibi
3004 4227 3206 4297 gratias
3236 4229 3502 4304 referens,

1921 4309 2210 4373 admoneo,
2253 4310 2348 4375 fili,
2403 4321 2458 4366 ttt
2496 4315 2622 4383 quia
2667 4313 2779 4382 jam
2810 4333 2952 4372 nunc
3004 4318 3348 4375 indicihiliter
3385 4338 3507 4393 pro-

220 4415 488 4470 thedralis
519 4385 776 4468 ecclesiae
795 4385 1207 4465 archidiaconus
1231 4450 1246 4476 ,
1275 4385 1330 4464 et
1364 4410 1476 4478 ipse
1504 4426 1715 4479 quoque
1741 4410 1821 4463 in-
1851 4385 1896 4444 Ῐ)
1924 4398 2072 4453 fuisti
2102 4402 2255 4467 mihi,
2288 4419 2484 4458 caveas
2507 4421 2573 4459 ne
2603 4407 2823 4461 onmiuo
2865 4408 2970 4464 mei
2993 4409 3118 4463 odio
3141 4410 3381 4468 obfucris
3408 4414 3506 4468 tibi

221 4517 302 4558 ter
331 4503 582 4572 ejusdem
610 4501 855 4557 ecclesia:
885 4501 1175 4556 canonicos
1202 4499 1541 4554 censebatur.
1584 4500 1822 4571 Uterque

218 4612 340 4648 cum
381 4604 590 4648 αιτιοι-ο
642 4592 788 4646 clero
833 4591 1094 4646 adversus
1149 4605 1329 4660 regem
1372 4591 1814 4659 conspiraverat:

219 4698 453 4756 uterque
487 4686 542 4739 in
574 4685 700 4737 vita:
727 4682 1017 4738 discrimen
1067 4683 1241 4736 fuerat
1269 4682 1528 4735 adductus
1556 4700 1568 4734 :
1602 4691 1656 4735 et
1688 4683 1820 4734 utri-

218 4795 322 4848 quc
357 4776 670 4830 Ratherius
713 4790 810 4829 suo
856 4788 1071 4843 quoque
1121 4770 1358 4842 periculo
1409 4772 1707 4840 prospexit,
1741 4773 1818 4824 uti

217 4866 555 4937 prmeedenti
584 4863 920 4934 paragrapho
956 4862 1320 4932 exposuimus.
1351 4859 1519 4914 Ursus
1547 4875 1672 4913 vero
1695 4868 1815 4930 post

218 4970 430 5014 tantum
467 4954 794 5011 beneficium
823 4953 1080 5022 ingratus,
1112 4949 1370 5005 Ratherio
1408 4951 1617 5004 tametsi
1642 4947 1810 5018 capti-

216 5051 283 5104 vo
321 5050 656 5104 'obtrectare
703 5060 807 5099 non
861 5044 1153 5099 desinebat.
1201 5040 1302 5110 lpsi
1347 5041 1566 5112 igiture
1597 5056 1814 5096 carcere

217 5149 564 5198 memoratas
588 5137 798 5190 litteras
824 5135 987 5201 dedit,
1019 5147 1075 5190 ut
1112 5149 1239 5191 eum
1276 5149 1304 5186 a
1336 5132 1638 5188 maledictis
1663 5148 1812 5186 cont-

213 5239 498 5302 pesceret.
547 5225 704 5282 Dolet
732 5232 983 5294 prteterea
1017 5243 1073 5281 se
1100 5214 1421 5293 derelictum
1446 5226 1514 5279 ab
1541 5221 1814 5286 omnibus,

215 5339 276 5375 ac
305 5316 631 5388 praesertim
657 5314 724 5368 ab
743 5315 1021 5384 episcopis,
1075 5315 1170 5386 qui
1224 5323 1475 5382 tanquam
1516 5320 1663 5366 muta
1695 5311 1814 5364 ani-

1924 4490 2116 4559 (Ibid.,
2147 4492 2180 4547 l.
2209 4510 2290 4556 ιιι,
2322 4511 2374 4547 ιι.
2405 4495 2516 4566 28).
2548 4518 2565 4549 ι

1993 4583 2082 4636 24.
2109 4583 2324 4638 Interim
2350 4585 2642 4643 Rathcrius
2668 4589 2749 4643 sui
2780 4591 2959 4660 gregis
2987 4600 3041 4645 et
3071 4592 3375 4646 animarum
3393 4606 3508 4645 sua:

1924 4687 2067 4726 cura:
2093 4675 2529 4745 commissarum,
2548 4693 2666 4748 qua:
2691 4679 2943 4749 episcOpo
2965 4682 3196 4734 abducto
3214 4681 3510 4734 maximum

1923 4766 2272 4836 dispendium
2293 4754 2662 4835 patiebantur,
2692 4771 3030 4826 detrimentis
3059 4769 3511 4842 angebaturJiuc

1925 4869 2174 4926 speCtaut
2222 4859 2335 4922 illa,
2365 4865 2569 4927 quibus
2598 4860 2762 4916 alium
2818 4879 3000 4916 secum
3043 4863 3404 4929 alloqueutem
3456 4871 3516 4913 et.

1927 4949 2297 5005 consolantcm
2351 4949 2587 5012 inducit.
2636 4970 2654 5002 ι
2686 4951 3090 5006 Destitutionem
3134 4966 3262 5004 vero
3293 4959 3513 5009 tuorum

1927 5054 2048 5094 cum
2082 5053 2406 5110 magnopere
2443 5047 2645 5104 debeas
2673 5044 2954 5112 plangere;
2987 5056 3088 5094 non
3121 5047 3298 5095 tamen
3329 5043 3488 5099 incon
3509 5077 3522 5088 ο

1927 5135 2226 5190 SOlabililcl‘
2254 5143 2306 5186 ιε
2342 5131 2396 5186 id
2436 5136 2692 5198 convenit
2727 5149 2912 5204 agere.
2935 5173 2949 5186 .
2972 5171 2982 5181 .
3006 5169 3018 5181 .
3060 5129 3210 5195 Quod
3265 5133 3308 5187 si
3352 5133 3520 5206 proli.

1927 5225 2068 5280 xitas
2099 5234 2148 5278 te
2177 5224 2485 5286 excruciat
2533 5225 2808 5294 temporis,
2859 5229 2913 5274 et
2962 5219 3190 5291 perditio
3231 5226 3524 5280 contristat

1923 5316 2237 5372 obeuntium
2270 5313 2388 5368 sine
2423 5323 2706 5380 subventu
2756 5311 3090 5380 baptismatis
3131 5327 3147 5377 ;
3202 5313 3364 5383 idque
3397 5327 3522 5371 tuos
