  <div class='ocr_page' id='page_1' title='image "/cluster/home/n/w/nwhite01/storage/ocr_20150623/136/hvd.32044015471766/029.png"; bbox 0 0 4038 5388; ppageno 0'>
   <div class='ocr_carea' id='block_1_1' title="bbox 478 317 3758 400">
    <p class='ocr_par' dir='ltr' id='par_1_1' title="bbox 478 317 3758 400">
     <span class='ocr_line' id='line_1_1' title="bbox 478 317 3758 400; baseline -0.005 -13"><span class='ocrx_word' id='word_1_1' title='bbox 478 344 547 400; x_wconf 75' lang='grc' dir='ltr'><strong><em>Π</em></strong></span> <span class='ocrx_word' id='word_1_2' title='bbox 1440 325 1836 382; x_wconf 69' lang='lat' dir='ltr'><strong>ll.\Tlll-ZR|US</strong></span> <span class='ocrx_word' id='word_1_3' title='bbox 1883 318 2313 378; x_wconf 72' lang='lat' dir='ltr'><strong>VERONENSIS</strong></span> <span class='ocrx_word' id='word_1_4' title='bbox 2352 317 2755 376; x_wconf 66' lang='lat' dir='ltr'><strong>EPISCOPYS.</strong></span> <span class='ocrx_word' id='word_1_5' title='bbox 3685 319 3758 372; x_wconf 69' lang='grc' dir='ltr'><strong>ιιι</strong></span> 
     </span>
    </p>
   </div>
   <div class='ocr_carea' id='block_1_2' title="bbox 481 430 3756 518">
    <p class='ocr_par' dir='ltr' id='par_1_2' title="bbox 481 430 3756 518">
     <span class='ocr_line' id='line_1_2' title="bbox 481 430 3756 518; baseline -0.005 -14"><span class='ocrx_word' id='word_1_6' title='bbox 481 462 540 504; x_wconf 86' lang='grc' dir='ltr'><strong>ιιι</strong></span> <span class='ocrx_word' id='word_1_7' title='bbox 586 445 893 518; x_wconf 73' lang='lat' dir='ltr'><strong>compleant</strong></span> <span class='ocrx_word' id='word_1_8' title='bbox 937 442 1265 506; x_wconf 76' lang='lat' dir='ltr'><strong>voluntates,</strong></span> <span class='ocrx_word' id='word_1_9' title='bbox 1315 439 1638 510; x_wconf 75' lang='lat' dir='ltr'><strong>per-pendis;</strong></span> <span class='ocrx_word' id='word_1_10' title='bbox 1674 435 1766 491; x_wconf 87' lang='lat' dir='ltr'><strong>Dei</strong></span> <span class='ocrx_word' id='word_1_11' title='bbox 1801 444 1853 489; x_wconf 90' lang='lat' dir='ltr'><strong>te</strong></span> <span class='ocrx_word' id='word_1_12' title='bbox 1898 443 2068 488; x_wconf 91' lang='lat' dir='ltr'><strong>totum</strong></span> <span class='ocrx_word' id='word_1_13' title='bbox 2099 437 2145 496; x_wconf 79' lang='grc' dir='ltr'>Α</span> <span class='ocrx_word' id='word_1_14' title='bbox 2175 441 2351 486; x_wconf 91' lang='lat' dir='ltr'><strong>tantas</strong></span> <span class='ocrx_word' id='word_1_15' title='bbox 2398 432 2644 486; x_wconf 84' lang='lat' dir='ltr'><strong>miserias</strong></span> <span class='ocrx_word' id='word_1_16' title='bbox 2685 431 2970 484; x_wconf 87' lang='lat' dir='ltr'><strong>alductum</strong></span> <span class='ocrx_word' id='word_1_17' title='bbox 3018 430 3404 500; x_wconf 72' lang='lat' dir='ltr'><strong>supicaretur,</strong></span> <span class='ocrx_word' id='word_1_18' title='bbox 3463 447 3615 486; x_wconf 57' lang='lat' dir='ltr'><strong>suam</strong></span> <span class='ocrx_word' id='word_1_19' title='bbox 3661 435 3756 488; x_wconf 70' lang='lat' dir='ltr'><strong>tio-</strong></span> 
     </span>
    </p>
   </div>
   <div class='ocr_carea' id='block_1_3' title="bbox 483 527 2067 603">
    <p class='ocr_par' dir='ltr' id='par_1_3' title="bbox 483 527 2067 603">
     <span class='ocr_line' id='line_1_3' title="bbox 483 527 2067 603; baseline -0.011 -7"><span class='ocrx_word' id='word_1_20' title='bbox 483 542 719 596; x_wconf 90' lang='lat' dir='ltr'><strong>subdens</strong></span> <span class='ocrx_word' id='word_1_21' title='bbox 755 536 1016 594; x_wconf 91' lang='lat' dir='ltr'><strong>voluntati</strong></span> <span class='ocrx_word' id='word_1_22' title='bbox 1048 543 1102 590; x_wconf 91' lang='lat' dir='ltr'><strong>et</strong></span> <span class='ocrx_word' id='word_1_23' title='bbox 1123 533 1404 603; x_wconf 88' lang='lat' dir='ltr'><strong>disposito,</strong></span> <span class='ocrx_word' id='word_1_24' title='bbox 1430 531 1596 584; x_wconf 91' lang='lat' dir='ltr'><strong>vitam</strong></span> <span class='ocrx_word' id='word_1_25' title='bbox 1625 535 1798 597; x_wconf 85' lang='lat' dir='ltr'><strong>Ipsam</strong></span> <span class='ocrx_word' id='word_1_26' title='bbox 1827 527 1972 585; x_wconf 88' lang='lat' dir='ltr'><strong>dare,</strong></span> <span class='ocrx_word' id='word_1_27' title='bbox 2000 540 2067 578; x_wconf 90' lang='lat' dir='ltr'><strong>ne</strong></span> 
     </span>
    </p>
   </div>
   <div class='ocr_carea' id='block_1_4' title="bbox 483 621 2070 699">
    <p class='ocr_par' dir='ltr' id='par_1_4' title="bbox 483 621 2070 699">
     <span class='ocr_line' id='line_1_4' title="bbox 483 621 2070 699; baseline -0.012 -12"><span class='ocrx_word' id='word_1_28' title='bbox 483 633 660 688; x_wconf 89' lang='lat' dir='ltr'><strong>dicam</strong></span> <span class='ocrx_word' id='word_1_29' title='bbox 710 628 1050 699; x_wconf 80' lang='lat' dir='ltr'><strong>dispendium</strong></span> <span class='ocrx_word' id='word_1_30' title='bbox 1094 624 1463 680; x_wconf 87' lang='lat' dir='ltr'><strong>omuimodum</strong></span> <span class='ocrx_word' id='word_1_31' title='bbox 1509 621 1732 675; x_wconf 79' lang='lat' dir='ltr'><strong>honoris</strong></span> <span class='ocrx_word' id='word_1_32' title='bbox 1770 635 1870 690; x_wconf 85' lang='lat' dir='ltr'><strong>pro</strong></span> <span class='ocrx_word' id='word_1_33' title='bbox 1910 633 2070 688; x_wconf 80' lang='lat' dir='ltr'><strong>grege</strong></span> 
     </span>
    </p>
   </div>
   <div class='ocr_carea' id='block_1_5' title="bbox 483 711 2072 793">
    <p class='ocr_par' dir='ltr' id='par_1_5' title="bbox 483 711 2072 793">
     <span class='ocr_line' id='line_1_5' title="bbox 483 711 2072 793; baseline -0.008 -16"><span class='ocrx_word' id='word_1_34' title='bbox 483 733 708 793; x_wconf 78' lang='lat' dir='ltr'><strong>paratus</strong></span> <span class='ocrx_word' id='word_1_35' title='bbox 735 720 936 784; x_wconf 88' lang='lat' dir='ltr'><strong>subire,</strong></span> <span class='ocrx_word' id='word_1_36' title='bbox 970 719 1112 772; x_wconf 91' lang='lat' dir='ltr'><strong>illius</strong></span> <span class='ocrx_word' id='word_1_37' title='bbox 1141 716 1373 772; x_wconf 82' lang='lat' dir='ltr'><strong>dicentis</strong></span> <span class='ocrx_word' id='word_1_38' title='bbox 1395 723 1547 769; x_wconf 89' lang='lat' dir='ltr'><strong>utere</strong></span> <span class='ocrx_word' id='word_1_39' title='bbox 1569 729 1731 768; x_wconf 89' lang='lat' dir='ltr'><strong>voce:</strong></span> <span class='ocrx_word' id='word_1_40' title='bbox 1766 711 1821 766; x_wconf 89' lang='lat' dir='ltr'><strong>Si</strong></span> <span class='ocrx_word' id='word_1_41' title='bbox 1853 722 2072 782; x_wconf 88' lang='lat' dir='ltr'><strong>propter</strong></span> 
     </span>
    </p>
   </div>
   <div class='ocr_carea' id='block_1_6' title="bbox 484 803 2074 881">
    <p class='ocr_par' dir='ltr' id='par_1_6' title="bbox 484 803 2074 881">
     <span class='ocr_line' id='line_1_6' title="bbox 484 803 2074 881; baseline -0.008 -12"><span class='ocrx_word' id='word_1_42' title='bbox 484 829 576 870; x_wconf 84' lang='lat' dir='ltr'><strong>me</strong></span> <span class='ocrx_word' id='word_1_43' title='bbox 607 814 724 867; x_wconf 67' lang='lat' dir='ltr'><strong>haec</strong></span> <span class='ocrx_word' id='word_1_44' title='bbox 753 819 1047 881; x_wconf 80' lang='lat' dir='ltr'><strong>tempestas</strong></span> <span class='ocrx_word' id='word_1_45' title='bbox 1067 818 1185 873; x_wconf 86' lang='lat' dir='ltr'><strong>est;</strong></span> <span class='ocrx_word' id='word_1_46' title='bbox 1217 806 1383 861; x_wconf 93' lang='lat' dir='ltr'><strong>tollite</strong></span> <span class='ocrx_word' id='word_1_47' title='bbox 1406 821 1492 859; x_wconf 90' lang='lat' dir='ltr'><strong>me</strong></span> <span class='ocrx_word' id='word_1_48' title='bbox 1534 814 1590 859; x_wconf 91' lang='lat' dir='ltr'><strong>et</strong></span> <span class='ocrx_word' id='word_1_49' title='bbox 1616 804 1814 858; x_wconf 90' lang='lat' dir='ltr'><strong>mittite</strong></span> <span class='ocrx_word' id='word_1_50' title='bbox 1837 803 1890 857; x_wconf 91' lang='lat' dir='ltr'><strong>in</strong></span> <span class='ocrx_word' id='word_1_51' title='bbox 1924 817 2074 857; x_wconf 90' lang='lat' dir='ltr'><strong>mare</strong></span> 
     </span>
    </p>
   </div>
   <div class='ocr_carea' id='block_1_7' title="bbox 486 891 2072 975">
    <p class='ocr_par' dir='ltr' id='par_1_7' title="bbox 486 891 2072 975">
     <span class='ocr_line' id='line_1_7' title="bbox 486 891 2072 975; baseline -0.009 -17"><span class='ocrx_word' id='word_1_52' title='bbox 486 903 734 975; x_wconf 74' lang='lat' dir='ltr'><strong>(10mm,</strong></span> <span class='ocrx_word' id='word_1_53' title='bbox 767 902 855 971; x_wconf 81' lang='lat' dir='ltr'><strong>l2)</strong></span> <span class='ocrx_word' id='word_1_54' title='bbox 886 916 900 954; x_wconf 89' lang='lat'><strong>:</strong></span> <span class='ocrx_word' id='word_1_55' title='bbox 937 908 1142 954; x_wconf 90' lang='lat' dir='ltr'><strong>tantum</strong></span> <span class='ocrx_word' id='word_1_56' title='bbox 1195 912 1262 951; x_wconf 91' lang='lat' dir='ltr'><strong>ne</strong></span> <span class='ocrx_word' id='word_1_57' title='bbox 1293 895 1502 950; x_wconf 89' lang='lat' dir='ltr'><strong>diutius</strong></span> <span class='ocrx_word' id='word_1_58' title='bbox 1554 893 1659 948; x_wconf 86' lang='lat' dir='ltr'><strong>mei</strong></span> <span class='ocrx_word' id='word_1_59' title='bbox 1713 909 1876 947; x_wconf 88' lang='lat' dir='ltr'><strong>causa</strong></span> <span class='ocrx_word' id='word_1_60' title='bbox 1920 891 2072 945; x_wconf 90' lang='lat' dir='ltr'><strong>navis</strong></span> 
     </span>
    </p>
   </div>
   <div class='ocr_carea' id='block_1_8' title="bbox 483 981 2070 1063">
    <p class='ocr_par' dir='ltr' id='par_1_8' title="bbox 483 981 2070 1063">
     <span class='ocr_line' id='line_1_8' title="bbox 483 981 2070 1063; baseline -0.011 -14"><span class='ocrx_word' id='word_1_61' title='bbox 483 993 819 1063; x_wconf 90' lang='lat' dir='ltr'><strong>periclitetur</strong></span> <span class='ocrx_word' id='word_1_62' title='bbox 856 989 1142 1052; x_wconf 74' lang='lat' dir='ltr'><strong>Ecelesim,</strong></span> <span class='ocrx_word' id='word_1_63' title='bbox 1189 995 1298 1040; x_wconf 90' lang='lat' dir='ltr'><strong>tam</strong></span> <span class='ocrx_word' id='word_1_64' title='bbox 1353 985 1688 1048; x_wconf 89' lang='lat' dir='ltr'><strong>innumeros,</strong></span> <span class='ocrx_word' id='word_1_65' title='bbox 1727 984 1830 1038; x_wconf 93' lang='lat' dir='ltr'><strong>heu</strong></span> <span class='ocrx_word' id='word_1_66' title='bbox 1873 981 2070 1036; x_wconf 86' lang='lat' dir='ltr'><strong>dolor!</strong></span> 
     </span>
    </p>
   </div>
   <div class='ocr_carea' id='block_1_9' title="bbox 486 1074 2073 1145">
    <p class='ocr_par' dir='ltr' id='par_1_9' title="bbox 486 1074 2073 1145">
     <span class='ocr_line' id='line_1_9' title="bbox 486 1074 2073 1145; baseline -0.008 -5"><span class='ocrx_word' id='word_1_67' title='bbox 486 1088 627 1142; x_wconf 91' lang='lat' dir='ltr'><strong>ﬁlios</strong></span> <span class='ocrx_word' id='word_1_68' title='bbox 649 1086 808 1141; x_wconf 88' lang='lat' dir='ltr'><strong>morti</strong></span> <span class='ocrx_word' id='word_1_69' title='bbox 835 1083 1202 1139; x_wconf 83' lang='lat' dir='ltr'><strong>transmittens</strong></span> <span class='ocrx_word' id='word_1_70' title='bbox 1222 1090 1458 1135; x_wconf 67' lang='lat' dir='ltr'><strong>aeternaa.</strong></span> <span class='ocrx_word' id='word_1_71' title='bbox 1486 1099 1503 1130; x_wconf 80' lang='grc' dir='ltr'><strong>ι</strong></span> <span class='ocrx_word' id='word_1_72' title='bbox 1531 1077 1909 1141; x_wconf 88' lang='lat' dir='ltr'><strong>lnfortunium,</strong></span> <span class='ocrx_word' id='word_1_73' title='bbox 1931 1074 2073 1145; x_wconf 89' lang='lat' dir='ltr'><strong>quod</strong></span> 
     </span>
    </p>
   </div>
   <div class='ocr_carea' id='block_1_10' title="bbox 485 1164 2075 1244">
    <p class='ocr_par' dir='ltr' id='par_1_10' title="bbox 485 1164 2075 1244">
     <span class='ocr_line' id='line_1_10' title="bbox 485 1164 2075 1244; baseline -0.006 -14"><span class='ocrx_word' id='word_1_74' title='bbox 485 1176 574 1231; x_wconf 90' lang='lat' dir='ltr'><strong>hic</strong></span> <span class='ocrx_word' id='word_1_75' title='bbox 599 1175 785 1244; x_wconf 83' lang='lat' dir='ltr'><strong>paucis</strong></span> <span class='ocrx_word' id='word_1_76' title='bbox 811 1173 1031 1233; x_wconf 90' lang='lat' dir='ltr'><strong>iudicat,</strong></span> <span class='ocrx_word' id='word_1_77' title='bbox 1065 1170 1236 1226; x_wconf 86' lang='lat' dir='ltr'><strong>fusius</strong></span> <span class='ocrx_word' id='word_1_78' title='bbox 1278 1169 1581 1240; x_wconf 80' lang='lat' dir='ltr'><strong>explicatur</strong></span> <span class='ocrx_word' id='word_1_79' title='bbox 1606 1167 1742 1221; x_wconf 89' lang='lat' dir='ltr'><strong>libro</strong></span> <span class='ocrx_word' id='word_1_80' title='bbox 1783 1182 1832 1219; x_wconf 84' lang='lat' dir='ltr'><strong>tv</strong></span> <span class='ocrx_word' id='word_1_81' title='bbox 1879 1164 2075 1220; x_wconf 77' lang='lat' dir='ltr'><strong>Przelo-</strong></span> 
     </span>
    </p>
   </div>
   <div class='ocr_carea' id='block_1_11' title="bbox 485 1257 2072 1335">
    <p class='ocr_par' dir='ltr' id='par_1_11' title="bbox 485 1257 2072 1335">
     <span class='ocr_line' id='line_1_11' title="bbox 485 1257 2072 1335; baseline -0.006 -15"><span class='ocrx_word' id='word_1_82' title='bbox 485 1267 760 1335; x_wconf 90' lang='lat' dir='ltr'><strong>quiorum,</strong></span> <span class='ocrx_word' id='word_1_83' title='bbox 786 1280 911 1317; x_wconf 92' lang='lat' dir='ltr'><strong>num</strong></span> <span class='ocrx_word' id='word_1_84' title='bbox 932 1263 997 1317; x_wconf 64' lang='grc' dir='ltr'>ει</span> <span class='ocrx_word' id='word_1_85' title='bbox 1030 1281 1042 1314; x_wconf 89' lang='lat'><strong>:</strong></span> <span class='ocrx_word' id='word_1_86' title='bbox 1074 1281 1091 1312; x_wconf 82' lang='grc' dir='ltr'><strong>ι</strong></span> <span class='ocrx_word' id='word_1_87' title='bbox 1114 1261 1210 1315; x_wconf 87' lang='lat' dir='ltr'><strong>Cui</strong></span> <span class='ocrx_word' id='word_1_88' title='bbox 1236 1275 1384 1325; x_wconf 89' lang='lat' dir='ltr'><strong>vero,</strong></span> <span class='ocrx_word' id='word_1_89' title='bbox 1407 1261 1674 1324; x_wconf 78' lang='lat' dir='ltr'><strong>dicamus,</strong></span> <span class='ocrx_word' id='word_1_90' title='bbox 1699 1257 2072 1328; x_wconf 83' lang='lat' dir='ltr'><strong>imputabitur,</strong></span> 
     </span>
    </p>
   </div>
   <div class='ocr_carea' id='block_1_12' title="bbox 487 1347 2076 1426">
    <p class='ocr_par' dir='ltr' id='par_1_12' title="bbox 487 1347 2076 1426">
     <span class='ocr_line' id='line_1_12' title="bbox 487 1347 2076 1426; baseline -0.004 -18"><span class='ocrx_word' id='word_1_91' title='bbox 487 1357 630 1426; x_wconf 88' lang='lat' dir='ltr'><strong>quod</strong></span> <span class='ocrx_word' id='word_1_92' title='bbox 662 1363 807 1408; x_wconf 90' lang='lat' dir='ltr'><strong>tanta</strong></span> <span class='ocrx_word' id='word_1_93' title='bbox 837 1351 1144 1415; x_wconf 86' lang='lat' dir='ltr'><strong>multitudo,</strong></span> <span class='ocrx_word' id='word_1_94' title='bbox 1198 1366 1318 1420; x_wconf 74' lang='lat' dir='ltr'><strong>qua:</strong></span> <span class='ocrx_word' id='word_1_95' title='bbox 1347 1350 1433 1420; x_wconf 91' lang='lat' dir='ltr'><strong>pie</strong></span> <span class='ocrx_word' id='word_1_96' title='bbox 1474 1365 1570 1419; x_wconf 92' lang='lat' dir='ltr'><strong>per</strong></span> <span class='ocrx_word' id='word_1_97' title='bbox 1619 1349 1847 1418; x_wconf 79' lang='lat' dir='ltr'><strong>gratiam</strong></span> <span class='ocrx_word' id='word_1_98' title='bbox 1877 1347 2076 1401; x_wconf 80' lang='lat' dir='ltr'><strong>Christi</strong></span> 
     </span>
    </p>
   </div>
   <div class='ocr_carea' id='block_1_13' title="bbox 487 1438 2078 1516">
    <p class='ocr_par' dir='ltr' id='par_1_13' title="bbox 487 1438 2078 1516">
     <span class='ocr_line' id='line_1_13' title="bbox 487 1438 2078 1516; baseline -0.007 -14"><span class='ocrx_word' id='word_1_99' title='bbox 487 1449 733 1511; x_wconf 84' lang='lat' dir='ltr'><strong>liberata,</strong></span> <span class='ocrx_word' id='word_1_100' title='bbox 767 1461 931 1516; x_wconf 86' lang='lat' dir='ltr'><strong>regna</strong></span> <span class='ocrx_word' id='word_1_101' title='bbox 966 1443 1223 1498; x_wconf 83' lang='lat' dir='ltr'><strong>debuerat</strong></span> <span class='ocrx_word' id='word_1_102' title='bbox 1253 1443 1457 1495; x_wconf 89' lang='lat' dir='ltr'><strong>intrare</strong></span> <span class='ocrx_word' id='word_1_103' title='bbox 1479 1439 1760 1503; x_wconf 74' lang='lat' dir='ltr'><strong>ccelorum,</strong></span> <span class='ocrx_word' id='word_1_104' title='bbox 1795 1439 1956 1507; x_wconf 88' lang='lat' dir='ltr'><strong>impie</strong></span> <span class='ocrx_word' id='word_1_105' title='bbox 1983 1438 2078 1492; x_wconf 89' lang='lat' dir='ltr'><strong>de-</strong></span> 
     </span>
    </p>
   </div>
   <div class='ocr_carea' id='block_1_14' title="bbox 487 1532 2078 1601">
    <p class='ocr_par' dir='ltr' id='par_1_14' title="bbox 487 1532 2078 1601">
     <span class='ocr_line' id='line_1_14' title="bbox 487 1532 2078 1601; baseline -0.006 -8"><span class='ocrx_word' id='word_1_106' title='bbox 487 1540 676 1593; x_wconf 88' lang='lat' dir='ltr'><strong>relicta</strong></span> <span class='ocrx_word' id='word_1_107' title='bbox 713 1537 1005 1591; x_wconf 90' lang='lat' dir='ltr'><strong>cumulavit</strong></span> <span class='ocrx_word' id='word_1_108' title='bbox 1032 1533 1338 1588; x_wconf 80' lang='lat' dir='ltr'><strong>infernum?</strong></span> <span class='ocrx_word' id='word_1_109' title='bbox 1361 1533 1492 1586; x_wconf 70' lang='lat' dir='ltr'><strong>Nam</strong></span> <span class='ocrx_word' id='word_1_110' title='bbox 1510 1573 1522 1584; x_wconf 94' lang='lat'><strong>.</strong></span> <span class='ocrx_word' id='word_1_111' title='bbox 1544 1571 1556 1582; x_wconf 93' lang='lat'><strong>.</strong></span> <span class='ocrx_word' id='word_1_112' title='bbox 1577 1571 1591 1584; x_wconf 94' lang='lat'><strong>.</strong></span> <span class='ocrx_word' id='word_1_113' title='bbox 1614 1571 1628 1585; x_wconf 94' lang='lat'><strong>.</strong></span> <span class='ocrx_word' id='word_1_114' title='bbox 1649 1569 1662 1584; x_wconf 93' lang='lat'><strong>.</strong></span> <span class='ocrx_word' id='word_1_115' title='bbox 1698 1532 2078 1601; x_wconf 83' lang='lat' dir='ltr'><strong>quorumdam,</strong></span> 
     </span>
    </p>
   </div>
   <div class='ocr_carea' id='block_1_15' title="bbox 485 1620 2078 1698">
    <p class='ocr_par' dir='ltr' id='par_1_15' title="bbox 485 1620 2078 1698">
     <span class='ocr_line' id='line_1_15' title="bbox 485 1620 2078 1698; baseline -0.005 -16"><span class='ocrx_word' id='word_1_116' title='bbox 485 1630 622 1698; x_wconf 85' lang='lat' dir='ltr'><strong>proh</strong></span> <span class='ocrx_word' id='word_1_117' title='bbox 672 1627 869 1681; x_wconf 87' lang='lat' dir='ltr'><strong>dolor!</strong></span> <span class='ocrx_word' id='word_1_118' title='bbox 901 1625 1072 1680; x_wconf 88' lang='lat' dir='ltr'><strong>relatu</strong></span> <span class='ocrx_word' id='word_1_119' title='bbox 1117 1623 1489 1692; x_wconf 77' lang='lat' dir='ltr'><strong>cognovimus,</strong></span> <span class='ocrx_word' id='word_1_120' title='bbox 1519 1622 1663 1692; x_wconf 85' lang='lat' dir='ltr'><strong>quod</strong></span> <span class='ocrx_word' id='word_1_121' title='bbox 1720 1620 1932 1684; x_wconf 89' lang='lat' dir='ltr'><strong>eodem,</strong></span> <span class='ocrx_word' id='word_1_122' title='bbox 1972 1635 2078 1690; x_wconf 91' lang='lat' dir='ltr'><strong>quo</strong></span> 
     </span>
    </p>
   </div>
   <div class='ocr_carea' id='block_1_16' title="bbox 489 1711 2078 1788">
    <p class='ocr_par' dir='ltr' id='par_1_16' title="bbox 489 1711 2078 1788">
     <span class='ocr_line' id='line_1_16' title="bbox 489 1711 2078 1788; baseline -0.006 -15"><span class='ocrx_word' id='word_1_123' title='bbox 489 1721 685 1774; x_wconf 90' lang='lat' dir='ltr'><strong>absens</strong></span> <span class='ocrx_word' id='word_1_124' title='bbox 735 1717 834 1771; x_wconf 90' lang='lat' dir='ltr'><strong>fuit</strong></span> <span class='ocrx_word' id='word_1_125' title='bbox 879 1715 1228 1788; x_wconf 87' lang='lat' dir='ltr'><strong>(cpisc0pus),</strong></span> <span class='ocrx_word' id='word_1_126' title='bbox 1273 1714 1511 1785; x_wconf 90' lang='lat' dir='ltr'><strong>paschali</strong></span> <span class='ocrx_word' id='word_1_127' title='bbox 1547 1723 1787 1784; x_wconf 91' lang='lat' dir='ltr'><strong>tempore</strong></span> <span class='ocrx_word' id='word_1_128' title='bbox 1824 1729 1946 1767; x_wconf 92' lang='lat' dir='ltr'><strong>cum</strong></span> <span class='ocrx_word' id='word_1_129' title='bbox 1979 1711 2078 1765; x_wconf 85' lang='lat' dir='ltr'><strong>ba-</strong></span> 
     </span>
    </p>
   </div>
   <div class='ocr_carea' id='block_1_17' title="bbox 2173 522 3756 593">
    <p class='ocr_par' dir='ltr' id='par_1_17' title="bbox 2173 522 3756 593">
     <span class='ocr_line' id='line_1_17' title="bbox 2173 522 3756 593; baseline -0.001 -14"><span class='ocrx_word' id='word_1_130' title='bbox 2173 526 2402 579; x_wconf 91' lang='lat' dir='ltr'><strong>ctriuam</strong></span> <span class='ocrx_word' id='word_1_131' title='bbox 2437 523 2696 578; x_wconf 66' lang='lat' dir='ltr'><strong>doctrina:</strong></span> <span class='ocrx_word' id='word_1_132' title='bbox 2746 522 2804 577; x_wconf 89' lang='lat' dir='ltr'><strong>S.</strong></span> <span class='ocrx_word' id='word_1_133' title='bbox 2849 522 3131 593; x_wconf 77' lang='lat' dir='ltr'><strong>Augustini</strong></span> <span class='ocrx_word' id='word_1_134' title='bbox 3180 538 3471 576; x_wconf 78' lang='lat' dir='ltr'><strong>consonam</strong></span> <span class='ocrx_word' id='word_1_135' title='bbox 3515 524 3756 593; x_wconf 66' lang='lat' dir='ltr'><strong>prmfcrt,</strong></span> 
     </span>
    </p>
   </div>
   <div class='ocr_carea' id='block_1_18' title="bbox 2174 612 3761 685">
    <p class='ocr_par' dir='ltr' id='par_1_18' title="bbox 2174 612 3761 685">
     <span class='ocr_line' id='line_1_18' title="bbox 2174 612 3761 685; baseline 0.001 -18"><span class='ocrx_word' id='word_1_136' title='bbox 2174 613 2673 685; x_wconf 72' lang='lat' dir='ltr'><strong>professionem-pie</strong></span> <span class='ocrx_word' id='word_1_137' title='bbox 2715 613 2837 667; x_wconf 89' lang='lat' dir='ltr'><strong>ﬁdei</strong></span> <span class='ocrx_word' id='word_1_138' title='bbox 2877 612 2936 667; x_wconf 90' lang='lat' dir='ltr'><strong>S.</strong></span> <span class='ocrx_word' id='word_1_139' title='bbox 2967 613 3248 666; x_wconf 82' lang='lat' dir='ltr'><strong>Athanasii</strong></span> <span class='ocrx_word' id='word_1_140' title='bbox 3277 613 3520 684; x_wconf 83' lang='lat' dir='ltr'><strong>symbolo</strong></span> <span class='ocrx_word' id='word_1_141' title='bbox 3540 613 3761 669; x_wconf 87' lang='lat' dir='ltr'><strong>confor-</strong></span> 
     </span>
    </p>
   </div>
   <div class='ocr_carea' id='block_1_19' title="bbox 2175 702 3763 772">
    <p class='ocr_par' dir='ltr' id='par_1_19' title="bbox 2175 702 3763 772">
     <span class='ocr_line' id='line_1_19' title="bbox 2175 702 3763 772; baseline 0.003 -15"><span class='ocrx_word' id='word_1_142' title='bbox 2175 719 2316 758; x_wconf 87' lang='lat' dir='ltr'><strong>mcm</strong></span> <span class='ocrx_word' id='word_1_143' title='bbox 2349 704 2401 757; x_wconf 91' lang='lat' dir='ltr'><strong>in</strong></span> <span class='ocrx_word' id='word_1_144' title='bbox 2433 702 2537 758; x_wconf 91' lang='lat' dir='ltr'><strong>ﬁne</strong></span> <span class='ocrx_word' id='word_1_145' title='bbox 2583 703 2725 757; x_wconf 89' lang='lat' dir='ltr'><strong>tertii</strong></span> <span class='ocrx_word' id='word_1_146' title='bbox 2757 703 2880 756; x_wconf 91' lang='lat' dir='ltr'><strong>libri</strong></span> <span class='ocrx_word' id='word_1_147' title='bbox 2927 704 3198 772; x_wconf 84' lang='lat' dir='ltr'><strong>appendit.</strong></span> <span class='ocrx_word' id='word_1_148' title='bbox 3250 703 3479 770; x_wconf 88' lang='lat' dir='ltr'><strong>Quintus</strong></span> <span class='ocrx_word' id='word_1_149' title='bbox 3519 704 3654 760; x_wconf 91' lang='lat' dir='ltr'><strong>liber</strong></span> <span class='ocrx_word' id='word_1_150' title='bbox 3691 707 3763 761; x_wconf 88' lang='lat' dir='ltr'><strong>de</strong></span> 
     </span>
    </p>
   </div>
   <div class='ocr_carea' id='block_1_20' title="bbox 2173 793 3764 864">
    <p class='ocr_par' dir='ltr' id='par_1_20' title="bbox 2173 793 3764 864">
     <span class='ocr_line' id='line_1_20' title="bbox 2173 793 3764 864; baseline 0.001 -16"><span class='ocrx_word' id='word_1_151' title='bbox 2173 795 2441 863; x_wconf 80' lang='lat' dir='ltr'><strong>episcopis</strong></span> <span class='ocrx_word' id='word_1_152' title='bbox 2490 794 2600 864; x_wconf 89' lang='lat' dir='ltr'><strong>agit</strong></span> <span class='ocrx_word' id='word_1_153' title='bbox 2635 793 2901 862; x_wconf 84' lang='lat' dir='ltr'><strong>pluribus,</strong></span> <span class='ocrx_word' id='word_1_154' title='bbox 2938 795 3005 847; x_wconf 85' lang='lat' dir='ltr'><strong>de</strong></span> <span class='ocrx_word' id='word_1_155' title='bbox 3033 793 3245 849; x_wconf 79' lang='lat' dir='ltr'><strong>czeteris</strong></span> <span class='ocrx_word' id='word_1_156' title='bbox 3282 804 3462 848; x_wconf 87' lang='lat' dir='ltr'><strong>autem</strong></span> <span class='ocrx_word' id='word_1_157' title='bbox 3503 794 3764 850; x_wconf 73' lang='lat' dir='ltr'><strong>Ecclesia:</strong></span> 
     </span>
    </p>
   </div>
   <div class='ocr_carea' id='block_1_21' title="bbox 2175 883 3764 956">
    <p class='ocr_par' dir='ltr' id='par_1_21' title="bbox 2175 883 3764 956">
     <span class='ocr_line' id='line_1_21' title="bbox 2175 883 3764 956; baseline 0.003 -20"><span class='ocrx_word' id='word_1_158' title='bbox 2175 885 2430 954; x_wconf 84' lang='lat' dir='ltr'><strong>gradibus</strong></span> <span class='ocrx_word' id='word_1_159' title='bbox 2451 899 2513 937; x_wconf 92' lang='lat' dir='ltr'><strong>ac</strong></span> <span class='ocrx_word' id='word_1_160' title='bbox 2541 884 2606 937; x_wconf 91' lang='lat' dir='ltr'><strong>de</strong></span> <span class='ocrx_word' id='word_1_161' title='bbox 2639 884 2920 938; x_wconf 87' lang='lat' dir='ltr'><strong>monachis</strong></span> <span class='ocrx_word' id='word_1_162' title='bbox 2942 883 3181 938; x_wconf 81' lang='lat' dir='ltr'><strong>brevius.</strong></span> <span class='ocrx_word' id='word_1_163' title='bbox 3215 883 3350 938; x_wconf 85' lang='lat' dir='ltr'><strong>Dum</strong></span> <span class='ocrx_word' id='word_1_164' title='bbox 3380 886 3764 956; x_wconf 80' lang='lat' dir='ltr'><strong>episc0porunt</strong></span> 
     </span>
    </p>
   </div>
   <div class='ocr_carea' id='block_1_22' title="bbox 2176 973 3770 1042">
    <p class='ocr_par' dir='ltr' id='par_1_22' title="bbox 2176 973 3770 1042">
     <span class='ocr_line' id='line_1_22' title="bbox 2176 973 3770 1042; baseline 0.003 -16"><span class='ocrx_word' id='word_1_165' title='bbox 2176 973 2377 1027; x_wconf 91' lang='lat' dir='ltr'><strong>abusus</strong></span> <span class='ocrx_word' id='word_1_166' title='bbox 2427 973 2747 1041; x_wconf 88' lang='lat' dir='ltr'><strong>insequitur,</strong></span> <span class='ocrx_word' id='word_1_167' title='bbox 2799 973 3046 1042; x_wconf 75' lang='lat' dir='ltr'><strong>quzcdam</strong></span> <span class='ocrx_word' id='word_1_168' title='bbox 3085 973 3150 1026; x_wconf 91' lang='lat' dir='ltr'><strong>de</strong></span> <span class='ocrx_word' id='word_1_169' title='bbox 3198 974 3311 1027; x_wconf 90' lang='lat' dir='ltr'><strong>suis</strong></span> <span class='ocrx_word' id='word_1_170' title='bbox 3356 973 3770 1030; x_wconf 88' lang='lat' dir='ltr'><strong>calamitatibus</strong></span> 
     </span>
    </p>
   </div>
   <div class='ocr_carea' id='block_1_23' title="bbox 2177 1062 3769 1132">
    <p class='ocr_par' dir='ltr' id='par_1_23' title="bbox 2177 1062 3769 1132">
     <span class='ocr_line' id='line_1_23' title="bbox 2177 1062 3769 1132; baseline 0.003 -16"><span class='ocrx_word' id='word_1_171' title='bbox 2177 1064 2372 1117; x_wconf 91' lang='lat' dir='ltr'><strong>iterum</strong></span> <span class='ocrx_word' id='word_1_172' title='bbox 2399 1062 2624 1132; x_wconf 80' lang='lat' dir='ltr'><strong>profert.</strong></span> <span class='ocrx_word' id='word_1_173' title='bbox 2656 1063 2854 1117; x_wconf 80' lang='lat' dir='ltr'><strong>Sextus</strong></span> <span class='ocrx_word' id='word_1_174' title='bbox 2888 1064 3102 1118; x_wconf 86' lang='lat' dir='ltr'><strong>tandem</strong></span> <span class='ocrx_word' id='word_1_175' title='bbox 3127 1063 3260 1118; x_wconf 89' lang='lat' dir='ltr'><strong>liber</strong></span> <span class='ocrx_word' id='word_1_176' title='bbox 3287 1064 3355 1119; x_wconf 86' lang='lat' dir='ltr'><strong>de</strong></span> <span class='ocrx_word' id='word_1_177' title='bbox 3385 1067 3769 1122; x_wconf 84' lang='lat' dir='ltr'><strong>communibus</strong></span> 
     </span>
    </p>
   </div>
   <div class='ocr_carea' id='block_1_24' title="bbox 2176 1150 3765 1224">
    <p class='ocr_par' dir='ltr' id='par_1_24' title="bbox 2176 1150 3765 1224">
     <span class='ocr_line' id='line_1_24' title="bbox 2176 1150 3765 1224; baseline 0.003 -18"><span class='ocrx_word' id='word_1_178' title='bbox 2176 1151 2610 1206; x_wconf 87' lang='lat' dir='ltr'><strong>Christianorum</strong></span> <span class='ocrx_word' id='word_1_179' title='bbox 2640 1150 2830 1206; x_wconf 80' lang='lat' dir='ltr'><strong>oﬂiciis</strong></span> <span class='ocrx_word' id='word_1_180' title='bbox 2859 1152 2993 1224; x_wconf 83' lang='lat' dir='ltr'><strong>agit,</strong></span> <span class='ocrx_word' id='word_1_181' title='bbox 3023 1153 3090 1206; x_wconf 89' lang='lat' dir='ltr'><strong>de</strong></span> <span class='ocrx_word' id='word_1_182' title='bbox 3136 1153 3279 1208; x_wconf 78' lang='lat' dir='ltr'><strong>vitiis</strong></span> <span class='ocrx_word' id='word_1_183' title='bbox 3316 1154 3654 1224; x_wconf 86' lang='lat' dir='ltr'><strong>capitalibus,</strong></span> <span class='ocrx_word' id='word_1_184' title='bbox 3696 1156 3765 1211; x_wconf 87' lang='lat' dir='ltr'><strong>de</strong></span> 
     </span>
    </p>
   </div>
   <div class='ocr_carea' id='block_1_25' title="bbox 2177 1241 3761 1312">
    <p class='ocr_par' dir='ltr' id='par_1_25' title="bbox 2177 1241 3761 1312">
     <span class='ocr_line' id='line_1_25' title="bbox 2177 1241 3761 1312; baseline 0.004 -18"><span class='ocrx_word' id='word_1_185' title='bbox 2177 1241 2514 1312; x_wconf 73' lang='lat' dir='ltr'><strong>paenitentia,</strong></span> <span class='ocrx_word' id='word_1_186' title='bbox 2555 1241 2843 1306; x_wconf 88' lang='lat' dir='ltr'><strong>charitate,</strong></span> <span class='ocrx_word' id='word_1_187' title='bbox 2896 1241 3153 1296; x_wconf 81' lang='lat' dir='ltr'><strong>relatione</strong></span> <span class='ocrx_word' id='word_1_188' title='bbox 3205 1258 3428 1312; x_wconf 87' lang='lat' dir='ltr'><strong>operum</strong></span> <span class='ocrx_word' id='word_1_189' title='bbox 3479 1246 3533 1298; x_wconf 87' lang='lat' dir='ltr'><strong>in</strong></span> <span class='ocrx_word' id='word_1_190' title='bbox 3572 1247 3761 1309; x_wconf 88' lang='lat' dir='ltr'><strong>Deum,</strong></span> 
     </span>
    </p>
   </div>
   <div class='ocr_carea' id='block_1_26' title="bbox 2177 1334 3771 1405">
    <p class='ocr_par' dir='ltr' id='par_1_26' title="bbox 2177 1334 3771 1405">
     <span class='ocr_line' id='line_1_26' title="bbox 2177 1334 3771 1405; baseline 0.003 -18"><span class='ocrx_word' id='word_1_191' title='bbox 2177 1334 2405 1403; x_wconf 83' lang='lat' dir='ltr'><strong>aliisque</strong></span> <span class='ocrx_word' id='word_1_192' title='bbox 2434 1335 2674 1404; x_wconf 84' lang='lat' dir='ltr'><strong>ejusdem</strong></span> <span class='ocrx_word' id='word_1_193' title='bbox 2719 1334 2936 1405; x_wconf 76' lang='lat' dir='ltr'><strong>generis</strong></span> <span class='ocrx_word' id='word_1_194' title='bbox 2980 1335 3242 1405; x_wconf 83' lang='lat' dir='ltr'><strong>pluribus.</strong></span> <span class='ocrx_word' id='word_1_195' title='bbox 3281 1336 3337 1390; x_wconf 88' lang='lat' dir='ltr'><strong>lu</strong></span> <span class='ocrx_word' id='word_1_196' title='bbox 3382 1337 3469 1391; x_wconf 77' lang='lat' dir='ltr'><strong>his</strong></span> <span class='ocrx_word' id='word_1_197' title='bbox 3512 1339 3771 1393; x_wconf 82' lang='lat' dir='ltr'><strong>omnibus</strong></span> 
     </span>
    </p>
   </div>
   <div class='ocr_carea' id='block_1_27' title="bbox 2180 1424 3768 1492">
    <p class='ocr_par' dir='ltr' id='par_1_27' title="bbox 2180 1424 3768 1492">
     <span class='ocr_line' id='line_1_27' title="bbox 2180 1424 3768 1492; baseline 0.003 -15"><span class='ocrx_word' id='word_1_198' title='bbox 2180 1426 2346 1478; x_wconf 90' lang='lat' dir='ltr'><strong>multa</strong></span> <span class='ocrx_word' id='word_1_199' title='bbox 2377 1424 2494 1492; x_wconf 80' lang='lat' dir='ltr'><strong>ejus</strong></span> <span class='ocrx_word' id='word_1_200' title='bbox 2532 1425 2712 1478; x_wconf 72' lang='lat' dir='ltr'><strong>artatis</strong></span> <span class='ocrx_word' id='word_1_201' title='bbox 2761 1424 3123 1492; x_wconf 81' lang='lat' dir='ltr'><strong>disciplinam,</strong></span> <span class='ocrx_word' id='word_1_202' title='bbox 3179 1427 3433 1479; x_wconf 88' lang='lat' dir='ltr'><strong>nonnulla</strong></span> <span class='ocrx_word' id='word_1_203' title='bbox 3480 1428 3768 1481; x_wconf 81' lang='lat' dir='ltr'><strong>historiam</strong></span> 
     </span>
    </p>
   </div>
   <div class='ocr_carea' id='block_1_28' title="bbox 2180 1517 3517 1587">
    <p class='ocr_par' dir='ltr' id='par_1_28' title="bbox 2180 1517 3517 1587">
     <span class='ocr_line' id='line_1_28' title="bbox 2180 1517 3517 1587; baseline 0.001 -14"><span class='ocrx_word' id='word_1_204' title='bbox 2180 1519 2472 1583; x_wconf 89' lang='lat' dir='ltr'><strong>illustrant,</strong></span> <span class='ocrx_word' id='word_1_205' title='bbox 2506 1533 2610 1571; x_wconf 92' lang='lat' dir='ltr'><strong>non</strong></span> <span class='ocrx_word' id='word_1_206' title='bbox 2643 1532 2811 1587; x_wconf 86' lang='lat' dir='ltr'><strong>pauca</strong></span> <span class='ocrx_word' id='word_1_207' title='bbox 2840 1517 3157 1572; x_wconf 88' lang='lat' dir='ltr'><strong>catholicam</strong></span> <span class='ocrx_word' id='word_1_208' title='bbox 3191 1519 3517 1574; x_wconf 87' lang='lat' dir='ltr'><strong>doctrinam.</strong></span> 
     </span>
    </p>
   </div>
   <div class='ocr_carea' id='block_1_29' title="bbox 2247 1607 3774 1677">
    <p class='ocr_par' dir='ltr' id='par_1_29' title="bbox 2247 1607 3774 1677">
     <span class='ocr_line' id='line_1_29' title="bbox 2247 1607 3774 1677; baseline 0.004 -17"><span class='ocrx_word' id='word_1_209' title='bbox 2247 1607 2338 1662; x_wconf 86' lang='lat'><strong>26.</strong></span> <span class='ocrx_word' id='word_1_210' title='bbox 2369 1607 2481 1661; x_wconf 87' lang='lat' dir='ltr'><strong>llac</strong></span> <span class='ocrx_word' id='word_1_211' title='bbox 2511 1616 2780 1677; x_wconf 87' lang='lat' dir='ltr'><strong>postrema</strong></span> <span class='ocrx_word' id='word_1_212' title='bbox 2805 1608 2857 1660; x_wconf 93' lang='lat' dir='ltr'><strong>in</strong></span> <span class='ocrx_word' id='word_1_213' title='bbox 2876 1623 2932 1662; x_wconf 93' lang='lat' dir='ltr'><strong>re</strong></span> <span class='ocrx_word' id='word_1_214' title='bbox 2953 1608 3490 1664; x_wconf 88' lang='lat' dir='ltr'><strong>animadvertendum</strong></span> <span class='ocrx_word' id='word_1_215' title='bbox 3517 1621 3600 1665; x_wconf 88' lang='lat' dir='ltr'><strong>est</strong></span> <span class='ocrx_word' id='word_1_216' title='bbox 3627 1610 3774 1666; x_wconf 86' lang='lat' dir='ltr'><strong>libro</strong></span> 
     </span>
    </p>
   </div>
   <div class='ocr_carea' id='block_1_30' title="bbox 2180 1699 3772 1770">
    <p class='ocr_par' dir='ltr' id='par_1_30' title="bbox 2180 1699 3772 1770">
     <span class='ocr_line' id='line_1_30' title="bbox 2180 1699 3772 1770; baseline 0.004 -17"><span class='ocrx_word' id='word_1_217' title='bbox 2180 1711 2394 1770; x_wconf 85' lang='lat' dir='ltr'><strong>quarto,</strong></span> <span class='ocrx_word' id='word_1_218' title='bbox 2423 1716 2572 1754; x_wconf 91' lang='lat' dir='ltr'><strong>num.</strong></span> <span class='ocrx_word' id='word_1_219' title='bbox 2602 1699 2690 1767; x_wconf 86' lang='lat' dir='ltr'><strong>l5,</strong></span> <span class='ocrx_word' id='word_1_220' title='bbox 2723 1701 3022 1756; x_wconf 87' lang='lat' dir='ltr'><strong>luculenter</strong></span> <span class='ocrx_word' id='word_1_221' title='bbox 3045 1701 3269 1758; x_wconf 80' lang='lat' dir='ltr'><strong>refutari</strong></span> <span class='ocrx_word' id='word_1_222' title='bbox 3290 1718 3409 1757; x_wconf 89' lang='lat' dir='ltr'><strong>eam</strong></span> <span class='ocrx_word' id='word_1_223' title='bbox 3439 1704 3772 1760; x_wconf 83' lang='lat' dir='ltr'><strong>malesanam</strong></span> 
     </span>
    </p>
   </div>
   <div class='ocr_carea' id='block_1_31' title="bbox 487 1791 3774 1880">
    <p class='ocr_par' dir='ltr' id='par_1_31' title="bbox 487 1791 3774 1880">
     <span class='ocr_line' id='line_1_31' title="bbox 487 1791 3774 1880; baseline -0.004 -16"><span class='ocrx_word' id='word_1_224' title='bbox 487 1810 797 1880; x_wconf 84' lang='lat' dir='ltr'><strong>ptisteriunt</strong></span> <span class='ocrx_word' id='word_1_225' title='bbox 824 1826 928 1862; x_wconf 90' lang='lat' dir='ltr'><strong>non</strong></span> <span class='ocrx_word' id='word_1_226' title='bbox 960 1807 1147 1861; x_wconf 82' lang='lat' dir='ltr'><strong>fuisset</strong></span> <span class='ocrx_word' id='word_1_227' title='bbox 1177 1806 1437 1878; x_wconf 87' lang='lat' dir='ltr'><strong>(chrisma</strong></span> <span class='ocrx_word' id='word_1_228' title='bbox 1463 1804 1744 1861; x_wconf 82' lang='lat' dir='ltr'><strong>deﬁciente</strong></span> <span class='ocrx_word' id='word_1_229' title='bbox 1770 1803 1860 1873; x_wconf 86' lang='lat' dir='ltr'><strong>qui</strong></span> <span class='ocrx_word' id='word_1_230' title='bbox 1906 1800 2076 1870; x_wconf 89' lang='lat' dir='ltr'><strong>daret)</strong></span> <span class='ocrx_word' id='word_1_231' title='bbox 2109 1798 2155 1857; x_wconf 88' lang='lat' dir='ltr'><strong>B</strong></span> <span class='ocrx_word' id='word_1_232' title='bbox 2183 1791 2466 1861; x_wconf 70' lang='lat' dir='ltr'><strong>CleUSdam</strong></span> <span class='ocrx_word' id='word_1_233' title='bbox 2493 1793 2836 1856; x_wconf 68' lang='grc' dir='ltr'>εειὶῑθιιιίὲιιη.</span> <span class='ocrx_word' id='word_1_234' title='bbox 2868 1810 2885 1842; x_wconf 71' lang='grc' dir='ltr'><strong>ι</strong></span> <span class='ocrx_word' id='word_1_235' title='bbox 2922 1793 3014 1862; x_wconf 74' lang='lat' dir='ltr'><strong>(Illi</strong></span> <span class='ocrx_word' id='word_1_236' title='bbox 3050 1795 3411 1862; x_wconf 66' lang='lat' dir='ltr'><strong>prmsettlibns</strong></span> <span class='ocrx_word' id='word_1_237' title='bbox 3447 1795 3774 1864; x_wconf 76' lang='lat' dir='ltr'><strong>Quibusdam</strong></span> 
     </span>
    </p>
   </div>
   <div class='ocr_carea' id='block_1_32' title="bbox 490 1893 2078 1961">
    <p class='ocr_par' dir='ltr' id='par_1_32' title="bbox 490 1893 2078 1961">
     <span class='ocr_line' id='line_1_32' title="bbox 490 1893 2078 1961; baseline -0.004 -8"><span class='ocrx_word' id='word_1_238' title='bbox 490 1902 545 1953; x_wconf 88' lang='lat' dir='ltr'><strong>in</strong></span> <span class='ocrx_word' id='word_1_239' title='bbox 576 1900 765 1953; x_wconf 85' lang='lat' dir='ltr'><strong>eadem</strong></span> <span class='ocrx_word' id='word_1_240' title='bbox 796 1897 1023 1952; x_wconf 88' lang='lat' dir='ltr'><strong>ecclesia</strong></span> <span class='ocrx_word' id='word_1_241' title='bbox 1051 1895 1380 1951; x_wconf 89' lang='lat' dir='ltr'><strong>celebratum</strong></span> <span class='ocrx_word' id='word_1_242' title='bbox 1408 1912 1422 1961; x_wconf 92' lang='lat'>;</span> <span class='ocrx_word' id='word_1_243' title='bbox 1475 1904 1623 1948; x_wconf 87' lang='lat' dir='ltr'><strong>tanta</strong></span> <span class='ocrx_word' id='word_1_244' title='bbox 1648 1893 1830 1948; x_wconf 89' lang='lat' dir='ltr'><strong>clades</strong></span> <span class='ocrx_word' id='word_1_245' title='bbox 1860 1893 1911 1946; x_wconf 92' lang='lat' dir='ltr'><strong>in</strong></span> <span class='ocrx_word' id='word_1_246' title='bbox 1948 1893 2078 1947; x_wconf 85' lang='lat' dir='ltr'><strong>civi—</strong></span> 
     </span>
    </p>
   </div>
   <div class='ocr_carea' id='block_1_33' title="bbox 491 1982 2080 2058">
    <p class='ocr_par' dir='ltr' id='par_1_33' title="bbox 491 1982 2080 2058">
     <span class='ocr_line' id='line_1_33' title="bbox 491 1982 2080 2058; baseline -0.003 -19"><span class='ocrx_word' id='word_1_247' title='bbox 491 1998 604 2042; x_wconf 89' lang='lat' dir='ltr'><strong>tate</strong></span> <span class='ocrx_word' id='word_1_248' title='bbox 628 1988 852 2058; x_wconf 83' lang='lat' dir='ltr'><strong>contigit</strong></span> <span class='ocrx_word' id='word_1_249' title='bbox 895 1986 1207 2051; x_wconf 83' lang='lat' dir='ltr'><strong>infantium,</strong></span> <span class='ocrx_word' id='word_1_250' title='bbox 1246 1994 1301 2040; x_wconf 90' lang='lat' dir='ltr'><strong>et</strong></span> <span class='ocrx_word' id='word_1_251' title='bbox 1338 1985 1442 2040; x_wconf 94' lang='lat' dir='ltr'><strong>hoc</strong></span> <span class='ocrx_word' id='word_1_252' title='bbox 1471 1982 1810 2039; x_wconf 89' lang='lat' dir='ltr'><strong>solummodo</strong></span> <span class='ocrx_word' id='word_1_253' title='bbox 1848 1999 1954 2036; x_wconf 91' lang='lat' dir='ltr'><strong>non</strong></span> <span class='ocrx_word' id='word_1_254' title='bbox 1984 1982 2080 2036; x_wconf 90' lang='lat' dir='ltr'><strong>ba-</strong></span> 
     </span>
    </p>
   </div>
   <div class='ocr_carea' id='block_1_34' title="bbox 490 2071 2082 2148">
    <p class='ocr_par' dir='ltr' id='par_1_34' title="bbox 490 2071 2082 2148">
     <span class='ocr_line' id='line_1_34' title="bbox 490 2071 2082 2148; baseline -0.005 -17"><span class='ocrx_word' id='word_1_255' title='bbox 490 2080 837 2148; x_wconf 87' lang='lat' dir='ltr'><strong>ptizatorum,</strong></span> <span class='ocrx_word' id='word_1_256' title='bbox 869 2083 1126 2145; x_wconf 91' lang='lat' dir='ltr'><strong>quantam</strong></span> <span class='ocrx_word' id='word_1_257' title='bbox 1168 2073 1345 2129; x_wconf 91' lang='lat' dir='ltr'><strong>nullus</strong></span> <span class='ocrx_word' id='word_1_258' title='bbox 1375 2073 1621 2128; x_wconf 86' lang='lat' dir='ltr'><strong>meminit</strong></span> <span class='ocrx_word' id='word_1_259' title='bbox 1654 2087 1889 2141; x_wconf 89' lang='lat' dir='ltr'><strong>unquam</strong></span> <span class='ocrx_word' id='word_1_260' title='bbox 1935 2071 2082 2140; x_wconf 86' lang='lat' dir='ltr'><strong>prio-</strong></span> 
     </span>
    </p>
   </div>
   <div class='ocr_carea' id='block_1_35' title="bbox 494 2163 2080 2240">
    <p class='ocr_par' dir='ltr' id='par_1_35' title="bbox 494 2163 2080 2240">
     <span class='ocr_line' id='line_1_35' title="bbox 494 2163 2080 2240; baseline -0.006 -15"><span class='ocrx_word' id='word_1_261' title='bbox 494 2187 638 2236; x_wconf 89' lang='lat' dir='ltr'><strong>rum,</strong></span> <span class='ocrx_word' id='word_1_262' title='bbox 679 2171 754 2224; x_wconf 89' lang='lat' dir='ltr'><strong>ita</strong></span> <span class='ocrx_word' id='word_1_263' title='bbox 779 2179 838 2223; x_wconf 94' lang='lat' dir='ltr'><strong>ut</strong></span> <span class='ocrx_word' id='word_1_264' title='bbox 865 2169 1068 2240; x_wconf 90' lang='lat' dir='ltr'><strong>passim</strong></span> <span class='ocrx_word' id='word_1_265' title='bbox 1109 2183 1207 2237; x_wconf 92' lang='lat' dir='ltr'><strong>per</strong></span> <span class='ocrx_word' id='word_1_266' title='bbox 1235 2167 1444 2232; x_wconf 92' lang='lat' dir='ltr'><strong>domos,</strong></span> <span class='ocrx_word' id='word_1_267' title='bbox 1480 2181 1509 2218; x_wconf 90' lang='lat' dir='ltr'><strong>a</strong></span> <span class='ocrx_word' id='word_1_268' title='bbox 1540 2165 1808 2219; x_wconf 90' lang='lat' dir='ltr'><strong>matribus</strong></span> <span class='ocrx_word' id='word_1_269' title='bbox 1836 2179 1940 2217; x_wconf 91' lang='lat' dir='ltr'><strong>non</strong></span> <span class='ocrx_word' id='word_1_270' title='bbox 1969 2163 2080 2232; x_wconf 81' lang='lat' dir='ltr'><strong>qui-</strong></span> 
     </span>
    </p>
   </div>
   <div class='ocr_carea' id='block_1_36' title="bbox 494 2245 2083 2330">
    <p class='ocr_par' dir='ltr' id='par_1_36' title="bbox 494 2245 2083 2330">
     <span class='ocr_line' id='line_1_36' title="bbox 494 2245 2083 2330; baseline -0.004 -16"><span class='ocrx_word' id='word_1_271' title='bbox 494 2263 615 2316; x_wconf 86' lang='lat' dir='ltr'><strong>dem</strong></span> <span class='ocrx_word' id='word_1_272' title='bbox 648 2268 843 2330; x_wconf 88' lang='lat' dir='ltr'><strong>sponte</strong></span> <span class='ocrx_word' id='word_1_273' title='bbox 898 2257 1168 2322; x_wconf 81' lang='lat' dir='ltr'><strong>sufl‘oeati,</strong></span> <span class='ocrx_word' id='word_1_274' title='bbox 1219 2272 1384 2310; x_wconf 88' lang='lat' dir='ltr'><strong>unum</strong></span> <span class='ocrx_word' id='word_1_275' title='bbox 1437 2255 1599 2310; x_wconf 91' lang='lat' dir='ltr'><strong>totius</strong></span> <span class='ocrx_word' id='word_1_276' title='bbox 1627 2254 1862 2309; x_wconf 87' lang='lat' dir='ltr'><strong>civitatis</strong></span> <span class='ocrx_word' id='word_1_277' title='bbox 1901 2245 2083 2308; x_wconf 75' lang='lat' dir='ltr'><strong>facere</strong></span> 
     </span>
    </p>
   </div>
   <div class='ocr_carea' id='block_1_37' title="bbox 493 2346 2080 2422">
    <p class='ocr_par' dir='ltr' id='par_1_37' title="bbox 493 2346 2080 2422">
     <span class='ocr_line' id='line_1_37' title="bbox 493 2346 2080 2422; baseline -0.006 -14"><span class='ocrx_word' id='word_1_278' title='bbox 493 2362 737 2422; x_wconf 89' lang='lat' dir='ltr'><strong>possent,</strong></span> <span class='ocrx_word' id='word_1_279' title='bbox 771 2352 814 2406; x_wconf 92' lang='lat' dir='ltr'><strong>si</strong></span> <span class='ocrx_word' id='word_1_280' title='bbox 865 2359 1046 2405; x_wconf 89' lang='lat' dir='ltr'><strong>tamen</strong></span> <span class='ocrx_word' id='word_1_281' title='bbox 1099 2349 1262 2404; x_wconf 90' lang='lat' dir='ltr'><strong>timor</strong></span> <span class='ocrx_word' id='word_1_282' title='bbox 1307 2348 1402 2404; x_wconf 90' lang='lat' dir='ltr'><strong>Dei</strong></span> <span class='ocrx_word' id='word_1_283' title='bbox 1448 2349 1636 2402; x_wconf 86' lang='lat' dir='ltr'><strong>eodem</strong></span> <span class='ocrx_word' id='word_1_284' title='bbox 1675 2347 1815 2402; x_wconf 85' lang='lat' dir='ltr'><strong>ullus</strong></span> <span class='ocrx_word' id='word_1_285' title='bbox 1844 2355 1988 2402; x_wconf 87' lang='lat' dir='ltr'><strong>esset</strong></span> <span class='ocrx_word' id='word_1_286' title='bbox 2027 2346 2080 2400; x_wconf 91' lang='lat' dir='ltr'><strong>in</strong></span> 
     </span>
    </p>
   </div>
   <div class='ocr_carea' id='block_1_38' title="bbox 493 2439 2082 2511">
    <p class='ocr_par' dir='ltr' id='par_1_38' title="bbox 493 2439 2082 2511">
     <span class='ocr_line' id='line_1_38' title="bbox 493 2439 2082 2511; baseline -0.006 -12"><span class='ocrx_word' id='word_1_287' title='bbox 493 2447 634 2511; x_wconf 88' lang='lat' dir='ltr'><strong>loco,</strong></span> <span class='ocrx_word' id='word_1_288' title='bbox 689 2445 1009 2505; x_wconf 89' lang='lat' dir='ltr'><strong>Iamentum,</strong></span> <span class='ocrx_word' id='word_1_289' title='bbox 1059 2457 1159 2510; x_wconf 88' lang='lat' dir='ltr'><strong>pro</strong></span> <span class='ocrx_word' id='word_1_290' title='bbox 1207 2440 1442 2494; x_wconf 87' lang='lat' dir='ltr'><strong>vindicta</strong></span> <span class='ocrx_word' id='word_1_291' title='bbox 1499 2439 1696 2494; x_wconf 72' lang='lat' dir='ltr'><strong>divina:</strong></span> <span class='ocrx_word' id='word_1_292' title='bbox 1743 2439 2082 2492; x_wconf 88' lang='lat' dir='ltr'><strong>animadver-</strong></span> 
     </span>
    </p>
   </div>
   <div class='ocr_carea' id='block_1_39' title="bbox 495 2527 2081 2605">
    <p class='ocr_par' dir='ltr' id='par_1_39' title="bbox 495 2527 2081 2605">
     <span class='ocr_line' id='line_1_39' title="bbox 495 2527 2081 2605; baseline -0.009 -14"><span class='ocrx_word' id='word_1_293' title='bbox 495 2536 666 2591; x_wconf 84' lang='lat' dir='ltr'><strong>sionis</strong></span> <span class='ocrx_word' id='word_1_294' title='bbox 693 2533 997 2605; x_wconf 79' lang='lat' dir='ltr'><strong>lugentibus</strong></span> <span class='ocrx_word' id='word_1_295' title='bbox 1021 2531 1166 2595; x_wconf 90' lang='lat' dir='ltr'><strong>aliis,</strong></span> <span class='ocrx_word' id='word_1_296' title='bbox 1211 2530 1330 2584; x_wconf 92' lang='lat' dir='ltr'><strong>aliis</strong></span> <span class='ocrx_word' id='word_1_297' title='bbox 1360 2538 1469 2582; x_wconf 90' lang='lat' dir='ltr'><strong>tam</strong></span> <span class='ocrx_word' id='word_1_298' title='bbox 1513 2527 1887 2597; x_wconf 84' lang='lat' dir='ltr'><strong>temporalem,</strong></span> <span class='ocrx_word' id='word_1_299' title='bbox 1919 2541 2081 2596; x_wconf 90' lang='lat' dir='ltr'><strong>quam</strong></span> 
     </span>
    </p>
   </div>
   <div class='ocr_carea' id='block_1_40' title="bbox 497 2617 2084 2692">
    <p class='ocr_par' dir='ltr' id='par_1_40' title="bbox 497 2617 2084 2692">
     <span class='ocr_line' id='line_1_40' title="bbox 497 2617 2084 2692; baseline -0.008 -9"><span class='ocrx_word' id='word_1_300' title='bbox 497 2638 757 2682; x_wconf 72' lang='lat' dir='ltr'><strong>mtcrnam</strong></span> <span class='ocrx_word' id='word_1_301' title='bbox 799 2633 852 2680; x_wconf 91' lang='lat' dir='ltr'><strong>et</strong></span> <span class='ocrx_word' id='word_1_302' title='bbox 892 2635 1145 2678; x_wconf 82' lang='lat' dir='ltr'><strong>natorum</strong></span> <span class='ocrx_word' id='word_1_303' title='bbox 1193 2629 1248 2675; x_wconf 87' lang='lat' dir='ltr'><strong>et</strong></span> <span class='ocrx_word' id='word_1_304' title='bbox 1298 2621 1618 2692; x_wconf 83' lang='lat' dir='ltr'><strong>genitricum</strong></span> <span class='ocrx_word' id='word_1_305' title='bbox 1659 2629 1887 2675; x_wconf 89' lang='lat' dir='ltr'><strong>mortem</strong></span> <span class='ocrx_word' id='word_1_306' title='bbox 1934 2617 2084 2687; x_wconf 89' lang='lat' dir='ltr'><strong>plan-</strong></span> 
     </span>
    </p>
   </div>
   <div class='ocr_carea' id='block_1_41' title="bbox 499 2710 2084 2789">
    <p class='ocr_par' dir='ltr' id='par_1_41' title="bbox 499 2710 2084 2789">
     <span class='ocr_line' id='line_1_41' title="bbox 499 2710 2084 2789; baseline -0.002 -18"><span class='ocrx_word' id='word_1_307' title='bbox 499 2717 770 2789; x_wconf 82' lang='lat' dir='ltr'><strong>gentibus.</strong></span> <span class='ocrx_word' id='word_1_308' title='bbox 797 2735 813 2766; x_wconf 76' lang='grc' dir='ltr'><strong>ι</strong></span> <span class='ocrx_word' id='word_1_309' title='bbox 850 2712 960 2769; x_wconf 81' lang='lat' dir='ltr'><strong>lioc</strong></span> <span class='ocrx_word' id='word_1_310' title='bbox 1011 2713 1209 2768; x_wconf 92' lang='lat' dir='ltr'><strong>factum</strong></span> <span class='ocrx_word' id='word_1_311' title='bbox 1252 2711 1547 2783; x_wconf 88' lang='lat' dir='ltr'><strong>contigisse</strong></span> <span class='ocrx_word' id='word_1_312' title='bbox 1582 2710 1912 2766; x_wconf 87' lang='lat' dir='ltr'><strong>arbitramur</strong></span> <span class='ocrx_word' id='word_1_313' title='bbox 1941 2727 2084 2768; x_wconf 91' lang='lat' dir='ltr'><strong>anno</strong></span> 
     </span>
    </p>
   </div>
   <div class='ocr_carea' id='block_1_42' title="bbox 499 2801 2086 2862">
    <p class='ocr_par' dir='ltr' id='par_1_42' title="bbox 499 2801 2086 2862">
     <span class='ocr_line' id='line_1_42' title="bbox 499 2801 2086 2862; baseline -0.002 -1"><span class='ocrx_word' id='word_1_314' title='bbox 499 2807 624 2862; x_wconf 74' lang='lat'><strong>935.</strong></span> <span class='ocrx_word' id='word_1_315' title='bbox 666 2807 779 2861; x_wconf 85' lang='lat' dir='ltr'><strong>Hoc</strong></span> <span class='ocrx_word' id='word_1_316' title='bbox 820 2810 964 2861; x_wconf 91' lang='lat' dir='ltr'><strong>enim</strong></span> <span class='ocrx_word' id='word_1_317' title='bbox 1014 2819 1158 2858; x_wconf 85' lang='lat' dir='ltr'><strong>anno</strong></span> <span class='ocrx_word' id='word_1_318' title='bbox 1188 2818 1310 2858; x_wconf 91' lang='lat' dir='ltr'><strong>cum</strong></span> <span class='ocrx_word' id='word_1_319' title='bbox 1351 2803 1450 2857; x_wconf 86' lang='lat' dir='ltr'><strong>sub</strong></span> <span class='ocrx_word' id='word_1_320' title='bbox 1490 2801 1701 2856; x_wconf 89' lang='lat' dir='ltr'><strong>initium</strong></span> <span class='ocrx_word' id='word_1_321' title='bbox 1746 2801 2029 2856; x_wconf 87' lang='lat' dir='ltr'><strong>Februarii</strong></span> <span class='ocrx_word' id='word_1_322' title='bbox 2056 2817 2086 2858; x_wconf 89' lang='lat' dir='ltr'><strong>e</strong></span> 
     </span>
    </p>
   </div>
   <div class='ocr_carea' id='block_1_43' title="bbox 500 2893 2087 2966">
    <p class='ocr_par' dir='ltr' id='par_1_43' title="bbox 500 2893 2087 2966">
     <span class='ocr_line' id='line_1_43' title="bbox 500 2893 2087 2966; baseline -0.004 -13"><span class='ocrx_word' id='word_1_323' title='bbox 500 2898 802 2954; x_wconf 78' lang='lat' dir='ltr'><strong>Veronensi</strong></span> <span class='ocrx_word' id='word_1_324' title='bbox 826 2897 958 2951; x_wconf 85' lang='lat' dir='ltr'><strong>urbe</strong></span> <span class='ocrx_word' id='word_1_325' title='bbox 989 2895 1210 2966; x_wconf 86' lang='lat' dir='ltr'><strong>Papiam</strong></span> <span class='ocrx_word' id='word_1_326' title='bbox 1235 2894 1483 2964; x_wconf 88' lang='lat' dir='ltr'><strong>captivus</strong></span> <span class='ocrx_word' id='word_1_327' title='bbox 1525 2894 1717 2948; x_wconf 83' lang='lat' dir='ltr'><strong>ductus</strong></span> <span class='ocrx_word' id='word_1_328' title='bbox 1747 2893 1938 2948; x_wconf 79' lang='lat' dir='ltr'><strong>fuisset</strong></span> <span class='ocrx_word' id='word_1_329' title='bbox 1972 2893 2087 2962; x_wconf 87' lang='lat' dir='ltr'><strong>epi-</strong></span> 
     </span>
    </p>
   </div>
   <div class='ocr_carea' id='block_1_44' title="bbox 500 2987 2085 3063">
    <p class='ocr_par' dir='ltr' id='par_1_44' title="bbox 500 2987 2085 3063">
     <span class='ocr_line' id='line_1_44' title="bbox 500 2987 2085 3063; baseline -0.004 -16"><span class='ocrx_word' id='word_1_330' title='bbox 500 3007 740 3063; x_wconf 89' lang='lat' dir='ltr'><strong>scopus;</strong></span> <span class='ocrx_word' id='word_1_331' title='bbox 787 2991 839 3044; x_wconf 90' lang='lat' dir='ltr'><strong>in</strong></span> <span class='ocrx_word' id='word_1_332' title='bbox 888 3004 950 3045; x_wconf 87' lang='lat' dir='ltr'><strong>ea</strong></span> <span class='ocrx_word' id='word_1_333' title='bbox 995 3003 1176 3043; x_wconf 88' lang='lat' dir='ltr'><strong>rerum</strong></span> <span class='ocrx_word' id='word_1_334' title='bbox 1226 2987 1631 3058; x_wconf 88' lang='lat' dir='ltr'><strong>perturbatione</strong></span> <span class='ocrx_word' id='word_1_335' title='bbox 1669 2988 1940 3057; x_wconf 81' lang='lat' dir='ltr'><strong>provisum</strong></span> <span class='ocrx_word' id='word_1_336' title='bbox 1980 3002 2085 3041; x_wconf 93' lang='lat' dir='ltr'><strong>non</strong></span> 
     </span>
    </p>
   </div>
   <div class='ocr_carea' id='block_1_45' title="bbox 501 3078 2082 3152">
    <p class='ocr_par' dir='ltr' id='par_1_45' title="bbox 501 3078 2082 3152">
     <span class='ocr_line' id='line_1_45' title="bbox 501 3078 2082 3152; baseline -0.006 -15"><span class='ocrx_word' id='word_1_337' title='bbox 501 3084 624 3147; x_wconf 88' lang='lat' dir='ltr'><strong>fuit,</strong></span> <span class='ocrx_word' id='word_1_338' title='bbox 646 3091 707 3136; x_wconf 91' lang='lat' dir='ltr'><strong>ut</strong></span> <span class='ocrx_word' id='word_1_339' title='bbox 743 3080 988 3152; x_wconf 82' lang='lat' dir='ltr'><strong>proximo</strong></span> <span class='ocrx_word' id='word_1_340' title='bbox 1017 3078 1256 3150; x_wconf 87' lang='lat' dir='ltr'><strong>paschali</strong></span> <span class='ocrx_word' id='word_1_341' title='bbox 1289 3087 1532 3148; x_wconf 88' lang='lat' dir='ltr'><strong>tempore</strong></span> <span class='ocrx_word' id='word_1_342' title='bbox 1568 3094 1784 3132; x_wconf 90' lang='lat' dir='ltr'><strong>sacrum</strong></span> <span class='ocrx_word' id='word_1_343' title='bbox 1827 3078 2082 3137; x_wconf 84' lang='lat' dir='ltr'><strong>chrisma,</strong></span> 
     </span>
    </p>
   </div>
   <div class='ocr_carea' id='block_1_46' title="bbox 503 3259 2092 3332">
    <p class='ocr_par' dir='ltr' id='par_1_46' title="bbox 503 3259 2092 3332">
     <span class='ocr_line' id='line_1_46' title="bbox 503 3259 2092 3332; baseline -0.006 -12"><span class='ocrx_word' id='word_1_344' title='bbox 503 3280 660 3320; x_wconf 87' lang='lat' dir='ltr'><strong>sacro</strong></span> <span class='ocrx_word' id='word_1_345' title='bbox 711 3263 858 3318; x_wconf 82' lang='lat' dir='ltr'><strong>fonte</strong></span> <span class='ocrx_word' id='word_1_346' title='bbox 917 3264 968 3316; x_wconf 92' lang='lat' dir='ltr'><strong>in</strong></span> <span class='ocrx_word' id='word_1_347' title='bbox 1021 3271 1271 3332; x_wconf 91' lang='lat' dir='ltr'><strong>promptu</strong></span> <span class='ocrx_word' id='word_1_348' title='bbox 1319 3270 1486 3316; x_wconf 76' lang='lat' dir='ltr'><strong>essu.</strong></span> <span class='ocrx_word' id='word_1_349' title='bbox 1536 3259 1672 3315; x_wconf 79' lang='lat' dir='ltr'><strong>lliuc</strong></span> <span class='ocrx_word' id='word_1_350' title='bbox 1717 3260 1908 3314; x_wconf 84' lang='lat' dir='ltr'><strong>eodem</strong></span> <span class='ocrx_word' id='word_1_351' title='bbox 1949 3273 2092 3312; x_wconf 91' lang='lat' dir='ltr'><strong>anno</strong></span> 
     </span>
    </p>
   </div>
   <div class='ocr_carea' id='block_1_47' title="bbox 504 3349 2092 3422">
    <p class='ocr_par' dir='ltr' id='par_1_47' title="bbox 504 3349 2092 3422">
     <span class='ocr_line' id='line_1_47' title="bbox 504 3349 2092 3422; baseline -0.004 -11"><span class='ocrx_word' id='word_1_352' title='bbox 504 3358 670 3412; x_wconf 84' lang='lat' dir='ltr'><strong>fontis</strong></span> <span class='ocrx_word' id='word_1_353' title='bbox 698 3355 1002 3411; x_wconf 88' lang='lat' dir='ltr'><strong>benedictio</strong></span> <span class='ocrx_word' id='word_1_354' title='bbox 1027 3352 1222 3419; x_wconf 81' lang='lat' dir='ltr'><strong>defuit,</strong></span> <span class='ocrx_word' id='word_1_355' title='bbox 1251 3352 1513 3422; x_wconf 71' lang='lat' dir='ltr'><strong>multique</strong></span> <span class='ocrx_word' id='word_1_356' title='bbox 1546 3360 1830 3422; x_wconf 91' lang='lat' dir='ltr'><strong>propterea</strong></span> <span class='ocrx_word' id='word_1_357' title='bbox 1859 3349 2092 3405; x_wconf 88' lang='lat' dir='ltr'><strong>infantes</strong></span> 
     </span>
    </p>
   </div>
   <div class='ocr_carea' id='block_1_48' title="bbox 507 3442 2093 3518">
    <p class='ocr_par' dir='ltr' id='par_1_48' title="bbox 507 3442 2093 3518">
     <span class='ocr_line' id='line_1_48' title="bbox 507 3442 2093 3518; baseline -0.006 -15"><span class='ocrx_word' id='word_1_358' title='bbox 507 3447 625 3503; x_wconf 73' lang='lat' dir='ltr'><strong>sine</strong></span> <span class='ocrx_word' id='word_1_359' title='bbox 647 3447 971 3518; x_wconf 89' lang='lat' dir='ltr'><strong>baptismate</strong></span> <span class='ocrx_word' id='word_1_360' title='bbox 996 3444 1267 3499; x_wconf 85' lang='lat' dir='ltr'><strong>obierunt.</strong></span> <span class='ocrx_word' id='word_1_361' title='bbox 1292 3442 1443 3498; x_wconf 78' lang='lat' dir='ltr'><strong>Hanc</strong></span> <span class='ocrx_word' id='word_1_362' title='bbox 1468 3443 1668 3496; x_wconf 74' lang='lat' dir='ltr'><strong>cladem</strong></span> <span class='ocrx_word' id='word_1_363' title='bbox 1695 3442 1977 3511; x_wconf 73' lang='lat' dir='ltr'><strong>infantium</strong></span> <span class='ocrx_word' id='word_1_364' title='bbox 2002 3455 2093 3510; x_wconf 42' lang='lat' dir='ltr'><strong>apd</strong></span> 
     </span>
    </p>
   </div>
   <div class='ocr_carea' id='block_1_49' title="bbox 504 3529 2094 3607">
    <p class='ocr_par' dir='ltr' id='par_1_49' title="bbox 504 3529 2094 3607">
     <span class='ocr_line' id='line_1_49' title="bbox 504 3529 2094 3607; baseline -0.005 -17"><span class='ocrx_word' id='word_1_365' title='bbox 504 3536 696 3607; x_wconf 70' lang='lat' dir='ltr'><strong>pellat,</strong></span> <span class='ocrx_word' id='word_1_366' title='bbox 737 3551 842 3604; x_wconf 91' lang='lat' dir='ltr'><strong>qua</strong></span> <span class='ocrx_word' id='word_1_367' title='bbox 886 3550 1010 3589; x_wconf 91' lang='lat' dir='ltr'><strong>cum</strong></span> <span class='ocrx_word' id='word_1_368' title='bbox 1067 3550 1084 3584; x_wconf 85' lang='grc' dir='ltr'><strong>ι</strong></span> <span class='ocrx_word' id='word_1_369' title='bbox 1125 3532 1440 3586; x_wconf 75' lang='lat' dir='ltr'><strong>innumeros</strong></span> <span class='ocrx_word' id='word_1_370' title='bbox 1478 3529 1616 3585; x_wconf 88' lang='lat' dir='ltr'><strong>ﬁlios</strong></span> <span class='ocrx_word' id='word_1_371' title='bbox 1663 3529 1825 3584; x_wconf 90' lang='lat' dir='ltr'><strong>morti</strong></span> <span class='ocrx_word' id='word_1_372' title='bbox 1875 3538 2094 3583; x_wconf 66' lang='lat' dir='ltr'><strong>azternie</strong></span> 
     </span>
    </p>
   </div>
   <div class='ocr_carea' id='block_1_50' title="bbox 505 3621 2092 3696">
    <p class='ocr_par' dir='ltr' id='par_1_50' title="bbox 505 3621 2092 3696">
     <span class='ocr_line' id='line_1_50' title="bbox 505 3621 2092 3696; baseline -0.007 -9"><span class='ocrx_word' id='word_1_373' title='bbox 505 3630 859 3687; x_wconf 68' lang='lat' dir='ltr'><strong>transmissos</strong></span> <span class='ocrx_word' id='word_1_374' title='bbox 897 3648 915 3681; x_wconf 77' lang='grc' dir='ltr'><strong>ι</strong></span> <span class='ocrx_word' id='word_1_375' title='bbox 951 3627 1203 3692; x_wconf 85' lang='lat' dir='ltr'><strong>allirmat,</strong></span> <span class='ocrx_word' id='word_1_376' title='bbox 1241 3625 1415 3682; x_wconf 89' lang='lat' dir='ltr'><strong>sancti</strong></span> <span class='ocrx_word' id='word_1_377' title='bbox 1462 3623 1748 3696; x_wconf 85' lang='lat' dir='ltr'><strong>Augustini</strong></span> <span class='ocrx_word' id='word_1_378' title='bbox 1777 3632 1834 3677; x_wconf 92' lang='lat' dir='ltr'><strong>et</strong></span> <span class='ocrx_word' id='word_1_379' title='bbox 1861 3621 2092 3677; x_wconf 90' lang='lat' dir='ltr'><strong>aliorum</strong></span> 
     </span>
    </p>
   </div>
   <div class='ocr_carea' id='block_1_51' title="bbox 504 3713 1707 3795">
    <p class='ocr_par' dir='ltr' id='par_1_51' title="bbox 504 3713 1707 3795">
     <span class='ocr_line' id='line_1_51' title="bbox 504 3713 1707 3795; baseline -0.009 -18"><span class='ocrx_word' id='word_1_380' title='bbox 504 3723 730 3795; x_wconf 58' lang='lat' dir='ltr'><strong>ratrum</strong></span> <span class='ocrx_word' id='word_1_381' title='bbox 757 3718 1082 3773; x_wconf 81' lang='lat' dir='ltr'><strong>sententiam</strong></span> <span class='ocrx_word' id='word_1_382' title='bbox 1121 3725 1339 3771; x_wconf 88' lang='lat' dir='ltr'><strong>secutus</strong></span> <span class='ocrx_word' id='word_1_383' title='bbox 1374 3713 1707 3784; x_wconf 83' lang='lat' dir='ltr'><strong>agnoscitur.</strong></span> 
     </span>
    </p>
   </div>
   <div class='ocr_carea' id='block_1_52' title="bbox 579 3804 2093 3879">
    <p class='ocr_par' dir='ltr' id='par_1_52' title="bbox 579 3804 2093 3879">
     <span class='ocr_line' id='line_1_52' title="bbox 579 3804 2093 3879; baseline -0.007 -12"><span class='ocrx_word' id='word_1_384' title='bbox 579 3813 672 3867; x_wconf 72' lang='lat'><strong>25.</strong></span> <span class='ocrx_word' id='word_1_385' title='bbox 697 3812 754 3864; x_wconf 90' lang='lat' dir='ltr'><strong>In</strong></span> <span class='ocrx_word' id='word_1_386' title='bbox 785 3809 1034 3879; x_wconf 83' lang='lat' dir='ltr'><strong>Papiensi</strong></span> <span class='ocrx_word' id='word_1_387' title='bbox 1059 3822 1282 3862; x_wconf 87' lang='lat' dir='ltr'><strong>carcere</strong></span> <span class='ocrx_word' id='word_1_388' title='bbox 1313 3805 1553 3860; x_wconf 74' lang='lat' dir='ltr'><strong>externis</strong></span> <span class='ocrx_word' id='word_1_389' title='bbox 1581 3805 1728 3859; x_wconf 90' lang='lat' dir='ltr'><strong>curis</strong></span> <span class='ocrx_word' id='word_1_390' title='bbox 1750 3819 1976 3870; x_wconf 86' lang='lat' dir='ltr'><strong>vacuus,</strong></span> <span class='ocrx_word' id='word_1_391' title='bbox 2012 3804 2093 3858; x_wconf 89' lang='lat' dir='ltr'><strong>in-</strong></span> 
     </span>
    </p>
   </div>
   <div class='ocr_carea' id='block_1_53' title="bbox 508 3893 2093 3972">
    <p class='ocr_par' dir='ltr' id='par_1_53' title="bbox 508 3893 2093 3972">
     <span class='ocr_line' id='line_1_53' title="bbox 508 3893 2093 3972; baseline -0.008 -15"><span class='ocrx_word' id='word_1_392' title='bbox 508 3904 661 3972; x_wconf 66' lang='lat' dir='ltr'><strong>signe</strong></span> <span class='ocrx_word' id='word_1_393' title='bbox 685 3915 824 3970; x_wconf 77' lang='lat' dir='ltr'><strong>opus</strong></span> <span class='ocrx_word' id='word_1_394' title='bbox 848 3895 1272 3967; x_wconf 70' lang='lat' dir='ltr'><strong>Prmloquiorum</strong></span> <span class='ocrx_word' id='word_1_395' title='bbox 1303 3894 1355 3948; x_wconf 90' lang='lat' dir='ltr'><strong>in</strong></span> <span class='ocrx_word' id='word_1_396' title='bbox 1409 3909 1501 3948; x_wconf 92' lang='lat' dir='ltr'><strong>sex</strong></span> <span class='ocrx_word' id='word_1_397' title='bbox 1554 3893 1720 3948; x_wconf 91' lang='lat' dir='ltr'><strong>libros</strong></span> <span class='ocrx_word' id='word_1_398' title='bbox 1749 3893 2093 3948; x_wconf 88' lang='lat' dir='ltr'><strong>distributum</strong></span> 
     </span>
    </p>
   </div>
   <div class='ocr_carea' id='block_1_54' title="bbox 511 3984 2096 4063">
    <p class='ocr_par' dir='ltr' id='par_1_54' title="bbox 511 3984 2096 4063">
     <span class='ocr_line' id='line_1_54' title="bbox 511 3984 2096 4063; baseline -0.006 -17"><span class='ocrx_word' id='word_1_399' title='bbox 511 4011 529 4045; x_wconf 77' lang='grc' dir='ltr'><strong>ι</strong></span> <span class='ocrx_word' id='word_1_400' title='bbox 546 3991 834 4063; x_wconf 74' lang='lat' dir='ltr'><strong>oxiiposuit,</strong></span> <span class='ocrx_word' id='word_1_401' title='bbox 867 4004 973 4059; x_wconf 93' lang='lat' dir='ltr'><strong>quo</strong></span> <span class='ocrx_word' id='word_1_402' title='bbox 993 3988 1236 4042; x_wconf 87' lang='lat' dir='ltr'><strong>omniurn</strong></span> <span class='ocrx_word' id='word_1_403' title='bbox 1263 3984 1520 4056; x_wconf 90' lang='lat' dir='ltr'><strong>cujusque</strong></span> <span class='ocrx_word' id='word_1_404' title='bbox 1540 3985 1737 4050; x_wconf 70' lang='lat' dir='ltr'><strong>anatis,</strong></span> <span class='ocrx_word' id='word_1_405' title='bbox 1764 4000 1943 4048; x_wconf 81' lang='lat' dir='ltr'><strong>sexus,</strong></span> <span class='ocrx_word' id='word_1_406' title='bbox 1967 3999 2096 4038; x_wconf 87' lang='lat' dir='ltr'><strong>con-</strong></span> 
     </span>
    </p>
   </div>
   <div class='ocr_carea' id='block_1_55' title="bbox 514 4074 2096 4145">
    <p class='ocr_par' dir='ltr' id='par_1_55' title="bbox 514 4074 2096 4145">
     <span class='ocr_line' id='line_1_55' title="bbox 514 4074 2096 4145; baseline -0.004 -9"><span class='ocrx_word' id='word_1_407' title='bbox 514 4082 732 4136; x_wconf 88' lang='lat' dir='ltr'><strong>ditionis</strong></span> <span class='ocrx_word' id='word_1_408' title='bbox 756 4089 810 4135; x_wconf 92' lang='lat' dir='ltr'><strong>et</strong></span> <span class='ocrx_word' id='word_1_409' title='bbox 853 4079 1058 4135; x_wconf 87' lang='lat' dir='ltr'><strong>ordinis</strong></span> <span class='ocrx_word' id='word_1_410' title='bbox 1088 4077 1364 4131; x_wconf 92' lang='lat' dir='ltr'><strong>hominum</strong></span> <span class='ocrx_word' id='word_1_411' title='bbox 1390 4075 1560 4130; x_wconf 79' lang='lat' dir='ltr'><strong>cilicia</strong></span> <span class='ocrx_word' id='word_1_412' title='bbox 1590 4074 1857 4145; x_wconf 82' lang='lat' dir='ltr'><strong>explicat;</strong></span> <span class='ocrx_word' id='word_1_413' title='bbox 1889 4084 1944 4129; x_wconf 89' lang='lat' dir='ltr'><strong>et</strong></span> <span class='ocrx_word' id='word_1_414' title='bbox 1967 4075 2096 4130; x_wconf 70' lang='lat' dir='ltr'><strong>vitia</strong></span> 
     </span>
    </p>
   </div>
   <div class='ocr_carea' id='block_1_56' title="bbox 513 4165 2093 4244">
    <p class='ocr_par' dir='ltr' id='par_1_56' title="bbox 513 4165 2093 4244">
     <span class='ocr_line' id='line_1_56' title="bbox 513 4165 2093 4244; baseline -0.003 -20"><span class='ocrx_word' id='word_1_415' title='bbox 513 4183 675 4242; x_wconf 79' lang='lat' dir='ltr'><strong>atque</strong></span> <span class='ocrx_word' id='word_1_416' title='bbox 707 4171 906 4224; x_wconf 90' lang='lat' dir='ltr'><strong>abusus</strong></span> <span class='ocrx_word' id='word_1_417' title='bbox 933 4184 998 4224; x_wconf 91' lang='lat' dir='ltr'><strong>eo</strong></span> <span class='ocrx_word' id='word_1_418' title='bbox 1046 4179 1288 4236; x_wconf 87' lang='lat' dir='ltr'><strong>tempore</strong></span> <span class='ocrx_word' id='word_1_419' title='bbox 1319 4165 1711 4244; x_wconf 83' lang='lat' dir='ltr'><strong>invalescentes</strong></span> <span class='ocrx_word' id='word_1_420' title='bbox 1758 4168 2093 4238; x_wconf 82' lang='lat' dir='ltr'><strong>perstringit.</strong></span> 
     </span>
    </p>
   </div>
   <div class='ocr_carea' id='block_1_57' title="bbox 517 4258 2094 4330">
    <p class='ocr_par' dir='ltr' id='par_1_57' title="bbox 517 4258 2094 4330">
     <span class='ocr_line' id='line_1_57' title="bbox 517 4258 2094 4330; baseline -0.001 -15"><span class='ocrx_word' id='word_1_421' title='bbox 517 4262 886 4315; x_wconf 80' lang='lat' dir='ltr'><strong>Meditationes</strong></span> <span class='ocrx_word' id='word_1_422' title='bbox 932 4259 1103 4313; x_wconf 75' lang='lat' dir='ltr'><strong>cordis</strong></span> <span class='ocrx_word' id='word_1_423' title='bbox 1149 4269 1194 4312; x_wconf 80' lang='lat' dir='ltr'><strong>et</strong></span> <span class='ocrx_word' id='word_1_424' title='bbox 1224 4258 1560 4328; x_wconf 72' lang='lat' dir='ltr'><strong>Agonisticon</strong></span> <span class='ocrx_word' id='word_1_425' title='bbox 1605 4258 1768 4314; x_wconf 91' lang='lat' dir='ltr'><strong>etiam</strong></span> <span class='ocrx_word' id='word_1_426' title='bbox 1799 4259 2094 4330; x_wconf 80' lang='lat' dir='ltr'><strong>inscripsit,</strong></span> 
     </span>
    </p>
   </div>
   <div class='ocr_carea' id='block_1_58' title="bbox 513 4347 2094 4422">
    <p class='ocr_par' dir='ltr' id='par_1_58' title="bbox 513 4347 2094 4422">
     <span class='ocr_line' id='line_1_58' title="bbox 513 4347 2094 4422; baseline -0.001 -18"><span class='ocrx_word' id='word_1_427' title='bbox 513 4352 638 4422; x_wconf 84' lang='lat' dir='ltr'><strong>quia</strong></span> <span class='ocrx_word' id='word_1_428' title='bbox 675 4351 728 4404; x_wconf 91' lang='lat' dir='ltr'><strong>hi</strong></span> <span class='ocrx_word' id='word_1_429' title='bbox 753 4349 877 4404; x_wconf 86' lang='lat' dir='ltr'><strong>libri</strong></span> <span class='ocrx_word' id='word_1_430' title='bbox 907 4349 1088 4403; x_wconf 70' lang='lat' dir='ltr'><strong>multa:</strong></span> <span class='ocrx_word' id='word_1_431' title='bbox 1117 4347 1488 4403; x_wconf 86' lang='lat' dir='ltr'><strong>meditationis</strong></span> <span class='ocrx_word' id='word_1_432' title='bbox 1519 4348 1802 4402; x_wconf 84' lang='lat' dir='ltr'><strong>materiam</strong></span> <span class='ocrx_word' id='word_1_433' title='bbox 1832 4350 2094 4418; x_wconf 69' lang='lat' dir='ltr'><strong>prtcbent,</strong></span> 
     </span>
    </p>
   </div>
   <div class='ocr_carea' id='block_1_59' title="bbox 513 4438 2096 4498">
    <p class='ocr_par' dir='ltr' id='par_1_59' title="bbox 513 4438 2096 4498">
     <span class='ocr_line' id='line_1_59' title="bbox 513 4438 2096 4498; baseline -0.003 -1"><span class='ocrx_word' id='word_1_434' title='bbox 513 4451 570 4498; x_wconf 90' lang='lat' dir='ltr'><strong>et</strong></span> <span class='ocrx_word' id='word_1_435' title='bbox 609 4439 974 4496; x_wconf 89' lang='lat' dir='ltr'><strong>Christianum</strong></span> <span class='ocrx_word' id='word_1_436' title='bbox 1023 4439 1298 4496; x_wconf 89' lang='lat' dir='ltr'><strong>hominem</strong></span> <span class='ocrx_word' id='word_1_437' title='bbox 1349 4438 1512 4493; x_wconf 85' lang='lat' dir='ltr'><strong>veluti</strong></span> <span class='ocrx_word' id='word_1_438' title='bbox 1565 4439 1824 4493; x_wconf 86' lang='lat' dir='ltr'><strong>athletam</strong></span> <span class='ocrx_word' id='word_1_439' title='bbox 1863 4442 1929 4492; x_wconf 87' lang='lat' dir='ltr'><strong>ad</strong></span> <span class='ocrx_word' id='word_1_440' title='bbox 1977 4456 2096 4495; x_wconf 88' lang='lat' dir='ltr'><strong>cer-</strong></span> 
     </span>
    </p>
   </div>
   <div class='ocr_carea' id='block_1_60' title="bbox 514 4497 2180 4601">
    <p class='ocr_par' dir='ltr' id='par_1_60' title="bbox 514 4497 2180 4601">
     <span class='ocr_line' id='line_1_60' title="bbox 514 4497 2180 4601; baseline -0.002 -13"><span class='ocrx_word' id='word_1_441' title='bbox 514 4547 697 4590; x_wconf 87' lang='lat' dir='ltr'><strong>tamen</strong></span> <span class='ocrx_word' id='word_1_442' title='bbox 719 4533 1030 4588; x_wconf 91' lang='lat' dir='ltr'><strong>informant.</strong></span> <span class='ocrx_word' id='word_1_443' title='bbox 1056 4532 1155 4586; x_wconf 80' lang='lat' dir='ltr'><strong>llic</strong></span> <span class='ocrx_word' id='word_1_444' title='bbox 1184 4531 1465 4601; x_wconf 88' lang='lat' dir='ltr'><strong>Papiensis</strong></span> <span class='ocrx_word' id='word_1_445' title='bbox 1489 4532 1728 4586; x_wconf 89' lang='lat' dir='ltr'><strong>carceris</strong></span> <span class='ocrx_word' id='word_1_446' title='bbox 1751 4531 1957 4586; x_wconf 84' lang='lat' dir='ltr'><strong>fructus</strong></span> <span class='ocrx_word' id='word_1_447' title='bbox 1980 4531 2098 4584; x_wconf 88' lang='lat' dir='ltr'><strong>fuit.</strong></span> <span class='ocrx_word' id='word_1_448' title='bbox 2131 4497 2180 4556; x_wconf 72' lang='grc' dir='ltr'>υ</span> 
     </span>
    </p>
   </div>
   <div class='ocr_carea' id='block_1_61' title="bbox 513 4620 2104 4693">
    <p class='ocr_par' dir='ltr' id='par_1_61' title="bbox 513 4620 2104 4693">
     <span class='ocr_line' id='line_1_61' title="bbox 513 4620 2104 4693; baseline -0.004 -14"><span class='ocrx_word' id='word_1_449' title='bbox 513 4625 631 4679; x_wconf 90' lang='lat' dir='ltr'><strong>Duo</strong></span> <span class='ocrx_word' id='word_1_450' title='bbox 658 4624 866 4693; x_wconf 88' lang='lat' dir='ltr'><strong>priores</strong></span> <span class='ocrx_word' id='word_1_451' title='bbox 895 4621 1017 4675; x_wconf 91' lang='lat' dir='ltr'><strong>libri</strong></span> <span class='ocrx_word' id='word_1_452' title='bbox 1065 4621 1327 4692; x_wconf 87' lang='lat' dir='ltr'><strong>cujusque</strong></span> <span class='ocrx_word' id='word_1_453' title='bbox 1358 4620 1476 4692; x_wconf 77' lang='grc' dir='ltr'>[ιιι]</span> <span class='ocrx_word' id='word_1_454' title='bbox 1527 4621 1760 4675; x_wconf 89' lang='lat' dir='ltr'><strong>hominis</strong></span> <span class='ocrx_word' id='word_1_455' title='bbox 1800 4621 1992 4690; x_wconf 86' lang='lat' dir='ltr'><strong>privati</strong></span> <span class='ocrx_word' id='word_1_456' title='bbox 2024 4620 2104 4674; x_wconf 85' lang='lat' dir='ltr'><strong>iu-</strong></span> 
     </span>
    </p>
   </div>
   <div class='ocr_carea' id='block_1_62' title="bbox 431 4713 2101 4783">
    <p class='ocr_par' dir='ltr' id='par_1_62' title="bbox 431 4713 2101 4783">
     <span class='ocr_line' id='line_1_62' title="bbox 431 4713 2101 4783; baseline -0.005 -11"><span class='ocrx_word' id='word_1_457' title='bbox 431 4715 436 4750; x_wconf 65' lang='grc' dir='ltr'><strong>λ</strong></span> <span class='ocrx_word' id='word_1_458' title='bbox 517 4717 827 4772; x_wconf 83' lang='lat' dir='ltr'><strong>stitutiones</strong></span> <span class='ocrx_word' id='word_1_459' title='bbox 856 4715 1155 4770; x_wconf 88' lang='lat' dir='ltr'><strong>continent.</strong></span> <span class='ocrx_word' id='word_1_460' title='bbox 1206 4713 1424 4768; x_wconf 83' lang='lat' dir='ltr'><strong>Tertius</strong></span> <span class='ocrx_word' id='word_1_461' title='bbox 1473 4721 1524 4767; x_wconf 90' lang='lat' dir='ltr'><strong>ct</strong></span> <span class='ocrx_word' id='word_1_462' title='bbox 1551 4722 1776 4782; x_wconf 89' lang='lat' dir='ltr'><strong>quartus</strong></span> <span class='ocrx_word' id='word_1_463' title='bbox 1803 4713 2101 4783; x_wconf 89' lang='lat' dir='ltr'><strong>principem</strong></span> 
     </span>
    </p>
   </div>
   <div class='ocr_carea' id='block_1_63' title="bbox 517 4804 2103 4876">
    <p class='ocr_par' dir='ltr' id='par_1_63' title="bbox 517 4804 2103 4876">
     <span class='ocr_line' id='line_1_63' title="bbox 517 4804 2103 4876; baseline -0.005 -12"><span class='ocrx_word' id='word_1_464' title='bbox 517 4811 793 4864; x_wconf 88' lang='lat' dir='ltr'><strong>instruunt</strong></span> <span class='ocrx_word' id='word_1_465' title='bbox 838 4824 852 4872; x_wconf 89' lang='lat'><strong>;</strong></span> <span class='ocrx_word' id='word_1_466' title='bbox 907 4804 1296 4876; x_wconf 77' lang='lat' dir='ltr'><strong>explicatisque</strong></span> <span class='ocrx_word' id='word_1_467' title='bbox 1351 4805 1434 4869; x_wconf 91' lang='lat' dir='ltr'><strong>iis,</strong></span> <span class='ocrx_word' id='word_1_468' title='bbox 1480 4820 1599 4873; x_wconf 72' lang='lat' dir='ltr'><strong>qua:</strong></span> <span class='ocrx_word' id='word_1_469' title='bbox 1651 4805 1716 4857; x_wconf 87' lang='lat' dir='ltr'><strong>ad</strong></span> <span class='ocrx_word' id='word_1_470' title='bbox 1773 4804 1936 4857; x_wconf 90' lang='lat' dir='ltr'><strong>vitam</strong></span> <span class='ocrx_word' id='word_1_471' title='bbox 1986 4805 2103 4873; x_wconf 83' lang='lat' dir='ltr'><strong>ejus</strong></span> 
     </span>
    </p>
   </div>
   <div class='ocr_carea' id='block_1_64' title="bbox 517 4893 2102 4970">
    <p class='ocr_par' dir='ltr' id='par_1_64' title="bbox 517 4893 2102 4970">
     <span class='ocr_line' id='line_1_64' title="bbox 517 4893 2102 4970; baseline -0.004 -17"><span class='ocrx_word' id='word_1_472' title='bbox 517 4899 809 4970; x_wconf 86' lang='lat' dir='ltr'><strong>pertinent,</strong></span> <span class='ocrx_word' id='word_1_473' title='bbox 842 4911 1070 4966; x_wconf 68' lang='lat' dir='ltr'><strong>qumque</strong></span> <span class='ocrx_word' id='word_1_474' title='bbox 1091 4895 1318 4949; x_wconf 89' lang='lat' dir='ltr'><strong>subditis</strong></span> <span class='ocrx_word' id='word_1_475' title='bbox 1341 4909 1404 4948; x_wconf 91' lang='lat' dir='ltr'><strong>ac</strong></span> <span class='ocrx_word' id='word_1_476' title='bbox 1428 4893 1746 4962; x_wconf 91' lang='lat' dir='ltr'><strong>sibimetipsi</strong></span> <span class='ocrx_word' id='word_1_477' title='bbox 1772 4894 1839 4946; x_wconf 92' lang='lat' dir='ltr'><strong>ah</strong></span> <span class='ocrx_word' id='word_1_478' title='bbox 1875 4908 1940 4946; x_wconf 92' lang='lat' dir='ltr'><strong>eo</strong></span> <span class='ocrx_word' id='word_1_479' title='bbox 1968 4909 2102 4961; x_wconf 70' lang='lat' dir='ltr'><strong>prac-</strong></span> 
     </span>
    </p>
   </div>
   <div class='ocr_carea' id='block_1_65' title="bbox 521 4981 2103 5053">
    <p class='ocr_par' dir='ltr' id='par_1_65' title="bbox 521 4981 2103 5053">
     <span class='ocr_line' id='line_1_65' title="bbox 521 4981 2103 5053; baseline -0.002 -14"><span class='ocrx_word' id='word_1_480' title='bbox 521 4987 714 5040; x_wconf 87' lang='lat' dir='ltr'><strong>standa</strong></span> <span class='ocrx_word' id='word_1_481' title='bbox 746 4995 890 5049; x_wconf 91' lang='lat' dir='ltr'><strong>sunt,</strong></span> <span class='ocrx_word' id='word_1_482' title='bbox 918 4985 1006 5039; x_wconf 90' lang='lat' dir='ltr'><strong>illa</strong></span> <span class='ocrx_word' id='word_1_483' title='bbox 1036 4983 1207 5038; x_wconf 90' lang='lat' dir='ltr'><strong>fusius</strong></span> <span class='ocrx_word' id='word_1_484' title='bbox 1235 4993 1656 5053; x_wconf 90' lang='lat' dir='ltr'><strong>prosequuntur,</strong></span> <span class='ocrx_word' id='word_1_485' title='bbox 1685 4996 1804 5050; x_wconf 79' lang='lat' dir='ltr'><strong>qua:</strong></span> <span class='ocrx_word' id='word_1_486' title='bbox 1832 4982 1971 5037; x_wconf 90' lang='lat' dir='ltr'><strong>idem</strong></span> <span class='ocrx_word' id='word_1_487' title='bbox 2005 4981 2103 5036; x_wconf 88' lang='lat' dir='ltr'><strong>Ec-</strong></span> 
     </span>
    </p>
   </div>
   <div class='ocr_carea' id='block_1_66' title="bbox 521 5074 2106 5147">
    <p class='ocr_par' dir='ltr' id='par_1_66' title="bbox 521 5074 2106 5147">
     <span class='ocr_line' id='line_1_66' title="bbox 521 5074 2106 5147; baseline -0.003 -15"><span class='ocrx_word' id='word_1_488' title='bbox 521 5079 702 5133; x_wconf 80' lang='lat' dir='ltr'><strong>clesia:</strong></span> <span class='ocrx_word' id='word_1_489' title='bbox 753 5078 973 5147; x_wconf 85' lang='lat' dir='ltr'><strong>ejusque</strong></span> <span class='ocrx_word' id='word_1_490' title='bbox 1023 5077 1285 5132; x_wconf 90' lang='lat' dir='ltr'><strong>ministris</strong></span> <span class='ocrx_word' id='word_1_491' title='bbox 1338 5077 1517 5132; x_wconf 87' lang='lat' dir='ltr'><strong>debet.</strong></span> <span class='ocrx_word' id='word_1_492' title='bbox 1549 5074 1648 5129; x_wconf 87' lang='lat' dir='ltr'><strong>llic</strong></span> <span class='ocrx_word' id='word_1_493' title='bbox 1687 5075 1987 5146; x_wconf 72' lang='lat' dir='ltr'><strong>prarcipuus</strong></span> <span class='ocrx_word' id='word_1_494' title='bbox 2013 5089 2106 5128; x_wconf 85' lang='lat' dir='ltr'><strong>co-</strong></span> 
     </span>
    </p>
   </div>
   <div class='ocr_carea' id='block_1_67' title="bbox 523 5164 2106 5236">
    <p class='ocr_par' dir='ltr' id='par_1_67' title="bbox 523 5164 2106 5236">
     <span class='ocr_line' id='line_1_67' title="bbox 523 5164 2106 5236; baseline -0.003 -14"><span class='ocrx_word' id='word_1_495' title='bbox 523 5169 768 5223; x_wconf 88' lang='lat' dir='ltr'><strong>rumdem</strong></span> <span class='ocrx_word' id='word_1_496' title='bbox 800 5169 1057 5223; x_wconf 88' lang='lat' dir='ltr'><strong>librorum</strong></span> <span class='ocrx_word' id='word_1_497' title='bbox 1095 5181 1290 5236; x_wconf 84' lang='lat' dir='ltr'><strong>secpus</strong></span> <span class='ocrx_word' id='word_1_498' title='bbox 1331 5165 1562 5221; x_wconf 90' lang='lat' dir='ltr'><strong>videtur.</strong></span> <span class='ocrx_word' id='word_1_499' title='bbox 1605 5164 1785 5219; x_wconf 81' lang='lat' dir='ltr'><strong>Multis</strong></span> <span class='ocrx_word' id='word_1_500' title='bbox 1826 5174 2014 5220; x_wconf 91' lang='lat' dir='ltr'><strong>auctor</strong></span> <span class='ocrx_word' id='word_1_501' title='bbox 2041 5165 2106 5219; x_wconf 73' lang='lat' dir='ltr'><strong>de</strong></span> 
     </span>
    </p>
   </div>
   <div class='ocr_carea' id='block_1_68' title="bbox 529 5253 1606 5288">
    <p class='ocr_par' dir='ltr' id='par_1_68' title="bbox 529 5253 1606 5288">
     <span class='ocr_line' id='line_1_68' title="bbox 529 5253 1606 5288; baseline 0.002 -2"><span class='ocrx_word' id='word_1_502' title='bbox 529 5257 734 5288; x_wconf 64' lang='grc' dir='ltr'>ισιιηινιηο</span> <span class='ocrx_word' id='word_1_503' title='bbox 795 5257 1152 5288; x_wconf 64' lang='grc' dir='ltr'><strong>ειΛΙΛρισιιῖινιηο</strong></span> <span class='ocrx_word' id='word_1_504' title='bbox 1216 5256 1427 5288; x_wconf 62' lang='lat' dir='ltr'><strong>(“aen-nil</strong></span> <span class='ocrx_word' id='word_1_505' title='bbox 1507 5253 1606 5288; x_wconf 70' lang='grc' dir='ltr'><strong>ΙῘΙιῖ</strong></span> 
     </span>
    </p>
   </div>
   <div class='ocr_carea' id='block_1_69' title="bbox 795 5255 2106 5290">
    <p class='ocr_par' dir='ltr' id='par_1_69' title="bbox 795 5255 2106 5290">
     <span class='ocr_line' id='line_1_69' title="bbox 795 5255 2106 5290; baseline 0.001 -2"><span class='ocrx_word' id='word_1_506' title='bbox 795 5257 1152 5288; x_wconf 64' lang='grc' dir='ltr'><strong>ειΛΙΛρισιιῖινιηο</strong></span> <span class='ocrx_word' id='word_1_507' title='bbox 1216 5256 1427 5288; x_wconf 62' lang='lat' dir='ltr'><strong>(“aen-nil</strong></span> <span class='ocrx_word' id='word_1_508' title='bbox 1507 5255 1606 5288; x_wconf 72' lang='grc' dir='ltr'><strong>ῘῘΙιῖ</strong></span> <span class='ocrx_word' id='word_1_509' title='bbox 1665 5264 1844 5288; x_wconf 72' lang='lat' dir='ltr'><strong>onlnnl</strong></span> <span class='ocrx_word' id='word_1_510' title='bbox 1895 5255 2106 5290; x_wconf 62' lang='grc' dir='ltr'><strong>οηῖρρη.</strong></span> 
     </span>
    </p>
   </div>
   <div class='ocr_carea' id='block_1_70' title="bbox 2180 1881 3773 1953">
    <p class='ocr_par' dir='ltr' id='par_1_70' title="bbox 2180 1881 3773 1953">
     <span class='ocr_line' id='line_1_70' title="bbox 2180 1881 3773 1953; baseline 0.003 -18"><span class='ocrx_word' id='word_1_511' title='bbox 2180 1897 2283 1936; x_wconf 87' lang='lat' dir='ltr'><strong>nec</strong></span> <span class='ocrx_word' id='word_1_512' title='bbox 2321 1881 2531 1935; x_wconf 87' lang='lat' dir='ltr'><strong>modice</strong></span> <span class='ocrx_word' id='word_1_513' title='bbox 2560 1881 2789 1935; x_wconf 89' lang='lat' dir='ltr'><strong>eruditis</strong></span> <span class='ocrx_word' id='word_1_514' title='bbox 2817 1882 3102 1951; x_wconf 91' lang='lat' dir='ltr'><strong>episcopis,</strong></span> <span class='ocrx_word' id='word_1_515' title='bbox 3139 1897 3302 1938; x_wconf 90' lang='lat' dir='ltr'><strong>ausus</strong></span> <span class='ocrx_word' id='word_1_516' title='bbox 3331 1895 3414 1938; x_wconf 85' lang='lat' dir='ltr'><strong>est</strong></span> <span class='ocrx_word' id='word_1_517' title='bbox 3439 1885 3592 1950; x_wconf 80' lang='lat' dir='ltr'><strong>illud,</strong></span> <span class='ocrx_word' id='word_1_518' title='bbox 3623 1887 3773 1953; x_wconf 88' lang='lat' dir='ltr'><strong>quod</strong></span> 
     </span>
    </p>
   </div>
   <div class='ocr_carea' id='block_1_71' title="bbox 2182 1972 3772 2042">
    <p class='ocr_par' dir='ltr' id='par_1_71' title="bbox 2182 1972 3772 2042">
     <span class='ocr_line' id='line_1_71' title="bbox 2182 1972 3772 2042; baseline 0.003 -16"><span class='ocrx_word' id='word_1_519' title='bbox 2182 1974 2396 2027; x_wconf 89' lang='lat' dir='ltr'><strong>canitur</strong></span> <span class='ocrx_word' id='word_1_520' title='bbox 2439 1974 2494 2026; x_wconf 87' lang='lat' dir='ltr'><strong>in</strong></span> <span class='ocrx_word' id='word_1_521' title='bbox 2545 1972 2805 2036; x_wconf 83' lang='lat' dir='ltr'><strong>Ecclesia,</strong></span> <span class='ocrx_word' id='word_1_522' title='bbox 2859 1974 3163 2042; x_wconf 87' lang='lat' dir='ltr'><strong>improbare</strong></span> <span class='ocrx_word' id='word_1_523' title='bbox 3197 2015 3211 2040; x_wconf 92' lang='lat'><strong>,</strong></span> <span class='ocrx_word' id='word_1_524' title='bbox 3249 1975 3501 2029; x_wconf 83' lang='lat' dir='ltr'><strong>videlicet</strong></span> <span class='ocrx_word' id='word_1_525' title='bbox 3552 1987 3772 2032; x_wconf 92' lang='lat' dir='ltr'><strong>sanctos</strong></span> 
     </span>
    </p>
   </div>
   <div class='ocr_carea' id='block_1_72' title="bbox 2181 2062 3771 2135">
    <p class='ocr_par' dir='ltr' id='par_1_72' title="bbox 2181 2062 3771 2135">
     <span class='ocr_line' id='line_1_72' title="bbox 2181 2062 3771 2135; baseline 0.002 -17"><span class='ocrx_word' id='word_1_526' title='bbox 2181 2079 2372 2118; x_wconf 89' lang='lat' dir='ltr'><strong>omnes</strong></span> <span class='ocrx_word' id='word_1_527' title='bbox 2397 2079 2519 2118; x_wconf 86' lang='lat' dir='ltr'><strong>cum</strong></span> <span class='ocrx_word' id='word_1_528' title='bbox 2546 2062 2764 2118; x_wconf 86' lang='lat' dir='ltr'><strong>Christo</strong></span> <span class='ocrx_word' id='word_1_529' title='bbox 2788 2064 2841 2116; x_wconf 92' lang='lat' dir='ltr'><strong>in</strong></span> <span class='ocrx_word' id='word_1_530' title='bbox 2863 2073 3124 2117; x_wconf 66' lang='lat' dir='ltr'><strong>internum</strong></span> <span class='ocrx_word' id='word_1_531' title='bbox 3157 2074 3477 2135; x_wconf 85' lang='lat' dir='ltr'><strong>regnaturos</strong></span> <span class='ocrx_word' id='word_1_532' title='bbox 3506 2066 3641 2132; x_wconf 79' lang='lat' dir='ltr'><strong>fore,</strong></span> <span class='ocrx_word' id='word_1_533' title='bbox 3677 2083 3771 2121; x_wconf 78' lang='lat' dir='ltr'><strong>as-</strong></span> 
     </span>
    </p>
   </div>
   <div class='ocr_carea' id='block_1_73' title="bbox 2182 2155 3774 2231">
    <p class='ocr_par' dir='ltr' id='par_1_73' title="bbox 2182 2155 3774 2231">
     <span class='ocr_line' id='line_1_73' title="bbox 2182 2155 3774 2231; baseline 0.004 -21"><span class='ocrx_word' id='word_1_534' title='bbox 2182 2171 2372 2211; x_wconf 87' lang='lat' dir='ltr'><strong>serens</strong></span> <span class='ocrx_word' id='word_1_535' title='bbox 2401 2172 2500 2211; x_wconf 91' lang='lat' dir='ltr'><strong>nec</strong></span> <span class='ocrx_word' id='word_1_536' title='bbox 2528 2155 2838 2221; x_wconf 92' lang='lat' dir='ltr'><strong>dicendum,</strong></span> <span class='ocrx_word' id='word_1_537' title='bbox 2861 2172 2959 2211; x_wconf 90' lang='lat' dir='ltr'><strong>nec</strong></span> <span class='ocrx_word' id='word_1_538' title='bbox 2991 2157 3342 2222; x_wconf 79' lang='lat' dir='ltr'><strong>credendum,</strong></span> <span class='ocrx_word' id='word_1_539' title='bbox 3371 2159 3604 2229; x_wconf 77' lang='lat' dir='ltr'><strong>aliquem</strong></span> <span class='ocrx_word' id='word_1_540' title='bbox 3627 2175 3774 2231; x_wconf 66' lang='lat' dir='ltr'><strong>prae-</strong></span> 
     </span>
    </p>
   </div>
   <div class='ocr_carea' id='block_1_74' title="bbox 2184 2247 3778 2319">
    <p class='ocr_par' dir='ltr' id='par_1_74' title="bbox 2184 2247 3778 2319">
     <span class='ocr_line' id='line_1_74' title="bbox 2184 2247 3778 2319; baseline 0.004 -19"><span class='ocrx_word' id='word_1_541' title='bbox 2184 2254 2267 2301; x_wconf 89' lang='lat' dir='ltr'><strong>ter</strong></span> <span class='ocrx_word' id='word_1_542' title='bbox 2296 2247 2461 2301; x_wconf 88' lang='lat' dir='ltr'><strong>Deum</strong></span> <span class='ocrx_word' id='word_1_543' title='bbox 2493 2247 2546 2302; x_wconf 91' lang='lat' dir='ltr'><strong>in</strong></span> <span class='ocrx_word' id='word_1_544' title='bbox 2573 2255 2836 2302; x_wconf 65' lang='lat' dir='ltr'><strong>internum</strong></span> <span class='ocrx_word' id='word_1_545' title='bbox 2864 2263 3115 2319; x_wconf 88' lang='lat' dir='ltr'><strong>regnare,</strong></span> <span class='ocrx_word' id='word_1_546' title='bbox 3136 2249 3230 2303; x_wconf 86' lang='lat' dir='ltr'><strong>sed</strong></span> <span class='ocrx_word' id='word_1_547' title='bbox 3253 2248 3528 2304; x_wconf 79' lang='lat' dir='ltr'><strong>fatendum</strong></span> <span class='ocrx_word' id='word_1_548' title='bbox 3552 2261 3778 2306; x_wconf 87' lang='lat' dir='ltr'><strong>sanctos</strong></span> 
     </span>
    </p>
   </div>
   <div class='ocr_carea' id='block_1_75' title="bbox 2185 2340 3777 2412">
    <p class='ocr_par' dir='ltr' id='par_1_75' title="bbox 2185 2340 3777 2412">
     <span class='ocr_line' id='line_1_75' title="bbox 2185 2340 3777 2412; baseline 0.003 -18"><span class='ocrx_word' id='word_1_549' title='bbox 2185 2341 2558 2396; x_wconf 89' lang='lat' dir='ltr'><strong>tantummodo</strong></span> <span class='ocrx_word' id='word_1_550' title='bbox 2588 2355 2710 2395; x_wconf 90' lang='lat' dir='ltr'><strong>cum</strong></span> <span class='ocrx_word' id='word_1_551' title='bbox 2740 2340 2828 2395; x_wconf 91' lang='lat' dir='ltr'><strong>illo</strong></span> <span class='ocrx_word' id='word_1_552' title='bbox 2855 2342 3111 2412; x_wconf 83' lang='lat' dir='ltr'><strong>gaudere.</strong></span> <span class='ocrx_word' id='word_1_553' title='bbox 3152 2341 3208 2395; x_wconf 85' lang='grc' dir='ltr'><strong>ιιι</strong></span> <span class='ocrx_word' id='word_1_554' title='bbox 3236 2357 3344 2412; x_wconf 88' lang='lat' dir='ltr'><strong>quo</strong></span> <span class='ocrx_word' id='word_1_555' title='bbox 3385 2351 3594 2397; x_wconf 87' lang='lat' dir='ltr'><strong>tantum</strong></span> <span class='ocrx_word' id='word_1_556' title='bbox 3638 2343 3777 2398; x_wconf 74' lang='lat' dir='ltr'><strong>infe-</strong></span> 
     </span>
    </p>
   </div>
   <div class='ocr_carea' id='block_1_76' title="bbox 2184 2431 3778 2505">
    <p class='ocr_par' dir='ltr' id='par_1_76' title="bbox 2184 2431 3778 2505">
     <span class='ocr_line' id='line_1_76' title="bbox 2184 2431 3778 2505; baseline 0.001 -19"><span class='ocrx_word' id='word_1_557' title='bbox 2184 2432 2361 2487; x_wconf 90' lang='lat' dir='ltr'><strong>liciter</strong></span> <span class='ocrx_word' id='word_1_558' title='bbox 2390 2432 2682 2498; x_wconf 88' lang='lat' dir='ltr'><strong>convaluit,</strong></span> <span class='ocrx_word' id='word_1_559' title='bbox 2733 2441 2791 2487; x_wconf 93' lang='grc' dir='ltr'><strong>ιιι</strong></span> <span class='ocrx_word' id='word_1_560' title='bbox 2843 2432 3040 2500; x_wconf 89' lang='lat' dir='ltr'><strong>ipsum,</strong></span> <span class='ocrx_word' id='word_1_561' title='bbox 3076 2448 3174 2502; x_wconf 89' lang='lat' dir='ltr'><strong>pro</strong></span> <span class='ocrx_word' id='word_1_562' title='bbox 3222 2448 3330 2502; x_wconf 90' lang='lat' dir='ltr'><strong>quo</strong></span> <span class='ocrx_word' id='word_1_563' title='bbox 3370 2441 3539 2486; x_wconf 86' lang='lat' dir='ltr'><strong>totum</strong></span> <span class='ocrx_word' id='word_1_564' title='bbox 3595 2431 3778 2505; x_wconf 59' lang='lat' dir='ltr'><strong>[Forte</strong></span> 
     </span>
    </p>
   </div>
   <div class='ocr_carea' id='block_1_77' title="bbox 2187 2520 3781 2594">
    <p class='ocr_par' dir='ltr' id='par_1_77' title="bbox 2187 2520 3781 2594">
     <span class='ocr_line' id='line_1_77' title="bbox 2187 2520 3781 2594; baseline 0 -17"><span class='ocrx_word' id='word_1_565' title='bbox 2187 2522 2418 2594; x_wconf 76' lang='lat' dir='ltr'><strong>tantum]</strong></span> <span class='ocrx_word' id='word_1_566' title='bbox 2444 2523 2495 2576; x_wconf 91' lang='lat' dir='ltr'><strong>in</strong></span> <span class='ocrx_word' id='word_1_567' title='bbox 2523 2523 2774 2591; x_wconf 68' lang='lat' dir='ltr'><strong>prwsenti</strong></span> <span class='ocrx_word' id='word_1_568' title='bbox 2829 2522 3059 2587; x_wconf 80' lang='lat' dir='ltr'><strong>laborat,</strong></span> <span class='ocrx_word' id='word_1_569' title='bbox 3095 2531 3256 2576; x_wconf 68' lang='lat' dir='ltr'><strong>tanta:</strong></span> <span class='ocrx_word' id='word_1_570' title='bbox 3303 2520 3577 2575; x_wconf 85' lang='lat' dir='ltr'><strong>felicitatis</strong></span> <span class='ocrx_word' id='word_1_571' title='bbox 3604 2521 3781 2577; x_wconf 55' lang='lat' dir='ltr'><strong>dulci-</strong></span> 
     </span>
    </p>
   </div>
   <div class='ocr_carea' id='block_1_78' title="bbox 2185 2614 3782 2673">
    <p class='ocr_par' dir='ltr' id='par_1_78' title="bbox 2185 2614 3782 2673">
     <span class='ocr_line' id='line_1_78' title="bbox 2185 2614 3782 2673; baseline -0.003 0"><span class='ocrx_word' id='word_1_572' title='bbox 2185 2633 2376 2673; x_wconf 86' lang='lat' dir='ltr'><strong>sonum</strong></span> <span class='ocrx_word' id='word_1_573' title='bbox 2417 2631 2448 2671; x_wconf 90' lang='lat' dir='ltr'><strong>a</strong></span> <span class='ocrx_word' id='word_1_574' title='bbox 2487 2625 2650 2671; x_wconf 89' lang='lat' dir='ltr'><strong>cantu</strong></span> <span class='ocrx_word' id='word_1_575' title='bbox 2698 2615 2953 2672; x_wconf 72' lang='lat' dir='ltr'><strong>Ecclesia:</strong></span> <span class='ocrx_word' id='word_1_576' title='bbox 3001 2615 3296 2670; x_wconf 88' lang='lat' dir='ltr'><strong>secreverit</strong></span> <span class='ocrx_word' id='word_1_577' title='bbox 3346 2614 3534 2670; x_wconf 91' lang='lat' dir='ltr'><strong>melos.</strong></span> <span class='ocrx_word' id='word_1_578' title='bbox 3565 2633 3583 2666; x_wconf 79' lang='grc' dir='ltr'><strong>ι</strong></span> <span class='ocrx_word' id='word_1_579' title='bbox 3631 2614 3782 2670; x_wconf 83' lang='lat' dir='ltr'><strong>lodi-</strong></span> 
     </span>
    </p>
   </div>
   <div class='ocr_carea' id='block_1_79' title="bbox 2187 2705 3779 2782">
    <p class='ocr_par' dir='ltr' id='par_1_79' title="bbox 2187 2705 3779 2782">
     <span class='ocr_line' id='line_1_79' title="bbox 2187 2705 3779 2782; baseline -0.003 -17"><span class='ocrx_word' id='word_1_580' title='bbox 2187 2720 2382 2766; x_wconf 92' lang='lat' dir='ltr'><strong>cantur</strong></span> <span class='ocrx_word' id='word_1_581' title='bbox 2408 2709 2498 2764; x_wconf 91' lang='lat' dir='ltr'><strong>illa</strong></span> <span class='ocrx_word' id='word_1_582' title='bbox 2529 2708 2738 2782; x_wconf 84' lang='lat' dir='ltr'><strong>hymni,</strong></span> <span class='ocrx_word' id='word_1_583' title='bbox 2765 2709 2856 2778; x_wconf 91' lang='lat' dir='ltr'><strong>qui</strong></span> <span class='ocrx_word' id='word_1_584' title='bbox 2887 2707 3100 2763; x_wconf 91' lang='lat' dir='ltr'><strong>canitur</strong></span> <span class='ocrx_word' id='word_1_585' title='bbox 3129 2707 3184 2762; x_wconf 92' lang='lat' dir='ltr'><strong>in</strong></span> <span class='ocrx_word' id='word_1_586' title='bbox 3225 2705 3479 2762; x_wconf 88' lang='lat' dir='ltr'><strong>laudibus</strong></span> <span class='ocrx_word' id='word_1_587' title='bbox 3502 2705 3629 2762; x_wconf 83' lang='lat' dir='ltr'><strong>festi</strong></span> <span class='ocrx_word' id='word_1_588' title='bbox 3653 2718 3779 2762; x_wconf 56' lang='lat' dir='ltr'><strong>ein-</strong></span> 
     </span>
    </p>
   </div>
   <div class='ocr_carea' id='block_1_80' title="bbox 2187 2799 2724 2856">
    <p class='ocr_par' dir='ltr' id='par_1_80' title="bbox 2187 2799 2724 2856">
     <span class='ocr_line' id='line_1_80' title="bbox 2187 2799 2724 2856; baseline -0.007 0"><span class='ocrx_word' id='word_1_589' title='bbox 2187 2802 2336 2856; x_wconf 89' lang='lat' dir='ltr'><strong>nium</strong></span> <span class='ocrx_word' id='word_1_590' title='bbox 2363 2799 2682 2856; x_wconf 88' lang='lat' dir='ltr'><strong>Sanctorum</strong></span> <span class='ocrx_word' id='word_1_591' title='bbox 2711 2818 2724 2853; x_wconf 90' lang='lat'>:</span> 
     </span>
    </p>
   </div>
   <div class='ocr_carea' id='block_1_81' title="bbox 2437 2877 3153 2942">
    <p class='ocr_par' dir='ltr' id='par_1_81' title="bbox 2437 2877 3153 2942">
     <span class='ocr_line' id='line_1_81' title="bbox 2437 2877 3153 2942; baseline -0.004 -13"><span class='ocrx_word' id='word_1_592' title='bbox 2437 2882 2725 2942; x_wconf 74' lang='lat' dir='ltr'><strong>Quicunque</strong></span> <span class='ocrx_word' id='word_1_593' title='bbox 2753 2880 2802 2927; x_wconf 89' lang='lat' dir='ltr'><strong>in</strong></span> <span class='ocrx_word' id='word_1_594' title='bbox 2822 2877 2917 2928; x_wconf 80' lang='lat' dir='ltr'><strong>alta</strong></span> <span class='ocrx_word' id='word_1_595' title='bbox 2935 2879 3153 2928; x_wconf 78' lang='lat' dir='ltr'><strong>siderum</strong></span> 
     </span>
    </p>
   </div>
   <div class='ocr_carea' id='block_1_82' title="bbox 2441 2942 3222 3004">
    <p class='ocr_par' dir='ltr' id='par_1_82' title="bbox 2441 2942 3222 3004">
     <span class='ocr_line' id='line_1_82' title="bbox 2441 2942 3222 3004; baseline 0.001 -15"><span class='ocrx_word' id='word_1_596' title='bbox 2441 2943 2676 3004; x_wconf 67' lang='lat' dir='ltr'><strong>&quot;agnatis</strong></span> <span class='ocrx_word' id='word_1_597' title='bbox 2697 2942 2809 2990; x_wconf 71' lang='lat' dir='ltr'><strong>aula</strong></span> <span class='ocrx_word' id='word_1_598' title='bbox 2830 2943 3097 3003; x_wconf 78' lang='lat' dir='ltr'><strong>principes,</strong></span> <span class='ocrx_word' id='word_1_599' title='bbox 3125 2946 3222 2990; x_wconf 83' lang='lat' dir='ltr'><strong>etc.</strong></span> 
     </span>
    </p>
   </div>
   <div class='ocr_carea' id='block_1_83' title="bbox 2191 3013 3780 3085">
    <p class='ocr_par' dir='ltr' id='par_1_83' title="bbox 2191 3013 3780 3085">
     <span class='ocr_line' id='line_1_83' title="bbox 2191 3013 3780 3085; baseline -0.001 -15"><span class='ocrx_word' id='word_1_600' title='bbox 2191 3016 2260 3079; x_wconf 88' lang='lat' dir='ltr'><strong>Is,</strong></span> <span class='ocrx_word' id='word_1_601' title='bbox 2299 3014 2390 3085; x_wconf 90' lang='lat' dir='ltr'><strong>qui</strong></span> <span class='ocrx_word' id='word_1_602' title='bbox 2418 3015 2581 3070; x_wconf 86' lang='lat' dir='ltr'><strong>hosce</strong></span> <span class='ocrx_word' id='word_1_603' title='bbox 2603 3028 2792 3067; x_wconf 84' lang='lat' dir='ltr'><strong>versus</strong></span> <span class='ocrx_word' id='word_1_604' title='bbox 2835 3013 2918 3066; x_wconf 84' lang='lat' dir='ltr'><strong>vel</strong></span> <span class='ocrx_word' id='word_1_605' title='bbox 2958 3015 3196 3082; x_wconf 87' lang='lat' dir='ltr'><strong>ipsorum</strong></span> <span class='ocrx_word' id='word_1_606' title='bbox 3246 3026 3460 3066; x_wconf 85' lang='lat' dir='ltr'><strong>versum</strong></span> <span class='ocrx_word' id='word_1_607' title='bbox 3483 3025 3655 3066; x_wconf 82' lang='lat' dir='ltr'><strong>causa</strong></span> <span class='ocrx_word' id='word_1_608' title='bbox 3695 3021 3780 3069; x_wconf 67' lang='lat' dir='ltr'><strong>tc-</strong></span> 
     </span>
    </p>
   </div>
   <div class='ocr_carea' id='block_1_84' title="bbox 502 3102 3759 3246">
    <p class='ocr_par' dir='ltr' id='par_1_84' title="bbox 502 3102 3759 3246">
     <span class='ocr_line' id='line_1_84' title="bbox 502 3102 3759 3175; baseline -0.007 -38"><span class='ocrx_word' id='word_1_609' title='bbox 647 3102 707 3136; x_wconf 75' lang='lat' dir='ltr'><strong>Ill</strong></span> <span class='ocrx_word' id='word_1_610' title='bbox 743 3102 988 3152; x_wconf 69' lang='lat' dir='ltr'><strong>pI&#39;OXIIIIU</strong></span> <span class='ocrx_word' id='word_1_611' title='bbox 1017 3102 1256 3150; x_wconf 64' lang='lat' dir='ltr'><strong>pascua&quot;</strong></span> <span class='ocrx_word' id='word_1_612' title='bbox 1290 3102 1532 3148; x_wconf 59' lang='lat' dir='ltr'><strong>lClltput‘C</strong></span> <span class='ocrx_word' id='word_1_613' title='bbox 1568 3102 1784 3132; x_wconf 66' lang='lat' dir='ltr'><strong>Silurum</strong></span> <span class='ocrx_word' id='word_1_614' title='bbox 1827 3102 2082 3137; x_wconf 61' lang='grc' dir='ltr'><strong>υΙΙΙἸδΙΙΙδν</strong></span> <span class='ocrx_word' id='word_1_615' title='bbox 2625 3119 2655 3158; x_wconf 72' lang='lat' dir='ltr'><strong>a</strong></span> 
     </span>
     <span class='ocr_line' id='line_1_85' title="bbox 502 3143 3759 3246; baseline -0.004 13"><span class='ocrx_word' id='word_1_616' title='bbox 502 3174 645 3246; x_wconf 61' lang='lat' dir='ltr'><strong>quoa</strong></span> <span class='ocrx_word' id='word_1_617' title='bbox 669 3173 738 3227; x_wconf 66' lang='lat' dir='ltr'><strong>ab</strong></span> <span class='ocrx_word' id='word_1_618' title='bbox 765 3174 1020 3242; x_wconf 63' lang='lat' dir='ltr'><strong>episcopo</strong></span> <span class='ocrx_word' id='word_1_619' title='bbox 1047 3171 1476 3225; x_wconf 58' lang='lat' dir='ltr'><strong>consecrandum</strong></span> <span class='ocrx_word' id='word_1_620' title='bbox 1501 3180 1603 3235; x_wconf 60' lang='lat' dir='ltr'><strong>es&quot;</strong></span> <span class='ocrx_word' id='word_1_621' title='bbox 1633 3185 1728 3240; x_wconf 66' lang='lat' dir='ltr'><strong>pro</strong></span> <span class='ocrx_word' id='word_1_622' title='bbox 1752 3169 2090 3224; x_wconf 56' lang='lat' dir='ltr'><strong>conﬁdendo</strong></span> <span class='ocrx_word' id='word_1_623' title='bbox 2117 3143 2162 3204; x_wconf 63' lang='grc' dir='ltr'><strong>Ο</strong></span> <span class='ocrx_word' id='word_1_624' title='bbox 2192 3213 2310 3246; x_wconf 60' lang='lat' dir='ltr'><strong>mia:</strong></span> <span class='ocrx_word' id='word_1_625' title='bbox 2349 3196 2686 3246; x_wconf 82' lang='lat' dir='ltr'><strong>auctoritatis</strong></span> <span class='ocrx_word' id='word_1_626' title='bbox 2715 3195 3002 3246; x_wconf 74' lang='lat' dir='ltr'><strong>enisconus</strong></span> <span class='ocrx_word' id='word_1_627' title='bbox 3041 3193 3142 3246; x_wconf 82' lang='lat' dir='ltr'><strong>fuit</strong></span> <span class='ocrx_word' id='word_1_628' title='bbox 3169 3210 3184 3246; x_wconf 88' lang='lat'>:</span> <span class='ocrx_word' id='word_1_629' title='bbox 3221 3193 3377 3246; x_wconf 87' lang='lat' dir='ltr'><strong>cuius</strong></span> <span class='ocrx_word' id='word_1_630' title='bbox 3402 3194 3759 3246; x_wconf 42' lang='lat' dir='ltr'><strong>errori-tralati</strong></span> 
     </span>
    </p>
   </div>
   <div class='ocr_carea' id='block_1_85' title="bbox 2192 3193 3784 3270">
    <p class='ocr_par' dir='ltr' id='par_1_85' title="bbox 2192 3193 3784 3270">
     <span class='ocr_line' id='line_1_86' title="bbox 2192 3193 3784 3270; baseline -0.001 -20"><span class='ocrx_word' id='word_1_631' title='bbox 2192 3213 2310 3270; x_wconf 77' lang='lat' dir='ltr'><strong>grue</strong></span> <span class='ocrx_word' id='word_1_632' title='bbox 2349 3196 2686 3251; x_wconf 86' lang='lat' dir='ltr'><strong>auctoritatis</strong></span> <span class='ocrx_word' id='word_1_633' title='bbox 2715 3195 3002 3265; x_wconf 74' lang='lat' dir='ltr'><strong>episcopus</strong></span> <span class='ocrx_word' id='word_1_634' title='bbox 3041 3193 3184 3259; x_wconf 82' lang='lat' dir='ltr'><strong>fuit;</strong></span> <span class='ocrx_word' id='word_1_635' title='bbox 3221 3193 3377 3263; x_wconf 89' lang='lat' dir='ltr'><strong>cujus</strong></span> <span class='ocrx_word' id='word_1_636' title='bbox 3402 3194 3784 3264; x_wconf 66' lang='lat' dir='ltr'><strong>errori-palam</strong></span> 
     </span>
    </p>
   </div>
   <div class='ocr_carea' id='block_1_86' title="bbox 2193 3285 3790 3360">
    <p class='ocr_par' dir='ltr' id='par_1_86' title="bbox 2193 3285 3790 3360">
     <span class='ocr_line' id='line_1_87' title="bbox 2193 3285 3790 3360; baseline -0.001 -16"><span class='ocrx_word' id='word_1_637' title='bbox 2193 3290 2476 3360; x_wconf 86' lang='lat' dir='ltr'><strong>proposito</strong></span> <span class='ocrx_word' id='word_1_638' title='bbox 2525 3288 2662 3342; x_wconf 75' lang='lat' dir='ltr'><strong>alios</strong></span> <span class='ocrx_word' id='word_1_639' title='bbox 2691 3285 2834 3359; x_wconf 80' lang='lat' dir='ltr'><strong>[LHI]</strong></span> <span class='ocrx_word' id='word_1_640' title='bbox 2887 3288 3243 3342; x_wconf 76' lang='lat' dir='ltr'><strong>conniveutes</strong></span> <span class='ocrx_word' id='word_1_641' title='bbox 3286 3285 3421 3340; x_wconf 87' lang='lat' dir='ltr'><strong>nihil</strong></span> <span class='ocrx_word' id='word_1_642' title='bbox 3462 3286 3790 3356; x_wconf 69' lang='lat' dir='ltr'><strong>opposuisse</strong></span> 
     </span>
    </p>
   </div>
   <div class='ocr_carea' id='block_1_87' title="bbox 2194 3377 3788 3454">
    <p class='ocr_par' dir='ltr' id='par_1_87' title="bbox 2194 3377 3788 3454">
     <span class='ocr_line' id='line_1_88' title="bbox 2194 3377 3788 3454; baseline -0.004 -16"><span class='ocrx_word' id='word_1_643' title='bbox 2194 3381 2535 3454; x_wconf 86' lang='lat' dir='ltr'><strong>signiﬁcatur</strong></span> <span class='ocrx_word' id='word_1_644' title='bbox 2586 3380 2673 3436; x_wconf 85' lang='lat' dir='ltr'><strong>his</strong></span> <span class='ocrx_word' id='word_1_645' title='bbox 2711 3380 2892 3434; x_wconf 88' lang='lat' dir='ltr'><strong>verbis</strong></span> <span class='ocrx_word' id='word_1_646' title='bbox 2922 3397 2934 3431; x_wconf 90' lang='lat'><strong>:</strong></span> <span class='ocrx_word' id='word_1_647' title='bbox 2964 3399 2982 3430; x_wconf 79' lang='grc' dir='ltr'><strong>ι</strong></span> <span class='ocrx_word' id='word_1_648' title='bbox 3023 3377 3067 3433; x_wconf 92' lang='lat'><strong>0</strong></span> <span class='ocrx_word' id='word_1_649' title='bbox 3108 3393 3252 3433; x_wconf 69' lang='lat' dir='ltr'><strong>caeca</strong></span> <span class='ocrx_word' id='word_1_650' title='bbox 3291 3393 3581 3442; x_wconf 63' lang='lat' dir='ltr'><strong>cacorum,</strong></span> <span class='ocrx_word' id='word_1_651' title='bbox 3613 3387 3670 3433; x_wconf 85' lang='lat' dir='ltr'><strong>et</strong></span> <span class='ocrx_word' id='word_1_652' title='bbox 3697 3378 3788 3432; x_wconf 88' lang='lat' dir='ltr'><strong>di-</strong></span> 
     </span>
    </p>
   </div>
   <div class='ocr_carea' id='block_1_88' title="bbox 2193 3467 3790 3538">
    <p class='ocr_par' dir='ltr' id='par_1_88' title="bbox 2193 3467 3790 3538">
     <span class='ocr_line' id='line_1_89' title="bbox 2193 3467 3790 3538; baseline -0.003 -10"><span class='ocrx_word' id='word_1_653' title='bbox 2193 3472 2366 3528; x_wconf 87' lang='lat' dir='ltr'><strong>centis</strong></span> <span class='ocrx_word' id='word_1_654' title='bbox 2386 3469 2591 3525; x_wconf 88' lang='lat' dir='ltr'><strong>scilicet</strong></span> <span class='ocrx_word' id='word_1_655' title='bbox 2613 3479 2669 3523; x_wconf 92' lang='lat' dir='ltr'><strong>et</strong></span> <span class='ocrx_word' id='word_1_656' title='bbox 2687 3468 3092 3524; x_wconf 90' lang='lat' dir='ltr'><strong>conniventium</strong></span> <span class='ocrx_word' id='word_1_657' title='bbox 3114 3467 3215 3521; x_wconf 88' lang='lat' dir='ltr'><strong>hac</strong></span> <span class='ocrx_word' id='word_1_658' title='bbox 3239 3468 3503 3522; x_wconf 76' lang='lat' dir='ltr'><strong>duntaxat</strong></span> <span class='ocrx_word' id='word_1_659' title='bbox 3523 3468 3578 3523; x_wconf 89' lang='lat' dir='ltr'><strong>in</strong></span> <span class='ocrx_word' id='word_1_660' title='bbox 3606 3478 3790 3538; x_wconf 66' lang='lat' dir='ltr'><strong>parte,</strong></span> 
     </span>
    </p>
   </div>
   <div class='ocr_carea' id='block_1_89' title="bbox 2193 3557 3789 3626">
    <p class='ocr_par' dir='ltr' id='par_1_89' title="bbox 2193 3557 3789 3626">
     <span class='ocr_line' id='line_1_90' title="bbox 2193 3557 3789 3626; baseline -0.002 -8"><span class='ocrx_word' id='word_1_661' title='bbox 2193 3574 2249 3618; x_wconf 88' lang='lat' dir='ltr'><strong>et</strong></span> <span class='ocrx_word' id='word_1_662' title='bbox 2281 3562 2627 3626; x_wconf 87' lang='lat' dir='ltr'><strong>stultissima,</strong></span> <span class='ocrx_word' id='word_1_663' title='bbox 2654 3561 2699 3615; x_wconf 89' lang='lat' dir='ltr'><strong>si</strong></span> <span class='ocrx_word' id='word_1_664' title='bbox 2728 3569 2905 3613; x_wconf 83' lang='lat' dir='ltr'><strong>tamen</strong></span> <span class='ocrx_word' id='word_1_665' title='bbox 2945 3557 3288 3622; x_wconf 79' lang='lat' dir='ltr'><strong>defendatur,</strong></span> <span class='ocrx_word' id='word_1_666' title='bbox 3337 3557 3566 3612; x_wconf 82' lang='lat' dir='ltr'><strong>stultitia</strong></span> <span class='ocrx_word' id='word_1_667' title='bbox 3599 3559 3614 3612; x_wconf 87' lang='lat'><strong>!</strong></span> <span class='ocrx_word' id='word_1_668' title='bbox 3658 3579 3679 3612; x_wconf 69' lang='grc' dir='ltr'><strong>ι</strong></span> <span class='ocrx_word' id='word_1_669' title='bbox 3719 3559 3789 3615; x_wconf 76' lang='lat' dir='ltr'><strong>Et</strong></span> 
     </span>
    </p>
   </div>
   <div class='ocr_carea' id='block_1_90' title="bbox 2193 3649 3796 3721">
    <p class='ocr_par' dir='ltr' id='par_1_90' title="bbox 2193 3649 3796 3721">
     <span class='ocr_line' id='line_1_91' title="bbox 2193 3649 3796 3721; baseline -0.003 -11"><span class='ocrx_word' id='word_1_670' title='bbox 2193 3671 2344 3710; x_wconf 86' lang='lat' dir='ltr'><strong>num.</strong></span> <span class='ocrx_word' id='word_1_671' title='bbox 2378 3654 2480 3709; x_wconf 88' lang='lat' dir='ltr'><strong>l6:</strong></span> <span class='ocrx_word' id='word_1_672' title='bbox 2517 3671 2536 3703; x_wconf 82' lang='grc' dir='ltr'><strong>ι</strong></span> <span class='ocrx_word' id='word_1_673' title='bbox 2564 3653 2660 3707; x_wconf 90' lang='lat' dir='ltr'><strong>Dic</strong></span> <span class='ocrx_word' id='word_1_674' title='bbox 2690 3651 2844 3714; x_wconf 85' lang='lat' dir='ltr'><strong>mihi,</strong></span> <span class='ocrx_word' id='word_1_675' title='bbox 2876 3665 3026 3721; x_wconf 83' lang='lat' dir='ltr'><strong>rogo,</strong></span> <span class='ocrx_word' id='word_1_676' title='bbox 3064 3650 3167 3704; x_wconf 90' lang='lat' dir='ltr'><strong>hoc</strong></span> <span class='ocrx_word' id='word_1_677' title='bbox 3210 3659 3304 3703; x_wconf 87' lang='lat' dir='ltr'><strong>aut</strong></span> <span class='ocrx_word' id='word_1_678' title='bbox 3349 3649 3557 3713; x_wconf 89' lang='lat' dir='ltr'><strong>dicens,</strong></span> <span class='ocrx_word' id='word_1_679' title='bbox 3584 3659 3681 3706; x_wconf 92' lang='lat' dir='ltr'><strong>aut</strong></span> <span class='ocrx_word' id='word_1_680' title='bbox 3709 3660 3796 3705; x_wconf 73' lang='lat' dir='ltr'><strong>ta-</strong></span> 
     </span>
    </p>
   </div>
   <div class='ocr_carea' id='block_1_91' title="bbox 2194 3739 3792 3813">
    <p class='ocr_par' dir='ltr' id='par_1_91' title="bbox 2194 3739 3792 3813">
     <span class='ocr_line' id='line_1_92' title="bbox 2194 3739 3792 3813; baseline -0.009 -10"><span class='ocrx_word' id='word_1_681' title='bbox 2194 3747 2369 3803; x_wconf 90' lang='lat' dir='ltr'><strong>cendo</strong></span> <span class='ocrx_word' id='word_1_682' title='bbox 2399 3744 2762 3807; x_wconf 87' lang='lat' dir='ltr'><strong>consentiens,</strong></span> <span class='ocrx_word' id='word_1_683' title='bbox 2807 3751 2898 3797; x_wconf 90' lang='lat' dir='ltr'><strong>aut</strong></span> <span class='ocrx_word' id='word_1_684' title='bbox 2923 3741 3089 3813; x_wconf 79' lang='lat' dir='ltr'><strong>(quod</strong></span> <span class='ocrx_word' id='word_1_685' title='bbox 3120 3740 3292 3795; x_wconf 87' lang='lat' dir='ltr'><strong>multo</strong></span> <span class='ocrx_word' id='word_1_686' title='bbox 3322 3739 3476 3811; x_wconf 86' lang='lat' dir='ltr'><strong>pejus</strong></span> <span class='ocrx_word' id='word_1_687' title='bbox 3515 3741 3621 3812; x_wconf 86' lang='lat' dir='ltr'><strong>est)</strong></span> <span class='ocrx_word' id='word_1_688' title='bbox 3652 3744 3792 3800; x_wconf 65' lang='lat' dir='ltr'><strong>aeri.</strong></span> 
     </span>
    </p>
   </div>
   <div class='ocr_carea' id='block_1_92' title="bbox 2195 3836 2988 3910">
    <p class='ocr_par' dir='ltr' id='par_1_92' title="bbox 2195 3836 2988 3910">
     <span class='ocr_line' id='line_1_93' title="bbox 2195 3836 2988 3910; baseline -0.005 -18"><span class='ocrx_word' id='word_1_689' title='bbox 2195 3838 2430 3910; x_wconf 87' lang='lat' dir='ltr'><strong>pulaudo</strong></span> <span class='ocrx_word' id='word_1_690' title='bbox 2451 3836 2801 3902; x_wconf 89' lang='lat' dir='ltr'><strong>conﬁrmans,</strong></span> <span class='ocrx_word' id='word_1_691' title='bbox 2829 3857 2847 3886; x_wconf 73' lang='grc' dir='ltr'><strong>ι</strong></span> <span class='ocrx_word' id='word_1_692' title='bbox 2882 3846 2988 3890; x_wconf 73' lang='lat' dir='ltr'><strong>ezc.</strong></span> 
     </span>
    </p>
   </div>
   <div class='ocr_carea' id='block_1_93' title="bbox 2201 3928 3792 4004">
    <p class='ocr_par' dir='ltr' id='par_1_93' title="bbox 2201 3928 3792 4004">
     <span class='ocr_line' id='line_1_94' title="bbox 2201 3928 3792 4004; baseline 0.001 4"><span class='ocrx_word' id='word_1_693' title='bbox 2201 3933 2229 4004; x_wconf 82' lang='lat'><strong>§</strong></span> <span class='ocrx_word' id='word_1_694' title='bbox 2263 3932 2348 4004; x_wconf 57' lang='grc' dir='ltr'><strong>γι.</strong></span> <span class='ocrx_word' id='word_1_695' title='bbox 2379 3962 2448 3971; x_wconf 88' lang='grc'><strong><em>-</em></strong></span> <span class='ocrx_word' id='word_1_696' title='bbox 2481 3931 2607 3986; x_wconf 85' lang='lat' dir='ltr'><strong>Post</strong></span> <span class='ocrx_word' id='word_1_697' title='bbox 2633 3928 2945 4004; x_wconf 61' lang='grc' dir='ltr'><strong>Ριψίξηεςηι</strong></span> <span class='ocrx_word' id='word_1_698' title='bbox 2968 3945 3228 4004; x_wconf 60' lang='lat' dir='ltr'><strong>carcerem</strong></span> <span class='ocrx_word' id='word_1_699' title='bbox 3258 3929 3474 4004; x_wconf 60' lang='lat' dir='ltr'><strong>99mm&quot;</strong></span> <span class='ocrx_word' id='word_1_700' title='bbox 3504 3931 3792 4004; x_wconf 54' lang='lat' dir='ltr'><strong>retractur-</strong></span> 
     </span>
    </p>
   </div>
   <div class='ocr_carea' id='block_1_94' title="bbox 2271 3999 3793 4068">
    <p class='ocr_par' dir='ltr' id='par_1_94' title="bbox 2271 3999 3793 4068">
     <span class='ocr_line' id='line_1_95' title="bbox 2271 3999 3793 4068; baseline 0.002 -14"><span class='ocrx_word' id='word_1_701' title='bbox 2271 4002 2528 4054; x_wconf 81' lang='lat' dir='ltr'><strong>Ememlat</strong></span> <span class='ocrx_word' id='word_1_702' title='bbox 2578 4009 2625 4054; x_wconf 84' lang='lat' dir='ltr'><strong>et</strong></span> <span class='ocrx_word' id='word_1_703' title='bbox 2669 4001 2882 4052; x_wconf 85' lang='lat' dir='ltr'><strong>clariori</strong></span> <span class='ocrx_word' id='word_1_704' title='bbox 2923 4001 3057 4068; x_wconf 80' lang='lat' dir='ltr'><strong>stglo</strong></span> <span class='ocrx_word' id='word_1_705' title='bbox 3096 4001 3340 4052; x_wconf 79' lang='lat' dir='ltr'><strong>describit</strong></span> <span class='ocrx_word' id='word_1_706' title='bbox 3374 4002 3530 4053; x_wconf 76' lang='lat' dir='ltr'><strong>vitam</strong></span> <span class='ocrx_word' id='word_1_707' title='bbox 3559 3999 3624 4054; x_wconf 72' lang='grc' dir='ltr'><strong>εξ</strong></span> <span class='ocrx_word' id='word_1_708' title='bbox 3655 3999 3793 4057; x_wconf 78' lang='lat' dir='ltr'><strong>Urs-</strong></span> 
     </span>
    </p>
   </div>
   <div class='ocr_carea' id='block_1_95' title="bbox 2269 4067 3795 4141">
    <p class='ocr_par' dir='ltr' id='par_1_95' title="bbox 2269 4067 3795 4141">
     <span class='ocr_line' id='line_1_96' title="bbox 2269 4067 3795 4141; baseline 0.003 -17"><span class='ocrx_word' id='word_1_709' title='bbox 2269 4073 2427 4134; x_wconf 80' lang='lat' dir='ltr'><strong>mari,</strong></span> <span class='ocrx_word' id='word_1_710' title='bbox 2455 4087 2610 4141; x_wconf 77' lang='lat' dir='ltr'><strong>quam</strong></span> <span class='ocrx_word' id='word_1_711' title='bbox 2642 4069 2828 4141; x_wconf 79' lang='lat' dir='ltr'><strong>ibidem</strong></span> <span class='ocrx_word' id='word_1_712' title='bbox 2847 4067 3065 4141; x_wconf 73' lang='lat' dir='ltr'><strong>invenit.</strong></span> <span class='ocrx_word' id='word_1_713' title='bbox 3093 4067 3335 4141; x_wconf 72' lang='lat' dir='ltr'><strong>Comensi</strong></span> <span class='ocrx_word' id='word_1_714' title='bbox 3363 4072 3556 4141; x_wconf 50' lang='lat' dir='ltr'><strong>exsilio</strong></span> <span class='ocrx_word' id='word_1_715' title='bbox 3586 4071 3795 4128; x_wconf 69' lang='lat' dir='ltr'><strong>solutus</strong></span> 
     </span>
    </p>
   </div>
   <div class='ocr_carea' id='block_1_96' title="bbox 2272 4139 3798 4208">
    <p class='ocr_par' dir='ltr' id='par_1_96' title="bbox 2272 4139 3798 4208">
     <span class='ocr_line' id='line_1_97' title="bbox 2272 4139 3798 4208; baseline 0.001 -14"><span class='ocrx_word' id='word_1_716' title='bbox 2272 4143 2322 4194; x_wconf 84' lang='lat' dir='ltr'><strong>in</strong></span> <span class='ocrx_word' id='word_1_717' title='bbox 2362 4139 2565 4196; x_wconf 75' lang='lat' dir='ltr'><strong>Gallias</strong></span> <span class='ocrx_word' id='word_1_718' title='bbox 2593 4139 2960 4208; x_wconf 72' lang='lat' dir='ltr'><strong>proﬁciscitur.</strong></span> <span class='ocrx_word' id='word_1_719' title='bbox 3010 4139 3203 4208; x_wconf 75' lang='lat' dir='ltr'><strong>Scribit</strong></span> <span class='ocrx_word' id='word_1_720' title='bbox 3234 4140 3303 4208; x_wconf 75' lang='lat' dir='ltr'><strong>nd</strong></span> <span class='ocrx_word' id='word_1_721' title='bbox 3354 4139 3658 4194; x_wconf 82' lang='lat' dir='ltr'><strong>Rotbertum</strong></span> <span class='ocrx_word' id='word_1_722' title='bbox 3702 4161 3798 4196; x_wconf 88' lang='lat' dir='ltr'><strong>ar—</strong></span> 
     </span>
    </p>
   </div>
   <div class='ocr_carea' id='block_1_97' title="bbox 2271 4207 3805 4280">
    <p class='ocr_par' dir='ltr' id='par_1_97' title="bbox 2271 4207 3805 4280">
     <span class='ocr_line' id='line_1_98' title="bbox 2271 4207 3805 4280; baseline -0.001 -14"><span class='ocrx_word' id='word_1_723' title='bbox 2271 4207 2652 4280; x_wconf 78' lang='lat' dir='ltr'><strong>chiepiscopum</strong></span> <span class='ocrx_word' id='word_1_724' title='bbox 2705 4207 3076 4280; x_wconf 73' lang='lat' dir='ltr'><strong>Treviremem.</strong></span> <span class='ocrx_word' id='word_1_725' title='bbox 3119 4207 3186 4280; x_wconf 10' lang='lat' dir='ltr'><strong>lin</strong></span> <span class='ocrx_word' id='word_1_726' title='bbox 3220 4207 3498 4263; x_wconf 70' lang='lat' dir='ltr'><strong>Prouincia</strong></span> <span class='ocrx_word' id='word_1_727' title='bbox 3538 4208 3805 4264; x_wconf 70' lang='lat' dir='ltr'><strong>Roatan-</strong></span> 
     </span>
    </p>
   </div>
   <div class='ocr_carea' id='block_1_98' title="bbox 2273 4279 3798 4353">
    <p class='ocr_par' dir='ltr' id='par_1_98' title="bbox 2273 4279 3798 4353">
     <span class='ocr_line' id='line_1_99' title="bbox 2273 4279 3798 4353; baseline 0 -18"><span class='ocrx_word' id='word_1_728' title='bbox 2273 4279 2432 4353; x_wconf 88' lang='lat' dir='ltr'><strong>gnum</strong></span> <span class='ocrx_word' id='word_1_729' title='bbox 2481 4280 2664 4333; x_wconf 80' lang='lat' dir='ltr'><strong>litteris</strong></span> <span class='ocrx_word' id='word_1_730' title='bbox 2708 4279 2953 4353; x_wconf 63' lang='lat' dir='ltr'><strong>instituit,</strong></span> <span class='ocrx_word' id='word_1_731' title='bbox 3008 4289 3055 4333; x_wconf 81' lang='lat' dir='ltr'><strong>et</strong></span> <span class='ocrx_word' id='word_1_732' title='bbox 3095 4279 3285 4353; x_wconf 73' lang='lat' dir='ltr'><strong>librum</strong></span> <span class='ocrx_word' id='word_1_733' title='bbox 3336 4281 3515 4333; x_wconf 76' lang='lat' dir='ltr'><strong>scribit</strong></span> <span class='ocrx_word' id='word_1_734' title='bbox 3565 4281 3630 4334; x_wconf 82' lang='lat' dir='ltr'><strong>de</strong></span> <span class='ocrx_word' id='word_1_735' title='bbox 3667 4293 3798 4353; x_wconf 85' lang='lat' dir='ltr'><strong>_arte</strong></span> 
     </span>
    </p>
   </div>
   <div class='ocr_carea' id='block_1_99' title="bbox 2272 4347 3800 4422">
    <p class='ocr_par' dir='ltr' id='par_1_99' title="bbox 2272 4347 3800 4422">
     <span class='ocr_line' id='line_1_100' title="bbox 2272 4347 3800 4422; baseline 0.001 -20"><span class='ocrx_word' id='word_1_736' title='bbox 2272 4347 2645 4422; x_wconf 53' lang='lat' dir='ltr'><strong>Qrammaticw.</strong></span> <span class='ocrx_word' id='word_1_737' title='bbox 2700 4347 3073 4422; x_wconf 72' lang='lat' dir='ltr'><strong>Episcopqtum</strong></span> <span class='ocrx_word' id='word_1_738' title='bbox 3119 4349 3253 4422; x_wconf 77' lang='lat' dir='ltr'><strong>inibi</strong></span> <span class='ocrx_word' id='word_1_739' title='bbox 3292 4359 3517 4414; x_wconf 82' lang='lat' dir='ltr'><strong>recusat,</strong></span> <span class='ocrx_word' id='word_1_740' title='bbox 3571 4361 3618 4403; x_wconf 79' lang='lat' dir='ltr'><strong>et</strong></span> <span class='ocrx_word' id='word_1_741' title='bbox 3655 4349 3800 4404; x_wconf 82' lang='lat' dir='ltr'><strong>Lau-</strong></span> 
     </span>
    </p>
   </div>
   <div class='ocr_carea' id='block_1_100' title="bbox 2274 4419 3364 4475">
    <p class='ocr_par' dir='ltr' id='par_1_100' title="bbox 2274 4419 3364 4475">
     <span class='ocr_line' id='line_1_101' title="bbox 2274 4419 3364 4475; baseline -0.004 -1"><span class='ocrx_word' id='word_1_742' title='bbox 2274 4419 2386 4475; x_wconf 75' lang='lat' dir='ltr'><strong>bius</strong></span> <span class='ocrx_word' id='word_1_743' title='bbox 2415 4423 2466 4474; x_wconf 84' lang='lat' dir='ltr'><strong>in</strong></span> <span class='ocrx_word' id='word_1_744' title='bbox 2488 4436 2641 4474; x_wconf 74' lang='lat' dir='ltr'><strong>situm</strong></span> <span class='ocrx_word' id='word_1_745' title='bbox 2672 4419 3044 4471; x_wconf 79' lang='lat' dir='ltr'><strong>monasterium</strong></span> <span class='ocrx_word' id='word_1_746' title='bbox 3071 4419 3364 4472; x_wconf 73' lang='lat' dir='ltr'><strong>revertitur.</strong></span> 
     </span>
    </p>
   </div>
   <div class='ocr_carea' id='block_1_101' title="bbox 2276 4511 3801 4576">
    <p class='ocr_par' dir='ltr' id='par_1_101' title="bbox 2276 4511 3801 4576">
     <span class='ocr_line' id='line_1_102' title="bbox 2276 4511 3801 4576; baseline 0 -8"><span class='ocrx_word' id='word_1_747' title='bbox 2276 4515 2366 4569; x_wconf 84' lang='lat'><strong>27.</strong></span> <span class='ocrx_word' id='word_1_748' title='bbox 2399 4513 2614 4567; x_wconf 86' lang='lat' dir='ltr'><strong>Duobus</strong></span> <span class='ocrx_word' id='word_1_749' title='bbox 2640 4512 2798 4566; x_wconf 88' lang='lat' dir='ltr'><strong>annis</strong></span> <span class='ocrx_word' id='word_1_750' title='bbox 2827 4521 2881 4566; x_wconf 92' lang='lat' dir='ltr'><strong>ct</strong></span> <span class='ocrx_word' id='word_1_751' title='bbox 2909 4511 3150 4576; x_wconf 72' lang='lat' dir='ltr'><strong>dimidio,</strong></span> <span class='ocrx_word' id='word_1_752' title='bbox 3200 4511 3252 4564; x_wconf 93' lang='lat' dir='ltr'><strong>id</strong></span> <span class='ocrx_word' id='word_1_753' title='bbox 3289 4520 3372 4566; x_wconf 92' lang='lat' dir='ltr'><strong>est</strong></span> <span class='ocrx_word' id='word_1_754' title='bbox 3418 4526 3448 4565; x_wconf 93' lang='lat' dir='ltr'><strong>a</strong></span> <span class='ocrx_word' id='word_1_755' title='bbox 3494 4511 3801 4568; x_wconf 81' lang='lat' dir='ltr'><strong>Februario</strong></span> 
     </span>
    </p>
   </div>
   <div class='ocr_carea' id='block_1_102' title="bbox 2211 4601 3798 4674">
    <p class='ocr_par' dir='ltr' id='par_1_102' title="bbox 2211 4601 3798 4674">
     <span class='ocr_line' id='line_1_103' title="bbox 2211 4601 3798 4674; baseline -0.001 -14"><span class='ocrx_word' id='word_1_756' title='bbox 2211 4607 2336 4660; x_wconf 91' lang='lat' dir='ltr'><strong>anni</strong></span> <span class='ocrx_word' id='word_1_757' title='bbox 2365 4605 2488 4670; x_wconf 75' lang='lat'><strong>935,</strong></span> <span class='ocrx_word' id='word_1_758' title='bbox 2513 4605 2576 4659; x_wconf 93' lang='lat' dir='ltr'><strong>ad</strong></span> <span class='ocrx_word' id='word_1_759' title='bbox 2607 4604 2905 4674; x_wconf 79' lang='lat' dir='ltr'><strong>Augustum</strong></span> <span class='ocrx_word' id='word_1_760' title='bbox 2935 4617 3105 4671; x_wconf 83' lang='lat' dir='ltr'><strong>usque</strong></span> <span class='ocrx_word' id='word_1_761' title='bbox 3128 4601 3252 4655; x_wconf 92' lang='lat' dir='ltr'><strong>anni</strong></span> <span class='ocrx_word' id='word_1_762' title='bbox 3277 4602 3402 4665; x_wconf 79' lang='lat'><strong>957,</strong></span> <span class='ocrx_word' id='word_1_763' title='bbox 3440 4603 3493 4655; x_wconf 89' lang='lat' dir='ltr'><strong>in</strong></span> <span class='ocrx_word' id='word_1_764' title='bbox 3521 4601 3798 4658; x_wconf 84' lang='lat' dir='ltr'><strong>Ticiucnsi</strong></span> 
     </span>
    </p>
   </div>
   <div class='ocr_carea' id='block_1_103' title="bbox 2211 4693 3799 4760">
    <p class='ocr_par' dir='ltr' id='par_1_103' title="bbox 2211 4693 3799 4760">
     <span class='ocr_line' id='line_1_104' title="bbox 2211 4693 3799 4760; baseline -0.001 -7"><span class='ocrx_word' id='word_1_765' title='bbox 2211 4712 2429 4753; x_wconf 88' lang='lat' dir='ltr'><strong>carcere</strong></span> <span class='ocrx_word' id='word_1_766' title='bbox 2479 4696 2722 4760; x_wconf 76' lang='lat' dir='ltr'><strong>exactis,</strong></span> <span class='ocrx_word' id='word_1_767' title='bbox 2789 4693 3074 4746; x_wconf 74' lang='lat' dir='ltr'><strong>Rathcrius</strong></span> <span class='ocrx_word' id='word_1_768' title='bbox 3125 4693 3176 4746; x_wconf 91' lang='lat' dir='ltr'><strong>iu</strong></span> <span class='ocrx_word' id='word_1_769' title='bbox 3246 4694 3495 4748; x_wconf 83' lang='lat' dir='ltr'><strong>exsilium</strong></span> <span class='ocrx_word' id='word_1_770' title='bbox 3564 4695 3799 4751; x_wconf 70' lang='lat' dir='ltr'><strong>mittitur</strong></span> 
     </span>
    </p>
   </div>
   <div class='ocr_carea' id='block_1_104' title="bbox 2213 4785 3796 4861">
    <p class='ocr_par' dir='ltr' id='par_1_104' title="bbox 2213 4785 3796 4861">
     <span class='ocr_line' id='line_1_105' title="bbox 2213 4785 3796 4861; baseline 0 -20"><span class='ocrx_word' id='word_1_771' title='bbox 2213 4791 2400 4861; x_wconf 76' lang='lat' dir='ltr'><strong>(epist.</strong></span> <span class='ocrx_word' id='word_1_772' title='bbox 2433 4790 2465 4841; x_wconf 82' lang='grc'><strong>5</strong></span> <span class='ocrx_word' id='word_1_773' title='bbox 2503 4790 2570 4840; x_wconf 89' lang='lat' dir='ltr'><strong>ad</strong></span> <span class='ocrx_word' id='word_1_774' title='bbox 2600 4786 2713 4849; x_wconf 77' lang='lat'><strong>10.,</strong></span> <span class='ocrx_word' id='word_1_775' title='bbox 2743 4803 2796 4841; x_wconf 83' lang='grc' dir='ltr'>ιι.</span> <span class='ocrx_word' id='word_1_776' title='bbox 2850 4785 2925 4857; x_wconf 84' lang='lat'><strong>5).</strong></span> <span class='ocrx_word' id='word_1_777' title='bbox 2986 4785 3095 4839; x_wconf 90' lang='lat' dir='ltr'><strong>lloc</strong></span> <span class='ocrx_word' id='word_1_778' title='bbox 3133 4786 3380 4840; x_wconf 85' lang='lat' dir='ltr'><strong>exsilium</strong></span> <span class='ocrx_word' id='word_1_779' title='bbox 3427 4785 3579 4840; x_wconf 89' lang='lat' dir='ltr'><strong>Comi</strong></span> <span class='ocrx_word' id='word_1_780' title='bbox 3631 4786 3796 4841; x_wconf 84' lang='lat' dir='ltr'><strong>fuisse</strong></span> 
     </span>
    </p>
   </div>
   <div class='ocr_carea' id='block_1_105' title="bbox 2207 4875 3794 4945">
    <p class='ocr_par' dir='ltr' id='par_1_105' title="bbox 2207 4875 3794 4945">
     <span class='ocr_line' id='line_1_106' title="bbox 2207 4875 3794 4945; baseline -0.004 -9"><span class='ocrx_word' id='word_1_781' title='bbox 2207 4882 2465 4936; x_wconf 87' lang='lat' dir='ltr'><strong>discimus</strong></span> <span class='ocrx_word' id='word_1_782' title='bbox 2497 4887 2605 4931; x_wconf 78' lang='lat' dir='ltr'><strong>tun.</strong></span> <span class='ocrx_word' id='word_1_783' title='bbox 2638 4893 2702 4930; x_wconf 84' lang='lat' dir='ltr'><strong>ex</strong></span> <span class='ocrx_word' id='word_1_784' title='bbox 2733 4875 3012 4940; x_wconf 85' lang='lat' dir='ltr'><strong>Fulcuiuo,</strong></span> <span class='ocrx_word' id='word_1_785' title='bbox 3046 4885 3155 4930; x_wconf 84' lang='lat' dir='ltr'><strong>tum</strong></span> <span class='ocrx_word' id='word_1_786' title='bbox 3199 4891 3261 4929; x_wconf 76' lang='lat' dir='ltr'><strong>ex</strong></span> <span class='ocrx_word' id='word_1_787' title='bbox 3293 4875 3518 4945; x_wconf 91' lang='lat' dir='ltr'><strong>epistola</strong></span> <span class='ocrx_word' id='word_1_788' title='bbox 3552 4878 3794 4931; x_wconf 81' lang='lat' dir='ltr'><strong>Rathcrii</strong></span> 
     </span>
    </p>
   </div>
   <div class='ocr_carea' id='block_1_106' title="bbox 2206 4969 3797 5038">
    <p class='ocr_par' dir='ltr' id='par_1_106' title="bbox 2206 4969 3797 5038">
     <span class='ocr_line' id='line_1_107' title="bbox 2206 4969 3797 5038; baseline -0.003 -11"><span class='ocrx_word' id='word_1_789' title='bbox 2206 4973 2273 5027; x_wconf 92' lang='lat' dir='ltr'><strong>ad</strong></span> <span class='ocrx_word' id='word_1_790' title='bbox 2325 4970 2618 5025; x_wconf 81' lang='lat' dir='ltr'><strong>iuonachos</strong></span> <span class='ocrx_word' id='word_1_791' title='bbox 2674 4969 2999 5033; x_wconf 45' lang='lat' dir='ltr'><strong>Lollienses,</strong></span> <span class='ocrx_word' id='word_1_792' title='bbox 3049 4985 3210 5038; x_wconf 89' lang='lat' dir='ltr'><strong>quam</strong></span> <span class='ocrx_word' id='word_1_793' title='bbox 3260 4970 3382 5023; x_wconf 74' lang='lat' dir='ltr'><strong>vita:</strong></span> <span class='ocrx_word' id='word_1_794' title='bbox 3434 4969 3491 5022; x_wconf 92' lang='lat' dir='ltr'><strong>S.</strong></span> <span class='ocrx_word' id='word_1_795' title='bbox 3552 4969 3797 5024; x_wconf 85' lang='lat' dir='ltr'><strong>Ursmari</strong></span> 
     </span>
    </p>
   </div>
   <div class='ocr_carea' id='block_1_107' title="bbox 2206 5061 3794 5136">
    <p class='ocr_par' dir='ltr' id='par_1_107' title="bbox 2206 5061 3794 5136">
     <span class='ocr_line' id='line_1_108' title="bbox 2206 5061 3794 5136; baseline -0.003 -18"><span class='ocrx_word' id='word_1_796' title='bbox 2206 5061 2662 5136; x_wconf 71' lang='lat' dir='ltr'><strong>pnelixit(Fur.c.,</strong></span> <span class='ocrx_word' id='word_1_797' title='bbox 2691 5079 2738 5114; x_wconf 91' lang='lat' dir='ltr'><strong>c.</strong></span> <span class='ocrx_word' id='word_1_798' title='bbox 2759 5061 2873 5132; x_wconf 84' lang='lat'><strong>20).</strong></span> <span class='ocrx_word' id='word_1_799' title='bbox 2899 5062 2970 5116; x_wconf 81' lang='lat' dir='ltr'><strong>Ea</strong></span> <span class='ocrx_word' id='word_1_800' title='bbox 3000 5062 3050 5114; x_wconf 92' lang='lat' dir='ltr'><strong>in</strong></span> <span class='ocrx_word' id='word_1_801' title='bbox 3077 5061 3207 5114; x_wconf 88' lang='lat' dir='ltr'><strong>urbe</strong></span> <span class='ocrx_word' id='word_1_802' title='bbox 3235 5075 3294 5114; x_wconf 86' lang='lat' dir='ltr'><strong>se</strong></span> <span class='ocrx_word' id='word_1_803' title='bbox 3311 5061 3451 5129; x_wconf 89' lang='lat' dir='ltr'><strong>apud</strong></span> <span class='ocrx_word' id='word_1_804' title='bbox 3483 5062 3794 5131; x_wconf 83' lang='lat' dir='ltr'><strong>cpiscopqu</strong></span> 
     </span>
    </p>
   </div>
   <div class='ocr_carea' id='block_1_108' title="bbox 2208 5149 3793 5217">
    <p class='ocr_par' dir='ltr' id='par_1_108' title="bbox 2208 5149 3793 5217">
     <span class='ocr_line' id='line_1_109' title="bbox 2208 5149 3793 5217; baseline -0.005 -7"><span class='ocrx_word' id='word_1_805' title='bbox 2208 5153 2482 5210; x_wconf 81' lang='lat' dir='ltr'><strong>exsulasse</strong></span> <span class='ocrx_word' id='word_1_806' title='bbox 2530 5162 2780 5217; x_wconf 89' lang='lat' dir='ltr'><strong>testatur,</strong></span> <span class='ocrx_word' id='word_1_807' title='bbox 2807 5150 2933 5204; x_wconf 92' lang='lat' dir='ltr'><strong>dum</strong></span> <span class='ocrx_word' id='word_1_808' title='bbox 2972 5151 3023 5204; x_wconf 92' lang='lat' dir='ltr'><strong>in</strong></span> <span class='ocrx_word' id='word_1_809' title='bbox 3051 5149 3280 5204; x_wconf 88' lang='lat' dir='ltr'><strong>laudatis</strong></span> <span class='ocrx_word' id='word_1_810' title='bbox 3311 5149 3528 5213; x_wconf 87' lang='lat' dir='ltr'><strong>litteris,</strong></span> <span class='ocrx_word' id='word_1_811' title='bbox 3566 5167 3714 5204; x_wconf 90' lang='lat' dir='ltr'><strong>num.</strong></span> <span class='ocrx_word' id='word_1_812' title='bbox 3742 5151 3793 5214; x_wconf 77' lang='lat' dir='ltr'><strong>l,</strong></span> 
     </span>
    </p>
   </div>
   <div class='ocr_carea' id='block_1_109' title="bbox 2207 5241 3798 5290">
    <p class='ocr_par' dir='ltr' id='par_1_109' title="bbox 2207 5241 3798 5290">
     <span class='ocr_line' id='line_1_110' title="bbox 2207 5241 3798 5290; baseline 0 0"><span class='ocrx_word' id='word_1_813' title='bbox 2207 5246 2393 5290; x_wconf 70' lang='grc' dir='ltr'>ςριιίὶςίι</span> <span class='ocrx_word' id='word_1_814' title='bbox 2423 5264 2434 5290; x_wconf 76' lang='grc' dir='ltr'><strong><em>τ</em></strong></span> <span class='ocrx_word' id='word_1_815' title='bbox 2471 5263 2489 5290; x_wconf 75' lang='grc' dir='ltr'><em>α</em></span> <span class='ocrx_word' id='word_1_816' title='bbox 2529 5243 2680 5290; x_wconf 78' lang='lat' dir='ltr'><strong>Anml</strong></span> <span class='ocrx_word' id='word_1_817' title='bbox 2712 5241 3072 5290; x_wconf 78' lang='lat' dir='ltr'><strong>venerabilem</strong></span> <span class='ocrx_word' id='word_1_818' title='bbox 3109 5255 3277 5290; x_wconf 86' lang='lat' dir='ltr'><strong>nuner</strong></span> <span class='ocrx_word' id='word_1_819' title='bbox 3307 5249 3507 5290; x_wconf 71' lang='lat' dir='ltr'><strong>saneta:</strong></span> <span class='ocrx_word' id='word_1_820' title='bbox 3541 5241 3798 5290; x_wconf 61' lang='lat' dir='ltr'><strong>Cumana!</strong></span> 
     </span>
    </p>
   </div>
  </div>
