  <div class='ocr_page' id='page_1' title='image "/cluster/home/n/w/nwhite01/storage/ocr_20150623/136/hvd.32044015471766/030.png"; bbox 0 0 4038 5388; ppageno 0'>
   <div class='ocr_carea' id='block_1_1' title="bbox 265 311 3554 376">
    <p class='ocr_par' dir='ltr' id='par_1_1' title="bbox 265 311 3554 376">
     <span class='ocr_line' id='line_1_1' title="bbox 265 311 3554 376; baseline 0.001 -4"><span class='ocrx_word' id='word_1_1' title='bbox 265 314 334 374; x_wconf 67' lang='grc' dir='ltr'><strong>ιθ</strong></span> <span class='ocrx_word' id='word_1_2' title='bbox 1279 314 1816 376; x_wconf 73' lang='lat' dir='ltr'><strong>PROLEGOMENA.</strong></span> <span class='ocrx_word' id='word_1_3' title='bbox 1859 345 1928 355; x_wconf 85' lang='lat'><strong>—-</strong></span> <span class='ocrx_word' id='word_1_4' title='bbox 1968 311 2298 370; x_wconf 79' lang='lat' dir='ltr'><strong>RATHERII</strong></span> <span class='ocrx_word' id='word_1_5' title='bbox 2335 313 2515 371; x_wconf 81' lang='lat' dir='ltr'><strong>V&#39;lTA.</strong></span> <span class='ocrx_word' id='word_1_6' title='bbox 3483 322 3554 376; x_wconf 82' lang='lat'><strong>50</strong></span> 
     </span>
    </p>
   </div>
   <div class='ocr_carea' id='block_1_2' title="bbox 264 424 3558 510">
    <p class='ocr_par' dir='ltr' id='par_1_2' title="bbox 264 424 3558 510">
     <span class='ocr_line' id='line_1_2' title="bbox 264 424 3558 510; baseline 0.003 -26"><span class='ocrx_word' id='word_1_7' title='bbox 264 430 336 485; x_wconf 85' lang='lat' dir='ltr'><strong>tis</strong></span> <span class='ocrx_word' id='word_1_8' title='bbox 369 428 658 484; x_wconf 81' lang='lat' dir='ltr'><strong>LobienSIs</strong></span> <span class='ocrx_word' id='word_1_9' title='bbox 683 429 750 484; x_wconf 94' lang='lat' dir='ltr'><strong>ab</strong></span> <span class='ocrx_word' id='word_1_10' title='bbox 778 429 996 486; x_wconf 78' lang='lat' dir='ltr'><strong>Ausone</strong></span> <span class='ocrx_word' id='word_1_11' title='bbox 1026 431 1220 487; x_wconf 84' lang='lat' dir='ltr'><strong>abbate</strong></span> <span class='ocrx_word' id='word_1_12' title='bbox 1265 433 1522 503; x_wconf 79' lang='lat' dir='ltr'><strong>scriptam</strong></span> <span class='ocrx_word' id='word_1_13' title='bbox 1561 432 1755 486; x_wconf 90' lang='lat' dir='ltr'><strong>ibidem</strong></span> <span class='ocrx_word' id='word_1_14' title='bbox 1785 432 1865 484; x_wconf 88' lang='lat' dir='ltr'><strong>in-</strong></span> <span class='ocrx_word' id='word_1_15' title='bbox 1895 436 1940 492; x_wconf 77' lang='grc' dir='ltr'><strong>Α</strong></span> <span class='ocrx_word' id='word_1_16' title='bbox 1971 424 2296 498; x_wconf 82' lang='lat' dir='ltr'><strong>conjectura,</strong></span> <span class='ocrx_word' id='word_1_17' title='bbox 2330 447 2479 484; x_wconf 92' lang='lat' dir='ltr'><strong>num.</strong></span> <span class='ocrx_word' id='word_1_18' title='bbox 2504 432 2537 486; x_wconf 77' lang='lat'><strong>3</strong></span> <span class='ocrx_word' id='word_1_19' title='bbox 2571 447 2584 485; x_wconf 88' lang='lat'><strong>:</strong></span> <span class='ocrx_word' id='word_1_20' title='bbox 2615 432 2748 486; x_wconf 85' lang='lat' dir='ltr'><strong>Dum</strong></span> <span class='ocrx_word' id='word_1_21' title='bbox 2780 433 2832 488; x_wconf 92' lang='lat' dir='ltr'><strong>in</strong></span> <span class='ocrx_word' id='word_1_22' title='bbox 2868 433 3045 505; x_wconf 89' lang='lat' dir='ltr'><strong>aliqua</strong></span> <span class='ocrx_word' id='word_1_23' title='bbox 3071 450 3133 491; x_wconf 86' lang='lat' dir='ltr'><strong>ex</strong></span> <span class='ocrx_word' id='word_1_24' title='bbox 3163 436 3248 493; x_wconf 88' lang='lat' dir='ltr'><strong>his</strong></span> <span class='ocrx_word' id='word_1_25' title='bbox 3267 440 3558 510; x_wconf 84' lang='lat' dir='ltr'><strong>provinciis</strong></span> 
     </span>
    </p>
   </div>
   <div class='ocr_carea' id='block_1_3' title="bbox 264 521 1866 591">
    <p class='ocr_par' dir='ltr' id='par_1_3' title="bbox 264 521 1866 591">
     <span class='ocr_line' id='line_1_3' title="bbox 264 521 1866 591; baseline 0.002 -18"><span class='ocrx_word' id='word_1_26' title='bbox 264 521 436 585; x_wconf 80' lang='lat' dir='ltr'><strong>venit,</strong></span> <span class='ocrx_word' id='word_1_27' title='bbox 467 521 564 574; x_wconf 84' lang='lat' dir='ltr'><strong>sed</strong></span> <span class='ocrx_word' id='word_1_28' title='bbox 598 521 738 591; x_wconf 86' lang='lat' dir='ltr'><strong>stylo</strong></span> <span class='ocrx_word' id='word_1_29' title='bbox 778 521 914 574; x_wconf 92' lang='lat' dir='ltr'><strong>adeo</strong></span> <span class='ocrx_word' id='word_1_30' title='bbox 963 522 1194 577; x_wconf 83' lang='lat' dir='ltr'><strong>barbaro</strong></span> <span class='ocrx_word' id='word_1_31' title='bbox 1229 539 1292 576; x_wconf 87' lang='lat' dir='ltr'><strong>ac</strong></span> <span class='ocrx_word' id='word_1_32' title='bbox 1328 524 1536 578; x_wconf 80' lang='lat' dir='ltr'><strong>mendis</strong></span> <span class='ocrx_word' id='word_1_33' title='bbox 1565 523 1774 585; x_wconf 81' lang='lat' dir='ltr'><strong>vitiato,</strong></span> <span class='ocrx_word' id='word_1_34' title='bbox 1807 532 1866 576; x_wconf 94' lang='lat' dir='ltr'><strong>ut</strong></span> 
     </span>
    </p>
   </div>
   <div class='ocr_carea' id='block_1_4' title="bbox 265 608 1868 678">
    <p class='ocr_par' dir='ltr' id='par_1_4' title="bbox 265 608 1868 678">
     <span class='ocr_line' id='line_1_4' title="bbox 265 608 1868 678; baseline 0.002 -15"><span class='ocrx_word' id='word_1_35' title='bbox 265 609 602 663; x_wconf 85' lang='lat' dir='ltr'><strong>obscuritate</strong></span> <span class='ocrx_word' id='word_1_36' title='bbox 650 608 766 678; x_wconf 90' lang='lat' dir='ltr'><strong>ejus</strong></span> <span class='ocrx_word' id='word_1_37' title='bbox 794 610 1048 674; x_wconf 71' lang='lat' dir='ltr'><strong>offensus,</strong></span> <span class='ocrx_word' id='word_1_38' title='bbox 1092 613 1336 667; x_wconf 89' lang='lat' dir='ltr'><strong>eamdem</strong></span> <span class='ocrx_word' id='word_1_39' title='bbox 1383 631 1487 668; x_wconf 93' lang='lat' dir='ltr'><strong>non</strong></span> <span class='ocrx_word' id='word_1_40' title='bbox 1530 625 1638 667; x_wconf 87' lang='lat' dir='ltr'><strong>tam</strong></span> <span class='ocrx_word' id='word_1_41' title='bbox 1684 629 1868 667; x_wconf 88' lang='lat' dir='ltr'><strong>emen-</strong></span> 
     </span>
    </p>
   </div>
   <div class='ocr_carea' id='block_1_5' title="bbox 267 697 1863 771">
    <p class='ocr_par' dir='ltr' id='par_1_5' title="bbox 267 697 1863 771">
     <span class='ocr_line' id='line_1_5' title="bbox 267 697 1863 771; baseline 0.003 -21"><span class='ocrx_word' id='word_1_42' title='bbox 267 697 524 762; x_wconf 77' lang='lat' dir='ltr'><strong>dandatn,</strong></span> <span class='ocrx_word' id='word_1_43' title='bbox 550 714 712 768; x_wconf 90' lang='lat' dir='ltr'><strong>quam</strong></span> <span class='ocrx_word' id='word_1_44' title='bbox 737 699 950 754; x_wconf 87' lang='lat' dir='ltr'><strong>elariori</strong></span> <span class='ocrx_word' id='word_1_45' title='bbox 974 700 1113 770; x_wconf 86' lang='lat' dir='ltr'><strong>stylo</strong></span> <span class='ocrx_word' id='word_1_46' title='bbox 1140 701 1549 756; x_wconf 80' lang='lat' dir='ltr'><strong>describendam</strong></span> <span class='ocrx_word' id='word_1_47' title='bbox 1573 702 1863 771; x_wconf 88' lang='lat' dir='ltr'><strong>putaverit.</strong></span> 
     </span>
    </p>
   </div>
   <div class='ocr_carea' id='block_1_6' title="bbox 267 787 1866 864">
    <p class='ocr_par' dir='ltr' id='par_1_6' title="bbox 267 787 1866 864">
     <span class='ocr_line' id='line_1_6' title="bbox 267 787 1866 864; baseline 0.003 -21"><span class='ocrx_word' id='word_1_48' title='bbox 267 787 404 844; x_wconf 81' lang='lat' dir='ltr'><strong>Hinc</strong></span> <span class='ocrx_word' id='word_1_49' title='bbox 459 807 567 845; x_wconf 91' lang='lat' dir='ltr'><strong>non</strong></span> <span class='ocrx_word' id='word_1_50' title='bbox 621 791 915 861; x_wconf 79' lang='lat' dir='ltr'><strong>incongrue</strong></span> <span class='ocrx_word' id='word_1_51' title='bbox 952 791 1090 846; x_wconf 91' lang='lat' dir='ltr'><strong>inter</strong></span> <span class='ocrx_word' id='word_1_52' title='bbox 1127 793 1241 863; x_wconf 84' lang='lat' dir='ltr'><strong>ejus</strong></span> <span class='ocrx_word' id='word_1_53' title='bbox 1284 808 1446 864; x_wconf 75' lang='lat' dir='ltr'><strong>Opera</strong></span> <span class='ocrx_word' id='word_1_54' title='bbox 1479 793 1685 848; x_wconf 82' lang='lat' dir='ltr'><strong>edetur.</strong></span> <span class='ocrx_word' id='word_1_55' title='bbox 1719 793 1866 847; x_wconf 88' lang='lat' dir='ltr'><strong>lllam</strong></span> 
     </span>
    </p>
   </div>
   <div class='ocr_carea' id='block_1_7' title="bbox 265 881 1868 952">
    <p class='ocr_par' dir='ltr' id='par_1_7' title="bbox 265 881 1868 952">
     <span class='ocr_line' id='line_1_7' title="bbox 265 881 1868 952; baseline 0.004 -18"><span class='ocrx_word' id='word_1_56' title='bbox 265 881 346 936; x_wconf 88' lang='lat' dir='ltr'><strong>sic</strong></span> <span class='ocrx_word' id='word_1_57' title='bbox 379 892 739 952; x_wconf 71' lang='lat' dir='ltr'><strong>expurgatam</strong></span> <span class='ocrx_word' id='word_1_58' title='bbox 787 893 841 937; x_wconf 92' lang='lat' dir='ltr'><strong>et</strong></span> <span class='ocrx_word' id='word_1_59' title='bbox 874 883 1214 939; x_wconf 87' lang='lat' dir='ltr'><strong>lucubratam</strong></span> <span class='ocrx_word' id='word_1_60' title='bbox 1258 895 1449 940; x_wconf 84' lang='lat' dir='ltr'><strong>auctor</strong></span> <span class='ocrx_word' id='word_1_61' title='bbox 1498 886 1643 940; x_wconf 88' lang='lat' dir='ltr'><strong>misit</strong></span> <span class='ocrx_word' id='word_1_62' title='bbox 1670 888 1734 940; x_wconf 90' lang='lat' dir='ltr'><strong>ad</strong></span> <span class='ocrx_word' id='word_1_63' title='bbox 1766 885 1868 941; x_wconf 89' lang='lat' dir='ltr'><strong>Lo-</strong></span> 
     </span>
    </p>
   </div>
   <div class='ocr_carea' id='block_1_8' title="bbox 265 970 1868 1044">
    <p class='ocr_par' dir='ltr' id='par_1_8' title="bbox 265 970 1868 1044">
     <span class='ocr_line' id='line_1_8' title="bbox 265 970 1868 1044; baseline 0.005 -20"><span class='ocrx_word' id='word_1_64' title='bbox 265 970 482 1025; x_wconf 83' lang='lat' dir='ltr'><strong>bienses</strong></span> <span class='ocrx_word' id='word_1_65' title='bbox 525 975 848 1039; x_wconf 82' lang='lat' dir='ltr'><strong>monachos,</strong></span> <span class='ocrx_word' id='word_1_66' title='bbox 889 976 979 1044; x_wconf 87' lang='lat' dir='ltr'><strong>qui</strong></span> <span class='ocrx_word' id='word_1_67' title='bbox 1027 975 1088 1030; x_wconf 90' lang='lat' dir='ltr'><strong>S.</strong></span> <span class='ocrx_word' id='word_1_68' title='bbox 1145 975 1461 1032; x_wconf 81' lang='lat' dir='ltr'><strong>Ursmarum</strong></span> <span class='ocrx_word' id='word_1_69' title='bbox 1504 977 1588 1032; x_wconf 91' lang='lat' dir='ltr'><strong>sui</strong></span> <span class='ocrx_word' id='word_1_70' title='bbox 1635 973 1868 1032; x_wconf 71' lang='lat' dir='ltr'><strong>emnobii</strong></span> 
     </span>
    </p>
   </div>
   <div class='ocr_carea' id='block_1_9' title="bbox 265 1069 1014 1134">
    <p class='ocr_par' dir='ltr' id='par_1_9' title="bbox 265 1069 1014 1134">
     <span class='ocr_line' id='line_1_9' title="bbox 265 1069 1014 1134; baseline 0.004 -15"><span class='ocrx_word' id='word_1_71' title='bbox 265 1072 561 1134; x_wconf 82' lang='lat' dir='ltr'><strong>patronum</strong></span> <span class='ocrx_word' id='word_1_72' title='bbox 593 1069 1014 1123; x_wconf 82' lang='lat' dir='ltr'><strong>venerabantur.</strong></span> 
     </span>
    </p>
   </div>
   <div class='ocr_carea' id='block_1_10' title="bbox 333 1153 1863 1232">
    <p class='ocr_par' dir='ltr' id='par_1_10' title="bbox 333 1153 1863 1232">
     <span class='ocr_line' id='line_1_10' title="bbox 333 1153 1863 1232; baseline 0.004 -23"><span class='ocrx_word' id='word_1_73' title='bbox 333 1153 426 1209; x_wconf 75' lang='lat'><strong>28.</strong></span> <span class='ocrx_word' id='word_1_74' title='bbox 478 1156 699 1210; x_wconf 86' lang='lat' dir='ltr'><strong>interim</strong></span> <span class='ocrx_word' id='word_1_75' title='bbox 731 1157 782 1211; x_wconf 93' lang='lat' dir='ltr'><strong>in</strong></span> <span class='ocrx_word' id='word_1_76' title='bbox 814 1173 875 1213; x_wconf 90' lang='lat' dir='ltr'><strong>ea</strong></span> <span class='ocrx_word' id='word_1_77' title='bbox 907 1157 1199 1214; x_wconf 86' lang='lat' dir='ltr'><strong>Galliarum</strong></span> <span class='ocrx_word' id='word_1_78' title='bbox 1231 1169 1404 1230; x_wconf 88' lang='lat' dir='ltr'><strong>parte,</strong></span> <span class='ocrx_word' id='word_1_79' title='bbox 1455 1177 1574 1231; x_wconf 62' lang='lat' dir='ltr'><strong>quas</strong></span> <span class='ocrx_word' id='word_1_80' title='bbox 1615 1159 1863 1232; x_wconf 88' lang='lat' dir='ltr'><strong>Burgun-</strong></span> 
     </span>
    </p>
   </div>
   <div class='ocr_carea' id='block_1_11' title="bbox 266 1245 1868 1322">
    <p class='ocr_par' dir='ltr' id='par_1_11' title="bbox 266 1245 1868 1322">
     <span class='ocr_line' id='line_1_11' title="bbox 266 1245 1868 1322; baseline 0.005 -24"><span class='ocrx_word' id='word_1_81' title='bbox 266 1245 367 1298; x_wconf 75' lang='lat' dir='ltr'><strong>dia:</strong></span> <span class='ocrx_word' id='word_1_82' title='bbox 417 1261 644 1315; x_wconf 78' lang='lat' dir='ltr'><strong>regnum</strong></span> <span class='ocrx_word' id='word_1_83' title='bbox 677 1257 804 1303; x_wconf 92' lang='lat' dir='ltr'><strong>tunc</strong></span> <span class='ocrx_word' id='word_1_84' title='bbox 848 1248 1164 1315; x_wconf 86' lang='lat' dir='ltr'><strong>dicebatur,</strong></span> <span class='ocrx_word' id='word_1_85' title='bbox 1213 1251 1589 1321; x_wconf 87' lang='lat' dir='ltr'><strong>episcoporum</strong></span> <span class='ocrx_word' id='word_1_86' title='bbox 1630 1252 1868 1322; x_wconf 84' lang='lat' dir='ltr'><strong>synodus</strong></span> 
     </span>
    </p>
   </div>
   <div class='ocr_carea' id='block_1_12' title="bbox 263 1336 1869 1413">
    <p class='ocr_par' dir='ltr' id='par_1_12' title="bbox 263 1336 1869 1413">
     <span class='ocr_line' id='line_1_12' title="bbox 263 1336 1869 1413; baseline 0.005 -25"><span class='ocrx_word' id='word_1_87' title='bbox 263 1336 505 1406; x_wconf 81' lang='lat' dir='ltr'><strong>cogenda</strong></span> <span class='ocrx_word' id='word_1_88' title='bbox 537 1347 674 1391; x_wconf 87' lang='lat' dir='ltr'><strong>erat.</strong></span> <span class='ocrx_word' id='word_1_89' title='bbox 707 1337 786 1392; x_wconf 76' lang='lat' dir='ltr'><strong>Ad</strong></span> <span class='ocrx_word' id='word_1_90' title='bbox 820 1339 959 1394; x_wconf 90' lang='lat' dir='ltr'><strong>hanc</strong></span> <span class='ocrx_word' id='word_1_91' title='bbox 993 1339 1154 1396; x_wconf 82' lang='lat' dir='ltr'><strong>Wido</strong></span> <span class='ocrx_word' id='word_1_92' title='bbox 1187 1343 1628 1412; x_wconf 87' lang='lat' dir='ltr'><strong>archiepiscopus</strong></span> <span class='ocrx_word' id='word_1_93' title='bbox 1654 1341 1869 1413; x_wconf 82' lang='lat' dir='ltr'><strong>Lugdu-</strong></span> 
     </span>
    </p>
   </div>
   <div class='ocr_carea' id='block_1_13' title="bbox 263 1427 1868 1506">
    <p class='ocr_par' dir='ltr' id='par_1_13' title="bbox 263 1427 1868 1506">
     <span class='ocr_line' id='line_1_13' title="bbox 263 1427 1868 1506; baseline 0.005 -26"><span class='ocrx_word' id='word_1_94' title='bbox 263 1428 466 1491; x_wconf 88' lang='lat' dir='ltr'><strong>nensis,</strong></span> <span class='ocrx_word' id='word_1_95' title='bbox 518 1437 573 1483; x_wconf 94' lang='lat' dir='ltr'><strong>et</strong></span> <span class='ocrx_word' id='word_1_96' title='bbox 619 1427 800 1485; x_wconf 89' lang='lat' dir='ltr'><strong>Sobbo</strong></span> <span class='ocrx_word' id='word_1_97' title='bbox 852 1431 1212 1499; x_wconf 85' lang='lat' dir='ltr'><strong>Vienniensis,</strong></span> <span class='ocrx_word' id='word_1_98' title='bbox 1258 1433 1618 1489; x_wconf 81' lang='lat' dir='ltr'><strong>Godescalcus</strong></span> <span class='ocrx_word' id='word_1_99' title='bbox 1646 1432 1781 1506; x_wconf 80' lang='lat' dir='ltr'><strong>[Liv]</strong></span> <span class='ocrx_word' id='word_1_100' title='bbox 1813 1443 1868 1488; x_wconf 92' lang='lat' dir='ltr'><strong>et</strong></span> 
     </span>
    </p>
   </div>
   <div class='ocr_carea' id='block_1_14' title="bbox 263 1518 1866 1596">
    <p class='ocr_par' dir='ltr' id='par_1_14' title="bbox 263 1518 1866 1596">
     <span class='ocr_line' id='line_1_14' title="bbox 263 1518 1866 1596; baseline 0.006 -25"><span class='ocrx_word' id='word_1_101' title='bbox 263 1518 522 1576; x_wconf 80' lang='lat' dir='ltr'><strong>Aurelius</strong></span> <span class='ocrx_word' id='word_1_102' title='bbox 555 1520 793 1590; x_wconf 87' lang='lat' dir='ltr'><strong>episcopi</strong></span> <span class='ocrx_word' id='word_1_103' title='bbox 825 1521 1120 1578; x_wconf 91' lang='lat' dir='ltr'><strong>invitarunt</strong></span> <span class='ocrx_word' id='word_1_104' title='bbox 1145 1525 1306 1578; x_wconf 89' lang='lat' dir='ltr'><strong>etiam</strong></span> <span class='ocrx_word' id='word_1_105' title='bbox 1339 1524 1676 1591; x_wconf 83' lang='lat' dir='ltr'><strong>Ratherium,</strong></span> <span class='ocrx_word' id='word_1_106' title='bbox 1705 1542 1866 1596; x_wconf 85' lang='lat' dir='ltr'><strong>quem</strong></span> 
     </span>
    </p>
   </div>
   <div class='ocr_carea' id='block_1_15' title="bbox 260 1611 1866 1681">
    <p class='ocr_par' dir='ltr' id='par_1_15' title="bbox 260 1611 1866 1681">
     <span class='ocr_line' id='line_1_15' title="bbox 260 1611 1866 1681; baseline 0.004 -18"><span class='ocrx_word' id='word_1_107' title='bbox 260 1624 384 1664; x_wconf 86' lang='lat' dir='ltr'><strong>cum</strong></span> <span class='ocrx_word' id='word_1_108' title='bbox 414 1611 487 1665; x_wconf 92' lang='lat' dir='ltr'><strong>ob</strong></span> <span class='ocrx_word' id='word_1_109' title='bbox 511 1611 885 1667; x_wconf 85' lang='lat' dir='ltr'><strong>celebritatem</strong></span> <span class='ocrx_word' id='word_1_110' title='bbox 913 1615 1145 1671; x_wconf 91' lang='lat' dir='ltr'><strong>nominis</strong></span> <span class='ocrx_word' id='word_1_111' title='bbox 1176 1617 1396 1670; x_wconf 78' lang='lat' dir='ltr'><strong>maximi</strong></span> <span class='ocrx_word' id='word_1_112' title='bbox 1427 1616 1688 1681; x_wconf 80' lang='lat' dir='ltr'><strong>facerent,</strong></span> <span class='ocrx_word' id='word_1_113' title='bbox 1711 1631 1866 1670; x_wconf 89' lang='lat' dir='ltr'><strong>eum-</strong></span> 
     </span>
    </p>
   </div>
   <div class='ocr_carea' id='block_1_16' title="bbox 259 1700 1865 1777">
    <p class='ocr_par' dir='ltr' id='par_1_16' title="bbox 259 1700 1865 1777">
     <span class='ocr_line' id='line_1_16' title="bbox 259 1700 1865 1777; baseline 0.003 -23"><span class='ocrx_word' id='word_1_114' title='bbox 259 1700 385 1754; x_wconf 85' lang='lat' dir='ltr'><strong>dem</strong></span> <span class='ocrx_word' id='word_1_115' title='bbox 426 1715 611 1756; x_wconf 91' lang='lat' dir='ltr'><strong>coram</strong></span> <span class='ocrx_word' id='word_1_116' title='bbox 646 1717 960 1774; x_wconf 85' lang='lat' dir='ltr'><strong>agnoscere,</strong></span> <span class='ocrx_word' id='word_1_117' title='bbox 1008 1713 1066 1758; x_wconf 92' lang='lat' dir='ltr'><strong>et</strong></span> <span class='ocrx_word' id='word_1_118' title='bbox 1111 1720 1232 1760; x_wconf 89' lang='lat' dir='ltr'><strong>cum</strong></span> <span class='ocrx_word' id='word_1_119' title='bbox 1265 1721 1330 1762; x_wconf 91' lang='lat' dir='ltr'><strong>eo</strong></span> <span class='ocrx_word' id='word_1_120' title='bbox 1353 1706 1407 1759; x_wconf 92' lang='lat' dir='ltr'><strong>in</strong></span> <span class='ocrx_word' id='word_1_121' title='bbox 1441 1705 1672 1761; x_wconf 88' lang='lat' dir='ltr'><strong>concilio</strong></span> <span class='ocrx_word' id='word_1_122' title='bbox 1703 1721 1865 1777; x_wconf 87' lang='lat' dir='ltr'><strong>agere</strong></span> 
     </span>
    </p>
   </div>
   <div class='ocr_carea' id='block_1_17' title="bbox 1967 520 3559 602">
    <p class='ocr_par' dir='ltr' id='par_1_17' title="bbox 1967 520 3559 602">
     <span class='ocr_line' id='line_1_17' title="bbox 1967 520 3559 602; baseline 0.009 -29"><span class='ocrx_word' id='word_1_123' title='bbox 1967 520 2204 590; x_wconf 81' lang='lat' dir='ltr'><strong>degeret,</strong></span> <span class='ocrx_word' id='word_1_124' title='bbox 2237 523 2446 579; x_wconf 87' lang='lat' dir='ltr'><strong>litteras</strong></span> <span class='ocrx_word' id='word_1_125' title='bbox 2475 542 2504 578; x_wconf 85' lang='lat' dir='ltr'><strong>a</strong></span> <span class='ocrx_word' id='word_1_126' title='bbox 2532 524 2793 582; x_wconf 87' lang='lat' dir='ltr'><strong>Rotherto</strong></span> <span class='ocrx_word' id='word_1_127' title='bbox 2820 528 3125 586; x_wconf 88' lang='lat' dir='ltr'><strong>Trevirensi</strong></span> <span class='ocrx_word' id='word_1_128' title='bbox 3156 531 3559 602; x_wconf 87' lang='lat' dir='ltr'><strong>archiepisc0po</strong></span> 
     </span>
    </p>
   </div>
   <div class='ocr_carea' id='block_1_18' title="bbox 1969 610 3559 689">
    <p class='ocr_par' dir='ltr' id='par_1_18' title="bbox 1969 610 3559 689">
     <span class='ocr_line' id='line_1_18' title="bbox 1969 610 3559 689; baseline 0.008 -26"><span class='ocrx_word' id='word_1_129' title='bbox 1969 610 2195 679; x_wconf 89' lang='lat' dir='ltr'><strong>accepit,</strong></span> <span class='ocrx_word' id='word_1_130' title='bbox 2223 613 2312 681; x_wconf 87' lang='lat' dir='ltr'><strong>qui</strong></span> <span class='ocrx_word' id='word_1_131' title='bbox 2337 611 2545 682; x_wconf 88' lang='lat' dir='ltr'><strong>aliquot</strong></span> <span class='ocrx_word' id='word_1_132' title='bbox 2576 616 2992 683; x_wconf 66' lang='lat' dir='ltr'><strong>quaestiunculas</strong></span> <span class='ocrx_word' id='word_1_133' title='bbox 3041 620 3088 674; x_wconf 90' lang='lat' dir='ltr'><strong>ei</strong></span> <span class='ocrx_word' id='word_1_134' title='bbox 3121 619 3406 675; x_wconf 81' lang='lat' dir='ltr'><strong>solvendas</strong></span> <span class='ocrx_word' id='word_1_135' title='bbox 3431 635 3559 689; x_wconf 88' lang='lat' dir='ltr'><strong>pro-</strong></span> 
     </span>
    </p>
   </div>
   <div class='ocr_carea' id='block_1_19' title="bbox 1968 701 3561 778">
    <p class='ocr_par' dir='ltr' id='par_1_19' title="bbox 1968 701 3561 778">
     <span class='ocr_line' id='line_1_19' title="bbox 1968 701 3561 778; baseline 0.01 -26"><span class='ocrx_word' id='word_1_136' title='bbox 1968 702 2164 770; x_wconf 80' lang='lat' dir='ltr'><strong>posuit.</strong></span> <span class='ocrx_word' id='word_1_137' title='bbox 2220 701 2276 756; x_wconf 92' lang='lat' dir='ltr'><strong>ln</strong></span> <span class='ocrx_word' id='word_1_138' title='bbox 2330 707 2702 775; x_wconf 85' lang='lat' dir='ltr'><strong>responsione,</strong></span> <span class='ocrx_word' id='word_1_139' title='bbox 2764 725 2925 778; x_wconf 90' lang='lat' dir='ltr'><strong>quam</strong></span> <span class='ocrx_word' id='word_1_140' title='bbox 2977 710 3025 764; x_wconf 92' lang='lat' dir='ltr'><strong>ei</strong></span> <span class='ocrx_word' id='word_1_141' title='bbox 3081 711 3228 766; x_wconf 88' lang='lat' dir='ltr'><strong>dedit</strong></span> <span class='ocrx_word' id='word_1_142' title='bbox 3271 711 3561 768; x_wconf 84' lang='lat' dir='ltr'><strong>Ratherius</strong></span> 
     </span>
    </p>
   </div>
   <div class='ocr_carea' id='block_1_20' title="bbox 1968 793 3561 868">
    <p class='ocr_par' dir='ltr' id='par_1_20' title="bbox 1968 793 3561 868">
     <span class='ocr_line' id='line_1_20' title="bbox 1968 793 3561 868; baseline 0.011 -23"><span class='ocrx_word' id='word_1_143' title='bbox 1968 793 2125 862; x_wconf 86' lang='lat' dir='ltr'><strong>epist.</strong></span> <span class='ocrx_word' id='word_1_144' title='bbox 2159 795 2216 860; x_wconf 78' lang='lat'><strong>3,</strong></span> <span class='ocrx_word' id='word_1_145' title='bbox 2241 794 2412 863; x_wconf 90' lang='lat' dir='ltr'><strong>ipsum</strong></span> <span class='ocrx_word' id='word_1_146' title='bbox 2452 816 2470 848; x_wconf 72' lang='grc' dir='ltr'><strong>ι</strong></span> <span class='ocrx_word' id='word_1_147' title='bbox 2507 799 2952 868; x_wconf 65' lang='grc' dir='ltr'>τινοιιίριδωειιιιιιη</span> <span class='ocrx_word' id='word_1_148' title='bbox 2983 803 3374 860; x_wconf 88' lang='lat' dir='ltr'><strong>nobilissimum</strong></span> <span class='ocrx_word' id='word_1_149' title='bbox 3415 825 3434 858; x_wconf 70' lang='grc' dir='ltr'><strong>ο</strong></span> <span class='ocrx_word' id='word_1_150' title='bbox 3474 822 3561 862; x_wconf 83' lang='lat' dir='ltr'><strong>vo—</strong></span> 
     </span>
    </p>
   </div>
   <div class='ocr_carea' id='block_1_21' title="bbox 1969 887 3560 968">
    <p class='ocr_par' dir='ltr' id='par_1_21' title="bbox 1969 887 3560 968">
     <span class='ocr_line' id='line_1_21' title="bbox 1969 887 3560 968; baseline 0.009 -29"><span class='ocrx_word' id='word_1_151' title='bbox 1969 895 2076 951; x_wconf 90' lang='lat' dir='ltr'><strong>cat,</strong></span> <span class='ocrx_word' id='word_1_152' title='bbox 2109 887 2306 958; x_wconf 87' lang='lat' dir='ltr'><strong>quippe</strong></span> <span class='ocrx_word' id='word_1_153' title='bbox 2335 889 2424 957; x_wconf 89' lang='lat' dir='ltr'><strong>qui</strong></span> <span class='ocrx_word' id='word_1_154' title='bbox 2452 907 2481 942; x_wconf 91' lang='lat' dir='ltr'><strong>a</strong></span> <span class='ocrx_word' id='word_1_155' title='bbox 2509 890 2846 948; x_wconf 81' lang='lat' dir='ltr'><strong>Theoderico</strong></span> <span class='ocrx_word' id='word_1_156' title='bbox 2869 892 3120 950; x_wconf 70' lang='lat' dir='ltr'><strong>Saxonire</strong></span> <span class='ocrx_word' id='word_1_157' title='bbox 3143 897 3277 953; x_wconf 91' lang='lat' dir='ltr'><strong>duce</strong></span> <span class='ocrx_word' id='word_1_158' title='bbox 3306 899 3560 968; x_wconf 86' lang='lat' dir='ltr'><strong>progeni-</strong></span> 
     </span>
    </p>
   </div>
   <div class='ocr_carea' id='block_1_22' title="bbox 1973 981 3562 1052">
    <p class='ocr_par' dir='ltr' id='par_1_22' title="bbox 1973 981 3562 1052">
     <span class='ocr_line' id='line_1_22' title="bbox 1973 981 3562 1052; baseline 0.009 -23"><span class='ocrx_word' id='word_1_159' title='bbox 1973 986 2081 1040; x_wconf 93' lang='lat' dir='ltr'><strong>tns,</strong></span> <span class='ocrx_word' id='word_1_160' title='bbox 2118 994 2357 1033; x_wconf 86' lang='lat' dir='ltr'><strong>sororem</strong></span> <span class='ocrx_word' id='word_1_161' title='bbox 2408 981 2644 1037; x_wconf 88' lang='lat' dir='ltr'><strong>habebat</strong></span> <span class='ocrx_word' id='word_1_162' title='bbox 2687 995 2927 1040; x_wconf 87' lang='lat' dir='ltr'><strong>sanctant</strong></span> <span class='ocrx_word' id='word_1_163' title='bbox 2987 986 3316 1052; x_wconf 82' lang='lat' dir='ltr'><strong>Mathildem,</strong></span> <span class='ocrx_word' id='word_1_164' title='bbox 3347 989 3562 1045; x_wconf 90' lang='lat' dir='ltr'><strong>Ottonis</strong></span> 
     </span>
    </p>
   </div>
   <div class='ocr_carea' id='block_1_23' title="bbox 1969 1064 3564 1144">
    <p class='ocr_par' dir='ltr' id='par_1_23' title="bbox 1969 1064 3564 1144">
     <span class='ocr_line' id='line_1_23' title="bbox 1969 1064 3564 1144; baseline 0.008 -24"><span class='ocrx_word' id='word_1_165' title='bbox 1969 1064 2274 1121; x_wconf 79' lang='lat' dir='ltr'><strong>Germania:</strong></span> <span class='ocrx_word' id='word_1_166' title='bbox 2303 1070 2465 1139; x_wconf 89' lang='lat' dir='ltr'><strong>regis,</strong></span> <span class='ocrx_word' id='word_1_167' title='bbox 2494 1085 2556 1125; x_wconf 90' lang='lat' dir='ltr'><strong>ac</strong></span> <span class='ocrx_word' id='word_1_168' title='bbox 2570 1082 2754 1140; x_wconf 87' lang='lat' dir='ltr'><strong>postea</strong></span> <span class='ocrx_word' id='word_1_169' title='bbox 2784 1074 3124 1144; x_wconf 85' lang='lat' dir='ltr'><strong>imperatoris</strong></span> <span class='ocrx_word' id='word_1_170' title='bbox 3154 1086 3400 1132; x_wconf 90' lang='lat' dir='ltr'><strong>matrem.</strong></span> <span class='ocrx_word' id='word_1_171' title='bbox 3428 1077 3564 1133; x_wconf 89' lang='lat' dir='ltr'><strong>Cum</strong></span> 
     </span>
    </p>
   </div>
   <div class='ocr_carea' id='block_1_24' title="bbox 1972 1157 3563 1238">
    <p class='ocr_par' dir='ltr' id='par_1_24' title="bbox 1972 1157 3563 1238">
     <span class='ocr_line' id='line_1_24' title="bbox 1972 1157 3563 1238; baseline 0.008 -29"><span class='ocrx_word' id='word_1_172' title='bbox 1972 1157 2302 1227; x_wconf 65' lang='lat' dir='ltr'><strong>qumstiones</strong></span> <span class='ocrx_word' id='word_1_173' title='bbox 2358 1163 2649 1230; x_wconf 75' lang='lat' dir='ltr'><strong>proposita:</strong></span> <span class='ocrx_word' id='word_1_174' title='bbox 2704 1163 2769 1217; x_wconf 91' lang='lat' dir='ltr'><strong>ad</strong></span> <span class='ocrx_word' id='word_1_175' title='bbox 2821 1165 3043 1234; x_wconf 85' lang='lat' dir='ltr'><strong>profana</strong></span> <span class='ocrx_word' id='word_1_176' title='bbox 3099 1168 3272 1221; x_wconf 89' lang='lat' dir='ltr'><strong>studia</strong></span> <span class='ocrx_word' id='word_1_177' title='bbox 3324 1168 3563 1238; x_wconf 88' lang='lat' dir='ltr'><strong>pertine-</strong></span> 
     </span>
    </p>
   </div>
   <div class='ocr_carea' id='block_1_25' title="bbox 1971 1246 3564 1327">
    <p class='ocr_par' dir='ltr' id='par_1_25' title="bbox 1971 1246 3564 1327">
     <span class='ocr_line' id='line_1_25' title="bbox 1971 1246 3564 1327; baseline 0.007 -26"><span class='ocrx_word' id='word_1_178' title='bbox 1971 1256 2111 1310; x_wconf 88' lang='lat' dir='ltr'><strong>rent,</strong></span> <span class='ocrx_word' id='word_1_179' title='bbox 2148 1246 2496 1318; x_wconf 80' lang='lat' dir='ltr'><strong>ejusdemque</strong></span> <span class='ocrx_word' id='word_1_180' title='bbox 2550 1260 2732 1306; x_wconf 89' lang='lat' dir='ltr'><strong>essent</strong></span> <span class='ocrx_word' id='word_1_181' title='bbox 2779 1255 2990 1324; x_wconf 77' lang='lat' dir='ltr'><strong>generis</strong></span> <span class='ocrx_word' id='word_1_182' title='bbox 3033 1272 3096 1311; x_wconf 92' lang='lat' dir='ltr'><strong>ac</strong></span> <span class='ocrx_word' id='word_1_183' title='bbox 3123 1255 3224 1311; x_wconf 75' lang='lat' dir='ltr'><strong>illa:</strong></span> <span class='ocrx_word' id='word_1_184' title='bbox 3253 1272 3390 1327; x_wconf 88' lang='lat' dir='ltr'><strong>quas</strong></span> <span class='ocrx_word' id='word_1_185' title='bbox 3419 1266 3564 1322; x_wconf 84' lang='lat' dir='ltr'><strong>ante</strong></span> 
     </span>
    </p>
   </div>
   <div class='ocr_carea' id='block_1_26' title="bbox 1969 1339 3564 1418">
    <p class='ocr_par' dir='ltr' id='par_1_26' title="bbox 1969 1339 3564 1418">
     <span class='ocr_line' id='line_1_26' title="bbox 1969 1339 3564 1418; baseline 0.007 -26"><span class='ocrx_word' id='word_1_186' title='bbox 1969 1339 2345 1410; x_wconf 88' lang='lat' dir='ltr'><strong>episcopatum</strong></span> <span class='ocrx_word' id='word_1_187' title='bbox 2397 1341 2680 1399; x_wconf 88' lang='lat' dir='ltr'><strong>solvendas</strong></span> <span class='ocrx_word' id='word_1_188' title='bbox 2723 1360 2753 1398; x_wconf 89' lang='lat' dir='ltr'><strong>a</strong></span> <span class='ocrx_word' id='word_1_189' title='bbox 2811 1343 3297 1402; x_wconf 81' lang='lat' dir='ltr'><strong>Mediolanensibus</strong></span> <span class='ocrx_word' id='word_1_190' title='bbox 3343 1362 3564 1418; x_wconf 88' lang='lat' dir='ltr'><strong>accepe-</strong></span> 
     </span>
    </p>
   </div>
   <div class='ocr_carea' id='block_1_27' title="bbox 1971 1431 3565 1507">
    <p class='ocr_par' dir='ltr' id='par_1_27' title="bbox 1971 1431 3565 1507">
     <span class='ocr_line' id='line_1_27' title="bbox 1971 1431 3565 1507; baseline 0.006 -25"><span class='ocrx_word' id='word_1_191' title='bbox 1971 1437 2089 1494; x_wconf 88' lang='lat' dir='ltr'><strong>rat,</strong></span> <span class='ocrx_word' id='word_1_192' title='bbox 2121 1445 2184 1484; x_wconf 91' lang='lat' dir='ltr'><strong>eo</strong></span> <span class='ocrx_word' id='word_1_193' title='bbox 2213 1444 2270 1484; x_wconf 90' lang='lat' dir='ltr'><strong>se</strong></span> <span class='ocrx_word' id='word_1_194' title='bbox 2304 1431 2522 1486; x_wconf 80' lang='lat' dir='ltr'><strong>nomine</strong></span> <span class='ocrx_word' id='word_1_195' title='bbox 2562 1433 2629 1486; x_wconf 90' lang='lat' dir='ltr'><strong>ab</strong></span> <span class='ocrx_word' id='word_1_196' title='bbox 2663 1432 2730 1488; x_wconf 89' lang='lat' dir='ltr'><strong>iis</strong></span> <span class='ocrx_word' id='word_1_197' title='bbox 2770 1434 3125 1491; x_wconf 88' lang='lat' dir='ltr'><strong>dissolvendis</strong></span> <span class='ocrx_word' id='word_1_198' title='bbox 3147 1449 3388 1500; x_wconf 81' lang='lat' dir='ltr'><strong>excusat,</strong></span> <span class='ocrx_word' id='word_1_199' title='bbox 3437 1437 3565 1507; x_wconf 86' lang='lat' dir='ltr'><strong>quia</strong></span> 
     </span>
    </p>
   </div>
   <div class='ocr_carea' id='block_1_28' title="bbox 1971 1520 3560 1594">
    <p class='ocr_par' dir='ltr' id='par_1_28' title="bbox 1971 1520 3560 1594">
     <span class='ocr_line' id='line_1_28' title="bbox 1971 1520 3560 1594; baseline 0.004 -20"><span class='ocrx_word' id='word_1_200' title='bbox 1971 1521 2162 1576; x_wconf 89' lang='lat' dir='ltr'><strong>studiis</strong></span> <span class='ocrx_word' id='word_1_201' title='bbox 2186 1520 2448 1590; x_wconf 81' lang='lat' dir='ltr'><strong>ejusmodi</strong></span> <span class='ocrx_word' id='word_1_202' title='bbox 2473 1532 2592 1593; x_wconf 91' lang='lat' dir='ltr'><strong>post</strong></span> <span class='ocrx_word' id='word_1_203' title='bbox 2613 1525 2972 1594; x_wconf 89' lang='lat' dir='ltr'><strong>episcopalem</strong></span> <span class='ocrx_word' id='word_1_204' title='bbox 2995 1526 3239 1582; x_wconf 87' lang='lat' dir='ltr'><strong>ordinem</strong></span> <span class='ocrx_word' id='word_1_205' title='bbox 3265 1527 3521 1582; x_wconf 83' lang='lat' dir='ltr'><strong>valedixit</strong></span> <span class='ocrx_word' id='word_1_206' title='bbox 3548 1547 3560 1580; x_wconf 95' lang='lat'><strong>:</strong></span> 
     </span>
    </p>
   </div>
   <div class='ocr_carea' id='block_1_29' title="bbox 1975 1610 3568 1686">
    <p class='ocr_par' dir='ltr' id='par_1_29' title="bbox 1975 1610 3568 1686">
     <span class='ocr_line' id='line_1_29' title="bbox 1975 1610 3568 1686; baseline 0.006 -25"><span class='ocrx_word' id='word_1_207' title='bbox 1975 1628 1995 1661; x_wconf 73' lang='grc' dir='ltr'><strong>ι</strong></span> <span class='ocrx_word' id='word_1_208' title='bbox 2029 1610 2312 1677; x_wconf 84' lang='lat' dir='ltr'><strong>lnlulatus,</strong></span> <span class='ocrx_word' id='word_1_209' title='bbox 2347 1631 2364 1664; x_wconf 72' lang='grc' dir='ltr'><strong>ι</strong></span> <span class='ocrx_word' id='word_1_210' title='bbox 2394 1613 2488 1678; x_wconf 91' lang='lat' dir='ltr'><strong>ait,</strong></span> <span class='ocrx_word' id='word_1_211' title='bbox 2537 1632 2555 1664; x_wconf 82' lang='grc' dir='ltr'><strong>ι</strong></span> <span class='ocrx_word' id='word_1_212' title='bbox 2597 1614 2697 1669; x_wconf 90' lang='lat' dir='ltr'><strong>hac</strong></span> <span class='ocrx_word' id='word_1_213' title='bbox 2723 1630 2826 1684; x_wconf 91' lang='lat' dir='ltr'><strong>qua</strong></span> <span class='ocrx_word' id='word_1_214' title='bbox 2853 1615 2946 1669; x_wconf 89' lang='lat' dir='ltr'><strong>Dei</strong></span> <span class='ocrx_word' id='word_1_215' title='bbox 2972 1615 3344 1672; x_wconf 88' lang='lat' dir='ltr'><strong>misericordia</strong></span> <span class='ocrx_word' id='word_1_216' title='bbox 3373 1616 3568 1686; x_wconf 82' lang='lat' dir='ltr'><strong>lungor</strong></span> 
     </span>
    </p>
   </div>
   <div class='ocr_carea' id='block_1_30' title="bbox 1969 1699 3567 1775">
    <p class='ocr_par' dir='ltr' id='par_1_30' title="bbox 1969 1699 3567 1775">
     <span class='ocr_line' id='line_1_30' title="bbox 1969 1699 3567 1775; baseline 0.006 -24"><span class='ocrx_word' id='word_1_217' title='bbox 1969 1699 2207 1764; x_wconf 90' lang='lat' dir='ltr'><strong>sarcina,</strong></span> <span class='ocrx_word' id='word_1_218' title='bbox 2255 1699 2383 1755; x_wconf 91' lang='lat' dir='ltr'><strong>illud</strong></span> <span class='ocrx_word' id='word_1_219' title='bbox 2421 1702 2602 1756; x_wconf 87' lang='lat' dir='ltr'><strong>statim</strong></span> <span class='ocrx_word' id='word_1_220' title='bbox 2639 1703 2774 1758; x_wconf 87' lang='lat' dir='ltr'><strong>desii</strong></span> <span class='ocrx_word' id='word_1_221' title='bbox 2805 1719 2984 1775; x_wconf 87' lang='lat' dir='ltr'><strong>agere,</strong></span> <span class='ocrx_word' id='word_1_222' title='bbox 3025 1703 3320 1774; x_wconf 92' lang='lat' dir='ltr'><strong>injunctum</strong></span> <span class='ocrx_word' id='word_1_223' title='bbox 3350 1706 3482 1762; x_wconf 85' lang='lat' dir='ltr'><strong>mihi</strong></span> <span class='ocrx_word' id='word_1_224' title='bbox 3513 1707 3567 1761; x_wconf 89' lang='lat' dir='ltr'><strong>in</strong></span> 
     </span>
    </p>
   </div>
   <div class='ocr_carea' id='block_1_31' title="bbox 260 1789 3568 1869">
    <p class='ocr_par' dir='ltr' id='par_1_31' title="bbox 260 1789 3568 1869">
     <span class='ocr_line' id='line_1_31' title="bbox 260 1789 3568 1869; baseline 0.002 -25"><span class='ocrx_word' id='word_1_225' title='bbox 260 1792 644 1862; x_wconf 81' lang='lat' dir='ltr'><strong>peroptabant.</strong></span> <span class='ocrx_word' id='word_1_226' title='bbox 695 1793 876 1864; x_wconf 84' lang='lat' dir='ltr'><strong>Ipsum</strong></span> <span class='ocrx_word' id='word_1_227' title='bbox 926 1793 1064 1848; x_wconf 80' lang='lat' dir='ltr'><strong>forte</strong></span> <span class='ocrx_word' id='word_1_228' title='bbox 1092 1809 1122 1849; x_wconf 91' lang='lat' dir='ltr'><strong>e</strong></span> <span class='ocrx_word' id='word_1_229' title='bbox 1147 1810 1366 1851; x_wconf 89' lang='lat' dir='ltr'><strong>carcere</strong></span> <span class='ocrx_word' id='word_1_230' title='bbox 1409 1795 1690 1850; x_wconf 85' lang='lat' dir='ltr'><strong>dimissum</strong></span> <span class='ocrx_word' id='word_1_231' title='bbox 1729 1796 1870 1852; x_wconf 84' lang='lat' dir='ltr'><strong>seie-</strong></span> <span class='ocrx_word' id='word_1_232' title='bbox 1904 1797 1948 1857; x_wconf 83' lang='lat' dir='ltr'><strong><em>B</em></strong></span> <span class='ocrx_word' id='word_1_233' title='bbox 1977 1793 2077 1845; x_wconf 83' lang='lat' dir='ltr'><strong>hoc</strong></span> <span class='ocrx_word' id='word_1_234' title='bbox 2104 1789 2278 1847; x_wconf 80' lang='lat' dir='ltr'><strong>oﬂicio</strong></span> <span class='ocrx_word' id='word_1_235' title='bbox 2311 1793 2577 1864; x_wconf 76' lang='lat' dir='ltr'><strong>cogitans,</strong></span> <span class='ocrx_word' id='word_1_236' title='bbox 2612 1794 2665 1848; x_wconf 87' lang='lat' dir='ltr'><strong>in</strong></span> <span class='ocrx_word' id='word_1_237' title='bbox 2696 1794 2791 1851; x_wconf 88' lang='lat' dir='ltr'><strong>Dei</strong></span> <span class='ocrx_word' id='word_1_238' title='bbox 2834 1797 3015 1866; x_wconf 87' lang='lat' dir='ltr'><strong>potius</strong></span> <span class='ocrx_word' id='word_1_239' title='bbox 3043 1797 3159 1869; x_wconf 87' lang='lat' dir='ltr'><strong>lege</strong></span> <span class='ocrx_word' id='word_1_240' title='bbox 3195 1796 3281 1852; x_wconf 87' lang='lat' dir='ltr'><strong>die</strong></span> <span class='ocrx_word' id='word_1_241' title='bbox 3314 1812 3378 1852; x_wconf 90' lang='lat' dir='ltr'><strong>ac</strong></span> <span class='ocrx_word' id='word_1_242' title='bbox 3407 1805 3568 1852; x_wconf 89' lang='lat' dir='ltr'><strong>nocte</strong></span> 
     </span>
    </p>
   </div>
   <div class='ocr_carea' id='block_1_32' title="bbox 259 1880 1858 1958">
    <p class='ocr_par' dir='ltr' id='par_1_32' title="bbox 259 1880 1858 1958">
     <span class='ocr_line' id='line_1_32' title="bbox 259 1880 1858 1958; baseline 0.004 -22"><span class='ocrx_word' id='word_1_243' title='bbox 259 1880 429 1937; x_wconf 84' lang='lat' dir='ltr'><strong>baut:</strong></span> <span class='ocrx_word' id='word_1_244' title='bbox 466 1892 524 1938; x_wconf 85' lang='lat' dir='ltr'><strong>at</strong></span> <span class='ocrx_word' id='word_1_245' title='bbox 553 1885 747 1940; x_wconf 82' lang='lat' dir='ltr'><strong>exsilio</strong></span> <span class='ocrx_word' id='word_1_246' title='bbox 779 1885 930 1942; x_wconf 86' lang='lat' dir='ltr'><strong>Comi</strong></span> <span class='ocrx_word' id='word_1_247' title='bbox 970 1886 1147 1942; x_wconf 89' lang='lat' dir='ltr'><strong>adhuc</strong></span> <span class='ocrx_word' id='word_1_248' title='bbox 1194 1887 1468 1941; x_wconf 87' lang='lat' dir='ltr'><strong>detentum</strong></span> <span class='ocrx_word' id='word_1_249' title='bbox 1517 1887 1858 1958; x_wconf 89' lang='lat' dir='ltr'><strong>ignorabant.</strong></span> 
     </span>
    </p>
   </div>
   <div class='ocr_carea' id='block_1_33' title="bbox 258 1971 1862 2048">
    <p class='ocr_par' dir='ltr' id='par_1_33' title="bbox 258 1971 1862 2048">
     <span class='ocr_line' id='line_1_33' title="bbox 258 1971 1862 2048; baseline 0.003 -21"><span class='ocrx_word' id='word_1_250' title='bbox 258 1971 342 2027; x_wconf 78' lang='lat' dir='ltr'><strong>Ad</strong></span> <span class='ocrx_word' id='word_1_251' title='bbox 385 1974 487 2030; x_wconf 91' lang='lat' dir='ltr'><strong>hos</strong></span> <span class='ocrx_word' id='word_1_252' title='bbox 523 1975 707 2046; x_wconf 81' lang='lat' dir='ltr'><strong>itaque</strong></span> <span class='ocrx_word' id='word_1_253' title='bbox 748 1976 894 2032; x_wconf 86' lang='lat' dir='ltr'><strong>dedit</strong></span> <span class='ocrx_word' id='word_1_254' title='bbox 929 1975 1235 2047; x_wconf 88' lang='lat' dir='ltr'><strong>epistolam,</strong></span> <span class='ocrx_word' id='word_1_255' title='bbox 1263 1985 1320 2031; x_wconf 90' lang='lat' dir='ltr'><strong>et</strong></span> <span class='ocrx_word' id='word_1_256' title='bbox 1357 1993 1479 2032; x_wconf 90' lang='lat' dir='ltr'><strong>cum</strong></span> <span class='ocrx_word' id='word_1_257' title='bbox 1510 1977 1565 2031; x_wconf 90' lang='lat' dir='ltr'><strong>in</strong></span> <span class='ocrx_word' id='word_1_258' title='bbox 1614 1978 1727 2048; x_wconf 91' lang='lat' dir='ltr'><strong>ipsa</strong></span> <span class='ocrx_word' id='word_1_259' title='bbox 1776 1978 1862 2032; x_wconf 87' lang='lat' dir='ltr'><strong>in-</strong></span> 
     </span>
    </p>
   </div>
   <div class='ocr_carea' id='block_1_34' title="bbox 258 2061 1864 2138">
    <p class='ocr_par' dir='ltr' id='par_1_34' title="bbox 258 2061 1864 2138">
     <span class='ocr_line' id='line_1_34' title="bbox 258 2061 1864 2138; baseline 0.006 -21"><span class='ocrx_word' id='word_1_260' title='bbox 258 2061 558 2132; x_wconf 87' lang='lat' dir='ltr'><strong>scriptione</strong></span> <span class='ocrx_word' id='word_1_261' title='bbox 609 2077 668 2120; x_wconf 85' lang='lat' dir='ltr'><strong>se</strong></span> <span class='ocrx_word' id='word_1_262' title='bbox 715 2066 946 2121; x_wconf 72' lang='lat' dir='ltr'><strong>exsulem</strong></span> <span class='ocrx_word' id='word_1_263' title='bbox 984 2065 1225 2138; x_wconf 60' lang='lat' dir='ltr'><strong>praefert,</strong></span> <span class='ocrx_word' id='word_1_264' title='bbox 1256 2075 1367 2121; x_wconf 89' lang='lat' dir='ltr'><strong>tum</strong></span> <span class='ocrx_word' id='word_1_265' title='bbox 1409 2082 1535 2122; x_wconf 83' lang='lat' dir='ltr'><strong>vero</strong></span> <span class='ocrx_word' id='word_1_266' title='bbox 1573 2068 1761 2123; x_wconf 90' lang='lat' dir='ltr'><strong>exsilio</strong></span> <span class='ocrx_word' id='word_1_267' title='bbox 1805 2084 1864 2126; x_wconf 88' lang='lat' dir='ltr'><strong>se</strong></span> 
     </span>
    </p>
   </div>
   <div class='ocr_carea' id='block_1_35' title="bbox 260 2155 1862 2230">
    <p class='ocr_par' dir='ltr' id='par_1_35' title="bbox 260 2155 1862 2230">
     <span class='ocr_line' id='line_1_35' title="bbox 260 2155 1862 2230; baseline 0.004 -22"><span class='ocrx_word' id='word_1_268' title='bbox 260 2155 515 2225; x_wconf 84' lang='lat' dir='ltr'><strong>impediri</strong></span> <span class='ocrx_word' id='word_1_269' title='bbox 542 2155 801 2224; x_wconf 69' lang='lat' dir='ltr'><strong>afﬁrmat,</strong></span> <span class='ocrx_word' id='word_1_270' title='bbox 831 2176 898 2214; x_wconf 88' lang='lat' dir='ltr'><strong>ne</strong></span> <span class='ocrx_word' id='word_1_271' title='bbox 927 2160 994 2214; x_wconf 91' lang='lat' dir='ltr'><strong>ad</strong></span> <span class='ocrx_word' id='word_1_272' title='bbox 1042 2160 1304 2230; x_wconf 87' lang='lat' dir='ltr'><strong>synodum</strong></span> <span class='ocrx_word' id='word_1_273' title='bbox 1334 2159 1597 2214; x_wconf 88' lang='lat' dir='ltr'><strong>invitatus</strong></span> <span class='ocrx_word' id='word_1_274' title='bbox 1632 2160 1862 2216; x_wconf 87' lang='lat' dir='ltr'><strong>accede-</strong></span> 
     </span>
    </p>
   </div>
   <div class='ocr_carea' id='block_1_36' title="bbox 259 2247 1860 2324">
    <p class='ocr_par' dir='ltr' id='par_1_36' title="bbox 259 2247 1860 2324">
     <span class='ocr_line' id='line_1_36' title="bbox 259 2247 1860 2324; baseline 0.006 -24"><span class='ocrx_word' id='word_1_275' title='bbox 259 2256 368 2301; x_wconf 87' lang='lat' dir='ltr'><strong>ret.</strong></span> <span class='ocrx_word' id='word_1_276' title='bbox 404 2266 425 2300; x_wconf 75' lang='grc' dir='ltr'><strong>ι</strong></span> <span class='ocrx_word' id='word_1_277' title='bbox 465 2247 566 2314; x_wconf 80' lang='lat' dir='ltr'><strong>Ea,</strong></span> <span class='ocrx_word' id='word_1_278' title='bbox 599 2251 794 2320; x_wconf 85' lang='lat' dir='ltr'><strong>inquit,</strong></span> <span class='ocrx_word' id='word_1_279' title='bbox 827 2251 1061 2318; x_wconf 88' lang='lat' dir='ltr'><strong>Domini,</strong></span> <span class='ocrx_word' id='word_1_280' title='bbox 1086 2269 1246 2322; x_wconf 88' lang='lat' dir='ltr'><strong>quam</strong></span> <span class='ocrx_word' id='word_1_281' title='bbox 1279 2253 1516 2308; x_wconf 80' lang='lat' dir='ltr'><strong>maxime</strong></span> <span class='ocrx_word' id='word_1_282' title='bbox 1558 2269 1719 2309; x_wconf 83' lang='lat' dir='ltr'><strong>causa</strong></span> <span class='ocrx_word' id='word_1_283' title='bbox 1755 2264 1860 2324; x_wconf 91' lang='lat' dir='ltr'><strong>est,</strong></span> 
     </span>
    </p>
   </div>
   <div class='ocr_carea' id='block_1_37' title="bbox 259 2337 1862 2407">
    <p class='ocr_par' dir='ltr' id='par_1_37' title="bbox 259 2337 1862 2407">
     <span class='ocr_line' id='line_1_37' title="bbox 259 2337 1862 2407; baseline 0.006 -18"><span class='ocrx_word' id='word_1_284' title='bbox 259 2337 579 2407; x_wconf 85' lang='lat' dir='ltr'><strong>qnodjuxta</strong></span> <span class='ocrx_word' id='word_1_285' title='bbox 604 2351 842 2397; x_wconf 86' lang='lat' dir='ltr'><strong>vestrum</strong></span> <span class='ocrx_word' id='word_1_286' title='bbox 878 2359 985 2399; x_wconf 86' lang='lat' dir='ltr'><strong>non</strong></span> <span class='ocrx_word' id='word_1_287' title='bbox 1016 2344 1228 2399; x_wconf 86' lang='lat' dir='ltr'><strong>occurri</strong></span> <span class='ocrx_word' id='word_1_288' title='bbox 1267 2353 1460 2398; x_wconf 59' lang='lat' dir='ltr'><strong>vestras</strong></span> <span class='ocrx_word' id='word_1_289' title='bbox 1509 2344 1862 2400; x_wconf 89' lang='lat' dir='ltr'><strong>dominationi</strong></span> 
     </span>
    </p>
   </div>
   <div class='ocr_carea' id='block_1_38' title="bbox 259 2433 1864 2507">
    <p class='ocr_par' dir='ltr' id='par_1_38' title="bbox 259 2433 1864 2507">
     <span class='ocr_line' id='line_1_38' title="bbox 259 2433 1864 2507; baseline 0.004 -22"><span class='ocrx_word' id='word_1_290' title='bbox 259 2440 594 2502; x_wconf 53' lang='lat' dir='ltr'><strong>praeceptum</strong></span> <span class='ocrx_word' id='word_1_291' title='bbox 642 2434 784 2503; x_wconf 86' lang='lat' dir='ltr'><strong>quod</strong></span> <span class='ocrx_word' id='word_1_292' title='bbox 815 2433 952 2505; x_wconf 87' lang='lat' dir='ltr'><strong>juris</strong></span> <span class='ocrx_word' id='word_1_293' title='bbox 981 2436 1095 2507; x_wconf 89' lang='lat' dir='ltr'><strong>ipse</strong></span> <span class='ocrx_word' id='word_1_294' title='bbox 1144 2451 1250 2491; x_wconf 91' lang='lat' dir='ltr'><strong>non</strong></span> <span class='ocrx_word' id='word_1_295' title='bbox 1297 2452 1416 2492; x_wconf 92' lang='lat' dir='ltr'><strong>sum</strong></span> <span class='ocrx_word' id='word_1_296' title='bbox 1451 2436 1677 2506; x_wconf 91' lang='lat' dir='ltr'><strong>proprii.</strong></span> <span class='ocrx_word' id='word_1_297' title='bbox 1713 2457 1730 2488; x_wconf 75' lang='grc' dir='ltr'><strong>ι</strong></span> <span class='ocrx_word' id='word_1_298' title='bbox 1763 2436 1864 2491; x_wconf 84' lang='lat' dir='ltr'><strong>Fa-</strong></span> 
     </span>
    </p>
   </div>
   <div class='ocr_carea' id='block_1_39' title="bbox 261 2519 1860 2598">
    <p class='ocr_par' dir='ltr' id='par_1_39' title="bbox 261 2519 1860 2598">
     <span class='ocr_line' id='line_1_39' title="bbox 261 2519 1860 2598; baseline 0.005 -24"><span class='ocrx_word' id='word_1_299' title='bbox 261 2537 425 2585; x_wconf 78' lang='lat' dir='ltr'><strong>nam,</strong></span> <span class='ocrx_word' id='word_1_300' title='bbox 474 2539 595 2593; x_wconf 72' lang='lat' dir='ltr'><strong>qua:</strong></span> <span class='ocrx_word' id='word_1_301' title='bbox 634 2527 698 2580; x_wconf 92' lang='lat' dir='ltr'><strong>de</strong></span> <span class='ocrx_word' id='word_1_302' title='bbox 736 2541 796 2582; x_wconf 88' lang='lat' dir='ltr'><strong>se</strong></span> <span class='ocrx_word' id='word_1_303' title='bbox 845 2537 964 2582; x_wconf 87' lang='lat' dir='ltr'><strong>erat</strong></span> <span class='ocrx_word' id='word_1_304' title='bbox 1016 2527 1253 2598; x_wconf 89' lang='lat' dir='ltr'><strong>vulgata,</strong></span> <span class='ocrx_word' id='word_1_305' title='bbox 1301 2527 1541 2582; x_wconf 87' lang='lat' dir='ltr'><strong>modeste</strong></span> <span class='ocrx_word' id='word_1_306' title='bbox 1585 2519 1860 2582; x_wconf 80' lang='lat' dir='ltr'><strong>extenuat.</strong></span> 
     </span>
    </p>
   </div>
   <div class='ocr_carea' id='block_1_40' title="bbox 262 2609 1866 2690">
    <p class='ocr_par' dir='ltr' id='par_1_40' title="bbox 262 2609 1866 2690">
     <span class='ocr_line' id='line_1_40' title="bbox 262 2609 1866 2690; baseline 0.005 -24"><span class='ocrx_word' id='word_1_307' title='bbox 262 2609 559 2681; x_wconf 72' lang='lat' dir='ltr'><strong>Miseriam,</strong></span> <span class='ocrx_word' id='word_1_308' title='bbox 587 2632 691 2686; x_wconf 90' lang='lat' dir='ltr'><strong>qua</strong></span> <span class='ocrx_word' id='word_1_309' title='bbox 735 2620 899 2672; x_wconf 90' lang='lat' dir='ltr'><strong>etiam</strong></span> <span class='ocrx_word' id='word_1_310' title='bbox 938 2627 1088 2674; x_wconf 92' lang='lat' dir='ltr'><strong>extra</strong></span> <span class='ocrx_word' id='word_1_311' title='bbox 1131 2635 1408 2674; x_wconf 89' lang='lat' dir='ltr'><strong>carcerem</strong></span> <span class='ocrx_word' id='word_1_312' title='bbox 1439 2619 1491 2672; x_wconf 89' lang='lat' dir='ltr'><strong>in</strong></span> <span class='ocrx_word' id='word_1_313' title='bbox 1529 2620 1719 2675; x_wconf 85' lang='lat' dir='ltr'><strong>exsilio</strong></span> <span class='ocrx_word' id='word_1_314' title='bbox 1745 2635 1866 2690; x_wconf 83' lang='lat' dir='ltr'><strong>pre-</strong></span> 
     </span>
    </p>
   </div>
   <div class='ocr_carea' id='block_1_41' title="bbox 261 2704 1863 2782">
    <p class='ocr_par' dir='ltr' id='par_1_41' title="bbox 261 2704 1863 2782">
     <span class='ocr_line' id='line_1_41' title="bbox 261 2704 1863 2782; baseline 0.006 -26"><span class='ocrx_word' id='word_1_315' title='bbox 261 2704 537 2772; x_wconf 79' lang='lat' dir='ltr'><strong>tuebatur,</strong></span> <span class='ocrx_word' id='word_1_316' title='bbox 565 2707 757 2763; x_wconf 82' lang='lat' dir='ltr'><strong>leviter</strong></span> <span class='ocrx_word' id='word_1_317' title='bbox 779 2711 971 2782; x_wconf 85' lang='lat' dir='ltr'><strong>tangit,</strong></span> <span class='ocrx_word' id='word_1_318' title='bbox 994 2709 1219 2780; x_wconf 85' lang='lat' dir='ltr'><strong>ejusque</strong></span> <span class='ocrx_word' id='word_1_319' title='bbox 1244 2711 1384 2766; x_wconf 91' lang='lat' dir='ltr'><strong>istud</strong></span> <span class='ocrx_word' id='word_1_320' title='bbox 1408 2711 1663 2767; x_wconf 92' lang='lat' dir='ltr'><strong>indicium</strong></span> <span class='ocrx_word' id='word_1_321' title='bbox 1686 2712 1863 2781; x_wconf 83' lang='lat' dir='ltr'><strong>allert,</strong></span> 
     </span>
    </p>
   </div>
   <div class='ocr_carea' id='block_1_42' title="bbox 261 2794 1865 2876">
    <p class='ocr_par' dir='ltr' id='par_1_42' title="bbox 261 2794 1865 2876">
     <span class='ocr_line' id='line_1_42' title="bbox 261 2794 1865 2876; baseline 0.008 -28"><span class='ocrx_word' id='word_1_322' title='bbox 261 2794 450 2851; x_wconf 85' lang='lat' dir='ltr'><strong>deesse</strong></span> <span class='ocrx_word' id='word_1_323' title='bbox 480 2798 584 2854; x_wconf 86' lang='lat' dir='ltr'><strong>sibi</strong></span> <span class='ocrx_word' id='word_1_324' title='bbox 625 2801 894 2868; x_wconf 85' lang='lat' dir='ltr'><strong>chartam,</strong></span> <span class='ocrx_word' id='word_1_325' title='bbox 952 2819 1057 2873; x_wconf 91' lang='lat' dir='ltr'><strong>qua</strong></span> <span class='ocrx_word' id='word_1_326' title='bbox 1108 2802 1406 2874; x_wconf 84' lang='lat' dir='ltr'><strong>longiorem</strong></span> <span class='ocrx_word' id='word_1_327' title='bbox 1457 2805 1865 2876; x_wconf 90' lang='lat' dir='ltr'><strong>dignioremque</strong></span> 
     </span>
    </p>
   </div>
   <div class='ocr_carea' id='block_1_43' title="bbox 258 2887 1867 2966">
    <p class='ocr_par' dir='ltr' id='par_1_43' title="bbox 258 2887 1867 2966">
     <span class='ocr_line' id='line_1_43' title="bbox 258 2887 1867 2966; baseline 0.004 -22"><span class='ocrx_word' id='word_1_328' title='bbox 258 2887 548 2958; x_wconf 86' lang='lat' dir='ltr'><strong>epistolam</strong></span> <span class='ocrx_word' id='word_1_329' title='bbox 587 2892 870 2948; x_wconf 90' lang='lat' dir='ltr'><strong>scriberet.</strong></span> <span class='ocrx_word' id='word_1_330' title='bbox 903 2892 1217 2948; x_wconf 88' lang='lat' dir='ltr'><strong>Subsidium</strong></span> <span class='ocrx_word' id='word_1_331' title='bbox 1254 2893 1468 2964; x_wconf 88' lang='lat' dir='ltr'><strong>aliquod</strong></span> <span class='ocrx_word' id='word_1_332' title='bbox 1497 2896 1732 2966; x_wconf 88' lang='lat' dir='ltr'><strong>postulat</strong></span> <span class='ocrx_word' id='word_1_333' title='bbox 1765 2911 1780 2949; x_wconf 89' lang='lat'><strong>:</strong></span> <span class='ocrx_word' id='word_1_334' title='bbox 1812 2905 1867 2951; x_wconf 87' lang='lat' dir='ltr'><strong>et</strong></span> 
     </span>
    </p>
   </div>
   <div class='ocr_carea' id='block_1_44' title="bbox 261 2981 1866 3056">
    <p class='ocr_par' dir='ltr' id='par_1_44' title="bbox 261 2981 1866 3056">
     <span class='ocr_line' id='line_1_44' title="bbox 261 2981 1866 3056; baseline 0.005 -20"><span class='ocrx_word' id='word_1_335' title='bbox 261 2997 384 3036; x_wconf 88' lang='lat' dir='ltr'><strong>cum</strong></span> <span class='ocrx_word' id='word_1_336' title='bbox 425 2982 543 3052; x_wconf 86' lang='lat' dir='ltr'><strong>ipse</strong></span> <span class='ocrx_word' id='word_1_337' title='bbox 583 2981 649 3037; x_wconf 91' lang='lat' dir='ltr'><strong>ad</strong></span> <span class='ocrx_word' id='word_1_338' title='bbox 685 2997 778 3037; x_wconf 89' lang='lat' dir='ltr'><strong>eos</strong></span> <span class='ocrx_word' id='word_1_339' title='bbox 824 2998 929 3039; x_wconf 83' lang='lat' dir='ltr'><strong>non</strong></span> <span class='ocrx_word' id='word_1_340' title='bbox 983 2995 1165 3055; x_wconf 88' lang='lat' dir='ltr'><strong>posset</strong></span> <span class='ocrx_word' id='word_1_341' title='bbox 1212 2986 1506 3056; x_wconf 77' lang='lat' dir='ltr'><strong>proﬁcisci,</strong></span> <span class='ocrx_word' id='word_1_342' title='bbox 1555 3002 1649 3042; x_wconf 84' lang='lat' dir='ltr'><strong>sex</strong></span> <span class='ocrx_word' id='word_1_343' title='bbox 1700 2988 1866 3044; x_wconf 89' lang='lat' dir='ltr'><strong>libros</strong></span> 
     </span>
    </p>
   </div>
   <div class='ocr_carea' id='block_1_45' title="bbox 261 3071 1865 3144">
    <p class='ocr_par' dir='ltr' id='par_1_45' title="bbox 261 3071 1865 3144">
     <span class='ocr_line' id='line_1_45' title="bbox 261 3071 1865 3144; baseline 0.002 -16"><span class='ocrx_word' id='word_1_344' title='bbox 261 3071 715 3143; x_wconf 74' lang='lat' dir='ltr'><strong>Prteioquiorum,</strong></span> <span class='ocrx_word' id='word_1_345' title='bbox 744 3088 881 3144; x_wconf 88' lang='lat' dir='ltr'><strong>quos</strong></span> <span class='ocrx_word' id='word_1_346' title='bbox 912 3073 965 3128; x_wconf 92' lang='lat' dir='ltr'><strong>in</strong></span> <span class='ocrx_word' id='word_1_347' title='bbox 1004 3073 1278 3130; x_wconf 84' lang='lat' dir='ltr'><strong>Ticinensi</strong></span> <span class='ocrx_word' id='word_1_348' title='bbox 1322 3075 1582 3130; x_wconf 89' lang='lat' dir='ltr'><strong>turricula</strong></span> <span class='ocrx_word' id='word_1_349' title='bbox 1615 3075 1865 3132; x_wconf 88' lang='lat' dir='ltr'><strong>lucubra-</strong></span> 
     </span>
    </p>
   </div>
   <div class='ocr_carea' id='block_1_46' title="bbox 262 3145 1937 3239">
    <p class='ocr_par' dir='ltr' id='par_1_46' title="bbox 262 3145 1937 3239">
     <span class='ocr_line' id='line_1_46' title="bbox 262 3145 1937 3239; baseline 0.006 -25"><span class='ocrx_word' id='word_1_350' title='bbox 262 3173 416 3218; x_wconf 84' lang='lat' dir='ltr'><strong>verat</strong></span> <span class='ocrx_word' id='word_1_351' title='bbox 447 3161 595 3235; x_wconf 84' lang='lat' dir='ltr'><strong>(Vid.</strong></span> <span class='ocrx_word' id='word_1_352' title='bbox 641 3161 986 3236; x_wconf 69' lang='lat' dir='ltr'><strong>Praeloquior.</strong></span> <span class='ocrx_word' id='word_1_353' title='bbox 1029 3165 1065 3220; x_wconf 87' lang='lat'><strong>1.</strong></span> <span class='ocrx_word' id='word_1_354' title='bbox 1106 3181 1158 3233; x_wconf 80' lang='grc' dir='ltr'><strong>ν,</strong></span> <span class='ocrx_word' id='word_1_355' title='bbox 1193 3173 1307 3220; x_wconf 84' lang='grc' dir='ltr'><strong>ηοι.</strong></span> <span class='ocrx_word' id='word_1_356' title='bbox 1336 3166 1436 3232; x_wconf 78' lang='lat'><strong>33;</strong></span> <span class='ocrx_word' id='word_1_357' title='bbox 1469 3166 1635 3222; x_wconf 84' lang='lat' dir='ltr'><strong>FULC.</strong></span> <span class='ocrx_word' id='word_1_358' title='bbox 1668 3184 1718 3222; x_wconf 93' lang='lat' dir='ltr'><strong>c.</strong></span> <span class='ocrx_word' id='word_1_359' title='bbox 1747 3168 1861 3239; x_wconf 73' lang='lat' dir='ltr'><strong>se),</strong></span> <span class='ocrx_word' id='word_1_360' title='bbox 1893 3145 1937 3210; x_wconf 85' lang='lat' dir='ltr'><strong>C</strong></span> 
     </span>
    </p>
   </div>
   <div class='ocr_carea' id='block_1_47' title="bbox 260 3253 1860 3326">
    <p class='ocr_par' dir='ltr' id='par_1_47' title="bbox 260 3253 1860 3326">
     <span class='ocr_line' id='line_1_47' title="bbox 260 3253 1860 3326; baseline 0.001 -17"><span class='ocrx_word' id='word_1_361' title='bbox 260 3254 345 3309; x_wconf 85' lang='lat' dir='ltr'><strong>sui</strong></span> <span class='ocrx_word' id='word_1_362' title='bbox 377 3253 498 3309; x_wconf 90' lang='lat' dir='ltr'><strong>loco</strong></span> <span class='ocrx_word' id='word_1_363' title='bbox 520 3253 585 3308; x_wconf 86' lang='lat' dir='ltr'><strong>ad</strong></span> <span class='ocrx_word' id='word_1_364' title='bbox 614 3254 759 3324; x_wconf 90' lang='lat' dir='ltr'><strong>ipsos</strong></span> <span class='ocrx_word' id='word_1_365' title='bbox 790 3255 992 3326; x_wconf 86' lang='lat' dir='ltr'><strong>dirigit,</strong></span> <span class='ocrx_word' id='word_1_366' title='bbox 1027 3265 1086 3311; x_wconf 90' lang='lat' dir='ltr'><strong>ut</strong></span> <span class='ocrx_word' id='word_1_367' title='bbox 1114 3254 1408 3312; x_wconf 86' lang='lat' dir='ltr'><strong>Fulcuinus</strong></span> <span class='ocrx_word' id='word_1_368' title='bbox 1437 3257 1604 3312; x_wconf 89' lang='lat' dir='ltr'><strong>etiam</strong></span> <span class='ocrx_word' id='word_1_369' title='bbox 1637 3260 1860 3314; x_wconf 85' lang='lat' dir='ltr'><strong>notavit.</strong></span> 
     </span>
    </p>
   </div>
   <div class='ocr_carea' id='block_1_48' title="bbox 262 3344 1862 3421">
    <p class='ocr_par' dir='ltr' id='par_1_48' title="bbox 262 3344 1862 3421">
     <span class='ocr_line' id='line_1_48' title="bbox 262 3344 1862 3421; baseline 0.004 -22"><span class='ocrx_word' id='word_1_370' title='bbox 262 3344 440 3400; x_wconf 79' lang='lat' dir='ltr'><strong>Aliam</strong></span> <span class='ocrx_word' id='word_1_371' title='bbox 477 3359 695 3416; x_wconf 87' lang='lat' dir='ltr'><strong>quoque</strong></span> <span class='ocrx_word' id='word_1_372' title='bbox 735 3346 1050 3414; x_wconf 88' lang='lat' dir='ltr'><strong>perbrevem</strong></span> <span class='ocrx_word' id='word_1_373' title='bbox 1083 3346 1388 3416; x_wconf 85' lang='lat' dir='ltr'><strong>epistolam,</strong></span> <span class='ocrx_word' id='word_1_374' title='bbox 1430 3364 1523 3404; x_wconf 92' lang='lat' dir='ltr'><strong>seu</strong></span> <span class='ocrx_word' id='word_1_375' title='bbox 1563 3351 1741 3421; x_wconf 90' lang='lat' dir='ltr'><strong>potius</strong></span> <span class='ocrx_word' id='word_1_376' title='bbox 1765 3350 1862 3405; x_wconf 83' lang='lat' dir='ltr'><strong>ad-</strong></span> 
     </span>
    </p>
   </div>
   <div class='ocr_carea' id='block_1_49' title="bbox 263 3436 1860 3508">
    <p class='ocr_par' dir='ltr' id='par_1_49' title="bbox 263 3436 1860 3508">
     <span class='ocr_line' id='line_1_49' title="bbox 263 3436 1860 3508; baseline 0.005 -19"><span class='ocrx_word' id='word_1_377' title='bbox 263 3436 597 3490; x_wconf 87' lang='lat' dir='ltr'><strong>notationem</strong></span> <span class='ocrx_word' id='word_1_378' title='bbox 626 3437 681 3490; x_wconf 90' lang='lat' dir='ltr'><strong>in</strong></span> <span class='ocrx_word' id='word_1_379' title='bbox 713 3436 957 3506; x_wconf 61' lang='lat' dir='ltr'><strong>epistolae</strong></span> <span class='ocrx_word' id='word_1_380' title='bbox 998 3436 1227 3494; x_wconf 84' lang='lat' dir='ltr'><strong>formam</strong></span> <span class='ocrx_word' id='word_1_381' title='bbox 1259 3439 1466 3495; x_wconf 91' lang='lat' dir='ltr'><strong>eisdem</strong></span> <span class='ocrx_word' id='word_1_382' title='bbox 1515 3441 1683 3508; x_wconf 88' lang='lat' dir='ltr'><strong>dedit,</strong></span> <span class='ocrx_word' id='word_1_383' title='bbox 1716 3457 1779 3496; x_wconf 93' lang='lat' dir='ltr'><strong>ac</strong></span> <span class='ocrx_word' id='word_1_384' title='bbox 1809 3444 1860 3497; x_wconf 94' lang='lat' dir='ltr'><strong>in</strong></span> 
     </span>
    </p>
   </div>
   <div class='ocr_carea' id='block_1_50' title="bbox 261 3532 1866 3605">
    <p class='ocr_par' dir='ltr' id='par_1_50' title="bbox 261 3532 1866 3605">
     <span class='ocr_line' id='line_1_50' title="bbox 261 3532 1866 3605; baseline 0.004 -19"><span class='ocrx_word' id='word_1_385' title='bbox 261 3533 510 3602; x_wconf 85' lang='lat' dir='ltr'><strong>quintum</strong></span> <span class='ocrx_word' id='word_1_386' title='bbox 534 3532 964 3604; x_wconf 77' lang='lat' dir='ltr'><strong>Pneloquiorum</strong></span> <span class='ocrx_word' id='word_1_387' title='bbox 991 3535 1186 3591; x_wconf 88' lang='lat' dir='ltr'><strong>librum</strong></span> <span class='ocrx_word' id='word_1_388' title='bbox 1213 3536 1456 3601; x_wconf 86' lang='lat' dir='ltr'><strong>inseruit,</strong></span> <span class='ocrx_word' id='word_1_389' title='bbox 1485 3552 1611 3591; x_wconf 92' lang='lat' dir='ltr'><strong>num</strong></span> <span class='ocrx_word' id='word_1_390' title='bbox 1635 3537 1719 3600; x_wconf 78' lang='lat' dir='ltr'><strong>l5,</strong></span> <span class='ocrx_word' id='word_1_391' title='bbox 1745 3551 1866 3605; x_wconf 67' lang='lat' dir='ltr'><strong>qua:</strong></span> 
     </span>
    </p>
   </div>
   <div class='ocr_carea' id='block_1_51' title="bbox 267 3626 1860 3697">
    <p class='ocr_par' dir='ltr' id='par_1_51' title="bbox 267 3626 1860 3697">
     <span class='ocr_line' id='line_1_51' title="bbox 267 3626 1860 3697; baseline 0.002 -19"><span class='ocrx_word' id='word_1_392' title='bbox 267 3626 320 3679; x_wconf 89' lang='lat' dir='ltr'><strong>in</strong></span> <span class='ocrx_word' id='word_1_393' title='bbox 366 3626 661 3697; x_wconf 82' lang='lat' dir='ltr'><strong>epigraphe</strong></span> <span class='ocrx_word' id='word_1_394' title='bbox 715 3642 809 3682; x_wconf 85' lang='lat' dir='ltr'><strong>eos</strong></span> <span class='ocrx_word' id='word_1_395' title='bbox 859 3629 913 3682; x_wconf 91' lang='lat' dir='ltr'><strong>in</strong></span> <span class='ocrx_word' id='word_1_396' title='bbox 965 3628 1198 3683; x_wconf 90' lang='lat' dir='ltr'><strong>concilio</strong></span> <span class='ocrx_word' id='word_1_397' title='bbox 1241 3635 1568 3684; x_wconf 88' lang='lat' dir='ltr'><strong>convocatos</strong></span> <span class='ocrx_word' id='word_1_398' title='bbox 1621 3626 1860 3696; x_wconf 64' lang='lat' dir='ltr'><strong>praefert.</strong></span> 
     </span>
    </p>
   </div>
   <div class='ocr_carea' id='block_1_52' title="bbox 272 3715 1864 3788">
    <p class='ocr_par' dir='ltr' id='par_1_52' title="bbox 272 3715 1864 3788">
     <span class='ocr_line' id='line_1_52' title="bbox 272 3715 1864 3788; baseline 0.005 -24"><span class='ocrx_word' id='word_1_399' title='bbox 272 3733 292 3764; x_wconf 76' lang='grc' dir='ltr'><strong>ι</strong></span> <span class='ocrx_word' id='word_1_400' title='bbox 311 3715 607 3772; x_wconf 79' lang='lat' dir='ltr'><strong>Ratherius</strong></span> <span class='ocrx_word' id='word_1_401' title='bbox 637 3718 792 3772; x_wconf 80' lang='lat' dir='ltr'><strong>exsul</strong></span> <span class='ocrx_word' id='word_1_402' title='bbox 813 3717 1033 3774; x_wconf 88' lang='lat' dir='ltr'><strong>Widoni</strong></span> <span class='ocrx_word' id='word_1_403' title='bbox 1057 3728 1217 3788; x_wconf 89' lang='lat' dir='ltr'><strong>atque</strong></span> <span class='ocrx_word' id='word_1_404' title='bbox 1248 3718 1864 3788; x_wconf 86' lang='lat' dir='ltr'><strong>Sobboniarchiepiseo-</strong></span> 
     </span>
    </p>
   </div>
   <div class='ocr_carea' id='block_1_53' title="bbox 267 3805 1858 3878">
    <p class='ocr_par' dir='ltr' id='par_1_53' title="bbox 267 3805 1858 3878">
     <span class='ocr_line' id='line_1_53' title="bbox 267 3805 1858 3878; baseline 0.002 -20"><span class='ocrx_word' id='word_1_405' title='bbox 267 3805 349 3873; x_wconf 82' lang='lat' dir='ltr'><strong>pis</strong></span> <span class='ocrx_word' id='word_1_406' title='bbox 373 3807 700 3875; x_wconf 62' lang='lat' dir='ltr'><strong>ueterisque</strong></span> <span class='ocrx_word' id='word_1_407' title='bbox 721 3808 1060 3878; x_wconf 86' lang='lat' dir='ltr'><strong>coepiscopis</strong></span> <span class='ocrx_word' id='word_1_408' title='bbox 1089 3809 1141 3863; x_wconf 89' lang='lat' dir='ltr'><strong>in</strong></span> <span class='ocrx_word' id='word_1_409' title='bbox 1169 3808 1398 3864; x_wconf 89' lang='lat' dir='ltr'><strong>concilio</strong></span> <span class='ocrx_word' id='word_1_410' title='bbox 1426 3807 1811 3863; x_wconf 87' lang='lat' dir='ltr'><strong>residentibus.</strong></span> <span class='ocrx_word' id='word_1_411' title='bbox 1841 3827 1858 3860; x_wconf 75' lang='grc' dir='ltr'><strong>ι</strong></span> 
     </span>
    </p>
   </div>
   <div class='ocr_carea' id='block_1_54' title="bbox 268 3897 1864 3968">
    <p class='ocr_par' dir='ltr' id='par_1_54' title="bbox 268 3897 1864 3968">
     <span class='ocr_line' id='line_1_54' title="bbox 268 3897 1864 3968; baseline 0.003 -16"><span class='ocrx_word' id='word_1_412' title='bbox 268 3897 397 3953; x_wconf 83' lang='lat' dir='ltr'><strong>Eum</strong></span> <span class='ocrx_word' id='word_1_413' title='bbox 443 3909 629 3955; x_wconf 90' lang='lat' dir='ltr'><strong>autem</strong></span> <span class='ocrx_word' id='word_1_414' title='bbox 659 3901 714 3954; x_wconf 91' lang='lat' dir='ltr'><strong>in</strong></span> <span class='ocrx_word' id='word_1_415' title='bbox 751 3901 925 3955; x_wconf 92' lang='lat' dir='ltr'><strong>locum</strong></span> <span class='ocrx_word' id='word_1_416' title='bbox 966 3901 1167 3956; x_wconf 90' lang='lat' dir='ltr'><strong>laudati</strong></span> <span class='ocrx_word' id='word_1_417' title='bbox 1213 3901 1337 3957; x_wconf 91' lang='lat' dir='ltr'><strong>libri</strong></span> <span class='ocrx_word' id='word_1_418' title='bbox 1373 3901 1577 3957; x_wconf 87' lang='lat' dir='ltr'><strong>inserta</strong></span> <span class='ocrx_word' id='word_1_419' title='bbox 1617 3901 1741 3968; x_wconf 82' lang='lat' dir='ltr'><strong>fuit,</strong></span> <span class='ocrx_word' id='word_1_420' title='bbox 1773 3900 1864 3956; x_wconf 88' lang='lat' dir='ltr'><strong>ubi</strong></span> 
     </span>
    </p>
   </div>
   <div class='ocr_carea' id='block_1_55' title="bbox 267 3983 1866 4064">
    <p class='ocr_par' dir='ltr' id='par_1_55' title="bbox 267 3983 1866 4064">
     <span class='ocr_line' id='line_1_55' title="bbox 267 3983 1866 4064; baseline 0.002 -19"><span class='ocrx_word' id='word_1_421' title='bbox 267 3994 644 4062; x_wconf 89' lang='lat' dir='ltr'><strong>conqueritur,</strong></span> <span class='ocrx_word' id='word_1_422' title='bbox 675 3994 946 4047; x_wconf 90' lang='lat' dir='ltr'><strong>neminem</strong></span> <span class='ocrx_word' id='word_1_423' title='bbox 987 3993 1234 4058; x_wconf 85' lang='lat' dir='ltr'><strong>inveniri,</strong></span> <span class='ocrx_word' id='word_1_424' title='bbox 1269 4012 1287 4045; x_wconf 75' lang='grc' dir='ltr'><strong>ι</strong></span> <span class='ocrx_word' id='word_1_425' title='bbox 1326 3993 1415 4064; x_wconf 91' lang='lat' dir='ltr'><strong>qui</strong></span> <span class='ocrx_word' id='word_1_426' title='bbox 1455 3983 1553 4063; x_wconf 88' lang='lat' dir='ltr'><strong>pro</strong></span> <span class='ocrx_word' id='word_1_427' title='bbox 1581 3995 1866 4064; x_wconf 81' lang='lat' dir='ltr'><strong>indigenti-</strong></span> 
     </span>
    </p>
   </div>
   <div class='ocr_carea' id='block_1_56' title="bbox 268 4083 1866 4155">
    <p class='ocr_par' dir='ltr' id='par_1_56' title="bbox 268 4083 1866 4155">
     <span class='ocr_line' id='line_1_56' title="bbox 268 4083 1866 4155; baseline 0.004 -19"><span class='ocrx_word' id='word_1_428' title='bbox 268 4083 368 4138; x_wconf 87' lang='lat' dir='ltr'><strong>bus</strong></span> <span class='ocrx_word' id='word_1_429' title='bbox 414 4084 780 4155; x_wconf 82' lang='lat' dir='ltr'><strong>interveniat,</strong></span> <span class='ocrx_word' id='word_1_430' title='bbox 823 4101 925 4155; x_wconf 92' lang='lat' dir='ltr'><strong>pro</strong></span> <span class='ocrx_word' id='word_1_431' title='bbox 966 4086 1236 4141; x_wconf 86' lang='lat' dir='ltr'><strong>damnatis</strong></span> <span class='ocrx_word' id='word_1_432' title='bbox 1285 4096 1478 4142; x_wconf 87' lang='lat' dir='ltr'><strong>exoret</strong></span> <span class='ocrx_word' id='word_1_433' title='bbox 1513 4105 1525 4140; x_wconf 93' lang='lat'>:</span> <span class='ocrx_word' id='word_1_434' title='bbox 1566 4105 1584 4138; x_wconf 77' lang='grc' dir='ltr'><strong>ι</strong></span> <span class='ocrx_word' id='word_1_435' title='bbox 1623 4087 1866 4142; x_wconf 89' lang='lat' dir='ltr'><strong>eosdem-</strong></span> 
     </span>
    </p>
   </div>
   <div class='ocr_carea' id='block_1_57' title="bbox 267 4154 1867 4248">
    <p class='ocr_par' dir='ltr' id='par_1_57' title="bbox 267 4154 1867 4248">
     <span class='ocr_line' id='line_1_57' title="bbox 267 4154 1867 4248; baseline 0.004 -21"><span class='ocrx_word' id='word_1_436' title='bbox 267 4187 374 4242; x_wconf 87' lang='lat' dir='ltr'><strong>que</strong></span> <span class='ocrx_word' id='word_1_437' title='bbox 399 4173 468 4228; x_wconf 88' lang='lat' dir='ltr'><strong>ad</strong></span> <span class='ocrx_word' id='word_1_438' title='bbox 501 4154 567 4230; x_wconf 74' lang='lat' dir='ltr'><strong>ea</strong></span> <span class='ocrx_word' id='word_1_439' title='bbox 598 4154 886 4246; x_wconf 86' lang='lat' dir='ltr'><strong>relegenda</strong></span> <span class='ocrx_word' id='word_1_440' title='bbox 930 4183 987 4229; x_wconf 94' lang='lat' dir='ltr'><strong>et</strong></span> <span class='ocrx_word' id='word_1_441' title='bbox 1031 4177 1378 4246; x_wconf 85' lang='lat' dir='ltr'><strong>expendenda</strong></span> <span class='ocrx_word' id='word_1_442' title='bbox 1419 4177 1642 4244; x_wconf 79' lang='lat' dir='ltr'><strong>excitat,</strong></span> <span class='ocrx_word' id='word_1_443' title='bbox 1671 4178 1867 4248; x_wconf 92' lang='lat' dir='ltr'><strong>quibus</strong></span> 
     </span>
    </p>
   </div>
   <div class='ocr_carea' id='block_1_58' title="bbox 271 4264 1864 4337">
    <p class='ocr_par' dir='ltr' id='par_1_58' title="bbox 271 4264 1864 4337">
     <span class='ocr_line' id='line_1_58' title="bbox 271 4264 1864 4337; baseline 0.003 -20"><span class='ocrx_word' id='word_1_444' title='bbox 271 4264 338 4318; x_wconf 90' lang='lat' dir='ltr'><strong>ad</strong></span> <span class='ocrx_word' id='word_1_445' title='bbox 366 4265 452 4319; x_wconf 89' lang='lat' dir='ltr'><strong>sui</strong></span> <span class='ocrx_word' id='word_1_446' title='bbox 497 4266 1029 4321; x_wconf 88' lang='lat' dir='ltr'><strong>commiserationem</strong></span> <span class='ocrx_word' id='word_1_447' title='bbox 1075 4281 1339 4337; x_wconf 85' lang='lat' dir='ltr'><strong>opemque</strong></span> <span class='ocrx_word' id='word_1_448' title='bbox 1377 4266 1676 4335; x_wconf 87' lang='lat' dir='ltr'><strong>ferendam,</strong></span> <span class='ocrx_word' id='word_1_449' title='bbox 1720 4277 1774 4322; x_wconf 90' lang='lat' dir='ltr'><strong>et</strong></span> <span class='ocrx_word' id='word_1_450' title='bbox 1800 4270 1864 4323; x_wconf 91' lang='lat' dir='ltr'><strong>ad</strong></span> 
     </span>
    </p>
   </div>
   <div class='ocr_carea' id='block_1_59' title="bbox 272 4339 1861 4428">
    <p class='ocr_par' dir='ltr' id='par_1_59' title="bbox 272 4339 1861 4428">
     <span class='ocr_line' id='line_1_59' title="bbox 272 4339 1861 4428; baseline 0.001 -20"><span class='ocrx_word' id='word_1_451' title='bbox 272 4357 630 4425; x_wconf 86' lang='lat' dir='ltr'><strong>patrocinium</strong></span> <span class='ocrx_word' id='word_1_452' title='bbox 663 4373 762 4428; x_wconf 91' lang='lat' dir='ltr'><strong>pro</strong></span> <span class='ocrx_word' id='word_1_453' title='bbox 791 4372 851 4412; x_wconf 89' lang='lat' dir='ltr'><strong>se</strong></span> <span class='ocrx_word' id='word_1_454' title='bbox 883 4357 1332 4426; x_wconf 87' lang='lat' dir='ltr'><strong>interponendum</strong></span> <span class='ocrx_word' id='word_1_455' title='bbox 1381 4339 1861 4427; x_wconf 75' lang='lat' dir='ltr'><strong>permoverentur;</strong></span> 
     </span>
    </p>
   </div>
   <div class='ocr_carea' id='block_1_60' title="bbox 1967 1882 3568 1958">
    <p class='ocr_par' dir='ltr' id='par_1_60' title="bbox 1967 1882 3568 1958">
     <span class='ocr_line' id='line_1_60' title="bbox 1967 1882 3568 1958; baseline 0.003 -21"><span class='ocrx_word' id='word_1_456' title='bbox 1967 1882 2217 1937; x_wconf 89' lang='lat' dir='ltr'><strong>meditari</strong></span> <span class='ocrx_word' id='word_1_457' title='bbox 2255 1883 2475 1940; x_wconf 89' lang='lat' dir='ltr'><strong>debere.</strong></span> <span class='ocrx_word' id='word_1_458' title='bbox 2515 1905 2534 1938; x_wconf 73' lang='grc' dir='ltr'><strong>ι</strong></span> <span class='ocrx_word' id='word_1_459' title='bbox 2569 1885 2684 1941; x_wconf 84' lang='grc' dir='ltr'><strong>Νοη</strong></span> <span class='ocrx_word' id='word_1_460' title='bbox 2713 1894 2876 1957; x_wconf 86' lang='lat' dir='ltr'><strong>negat</strong></span> <span class='ocrx_word' id='word_1_461' title='bbox 2906 1902 2966 1942; x_wconf 89' lang='lat' dir='ltr'><strong>ea</strong></span> <span class='ocrx_word' id='word_1_462' title='bbox 3006 1887 3184 1944; x_wconf 90' lang='lat' dir='ltr'><strong>studia</strong></span> <span class='ocrx_word' id='word_1_463' title='bbox 3233 1887 3435 1958; x_wconf 88' lang='lat' dir='ltr'><strong>aliquid</strong></span> <span class='ocrx_word' id='word_1_464' title='bbox 3472 1887 3568 1942; x_wconf 85' lang='lat' dir='ltr'><strong>ad-</strong></span> 
     </span>
    </p>
   </div>
   <div class='ocr_carea' id='block_1_61' title="bbox 1959 1971 3569 2049">
    <p class='ocr_par' dir='ltr' id='par_1_61' title="bbox 1959 1971 3569 2049">
     <span class='ocr_line' id='line_1_61' title="bbox 1959 1971 3569 2049; baseline 0.001 -21"><span class='ocrx_word' id='word_1_465' title='bbox 1959 1971 2188 2042; x_wconf 85' lang='lat' dir='ltr'><strong>jumenti</strong></span> <span class='ocrx_word' id='word_1_466' title='bbox 2236 1975 2493 2046; x_wconf 84' lang='lat' dir='ltr'><strong>episcopo</strong></span> <span class='ocrx_word' id='word_1_467' title='bbox 2538 1991 2698 2046; x_wconf 89' lang='lat' dir='ltr'><strong>posse</strong></span> <span class='ocrx_word' id='word_1_468' title='bbox 2729 1975 2942 2044; x_wconf 71' lang='lat' dir='ltr'><strong>afferre,</strong></span> <span class='ocrx_word' id='word_1_469' title='bbox 2991 1978 3038 2033; x_wconf 92' lang='lat' dir='ltr'><strong>si</strong></span> <span class='ocrx_word' id='word_1_470' title='bbox 3091 1978 3208 2049; x_wconf 87' lang='lat' dir='ltr'><strong>ipsa</strong></span> <span class='ocrx_word' id='word_1_471' title='bbox 3253 1977 3306 2034; x_wconf 90' lang='lat' dir='ltr'><strong>in</strong></span> <span class='ocrx_word' id='word_1_472' title='bbox 3351 1993 3569 2033; x_wconf 88' lang='lat' dir='ltr'><strong>sacrum</strong></span> 
     </span>
    </p>
   </div>
   <div class='ocr_carea' id='block_1_62' title="bbox 1965 2065 3567 2140">
    <p class='ocr_par' dir='ltr' id='par_1_62' title="bbox 1965 2065 3567 2140">
     <span class='ocr_line' id='line_1_62' title="bbox 1965 2065 3567 2140; baseline 0.001 -20"><span class='ocrx_word' id='word_1_473' title='bbox 1965 2082 2120 2120; x_wconf 90' lang='lat' dir='ltr'><strong>usum</strong></span> <span class='ocrx_word' id='word_1_474' title='bbox 2150 2067 2394 2120; x_wconf 82' lang='lat' dir='ltr'><strong>traducat</strong></span> <span class='ocrx_word' id='word_1_475' title='bbox 2421 2085 2435 2120; x_wconf 89' lang='lat'>:</span> <span class='ocrx_word' id='word_1_476' title='bbox 2483 2087 2500 2119; x_wconf 78' lang='grc' dir='ltr'><strong>ι</strong></span> <span class='ocrx_word' id='word_1_477' title='bbox 2537 2065 2740 2124; x_wconf 88' lang='lat' dir='ltr'><strong>Servus</strong></span> <span class='ocrx_word' id='word_1_478' title='bbox 2765 2083 2892 2124; x_wconf 85' lang='lat' dir='ltr'><strong>vero</strong></span> <span class='ocrx_word' id='word_1_479' title='bbox 2934 2068 3022 2124; x_wconf 91' lang='lat' dir='ltr'><strong>ille</strong></span> <span class='ocrx_word' id='word_1_480' title='bbox 3046 2085 3300 2140; x_wconf 86' lang='lat' dir='ltr'><strong>nequam,</strong></span> <span class='ocrx_word' id='word_1_481' title='bbox 3347 2089 3366 2122; x_wconf 72' lang='grc' dir='ltr'><strong>ι</strong></span> <span class='ocrx_word' id='word_1_482' title='bbox 3395 2068 3567 2132; x_wconf 88' lang='lat' dir='ltr'><strong>addit,</strong></span> 
     </span>
    </p>
   </div>
   <div class='ocr_carea' id='block_1_63' title="bbox 1971 2156 3570 2227">
    <p class='ocr_par' dir='ltr' id='par_1_63' title="bbox 1971 2156 3570 2227">
     <span class='ocr_line' id='line_1_63' title="bbox 1971 2156 3570 2227; baseline 0.003 -16"><span class='ocrx_word' id='word_1_483' title='bbox 1971 2174 1989 2207; x_wconf 77' lang='grc' dir='ltr'><strong>ι</strong></span> <span class='ocrx_word' id='word_1_484' title='bbox 2019 2157 2083 2211; x_wconf 90' lang='lat' dir='ltr'><strong>de</strong></span> <span class='ocrx_word' id='word_1_485' title='bbox 2104 2156 2398 2227; x_wconf 79' lang='lat' dir='ltr'><strong>Evangelio</strong></span> <span class='ocrx_word' id='word_1_486' title='bbox 2427 2156 2548 2212; x_wconf 91' lang='lat' dir='ltr'><strong>ideo</strong></span> <span class='ocrx_word' id='word_1_487' title='bbox 2575 2157 2937 2213; x_wconf 88' lang='lat' dir='ltr'><strong>damnationis</strong></span> <span class='ocrx_word' id='word_1_488' title='bbox 2964 2167 3178 2213; x_wconf 64' lang='lat' dir='ltr'><strong>aeterna:</strong></span> <span class='ocrx_word' id='word_1_489' title='bbox 3197 2159 3448 2214; x_wconf 87' lang='lat' dir='ltr'><strong>addictus</strong></span> <span class='ocrx_word' id='word_1_490' title='bbox 3483 2168 3570 2216; x_wconf 78' lang='lat' dir='ltr'><strong>est</strong></span> 
     </span>
    </p>
   </div>
   <div class='ocr_carea' id='block_1_64' title="bbox 1963 2247 3568 2319">
    <p class='ocr_par' dir='ltr' id='par_1_64' title="bbox 1963 2247 3568 2319">
     <span class='ocr_line' id='line_1_64' title="bbox 1963 2247 3568 2319; baseline 0.002 -15"><span class='ocrx_word' id='word_1_491' title='bbox 1963 2248 2202 2319; x_wconf 88' lang='lat' dir='ltr'><strong>eloquio,</strong></span> <span class='ocrx_word' id='word_1_492' title='bbox 2231 2249 2357 2317; x_wconf 92' lang='lat' dir='ltr'><strong>quia</strong></span> <span class='ocrx_word' id='word_1_493' title='bbox 2383 2247 2645 2303; x_wconf 84' lang='lat' dir='ltr'><strong>talentum</strong></span> <span class='ocrx_word' id='word_1_494' title='bbox 2675 2249 2979 2304; x_wconf 87' lang='lat' dir='ltr'><strong>intellectus</strong></span> <span class='ocrx_word' id='word_1_495' title='bbox 3007 2249 3195 2304; x_wconf 91' lang='lat' dir='ltr'><strong>maluit</strong></span> <span class='ocrx_word' id='word_1_496' title='bbox 3223 2260 3380 2306; x_wconf 62' lang='lat' dir='ltr'><strong>terrae</strong></span> <span class='ocrx_word' id='word_1_497' title='bbox 3409 2265 3568 2308; x_wconf 51' lang='lat' dir='ltr'><strong>man.</strong></span> 
     </span>
    </p>
   </div>
   <div class='ocr_carea' id='block_1_65' title="bbox 1963 2339 3565 2410">
    <p class='ocr_par' dir='ltr' id='par_1_65' title="bbox 1963 2339 3565 2410">
     <span class='ocr_line' id='line_1_65' title="bbox 1963 2339 3565 2410; baseline 0.002 -17"><span class='ocrx_word' id='word_1_498' title='bbox 1963 2340 2116 2405; x_wconf 83' lang='lat' dir='ltr'><strong>dare,</strong></span> <span class='ocrx_word' id='word_1_499' title='bbox 2147 2357 2310 2410; x_wconf 90' lang='lat' dir='ltr'><strong>quam</strong></span> <span class='ocrx_word' id='word_1_500' title='bbox 2347 2339 2486 2395; x_wconf 77' lang='lat' dir='ltr'><strong>cmlo</strong></span> <span class='ocrx_word' id='word_1_501' title='bbox 2512 2340 2726 2410; x_wconf 86' lang='lat' dir='ltr'><strong>penitus</strong></span> <span class='ocrx_word' id='word_1_502' title='bbox 2754 2339 3046 2394; x_wconf 91' lang='lat' dir='ltr'><strong>destinare.</strong></span> <span class='ocrx_word' id='word_1_503' title='bbox 3077 2340 3208 2408; x_wconf 87' lang='lat' dir='ltr'><strong>Quae</strong></span> <span class='ocrx_word' id='word_1_504' title='bbox 3246 2339 3565 2405; x_wconf 85' lang='lat' dir='ltr'><strong>similitudo,</strong></span> 
     </span>
    </p>
   </div>
   <div class='ocr_carea' id='block_1_66' title="bbox 1966 2430 3566 2502">
    <p class='ocr_par' dir='ltr' id='par_1_66' title="bbox 1966 2430 3566 2502">
     <span class='ocr_line' id='line_1_66' title="bbox 1966 2430 3566 2502; baseline 0.001 -17"><span class='ocrx_word' id='word_1_505' title='bbox 1966 2441 2022 2485; x_wconf 93' lang='lat' dir='ltr'><strong>ut</strong></span> <span class='ocrx_word' id='word_1_506' title='bbox 2046 2448 2190 2497; x_wconf 90' lang='lat' dir='ltr'><strong>reor,</strong></span> <span class='ocrx_word' id='word_1_507' title='bbox 2208 2442 2391 2486; x_wconf 90' lang='lat' dir='ltr'><strong>monet</strong></span> <span class='ocrx_word' id='word_1_508' title='bbox 2415 2432 2551 2487; x_wconf 90' lang='lat' dir='ltr'><strong>inter</strong></span> <span class='ocrx_word' id='word_1_509' title='bbox 2577 2442 2776 2486; x_wconf 69' lang='lat' dir='ltr'><strong>uetera</strong></span> <span class='ocrx_word' id='word_1_510' title='bbox 2799 2447 2884 2487; x_wconf 87' lang='lat' dir='ltr'><strong>me</strong></span> <span class='ocrx_word' id='word_1_511' title='bbox 2907 2440 3275 2502; x_wconf 77' lang='lat' dir='ltr'><strong>peccatorem,</strong></span> <span class='ocrx_word' id='word_1_512' title='bbox 3298 2430 3566 2488; x_wconf 85' lang='lat' dir='ltr'><strong>tantillum</strong></span> 
     </span>
    </p>
   </div>
   <div class='ocr_carea' id='block_1_67' title="bbox 1965 2522 3569 2596">
    <p class='ocr_par' dir='ltr' id='par_1_67' title="bbox 1965 2522 3569 2596">
     <span class='ocr_line' id='line_1_67' title="bbox 1965 2522 3569 2596; baseline 0 -18"><span class='ocrx_word' id='word_1_513' title='bbox 1965 2522 2244 2594; x_wconf 89' lang='lat' dir='ltr'><strong>ingenioli,</strong></span> <span class='ocrx_word' id='word_1_514' title='bbox 2274 2523 2417 2593; x_wconf 90' lang='lat' dir='ltr'><strong>quod</strong></span> <span class='ocrx_word' id='word_1_515' title='bbox 2443 2522 2552 2578; x_wconf 89' lang='lat' dir='ltr'><strong>Deo</strong></span> <span class='ocrx_word' id='word_1_516' title='bbox 2587 2538 2704 2578; x_wconf 88' lang='lat' dir='ltr'><strong>sum</strong></span> <span class='ocrx_word' id='word_1_517' title='bbox 2735 2531 3020 2579; x_wconf 90' lang='lat' dir='ltr'><strong>assecutus</strong></span> <span class='ocrx_word' id='word_1_518' title='bbox 3046 2523 3326 2596; x_wconf 83' lang='lat' dir='ltr'><strong>largiente,</strong></span> <span class='ocrx_word' id='word_1_519' title='bbox 3355 2523 3444 2578; x_wconf 91' lang='lat' dir='ltr'><strong>illo</strong></span> <span class='ocrx_word' id='word_1_520' title='bbox 3472 2541 3569 2594; x_wconf 81' lang='lat' dir='ltr'><strong>po-</strong></span> 
     </span>
    </p>
   </div>
   <div class='ocr_carea' id='block_1_68' title="bbox 1968 2613 3569 2683">
    <p class='ocr_par' dir='ltr' id='par_1_68' title="bbox 1968 2613 3569 2683">
     <span class='ocr_line' id='line_1_68' title="bbox 1968 2613 3569 2683; baseline 0.001 -15"><span class='ocrx_word' id='word_1_521' title='bbox 1968 2614 2075 2668; x_wconf 88' lang='lat' dir='ltr'><strong>tius</strong></span> <span class='ocrx_word' id='word_1_522' title='bbox 2101 2613 2223 2668; x_wconf 91' lang='lat' dir='ltr'><strong>acui</strong></span> <span class='ocrx_word' id='word_1_523' title='bbox 2265 2623 2537 2683; x_wconf 90' lang='lat' dir='ltr'><strong>oportere,</strong></span> <span class='ocrx_word' id='word_1_524' title='bbox 2567 2615 2658 2672; x_wconf 90' lang='lat' dir='ltr'><strong>ubi</strong></span> <span class='ocrx_word' id='word_1_525' title='bbox 2705 2614 2956 2672; x_wconf 85' lang='lat' dir='ltr'><strong>Christus</strong></span> <span class='ocrx_word' id='word_1_526' title='bbox 2994 2625 3079 2670; x_wconf 88' lang='lat' dir='ltr'><strong>est</strong></span> <span class='ocrx_word' id='word_1_527' title='bbox 3108 2616 3160 2669; x_wconf 92' lang='lat' dir='ltr'><strong>in</strong></span> <span class='ocrx_word' id='word_1_528' title='bbox 3204 2615 3426 2671; x_wconf 91' lang='lat' dir='ltr'><strong>dextera</strong></span> <span class='ocrx_word' id='word_1_529' title='bbox 3469 2615 3569 2682; x_wconf 87' lang='lat' dir='ltr'><strong>Dei</strong></span> 
     </span>
    </p>
   </div>
   <div class='ocr_carea' id='block_1_69' title="bbox 1970 2704 3571 2776">
    <p class='ocr_par' dir='ltr' id='par_1_69' title="bbox 1970 2704 3571 2776">
     <span class='ocr_line' id='line_1_69' title="bbox 1970 2704 3571 2776; baseline 0.001 -16"><span class='ocrx_word' id='word_1_530' title='bbox 1970 2704 2184 2771; x_wconf 87' lang='lat' dir='ltr'><strong>sedens,</strong></span> <span class='ocrx_word' id='word_1_531' title='bbox 2211 2719 2373 2776; x_wconf 90' lang='lat' dir='ltr'><strong>quam</strong></span> <span class='ocrx_word' id='word_1_532' title='bbox 2421 2713 2648 2761; x_wconf 81' lang='lat' dir='ltr'><strong>terrenae</strong></span> <span class='ocrx_word' id='word_1_533' title='bbox 2679 2707 2916 2762; x_wconf 79' lang='lat' dir='ltr'><strong>vanitati.</strong></span> <span class='ocrx_word' id='word_1_534' title='bbox 2955 2708 3315 2773; x_wconf 77' lang='lat' dir='ltr'><strong>committere,</strong></span> <span class='ocrx_word' id='word_1_535' title='bbox 3341 2718 3395 2763; x_wconf 90' lang='lat' dir='ltr'><strong>et</strong></span> <span class='ocrx_word' id='word_1_536' title='bbox 3432 2709 3571 2768; x_wconf 87' lang='lat' dir='ltr'><strong>nihil</strong></span> 
     </span>
    </p>
   </div>
   <div class='ocr_carea' id='block_1_70' title="bbox 1965 2795 3600 2861">
    <p class='ocr_par' dir='ltr' id='par_1_70' title="bbox 1965 2795 3600 2861">
     <span class='ocr_line' id='line_1_70' title="bbox 1965 2795 3600 2861; baseline -0.001 -12"><span class='ocrx_word' id='word_1_537' title='bbox 1965 2795 2113 2850; x_wconf 90' lang='lat' dir='ltr'><strong>aliud</strong></span> <span class='ocrx_word' id='word_1_538' title='bbox 2130 2795 2326 2851; x_wconf 78' lang='lat' dir='ltr'><strong>exinde</strong></span> <span class='ocrx_word' id='word_1_539' title='bbox 2349 2795 2454 2850; x_wconf 91' lang='lat' dir='ltr'><strong>nisi</strong></span> <span class='ocrx_word' id='word_1_540' title='bbox 2481 2804 2698 2852; x_wconf 87' lang='lat' dir='ltr'><strong>ventum</strong></span> <span class='ocrx_word' id='word_1_541' title='bbox 2725 2796 2961 2861; x_wconf 88' lang='lat' dir='ltr'><strong>inanem,</strong></span> <span class='ocrx_word' id='word_1_542' title='bbox 2987 2811 3087 2851; x_wconf 91' lang='lat' dir='ltr'><strong>nec</strong></span> <span class='ocrx_word' id='word_1_543' title='bbox 3107 2798 3224 2852; x_wconf 90' lang='lat' dir='ltr'><strong>sine</strong></span> <span class='ocrx_word' id='word_1_544' title='bbox 3245 2797 3568 2853; x_wconf 88' lang='lat' dir='ltr'><strong>detrimento</strong></span> <span class='ocrx_word' id='word_1_545' title='bbox 3597 2845 3600 2847; x_wconf 17' lang='grc' dir='ltr'><strong>Α</strong></span> 
     </span>
    </p>
   </div>
   <div class='ocr_carea' id='block_1_71' title="bbox 1966 2889 3569 2960">
    <p class='ocr_par' dir='ltr' id='par_1_71' title="bbox 1966 2889 3569 2960">
     <span class='ocr_line' id='line_1_71' title="bbox 1966 2889 3569 2960; baseline 0.002 -17"><span class='ocrx_word' id='word_1_546' title='bbox 1966 2890 2159 2944; x_wconf 74' lang='lat' dir='ltr'><strong>anima:</strong></span> <span class='ocrx_word' id='word_1_547' title='bbox 2182 2889 2418 2944; x_wconf 81' lang='lat' dir='ltr'><strong>maximo</strong></span> <span class='ocrx_word' id='word_1_548' title='bbox 2440 2898 2682 2960; x_wconf 90' lang='lat' dir='ltr'><strong>captare.</strong></span> <span class='ocrx_word' id='word_1_549' title='bbox 2719 2907 2736 2941; x_wconf 76' lang='grc' dir='ltr'><strong>ι</strong></span> <span class='ocrx_word' id='word_1_550' title='bbox 2767 2889 2901 2944; x_wconf 90' lang='lat' dir='ltr'><strong>Cum</strong></span> <span class='ocrx_word' id='word_1_551' title='bbox 2925 2903 3086 2959; x_wconf 90' lang='lat' dir='ltr'><strong>porro</strong></span> <span class='ocrx_word' id='word_1_552' title='bbox 3106 2889 3309 2960; x_wconf 91' lang='lat' dir='ltr'><strong>aliquid</strong></span> <span class='ocrx_word' id='word_1_553' title='bbox 3338 2889 3569 2946; x_wconf 88' lang='lat' dir='ltr'><strong>subsidii</strong></span> 
     </span>
    </p>
   </div>
   <div class='ocr_carea' id='block_1_72' title="bbox 1966 2980 3570 3056">
    <p class='ocr_par' dir='ltr' id='par_1_72' title="bbox 1966 2980 3570 3056">
     <span class='ocr_line' id='line_1_72' title="bbox 1966 2980 3570 3056; baseline 0 -19"><span class='ocrx_word' id='word_1_554' title='bbox 1966 2982 2066 3038; x_wconf 91' lang='lat' dir='ltr'><strong>sibi</strong></span> <span class='ocrx_word' id='word_1_555' title='bbox 2119 2980 2412 3036; x_wconf 79' lang='lat' dir='ltr'><strong>Rotbertus</strong></span> <span class='ocrx_word' id='word_1_556' title='bbox 2456 2981 2811 3051; x_wconf 89' lang='lat' dir='ltr'><strong>promisisset,</strong></span> <span class='ocrx_word' id='word_1_557' title='bbox 2863 2981 3069 3056; x_wconf 85' lang='lat' dir='ltr'><strong>gratias</strong></span> <span class='ocrx_word' id='word_1_558' title='bbox 3120 2982 3250 3052; x_wconf 89' lang='lat' dir='ltr'><strong>agit,</strong></span> <span class='ocrx_word' id='word_1_559' title='bbox 3297 2982 3458 3051; x_wconf 89' lang='lat' dir='ltr'><strong>idque</strong></span> <span class='ocrx_word' id='word_1_560' title='bbox 3512 2982 3570 3037; x_wconf 87' lang='lat' dir='ltr'><strong>in</strong></span> 
     </span>
    </p>
   </div>
   <div class='ocr_carea' id='block_1_73' title="bbox 1966 3072 3569 3146">
    <p class='ocr_par' dir='ltr' id='par_1_73' title="bbox 1966 3072 3569 3146">
     <span class='ocr_line' id='line_1_73' title="bbox 1966 3072 3569 3146; baseline 0 -18"><span class='ocrx_word' id='word_1_561' title='bbox 1966 3072 2221 3146; x_wconf 65' lang='lat' dir='ltr'><strong>praesenti</strong></span> <span class='ocrx_word' id='word_1_562' title='bbox 2246 3073 2572 3129; x_wconf 89' lang='lat' dir='ltr'><strong>necessitate</strong></span> <span class='ocrx_word' id='word_1_563' title='bbox 2595 3089 2756 3144; x_wconf 88' lang='lat' dir='ltr'><strong>quam</strong></span> <span class='ocrx_word' id='word_1_564' title='bbox 2789 3073 2948 3128; x_wconf 89' lang='lat' dir='ltr'><strong>citius</strong></span> <span class='ocrx_word' id='word_1_565' title='bbox 2977 3073 3344 3144; x_wconf 74' lang='lat' dir='ltr'><strong>przestandum</strong></span> <span class='ocrx_word' id='word_1_566' title='bbox 3377 3073 3569 3144; x_wconf 85' lang='lat' dir='ltr'><strong>deprc-</strong></span> 
     </span>
    </p>
   </div>
   <div class='ocr_carea' id='block_1_74' title="bbox 1968 3164 3567 3237">
    <p class='ocr_par' dir='ltr' id='par_1_74' title="bbox 1968 3164 3567 3237">
     <span class='ocr_line' id='line_1_74' title="bbox 1968 3164 3567 3237; baseline 0.001 -17"><span class='ocrx_word' id='word_1_567' title='bbox 1968 3175 2144 3220; x_wconf 92' lang='lat' dir='ltr'><strong>catur.</strong></span> <span class='ocrx_word' id='word_1_568' title='bbox 2174 3164 2399 3220; x_wconf 87' lang='lat' dir='ltr'><strong>Librum</strong></span> <span class='ocrx_word' id='word_1_569' title='bbox 2429 3165 2662 3235; x_wconf 88' lang='lat' dir='ltr'><strong>aliquem</strong></span> <span class='ocrx_word' id='word_1_570' title='bbox 2689 3165 2932 3220; x_wconf 81' lang='lat' dir='ltr'><strong>Ratherii</strong></span> <span class='ocrx_word' id='word_1_571' title='bbox 2961 3166 3101 3220; x_wconf 90' lang='lat' dir='ltr'><strong>idem</strong></span> <span class='ocrx_word' id='word_1_572' title='bbox 3127 3165 3567 3237; x_wconf 83' lang='lat' dir='ltr'><strong>archiepiscopus</strong></span> 
     </span>
    </p>
   </div>
   <div class='ocr_carea' id='block_1_75' title="bbox 1967 3256 3566 3329">
    <p class='ocr_par' dir='ltr' id='par_1_75' title="bbox 1967 3256 3566 3329">
     <span class='ocr_line' id='line_1_75' title="bbox 1967 3256 3566 3329; baseline -0.001 -17"><span class='ocrx_word' id='word_1_573' title='bbox 1967 3258 2181 3312; x_wconf 88' lang='lat' dir='ltr'><strong>videtur</strong></span> <span class='ocrx_word' id='word_1_574' title='bbox 2200 3256 2749 3328; x_wconf 64' lang='lat' dir='ltr'><strong>quazsisseNolumen</strong></span> <span class='ocrx_word' id='word_1_575' title='bbox 2771 3256 3220 3327; x_wconf 58' lang='lat' dir='ltr'><strong>Pragloquiorum,</strong></span> <span class='ocrx_word' id='word_1_576' title='bbox 3235 3257 3375 3329; x_wconf 89' lang='lat' dir='ltr'><strong>quod</strong></span> <span class='ocrx_word' id='word_1_577' title='bbox 3399 3273 3566 3311; x_wconf 89' lang='lat' dir='ltr'><strong>unum</strong></span> 
     </span>
    </p>
   </div>
   <div class='ocr_carea' id='block_1_76' title="bbox 1966 3347 3568 3421">
    <p class='ocr_par' dir='ltr' id='par_1_76' title="bbox 1966 3347 3568 3421">
     <span class='ocr_line' id='line_1_76' title="bbox 1966 3347 3568 3421; baseline -0.002 -17"><span class='ocrx_word' id='word_1_578' title='bbox 1966 3350 2204 3406; x_wconf 89' lang='lat' dir='ltr'><strong>habebat</strong></span> <span class='ocrx_word' id='word_1_579' title='bbox 2235 3351 2288 3405; x_wconf 90' lang='lat' dir='ltr'><strong>in</strong></span> <span class='ocrx_word' id='word_1_580' title='bbox 2316 3357 2590 3421; x_wconf 90' lang='lat' dir='ltr'><strong>promptu,</strong></span> <span class='ocrx_word' id='word_1_581' title='bbox 2615 3349 2792 3404; x_wconf 89' lang='lat' dir='ltr'><strong>eidem</strong></span> <span class='ocrx_word' id='word_1_582' title='bbox 2823 3347 3020 3403; x_wconf 77' lang='lat' dir='ltr'><strong>direxit</strong></span> <span class='ocrx_word' id='word_1_583' title='bbox 3049 3363 3110 3403; x_wconf 89' lang='lat' dir='ltr'><strong>ea</strong></span> <span class='ocrx_word' id='word_1_584' title='bbox 3143 3347 3473 3413; x_wconf 89' lang='lat' dir='ltr'><strong>conditione,</strong></span> <span class='ocrx_word' id='word_1_585' title='bbox 3507 3355 3568 3415; x_wconf 78' lang='lat' dir='ltr'><strong>ut</strong></span> 
     </span>
    </p>
   </div>
   <div class='ocr_carea' id='block_1_77' title="bbox 1967 3436 3566 3506">
    <p class='ocr_par' dir='ltr' id='par_1_77' title="bbox 1967 3436 3566 3506">
     <span class='ocr_line' id='line_1_77' title="bbox 1967 3436 3566 3506; baseline -0.004 -9"><span class='ocrx_word' id='word_1_586' title='bbox 1967 3442 2095 3497; x_wconf 91' lang='lat' dir='ltr'><strong>illud</strong></span> <span class='ocrx_word' id='word_1_587' title='bbox 2142 3441 2244 3496; x_wconf 91' lang='lat' dir='ltr'><strong>sibi</strong></span> <span class='ocrx_word' id='word_1_588' title='bbox 2294 3443 2446 3496; x_wconf 89' lang='lat' dir='ltr'><strong>ocius</strong></span> <span class='ocrx_word' id='word_1_589' title='bbox 2489 3440 2807 3494; x_wconf 89' lang='lat' dir='ltr'><strong>remitteret.</strong></span> <span class='ocrx_word' id='word_1_590' title='bbox 2858 3436 3010 3492; x_wconf 82' lang='lat' dir='ltr'><strong>lianc</strong></span> <span class='ocrx_word' id='word_1_591' title='bbox 3056 3446 3236 3490; x_wconf 90' lang='lat' dir='ltr'><strong>autem</strong></span> <span class='ocrx_word' id='word_1_592' title='bbox 3277 3436 3566 3506; x_wconf 88' lang='lat' dir='ltr'><strong>epistolam</strong></span> 
     </span>
    </p>
   </div>
   <div class='ocr_carea' id='block_1_78' title="bbox 1965 3523 3566 3599">
    <p class='ocr_par' dir='ltr' id='par_1_78' title="bbox 1965 3523 3566 3599">
     <span class='ocr_line' id='line_1_78' title="bbox 1965 3523 3566 3599; baseline -0.001 -17"><span class='ocrx_word' id='word_1_593' title='bbox 1965 3539 2087 3599; x_wconf 90' lang='lat' dir='ltr'><strong>post</strong></span> <span class='ocrx_word' id='word_1_594' title='bbox 2114 3529 2324 3582; x_wconf 90' lang='lat' dir='ltr'><strong>initium</strong></span> <span class='ocrx_word' id='word_1_595' title='bbox 2370 3527 2497 3582; x_wconf 91' lang='lat' dir='ltr'><strong>anni</strong></span> <span class='ocrx_word' id='word_1_596' title='bbox 2534 3526 2638 3581; x_wconf 77' lang='grc'><strong>940</strong></span> <span class='ocrx_word' id='word_1_597' title='bbox 2667 3527 2734 3580; x_wconf 92' lang='lat' dir='ltr'><strong>ab</strong></span> <span class='ocrx_word' id='word_1_598' title='bbox 2762 3525 2954 3579; x_wconf 91' lang='lat' dir='ltr'><strong>exsilio</strong></span> <span class='ocrx_word' id='word_1_599' title='bbox 2982 3523 3234 3579; x_wconf 85' lang='lat' dir='ltr'><strong>Comensi</strong></span> <span class='ocrx_word' id='word_1_600' title='bbox 3273 3524 3566 3580; x_wconf 86' lang='lat' dir='ltr'><strong>dissolutus</strong></span> 
     </span>
    </p>
   </div>
   <div class='ocr_carea' id='block_1_79' title="bbox 1966 3614 3564 3689">
    <p class='ocr_par' dir='ltr' id='par_1_79' title="bbox 1966 3614 3564 3689">
     <span class='ocr_line' id='line_1_79' title="bbox 1966 3614 3564 3689; baseline -0.003 -16"><span class='ocrx_word' id='word_1_601' title='bbox 1966 3619 2201 3689; x_wconf 91' lang='lat' dir='ltr'><strong>scripsit,</strong></span> <span class='ocrx_word' id='word_1_602' title='bbox 2234 3625 2518 3688; x_wconf 88' lang='lat' dir='ltr'><strong>antequam</strong></span> <span class='ocrx_word' id='word_1_603' title='bbox 2557 3616 2611 3671; x_wconf 90' lang='lat' dir='ltr'><strong>in</strong></span> <span class='ocrx_word' id='word_1_604' title='bbox 2644 3615 2926 3671; x_wconf 87' lang='lat' dir='ltr'><strong>Provincia</strong></span> <span class='ocrx_word' id='word_1_605' title='bbox 2969 3614 3298 3685; x_wconf 75' lang='lat' dir='ltr'><strong>lloestangni</strong></span> <span class='ocrx_word' id='word_1_606' title='bbox 3349 3614 3564 3673; x_wconf 51' lang='lat' dir='ltr'><strong>institue</strong></span> 
     </span>
    </p>
   </div>
   <div class='ocr_carea' id='block_1_80' title="bbox 1970 3704 3561 3776">
    <p class='ocr_par' dir='ltr' id='par_1_80' title="bbox 1970 3704 3561 3776">
     <span class='ocr_line' id='line_1_80' title="bbox 1970 3704 3561 3776; baseline -0.004 -12"><span class='ocrx_word' id='word_1_607' title='bbox 1970 3711 2100 3764; x_wconf 92' lang='lat' dir='ltr'><strong>tioni</strong></span> <span class='ocrx_word' id='word_1_608' title='bbox 2124 3725 2242 3764; x_wconf 89' lang='lat' dir='ltr'><strong>sese</strong></span> <span class='ocrx_word' id='word_1_609' title='bbox 2273 3707 2566 3762; x_wconf 90' lang='lat' dir='ltr'><strong>addiceret.</strong></span> <span class='ocrx_word' id='word_1_610' title='bbox 2605 3705 2743 3760; x_wconf 84' lang='lat' dir='ltr'><strong>Hinc</strong></span> <span class='ocrx_word' id='word_1_611' title='bbox 2771 3721 2892 3761; x_wconf 90' lang='lat' dir='ltr'><strong>cum</strong></span> <span class='ocrx_word' id='word_1_612' title='bbox 2930 3705 3059 3759; x_wconf 89' lang='lat' dir='ltr'><strong>nulli</strong></span> <span class='ocrx_word' id='word_1_613' title='bbox 3089 3713 3233 3760; x_wconf 91' lang='lat' dir='ltr'><strong>esset</strong></span> <span class='ocrx_word' id='word_1_614' title='bbox 3273 3704 3561 3776; x_wconf 88' lang='lat' dir='ltr'><strong>obligatus,</strong></span> 
     </span>
    </p>
   </div>
   <div class='ocr_carea' id='block_1_81' title="bbox 1969 3795 3565 3870">
    <p class='ocr_par' dir='ltr' id='par_1_81' title="bbox 1969 3795 3565 3870">
     <span class='ocr_line' id='line_1_81' title="bbox 1969 3795 3565 3870; baseline -0.005 -12"><span class='ocrx_word' id='word_1_615' title='bbox 1969 3802 2214 3858; x_wconf 78' lang='lat' dir='ltr'><strong>Rotberti</strong></span> <span class='ocrx_word' id='word_1_616' title='bbox 2257 3799 2480 3855; x_wconf 86' lang='lat' dir='ltr'><strong>servitio</strong></span> <span class='ocrx_word' id='word_1_617' title='bbox 2519 3814 2638 3854; x_wconf 90' lang='lat' dir='ltr'><strong>sese</strong></span> <span class='ocrx_word' id='word_1_618' title='bbox 2667 3808 2913 3870; x_wconf 89' lang='lat' dir='ltr'><strong>paratmn</strong></span> <span class='ocrx_word' id='word_1_619' title='bbox 2945 3797 3185 3863; x_wconf 80' lang='lat' dir='ltr'><strong>exhibet,</strong></span> <span class='ocrx_word' id='word_1_620' title='bbox 3221 3805 3273 3850; x_wconf 90' lang='lat' dir='ltr'><strong>ut</strong></span> <span class='ocrx_word' id='word_1_621' title='bbox 3308 3797 3360 3851; x_wconf 92' lang='lat' dir='ltr'><strong>in</strong></span> <span class='ocrx_word' id='word_1_622' title='bbox 3389 3795 3565 3866; x_wconf 85' lang='lat' dir='ltr'><strong>prima</strong></span> 
     </span>
    </p>
   </div>
   <div class='ocr_carea' id='block_1_82' title="bbox 1968 3886 3564 3961">
    <p class='ocr_par' dir='ltr' id='par_1_82' title="bbox 1968 3886 3564 3961">
     <span class='ocr_line' id='line_1_82' title="bbox 1968 3886 3564 3961; baseline -0.004 -12"><span class='ocrx_word' id='word_1_623' title='bbox 1968 3892 2315 3949; x_wconf 89' lang='lat' dir='ltr'><strong>adnotatione</strong></span> <span class='ocrx_word' id='word_1_624' title='bbox 2355 3891 2422 3946; x_wconf 91' lang='lat' dir='ltr'><strong>ad</strong></span> <span class='ocrx_word' id='word_1_625' title='bbox 2467 3891 2714 3946; x_wconf 87' lang='lat' dir='ltr'><strong>eamdem</strong></span> <span class='ocrx_word' id='word_1_626' title='bbox 2757 3888 3039 3961; x_wconf 86' lang='lat' dir='ltr'><strong>epistolam</strong></span> <span class='ocrx_word' id='word_1_627' title='bbox 3075 3886 3322 3959; x_wconf 90' lang='lat' dir='ltr'><strong>pluribus</strong></span> <span class='ocrx_word' id='word_1_628' title='bbox 3360 3886 3564 3942; x_wconf 84' lang='lat' dir='ltr'><strong>consti-</strong></span> 
     </span>
    </p>
   </div>
   <div class='ocr_carea' id='block_1_83' title="bbox 1972 3987 3349 4041">
    <p class='ocr_par' dir='ltr' id='par_1_83' title="bbox 1972 3987 3349 4041">
     <span class='ocr_line' id='line_1_83' title="bbox 1972 3987 3349 4041; baseline -0.009 0"><span class='ocrx_word' id='word_1_629' title='bbox 1972 3987 2193 4041; x_wconf 88' lang='lat' dir='ltr'><strong>tuimus.</strong></span> <span class='ocrx_word' id='word_1_630' title='bbox 3347 4035 3349 4038; x_wconf 18' lang='lat'><strong>,</strong></span> 
     </span>
    </p>
   </div>
   <div class='ocr_carea' id='block_1_84' title="bbox 2038 4071 3567 4146">
    <p class='ocr_par' dir='ltr' id='par_1_84' title="bbox 2038 4071 3567 4146">
     <span class='ocr_line' id='line_1_84' title="bbox 2038 4071 3567 4146; baseline -0.005 -12"><span class='ocrx_word' id='word_1_631' title='bbox 2038 4079 2125 4134; x_wconf 81' lang='lat' dir='ltr'><strong>5t).</strong></span> <span class='ocrx_word' id='word_1_632' title='bbox 2167 4077 2387 4132; x_wconf 87' lang='lat' dir='ltr'><strong>Interim</strong></span> <span class='ocrx_word' id='word_1_633' title='bbox 2417 4075 2668 4132; x_wconf 88' lang='lat' dir='ltr'><strong>omnibus</strong></span> <span class='ocrx_word' id='word_1_634' title='bbox 2715 4088 2904 4146; x_wconf 89' lang='lat' dir='ltr'><strong>egens,</strong></span> <span class='ocrx_word' id='word_1_635' title='bbox 2943 4074 2995 4128; x_wconf 91' lang='lat' dir='ltr'><strong>in</strong></span> <span class='ocrx_word' id='word_1_636' title='bbox 3033 4072 3338 4138; x_wconf 81' lang='lat' dir='ltr'><strong>Provincia,</strong></span> <span class='ocrx_word' id='word_1_637' title='bbox 3371 4081 3431 4126; x_wconf 92' lang='lat' dir='ltr'><strong>ut</strong></span> <span class='ocrx_word' id='word_1_638' title='bbox 3459 4071 3567 4136; x_wconf 71' lang='lat' dir='ltr'><strong>sibi,</strong></span> 
     </span>
    </p>
   </div>
   <div class='ocr_carea' id='block_1_85' title="bbox 1968 4162 3566 4238">
    <p class='ocr_par' dir='ltr' id='par_1_85' title="bbox 1968 4162 3566 4238">
     <span class='ocr_line' id='line_1_85' title="bbox 1968 4162 3566 4238; baseline -0.003 -14"><span class='ocrx_word' id='word_1_639' title='bbox 1968 4172 2168 4226; x_wconf 83' lang='lat' dir='ltr'><strong>victum</strong></span> <span class='ocrx_word' id='word_1_640' title='bbox 2198 4177 2560 4237; x_wconf 89' lang='lat' dir='ltr'><strong>compararet,</strong></span> <span class='ocrx_word' id='word_1_641' title='bbox 2584 4166 2808 4222; x_wconf 86' lang='lat' dir='ltr'><strong>docendi</strong></span> <span class='ocrx_word' id='word_1_642' title='bbox 2831 4164 3062 4221; x_wconf 83' lang='lat' dir='ltr'><strong>cilicium</strong></span> <span class='ocrx_word' id='word_1_643' title='bbox 3090 4164 3345 4234; x_wconf 86' lang='lat' dir='ltr'><strong>suscepit.</strong></span> <span class='ocrx_word' id='word_1_644' title='bbox 3379 4183 3395 4214; x_wconf 86' lang='grc' dir='ltr'><strong>ι</strong></span> <span class='ocrx_word' id='word_1_645' title='bbox 3427 4162 3566 4238; x_wconf 85' lang='lat' dir='ltr'><strong>Cum</strong></span> 
     </span>
    </p>
   </div>
   <div class='ocr_carea' id='block_1_86' title="bbox 1970 4253 3566 4330">
    <p class='ocr_par' dir='ltr' id='par_1_86' title="bbox 1970 4253 3566 4330">
     <span class='ocr_line' id='line_1_86' title="bbox 1970 4253 3566 4330; baseline -0.005 -14"><span class='ocrx_word' id='word_1_646' title='bbox 1970 4263 2022 4316; x_wconf 91' lang='lat' dir='ltr'><strong>in</strong></span> <span class='ocrx_word' id='word_1_647' title='bbox 2055 4277 2115 4315; x_wconf 90' lang='lat' dir='ltr'><strong>ea</strong></span> <span class='ocrx_word' id='word_1_648' title='bbox 2144 4269 2297 4330; x_wconf 89' lang='lat' dir='ltr'><strong>parte</strong></span> <span class='ocrx_word' id='word_1_649' title='bbox 2321 4258 2696 4328; x_wconf 65' lang='lat' dir='ltr'><strong>Burgundiae,»</strong></span> <span class='ocrx_word' id='word_1_650' title='bbox 2727 4256 2898 4327; x_wconf 89' lang='lat' dir='ltr'><strong>inquit</strong></span> <span class='ocrx_word' id='word_1_651' title='bbox 2921 4254 3214 4310; x_wconf 90' lang='lat' dir='ltr'><strong>Fulcuinus</strong></span> <span class='ocrx_word' id='word_1_652' title='bbox 3237 4253 3393 4320; x_wconf 72' lang='lat' dir='ltr'><strong>c.20,</strong></span> <span class='ocrx_word' id='word_1_653' title='bbox 3415 4267 3566 4322; x_wconf 64' lang='lat' dir='ltr'><strong>«qua:</strong></span> 
     </span>
    </p>
   </div>
   <div class='ocr_carea' id='block_1_87' title="bbox 1969 4345 3568 4428">
    <p class='ocr_par' dir='ltr' id='par_1_87' title="bbox 1969 4345 3568 4428">
     <span class='ocr_line' id='line_1_87' title="bbox 1969 4345 3568 4428; baseline -0.005 -20"><span class='ocrx_word' id='word_1_654' title='bbox 1969 4353 2254 4408; x_wconf 87' lang='lat' dir='ltr'><strong>Provincia</strong></span> <span class='ocrx_word' id='word_1_655' title='bbox 2294 4351 2512 4416; x_wconf 91' lang='lat' dir='ltr'><strong>dicitur,</strong></span> <span class='ocrx_word' id='word_1_656' title='bbox 2547 4349 2882 4414; x_wconf 88' lang='lat' dir='ltr'><strong>mansitaret,</strong></span> <span class='ocrx_word' id='word_1_657' title='bbox 2925 4347 3092 4402; x_wconf 85' lang='lat' dir='ltr'><strong>lilium</strong></span> <span class='ocrx_word' id='word_1_658' title='bbox 3141 4345 3420 4428; x_wconf 88' lang='lat' dir='ltr'><strong>cujusdam</strong></span> <span class='ocrx_word' id='word_1_659' title='bbox 3461 4346 3568 4402; x_wconf 83' lang='lat' dir='ltr'><strong>viri</strong></span> 
     </span>
    </p>
   </div>
   <div class='ocr_carea' id='block_1_88' title="bbox 272 4427 3568 4545">
    <p class='ocr_par' dir='ltr' id='par_1_88' title="bbox 272 4427 3568 4545">
     <span class='ocr_line' id='line_1_88' title="bbox 272 4427 3568 4545; baseline -0.002 -43"><span class='ocrx_word' id='word_1_660' title='bbox 272 4464 396 4502; x_wconf 90' lang='lat' dir='ltr'><strong>cum</strong></span> <span class='ocrx_word' id='word_1_661' title='bbox 426 4427 727 4519; x_wconf 64' lang='lat' dir='ltr'><strong>prmsertim</strong></span> <span class='ocrx_word' id='word_1_662' title='bbox 765 4451 908 4521; x_wconf 90' lang='lat' dir='ltr'><strong>apud</strong></span> <span class='ocrx_word' id='word_1_663' title='bbox 941 4450 1182 4522; x_wconf 85' lang='lat' dir='ltr'><strong>Ugonem</strong></span> <span class='ocrx_word' id='word_1_664' title='bbox 1209 4465 1389 4520; x_wconf 82' lang='lat' dir='ltr'><strong>regem</strong></span> <span class='ocrx_word' id='word_1_665' title='bbox 1431 4449 1862 4521; x_wconf 88' lang='lat' dir='ltr'><strong>conregionalem</strong></span> <span class='ocrx_word' id='word_1_666' title='bbox 1893 4486 1944 4545; x_wconf 69' lang='grc' dir='ltr'><strong><em>Β</em></strong></span> <span class='ocrx_word' id='word_1_667' title='bbox 1972 4446 2224 4502; x_wconf 88' lang='lat' dir='ltr'><strong>ditissimi</strong></span> <span class='ocrx_word' id='word_1_668' title='bbox 2255 4445 2473 4501; x_wconf 89' lang='lat' dir='ltr'><strong>nomine</strong></span> <span class='ocrx_word' id='word_1_669' title='bbox 2506 4445 2902 4515; x_wconf 78' lang='lat' dir='ltr'><strong>Roestangnum</strong></span> <span class='ocrx_word' id='word_1_670' title='bbox 2933 4444 2999 4498; x_wconf 88' lang='lat' dir='ltr'><strong>ad</strong></span> <span class='ocrx_word' id='word_1_671' title='bbox 3036 4427 3386 4512; x_wconf 89' lang='lat' dir='ltr'><strong>imbuendum</strong></span> <span class='ocrx_word' id='word_1_672' title='bbox 3422 4443 3568 4498; x_wconf 85' lang='lat' dir='ltr'><strong>litte-</strong></span> 
     </span>
    </p>
   </div>
   <div class='ocr_carea' id='block_1_89' title="bbox 273 4541 1426 4612">
    <p class='ocr_par' dir='ltr' id='par_1_89' title="bbox 273 4541 1426 4612">
     <span class='ocr_line' id='line_1_89' title="bbox 273 4541 1426 4612; baseline 0.002 -20"><span class='ocrx_word' id='word_1_673' title='bbox 273 4554 430 4594; x_wconf 82' lang='lat' dir='ltr'><strong>suum</strong></span> <span class='ocrx_word' id='word_1_674' title='bbox 456 4556 551 4595; x_wconf 91' lang='lat' dir='ltr'><strong>eos</strong></span> <span class='ocrx_word' id='word_1_675' title='bbox 577 4541 876 4612; x_wconf 90' lang='lat' dir='ltr'><strong>plurimum</strong></span> <span class='ocrx_word' id='word_1_676' title='bbox 905 4541 1084 4596; x_wconf 84' lang='lat' dir='ltr'><strong>valere</strong></span> <span class='ocrx_word' id='word_1_677' title='bbox 1111 4542 1426 4595; x_wconf 84' lang='lat' dir='ltr'><strong>ceuiideret.</strong></span> 
     </span>
    </p>
   </div>
   <div class='ocr_carea' id='block_1_90' title="bbox 342 4630 1864 4704">
    <p class='ocr_par' dir='ltr' id='par_1_90' title="bbox 342 4630 1864 4704">
     <span class='ocr_line' id='line_1_90' title="bbox 342 4630 1864 4704; baseline 0 -20"><span class='ocrx_word' id='word_1_678' title='bbox 342 4630 433 4686; x_wconf 76' lang='lat'><strong>29.</strong></span> <span class='ocrx_word' id='word_1_679' title='bbox 453 4630 700 4687; x_wconf 90' lang='lat' dir='ltr'><strong>Totidem</strong></span> <span class='ocrx_word' id='word_1_680' title='bbox 719 4648 892 4688; x_wconf 88' lang='lat' dir='ltr'><strong>annos</strong></span> <span class='ocrx_word' id='word_1_681' title='bbox 905 4634 1084 4704; x_wconf 82' lang='lat' dir='ltr'><strong>exegit</strong></span> <span class='ocrx_word' id='word_1_682' title='bbox 1101 4634 1153 4688; x_wconf 92' lang='lat' dir='ltr'><strong>in</strong></span> <span class='ocrx_word' id='word_1_683' title='bbox 1173 4631 1422 4687; x_wconf 87' lang='lat' dir='ltr'><strong>Comensi</strong></span> <span class='ocrx_word' id='word_1_684' title='bbox 1437 4632 1648 4697; x_wconf 83' lang='lat' dir='ltr'><strong>exsilio,</strong></span> <span class='ocrx_word' id='word_1_685' title='bbox 1669 4640 1798 4703; x_wconf 91' lang='lat' dir='ltr'><strong>quot</strong></span> <span class='ocrx_word' id='word_1_686' title='bbox 1814 4631 1864 4685; x_wconf 89' lang='lat' dir='ltr'><strong>in</strong></span> 
     </span>
    </p>
   </div>
   <div class='ocr_carea' id='block_1_91' title="bbox 276 4719 1869 4790">
    <p class='ocr_par' dir='ltr' id='par_1_91' title="bbox 276 4719 1869 4790">
     <span class='ocr_line' id='line_1_91' title="bbox 276 4719 1869 4790; baseline 0.001 -17"><span class='ocrx_word' id='word_1_687' title='bbox 276 4719 524 4790; x_wconf 86' lang='lat' dir='ltr'><strong>Papiensi</strong></span> <span class='ocrx_word' id='word_1_688' title='bbox 566 4738 808 4788; x_wconf 85' lang='lat' dir='ltr'><strong>carcere,</strong></span> <span class='ocrx_word' id='word_1_689' title='bbox 862 4724 912 4778; x_wconf 89' lang='lat' dir='ltr'><strong>id</strong></span> <span class='ocrx_word' id='word_1_690' title='bbox 962 4733 1046 4779; x_wconf 90' lang='lat' dir='ltr'><strong>est</strong></span> <span class='ocrx_word' id='word_1_691' title='bbox 1087 4738 1257 4778; x_wconf 91' lang='lat' dir='ltr'><strong>annos</strong></span> <span class='ocrx_word' id='word_1_692' title='bbox 1300 4724 1433 4778; x_wconf 90' lang='lat' dir='ltr'><strong>duos</strong></span> <span class='ocrx_word' id='word_1_693' title='bbox 1475 4739 1597 4778; x_wconf 90' lang='lat' dir='ltr'><strong>cum</strong></span> <span class='ocrx_word' id='word_1_694' title='bbox 1647 4723 1869 4776; x_wconf 89' lang='lat' dir='ltr'><strong>dimidio</strong></span> 
     </span>
    </p>
   </div>
   <div class='ocr_carea' id='block_1_92' title="bbox 279 4812 1869 4887">
    <p class='ocr_par' dir='ltr' id='par_1_92' title="bbox 279 4812 1869 4887">
     <span class='ocr_line' id='line_1_92' title="bbox 279 4812 1869 4887; baseline 0 -21"><span class='ocrx_word' id='word_1_695' title='bbox 279 4812 450 4880; x_wconf 76' lang='lat' dir='ltr'><strong>(epist.</strong></span> <span class='ocrx_word' id='word_1_696' title='bbox 501 4814 536 4868; x_wconf 85' lang='lat'>5</span> <span class='ocrx_word' id='word_1_697' title='bbox 573 4815 642 4868; x_wconf 81' lang='lat' dir='ltr'><strong>ad</strong></span> <span class='ocrx_word' id='word_1_698' title='bbox 681 4815 792 4876; x_wconf 79' lang='lat'><strong>10.,</strong></span> <span class='ocrx_word' id='word_1_699' title='bbox 827 4833 880 4869; x_wconf 87' lang='grc' dir='ltr'>ιι.</span> <span class='ocrx_word' id='word_1_700' title='bbox 930 4816 1006 4887; x_wconf 82' lang='lat'><strong>5).</strong></span> <span class='ocrx_word' id='word_1_701' title='bbox 1051 4817 1174 4872; x_wconf 89' lang='lat' dir='ltr'><strong>Fuit</strong></span> <span class='ocrx_word' id='word_1_702' title='bbox 1220 4816 1384 4885; x_wconf 82' lang='lat' dir='ltr'><strong>igitur</strong></span> <span class='ocrx_word' id='word_1_703' title='bbox 1420 4816 1569 4871; x_wconf 85' lang='lat' dir='ltr'><strong>exsul</strong></span> <span class='ocrx_word' id='word_1_704' title='bbox 1619 4814 1768 4869; x_wconf 89' lang='lat' dir='ltr'><strong>Comi</strong></span> <span class='ocrx_word' id='word_1_705' title='bbox 1799 4815 1869 4867; x_wconf 91' lang='lat' dir='ltr'><strong>ab</strong></span> 
     </span>
    </p>
   </div>
   <div class='ocr_carea' id='block_1_93' title="bbox 278 4907 1870 4980">
    <p class='ocr_par' dir='ltr' id='par_1_93' title="bbox 278 4907 1870 4980">
     <span class='ocr_line' id='line_1_93' title="bbox 278 4907 1870 4980; baseline -0.001 -20"><span class='ocrx_word' id='word_1_706' title='bbox 278 4907 516 4978; x_wconf 82' lang='lat' dir='ltr'><strong>Augusto</strong></span> <span class='ocrx_word' id='word_1_707' title='bbox 563 4910 690 4964; x_wconf 87' lang='lat' dir='ltr'><strong>anni</strong></span> <span class='ocrx_word' id='word_1_708' title='bbox 739 4910 840 4964; x_wconf 77' lang='grc'><strong>957</strong></span> <span class='ocrx_word' id='word_1_709' title='bbox 896 4926 1066 4980; x_wconf 87' lang='lat' dir='ltr'><strong>usque</strong></span> <span class='ocrx_word' id='word_1_710' title='bbox 1109 4911 1178 4964; x_wconf 88' lang='lat' dir='ltr'><strong>ad</strong></span> <span class='ocrx_word' id='word_1_711' title='bbox 1231 4910 1442 4964; x_wconf 90' lang='lat' dir='ltr'><strong>initium</strong></span> <span class='ocrx_word' id='word_1_712' title='bbox 1484 4910 1702 4965; x_wconf 86' lang='lat' dir='ltr'><strong>circiter</strong></span> <span class='ocrx_word' id='word_1_713' title='bbox 1744 4908 1870 4962; x_wconf 88' lang='lat' dir='ltr'><strong>anni</strong></span> 
     </span>
    </p>
   </div>
   <div class='ocr_carea' id='block_1_94' title="bbox 278 4996 1869 5071">
    <p class='ocr_par' dir='ltr' id='par_1_94' title="bbox 278 4996 1869 5071">
     <span class='ocr_line' id='line_1_94' title="bbox 278 4996 1869 5071; baseline 0.001 -20"><span class='ocrx_word' id='word_1_714' title='bbox 278 4996 399 5052; x_wconf 74' lang='grc' dir='ltr'><strong>θω.</strong></span> <span class='ocrx_word' id='word_1_715' title='bbox 430 4999 566 5054; x_wconf 83' lang='lat' dir='ltr'><strong>Cum</strong></span> <span class='ocrx_word' id='word_1_716' title='bbox 597 5009 779 5055; x_wconf 87' lang='lat' dir='ltr'><strong>autem</strong></span> <span class='ocrx_word' id='word_1_717' title='bbox 812 4999 997 5071; x_wconf 87' lang='lat' dir='ltr'><strong>Ugone</strong></span> <span class='ocrx_word' id='word_1_718' title='bbox 1023 5001 1182 5054; x_wconf 82' lang='lat' dir='ltr'><strong>invito</strong></span> <span class='ocrx_word' id='word_1_719' title='bbox 1211 5015 1268 5054; x_wconf 90' lang='lat' dir='ltr'><strong>se</strong></span> <span class='ocrx_word' id='word_1_720' title='bbox 1295 4999 1363 5054; x_wconf 87' lang='lat' dir='ltr'><strong>ab</strong></span> <span class='ocrx_word' id='word_1_721' title='bbox 1392 5003 1492 5057; x_wconf 91' lang='lat' dir='ltr'><strong>hoc</strong></span> <span class='ocrx_word' id='word_1_722' title='bbox 1524 4999 1713 5056; x_wconf 82' lang='lat' dir='ltr'><strong>exsilio</strong></span> <span class='ocrx_word' id='word_1_723' title='bbox 1736 5001 1869 5052; x_wconf 82' lang='lat' dir='ltr'><strong>lihe-</strong></span> 
     </span>
    </p>
   </div>
   <div class='ocr_carea' id='block_1_95' title="bbox 281 5089 1869 5164">
    <p class='ocr_par' dir='ltr' id='par_1_95' title="bbox 281 5089 1869 5164">
     <span class='ocr_line' id='line_1_95' title="bbox 281 5089 1869 5164; baseline 0.001 -24"><span class='ocrx_word' id='word_1_724' title='bbox 281 5097 451 5143; x_wconf 91' lang='lat' dir='ltr'><strong>ratmn</strong></span> <span class='ocrx_word' id='word_1_725' title='bbox 493 5089 754 5155; x_wconf 80' lang='lat' dir='ltr'><strong>alﬁrmet;</strong></span> <span class='ocrx_word' id='word_1_726' title='bbox 787 5091 868 5145; x_wconf 87' lang='lat' dir='ltr'><strong>vel</strong></span> <span class='ocrx_word' id='word_1_727' title='bbox 906 5091 1043 5146; x_wconf 89' lang='lat' dir='ltr'><strong>clam</strong></span> <span class='ocrx_word' id='word_1_728' title='bbox 1091 5091 1259 5147; x_wconf 92' lang='lat' dir='ltr'><strong>Como</strong></span> <span class='ocrx_word' id='word_1_729' title='bbox 1306 5089 1511 5164; x_wconf 75' lang='lat' dir='ltr'><strong>elfugit,</strong></span> <span class='ocrx_word' id='word_1_730' title='bbox 1553 5090 1638 5144; x_wconf 85' lang='lat' dir='ltr'><strong>vel</strong></span> <span class='ocrx_word' id='word_1_731' title='bbox 1689 5107 1869 5160; x_wconf 86' lang='lat' dir='ltr'><strong>regem</strong></span> 
     </span>
    </p>
   </div>
   <div class='ocr_carea' id='block_1_96' title="bbox 280 5179 1871 5251">
    <p class='ocr_par' dir='ltr' id='par_1_96' title="bbox 280 5179 1871 5251">
     <span class='ocr_line' id='line_1_96' title="bbox 280 5179 1871 5251; baseline 0.001 -19"><span class='ocrx_word' id='word_1_732' title='bbox 280 5181 491 5235; x_wconf 81' lang='lat' dir='ltr'><strong>inritum</strong></span> <span class='ocrx_word' id='word_1_733' title='bbox 524 5196 591 5235; x_wconf 87' lang='lat' dir='ltr'><strong>co</strong></span> <span class='ocrx_word' id='word_1_734' title='bbox 621 5195 782 5234; x_wconf 90' lang='lat' dir='ltr'><strong>sensu</strong></span> <span class='ocrx_word' id='word_1_735' title='bbox 809 5181 959 5246; x_wconf 84' lang='lat' dir='ltr'><strong>dixit,</strong></span> <span class='ocrx_word' id='word_1_736' title='bbox 991 5182 1115 5251; x_wconf 91' lang='lat' dir='ltr'><strong>quia</strong></span> <span class='ocrx_word' id='word_1_737' title='bbox 1142 5198 1247 5235; x_wconf 91' lang='lat' dir='ltr'><strong>non</strong></span> <span class='ocrx_word' id='word_1_738' title='bbox 1273 5191 1479 5250; x_wconf 89' lang='lat' dir='ltr'><strong>sponte,</strong></span> <span class='ocrx_word' id='word_1_739' title='bbox 1507 5180 1602 5236; x_wconf 86' lang='lat' dir='ltr'><strong>scd</strong></span> <span class='ocrx_word' id='word_1_740' title='bbox 1641 5179 1871 5234; x_wconf 87' lang='lat' dir='ltr'><strong>laudatis</strong></span> 
     </span>
    </p>
   </div>
   <div class='ocr_carea' id='block_1_97' title="bbox 279 5271 1868 5318">
    <p class='ocr_par' dir='ltr' id='par_1_97' title="bbox 279 5271 1868 5318">
     <span class='ocr_line' id='line_1_97' title="bbox 279 5271 1868 5318; baseline 0 0"><span class='ocrx_word' id='word_1_741' title='bbox 279 5271 413 5318; x_wconf 68' lang='lat' dir='ltr'><strong>forte</strong></span> <span class='ocrx_word' id='word_1_742' title='bbox 465 5273 741 5318; x_wconf 68' lang='lat' dir='ltr'><strong>puisennis</strong></span> <span class='ocrx_word' id='word_1_743' title='bbox 794 5275 1071 5318; x_wconf 67' lang='grc' dir='ltr'>εισριιιίιιιις</span> <span class='ocrx_word' id='word_1_744' title='bbox 1119 5275 1348 5318; x_wconf 75' lang='grc' dir='ltr'>ειΙιριιιιιιί</span> <span class='ocrx_word' id='word_1_745' title='bbox 1416 5277 1644 5318; x_wconf 67' lang='lat' dir='ltr'><strong>famulas</strong></span> <span class='ocrx_word' id='word_1_746' title='bbox 1695 5271 1868 5318; x_wconf 72' lang='lat' dir='ltr'><strong>eidem</strong></span> 
     </span>
    </p>
   </div>
   <div class='ocr_carea' id='block_1_98' title="bbox 1975 4528 3575 4607">
    <p class='ocr_par' dir='ltr' id='par_1_98' title="bbox 1975 4528 3575 4607">
     <span class='ocr_line' id='line_1_98' title="bbox 1975 4528 3575 4607; baseline -0.004 -15"><span class='ocrx_word' id='word_1_747' title='bbox 1975 4539 2051 4592; x_wconf 90' lang='lat' dir='ltr'><strong>ris</strong></span> <span class='ocrx_word' id='word_1_748' title='bbox 2071 4535 2372 4607; x_wconf 87' lang='lat' dir='ltr'><strong>postulatus</strong></span> <span class='ocrx_word' id='word_1_749' title='bbox 2397 4534 2618 4603; x_wconf 90' lang='lat' dir='ltr'><strong>recepit.</strong></span> <span class='ocrx_word' id='word_1_750' title='bbox 2650 4553 2666 4583; x_wconf 76' lang='grc' dir='ltr'><strong>ι</strong></span> <span class='ocrx_word' id='word_1_751' title='bbox 2697 4532 2808 4589; x_wconf 88' lang='lat' dir='ltr'><strong>Hoc</strong></span> <span class='ocrx_word' id='word_1_752' title='bbox 2849 4534 2902 4588; x_wconf 92' lang='lat' dir='ltr'><strong>in</strong></span> <span class='ocrx_word' id='word_1_753' title='bbox 2944 4531 3075 4604; x_wconf 82' lang='lat' dir='ltr'><strong>[Lvt]</strong></span> <span class='ocrx_word' id='word_1_754' title='bbox 3104 4547 3328 4588; x_wconf 85' lang='lat' dir='ltr'><strong>munere</strong></span> <span class='ocrx_word' id='word_1_755' title='bbox 3367 4528 3575 4587; x_wconf 85' lang='lat' dir='ltr'><strong>librum</strong></span> 
     </span>
    </p>
   </div>
   <div class='ocr_carea' id='block_1_99' title="bbox 1975 4625 3570 4696">
    <p class='ocr_par' dir='ltr' id='par_1_99' title="bbox 1975 4625 3570 4696">
     <span class='ocr_line' id='line_1_99' title="bbox 1975 4625 3570 4696; baseline -0.004 -10"><span class='ocrx_word' id='word_1_756' title='bbox 1975 4629 2215 4686; x_wconf 85' lang='lat' dir='ltr'><strong>condidit</strong></span> <span class='ocrx_word' id='word_1_757' title='bbox 2247 4649 2264 4680; x_wconf 73' lang='grc' dir='ltr'><strong>ς</strong></span> <span class='ocrx_word' id='word_1_758' title='bbox 2299 4628 2366 4682; x_wconf 88' lang='lat' dir='ltr'><strong>de</strong></span> <span class='ocrx_word' id='word_1_759' title='bbox 2407 4636 2526 4682; x_wconf 89' lang='lat' dir='ltr'><strong>arte</strong></span> <span class='ocrx_word' id='word_1_760' title='bbox 2566 4628 2952 4696; x_wconf 64' lang='lat' dir='ltr'><strong>grammaticae,</strong></span> <span class='ocrx_word' id='word_1_761' title='bbox 2985 4641 3145 4695; x_wconf 91' lang='lat' dir='ltr'><strong>quem</strong></span> <span class='ocrx_word' id='word_1_762' title='bbox 3185 4625 3448 4696; x_wconf 88' lang='lat' dir='ltr'><strong>gentilitio</strong></span> <span class='ocrx_word' id='word_1_763' title='bbox 3484 4625 3570 4680; x_wconf 84' lang='lat'><strong>10-.</strong></span> 
     </span>
    </p>
   </div>
   <div class='ocr_carea' id='block_1_100' title="bbox 1977 4715 3570 4794">
    <p class='ocr_par' dir='ltr' id='par_1_100' title="bbox 1977 4715 3570 4794">
     <span class='ocr_line' id='line_1_100' title="bbox 1977 4715 3570 4794; baseline -0.003 -18"><span class='ocrx_word' id='word_1_764' title='bbox 1977 4723 2174 4794; x_wconf 91' lang='lat' dir='ltr'><strong>qnendi</strong></span> <span class='ocrx_word' id='word_1_765' title='bbox 2219 4736 2368 4777; x_wconf 90' lang='lat' dir='ltr'><strong>more</strong></span> <span class='ocrx_word' id='word_1_766' title='bbox 2400 4720 2796 4791; x_wconf 88' lang='lat' dir='ltr'><strong>Sparadorsum</strong></span> <span class='ocrx_word' id='word_1_767' title='bbox 2830 4719 3062 4783; x_wconf 89' lang='lat' dir='ltr'><strong>vocavit,</strong></span> <span class='ocrx_word' id='word_1_768' title='bbox 3087 4733 3188 4787; x_wconf 88' lang='lat' dir='ltr'><strong>pro</strong></span> <span class='ocrx_word' id='word_1_769' title='bbox 3211 4735 3277 4774; x_wconf 90' lang='lat' dir='ltr'><strong>eo</strong></span> <span class='ocrx_word' id='word_1_770' title='bbox 3305 4715 3570 4794; x_wconf 79' lang='lat' dir='ltr'><strong>quodqui</strong></span> 
     </span>
    </p>
   </div>
   <div class='ocr_carea' id='block_1_101' title="bbox 1978 4792 3571 4886">
    <p class='ocr_par' dir='ltr' id='par_1_101' title="bbox 1978 4792 3571 4886">
     <span class='ocr_line' id='line_1_101' title="bbox 1978 4792 3571 4886; baseline -0.001 -20"><span class='ocrx_word' id='word_1_771' title='bbox 1978 4814 2177 4868; x_wconf 78' lang='lat' dir='ltr'><strong>scholis</strong></span> <span class='ocrx_word' id='word_1_772' title='bbox 2206 4820 2544 4886; x_wconf 86' lang='lat' dir='ltr'><strong>assuesceret</strong></span> <span class='ocrx_word' id='word_1_773' title='bbox 2596 4809 2872 4880; x_wconf 89' lang='lat' dir='ltr'><strong>puerulus,</strong></span> <span class='ocrx_word' id='word_1_774' title='bbox 2902 4811 3124 4866; x_wconf 89' lang='lat' dir='ltr'><strong>dorsum</strong></span> <span class='ocrx_word' id='word_1_775' title='bbox 3161 4823 3192 4861; x_wconf 91' lang='lat' dir='ltr'><strong>a</strong></span> <span class='ocrx_word' id='word_1_776' title='bbox 3231 4806 3414 4876; x_wconf 85' lang='lat' dir='ltr'><strong>ﬂagris</strong></span> <span class='ocrx_word' id='word_1_777' title='bbox 3448 4792 3571 4864; x_wconf 74' lang='lat' dir='ltr'><strong>ser-</strong></span> 
     </span>
    </p>
   </div>
   <div class='ocr_carea' id='block_1_102' title="bbox 1981 4900 3573 4974">
    <p class='ocr_par' dir='ltr' id='par_1_102' title="bbox 1981 4900 3573 4974">
     <span class='ocr_line' id='line_1_102' title="bbox 1981 4900 3573 4974; baseline -0.002 -16"><span class='ocrx_word' id='word_1_778' title='bbox 1981 4921 2109 4959; x_wconf 80' lang='lat' dir='ltr'><strong>vare</strong></span> <span class='ocrx_word' id='word_1_779' title='bbox 2140 4914 2342 4974; x_wconf 90' lang='lat' dir='ltr'><strong>posset.</strong></span> <span class='ocrx_word' id='word_1_780' title='bbox 2377 4924 2394 4955; x_wconf 76' lang='grc' dir='ltr'><strong>ι</strong></span> <span class='ocrx_word' id='word_1_781' title='bbox 2431 4903 2626 4960; x_wconf 79' lang='lat' dir='ltr'><strong>Confer</strong></span> <span class='ocrx_word' id='word_1_782' title='bbox 2656 4901 3025 4973; x_wconf 70' lang='lat' dir='ltr'><strong>praelationem</strong></span> <span class='ocrx_word' id='word_1_783' title='bbox 3054 4900 3380 4968; x_wconf 80' lang='lat' dir='ltr'><strong>generalem.</strong></span> <span class='ocrx_word' id='word_1_784' title='bbox 3415 4913 3573 4967; x_wconf 80' lang='lat' dir='ltr'><strong>num,</strong></span> 
     </span>
    </p>
   </div>
   <div class='ocr_carea' id='block_1_103' title="bbox 1982 4986 3581 5067">
    <p class='ocr_par' dir='ltr' id='par_1_103' title="bbox 1982 4986 3581 5067">
     <span class='ocr_line' id='line_1_103' title="bbox 1982 4986 3581 5067; baseline -0.002 -16"><span class='ocrx_word' id='word_1_785' title='bbox 1982 4998 2064 5052; x_wconf 82' lang='lat' dir='ltr'><strong>-l9.</strong></span> <span class='ocrx_word' id='word_1_786' title='bbox 2092 4995 2318 5067; x_wconf 86' lang='lat' dir='ltr'><strong>Aliquod</strong></span> <span class='ocrx_word' id='word_1_787' title='bbox 2346 5011 2451 5050; x_wconf 89' lang='lat' dir='ltr'><strong>non</strong></span> <span class='ocrx_word' id='word_1_788' title='bbox 2481 4997 2644 5051; x_wconf 86' lang='lat' dir='ltr'><strong>breve</strong></span> <span class='ocrx_word' id='word_1_789' title='bbox 2671 5002 2882 5064; x_wconf 84' lang='lat' dir='ltr'><strong>tempus</strong></span> <span class='ocrx_word' id='word_1_790' title='bbox 2910 4996 2961 5049; x_wconf 92' lang='lat' dir='ltr'><strong>in</strong></span> <span class='ocrx_word' id='word_1_791' title='bbox 2996 4990 3322 5059; x_wconf 67' lang='lat' dir='ltr'><strong>[toestangni</strong></span> <span class='ocrx_word' id='word_1_792' title='bbox 3353 4986 3581 5048; x_wconf 80' lang='lat' dir='ltr'><strong>institu-</strong></span> 
     </span>
    </p>
   </div>
   <div class='ocr_carea' id='block_1_104' title="bbox 1983 5078 3582 5160">
    <p class='ocr_par' dir='ltr' id='par_1_104' title="bbox 1983 5078 3582 5160">
     <span class='ocr_line' id='line_1_104' title="bbox 1983 5078 3582 5160; baseline -0.008 -16"><span class='ocrx_word' id='word_1_793' title='bbox 1983 5093 2126 5146; x_wconf 88' lang='lat' dir='ltr'><strong>tione</strong></span> <span class='ocrx_word' id='word_1_794' title='bbox 2156 5089 2454 5160; x_wconf 87' lang='lat' dir='ltr'><strong>transegit:</strong></span> <span class='ocrx_word' id='word_1_795' title='bbox 2485 5089 2638 5159; x_wconf 87' lang='lat' dir='ltr'><strong>cujus</strong></span> <span class='ocrx_word' id='word_1_796' title='bbox 2661 5102 2823 5142; x_wconf 89' lang='lat' dir='ltr'><strong>causa</strong></span> <span class='ocrx_word' id='word_1_797' title='bbox 2858 5108 2874 5138; x_wconf 80' lang='grc' dir='ltr'><strong>ι</strong></span> <span class='ocrx_word' id='word_1_798' title='bbox 2911 5086 2982 5141; x_wconf 90' lang='lat' dir='ltr'><strong>ibi</strong></span> <span class='ocrx_word' id='word_1_799' title='bbox 3024 5083 3097 5152; x_wconf 90' lang='lat' dir='ltr'><strong>(id</strong></span> <span class='ocrx_word' id='word_1_800' title='bbox 3127 5089 3211 5134; x_wconf 88' lang='lat' dir='ltr'><strong>est</strong></span> <span class='ocrx_word' id='word_1_801' title='bbox 3253 5079 3306 5132; x_wconf 92' lang='lat' dir='ltr'><strong>in</strong></span> <span class='ocrx_word' id='word_1_802' title='bbox 3336 5078 3544 5140; x_wconf 86' lang='lat' dir='ltr'><strong>Provin</strong></span> <span class='ocrx_word' id='word_1_803' title='bbox 3564 5119 3582 5132; x_wconf 91' lang='lat'><strong>.</strong></span> 
     </span>
    </p>
   </div>
   <div class='ocr_carea' id='block_1_105' title="bbox 1979 5171 3580 5255">
    <p class='ocr_par' dir='ltr' id='par_1_105' title="bbox 1979 5171 3580 5255">
     <span class='ocr_line' id='line_1_105' title="bbox 1979 5171 3580 5255; baseline -0.004 -16"><span class='ocrx_word' id='word_1_804' title='bbox 1979 5185 2083 5254; x_wconf 84' lang='lat' dir='ltr'><strong>eia)</strong></span> <span class='ocrx_word' id='word_1_805' title='bbox 2115 5186 2163 5240; x_wconf 91' lang='lat' dir='ltr'><strong>ei</strong></span> <span class='ocrx_word' id='word_1_806' title='bbox 2193 5185 2534 5255; x_wconf 77' lang='lat' dir='ltr'><strong>epiSCOpatus</strong></span> <span class='ocrx_word' id='word_1_807' title='bbox 2561 5182 2717 5236; x_wconf 89' lang='lat' dir='ltr'><strong>datus</strong></span> <span class='ocrx_word' id='word_1_808' title='bbox 2745 5189 2848 5244; x_wconf 87' lang='lat' dir='ltr'><strong>est,</strong></span> <span class='ocrx_word' id='word_1_809' title='bbox 2881 5190 3040 5250; x_wconf 89' lang='lat' dir='ltr'><strong>quem</strong></span> <span class='ocrx_word' id='word_1_810' title='bbox 3086 5171 3391 5240; x_wconf 82' lang='lat' dir='ltr'><strong>relinquens</strong></span> <span class='ocrx_word' id='word_1_811' title='bbox 3427 5174 3580 5232; x_wconf 80' lang='lat' dir='ltr'><strong>Lau-</strong></span> 
     </span>
    </p>
   </div>
   <div class='ocr_carea' id='block_1_106' title="bbox 1981 5262 3583 5318">
    <p class='ocr_par' dir='ltr' id='par_1_106' title="bbox 1981 5262 3583 5318">
     <span class='ocr_line' id='line_1_106' title="bbox 1981 5262 3583 5318; baseline 0.001 0"><span class='ocrx_word' id='word_1_812' title='bbox 1981 5275 2094 5318; x_wconf 69' lang='lat' dir='ltr'><strong>liine</strong></span> <span class='ocrx_word' id='word_1_813' title='bbox 2127 5274 2435 5318; x_wconf 74' lang='lat' dir='ltr'><strong>rpvprtitttr.</strong></span> <span class='ocrx_word' id='word_1_814' title='bbox 2468 5295 2484 5318; x_wconf 77' lang='grc' dir='ltr'><strong>ι</strong></span> <span class='ocrx_word' id='word_1_815' title='bbox 2515 5271 2968 5318; x_wconf 69' lang='grc' dir='ltr'>ηιιρηιίιιίιηοιίιιη]</span> <span class='ocrx_word' id='word_1_816' title='bbox 3002 5263 3252 5317; x_wconf 86' lang='lat' dir='ltr'><strong>laudatus</strong></span> <span class='ocrx_word' id='word_1_817' title='bbox 3273 5262 3583 5318; x_wconf 66' lang='lat' dir='ltr'><strong>Fulcuinus</strong></span> 
     </span>
    </p>
   </div>
  </div>
