4038 5388
428 251 495 308 51
1414 241 1819 303 RATIIERIUS,
1854 236 2283 301 VERONENSIS
2320 239 2717 301 EPISCOPUS.
3630 244 3703 301 52

431 362 764 441 confessario
791 362 933 421 dicta
978 359 1181 419 refert:
1218 379 1238 413 ί
1273 358 1352 425 'I‘e
1389 358 1497 414 duo
1533 355 1798 426 episcopia
1833 352 2012 424 pcrdi-
2041 349 2091 413 Α
2118 350 2343 407 subinde
2364 354 2764 419 accedentibus,
2787 368 2852 409 ac
2866 354 3172 425 praesertim
3194 354 3703 424 Mcdiolanensibus.

430 455 647 511 derunt.
684 473 703 507 ι
743 452 801 511 Si
847 454 981 512 duos
1010 461 1218 508 tantum
1263 450 1604 521 episcopatus
1650 446 1854 512 amisit,
1884 444 2020 499 duos
2090 459 2217 499 .rex
2249 443 2381 515 Ugo,
2416 460 2542 516 erga
2573 461 2732 515 quem
2760 443 2873 500 Itali
2905 445 3045 500 male
3073 455 3226 501 erant
3273 445 3472 513 affecti,
3498 446 3705 504 Medio—

438 554 648 601 tanturn
677 554 1003 616 susceperat.
1040 544 1139 601 Hic
1179 543 1341 614 igitur
1369 540 1559 596 tertius
1602 539 1943 608 episcopatus
1967 535 2018 589 in

435 632 739 702 Provincia,
764 636 865 707 ipsi
894 636 1073 702 datus,
1108 635 1162 690 id
1190 641 1291 700 est,
1322 630 1532 688 oblatus
1560 628 1772 700 quidem
1802 628 1904 683 dici
1926 642 2023 698 po-

436 732 566 789 test,
593 723 818 780 collatus
853 739 984 781 vero
1013 739 1117 780 non
1146 723 1297 777 item.

506 812 597 868 '51.
634 811 820 882 Itaque
843 820 963 883 post
987 811 1291 867 institutum
1320 807 1745 880 Roestangnum,
1775 814 2023 862 recusato

438 901 750 973 episcopatu
774 901 874 972 ipsi
904 901 1083 957 oblato
1109 901 1163 955 in
1194 899 1499 967 Provincia,
1531 898 1765 953 Laubias
1792 898 1856 951 ad
1894 911 2023 952 suos

439 992 740 1047 monachos
792 991 970 1047 rediit.
1036 990 1270 1061 Tempus
1328 1005 1358 1044 a
1405 988 1668 1044 Fulcuino
1732 988 2022 1052 indicatur.

445 1100 466 1133 ι
500 1080 807 1149 Richarius,
835 1101 857 1136 ο
890 1081 1084 1152 inquit,
1115 1101 1135 1134 ‹
1166 1091 1292 1137 tunc
1333 1080 1509 1136 adhuc
1535 1087 1834 1150 supererat,
1857 1093 1887 1133 a
1919 1093 2026 1148 quo

438 1161 811 1226 favorabiliter
847 1181 1114 1241 receptus,
1141 1171 1361 1227 Laubiis
1396 1179 1479 1226 est
1522 1170 1766 1226 habitare
1795 1168 2024 1239 permis-

438 1275 566 1327 sus;
604 1274 705 1315 nec
730 1260 899 1317 multo
920 1270 1039 1333 post
1068 1261 1355 1318 Ricliarius
1378 1261 1629 1327 decessit,
1656 1270 1941 1331 postquam
1973 1258 2025 1313 in

437 1350 751 1422 episcopatu
805 1352 992 1423 viginti
1036 1353 1170 1407 duos
1214 1367 1384 1408 annos
1409 1351 1635 1421 peregit.
1681 1371 1700 1403 ›
1743 1348 2030 1423 llieliarius

441 1440 793 1498 Leodicensis
814 1443 1118 1514 episcopus,
1142 1443 1231 1513 qui
1254 1442 1411 1499 simul
1435 1450 1555 1498 erat
1577 1441 1743 1497 abbas
1764 1440 2031 1496 Laubien-

440 1533 542 1600 sis,
570 1542 852 1604 promotus
881 1534 1059 1590 fuerat
1086 1550 1228 1591 anno
1255 1534 1383 1600 922,
1413 1542 1473 1590 ut
1507 1533 1742 1589 vidimus
1766 1546 1911 1587 num.
1942 1531 2029 1586 10.

442 1624 501 1678 Si
530 1632 712 1679 autem
736 1642 756 1674 ι
778 1623 830 1678 in
855 1623 1164 1699 episcopatu
1191 1624 1380 1696 viginti
1400 1624 1536 1680 duos
1556 1639 1729 1679 annos
1756 1623 1982 1695 peregit,
2008 1642 2024 1673 ι

2123 534 2307 589 lamim
2337 536 2482 591 misit
2506 535 2701 591 Filium
2730 536 3072 604 Lotharium,
3103 546 3295 607 petens
3323 553 3351 591 a
3378 536 3706 610 Berengario

2124 635 2180 680 ct
2210 625 2421 681 cmteris
2456 624 2621 680 Italia:
2668 625 3018 696 primatibus,
3066 634 3125 680 ut
3154 625 3202 682 si
3246 641 3305 682 se
3350 627 3404 681 in
3433 626 3586 683 Italia
3619 641 3708 682 re-

2125 734 2291 791 gnare
2318 718 2549 790 amplius
2594 718 2839 786 nollent,
2888 719 3057 775 ﬁlium
3103 719 3294 775 saltem
3330 734 3486 774 suum
3529 718 3711 774 adole-

2125 811 2448 875 scentulum,
2505 810 2596 881 qui
2645 811 2721 866 nil
2772 811 2825 866 in
2857 826 2951 867 eos
2990 811 3331 881 deliquerat,
3382 818 3438 867 et
3471 826 3541 867 ex
3580 821 3712 867 voto

2124 901 2361 971 ipsorum
2392 900 2611 955 educari
2646 908 2877 971 poterat,
2908 915 3090 969 regem
3121 908 3501 971 agnoscerent.
3530 897 3710 971 (cvm)

2125 992 2204 1047 Illi
2247 993 2616 1048 misericordia
2665 993 2926 1060 inclinati,
2961 993 3138 1062 ipsum
3168 988 3488 1047 Lotharium
3535 990 3590 1044 in
3620 1006 3713 1045 ec-

2127 1083 2291 1139 clesia
2321 1093 2444 1139 ante
2475 1100 2689 1140 crucem
2732 1094 3064 1155 prostratum
3107 1091 3421 1145 erexerunt,
3446 1090 3501 1136 et
3528 1096 3710 1152 regem

2128 1176 2553 1246 proclamarunt.
2602 1177 2657 1231 Id
2691 1175 3013 1247 alligendum
3060 1190 3202 1230 anno
3233 1174 3338 1230 945
3366 1174 3714 1230 Frodoardus

2129 1278 2342 1320 corevus
2383 1275 2573 1320 auctor
2611 1281 2709 1320 nos
2750 1266 3000 1321 dubitare
3047 1281 3153 1320 non
3196 1265 3365 1330 sinit;
3417 1265 3519 1320 hoc
3567 1265 3714 1319 enim

2130 1370 2272 1410 anno
2307 1356 2498 1411 scribit
2545 1357 2601 1411 in
2633 1356 2904 1412 Chronico
2955 1375 2967 1410 :
3006 1375 3025 1408 ι
3072 1356 3189 1427 Ugo
3224 1372 3319 1411 rex
3351 1356 3516 1412 Italia:
3545 1372 3715 1428 regno

2130 1444 2384 1517 depulsus
2412 1462 2441 1501 a
2471 1446 2601 1512 suis,
2631 1456 2688 1502 et
2718 1446 2857 1502 ﬁlius
2888 1447 3059 1518 ipsius
3088 1447 3141 1502 in
3176 1462 3400 1518 regnum
3428 1456 3714 1516 susceptus

2131 1547 2234 1594 est.
2279 1558 2299 1591 ι
2342 1536 2564 1592 Interim
2613 1536 2728 1608 Ugo
2784 1553 2897 1593 Sirae
2938 1536 3064 1592 vitae
3105 1536 3401 1608 periculum
3442 1546 3715 1601 metuens,

2136 1630 2296 1701 Papia
2324 1645 2448 1685 cum
2503 1646 2697 1700 magna
2742 1631 2859 1685 auri
2890 1640 2945 1686 et
2974 1629 3181 1699 argenti
3210 1629 3364 1698 copia
3406 1629 3675 1684 excedens
3697 1668 3721 1693 ,

441 1733 474 1770 e
501 1717 638 1773 vivis
664 1717 905 1774 sublatus
930 1717 1031 1773 fuit
1051 1727 1281 1775 exeunte
1304 1732 1448 1773 anno
1475 1716 1602 1783 944,
1633 1715 1716 1770 vel
1745 1716 1923 1786 potius
1948 1715 2028 1769 iu—
2064 1713 2107 1771 Β
2137 1720 2239 1775 iter
2273 1730 2587 1791 susceperat
2615 1720 2778 1790 Alpes
2806 1733 2996 1775 versus
3038 1720 3351 1774 deserturus
3382 1718 3613 1787 Italiam.
3658 1717 3720 1772 lu

440 1818 607 1865 eunte
637 1825 779 1867 anno
820 1810 948 1878 945,
977 1826 1085 1882 quo
1131 1811 1249 1882 ejus
1298 1818 1530 1866 mortem
1570 1817 1625 1864 et
1669 1808 1891 1879 Ogonis,
1935 1821 2029 1861 seu

444 1896 688 1970 IIugonis
726 1896 844 1968 ejus
890 1899 1223 1956 successoris
1268 1898 1586 1955 electionem
1629 1897 1736 1952 duo
1763 1896 2031 1952 Chronica

443 1987 745 2045 Leodiense
763 1998 818 2046 et
837 1988 1105 2046 Lobiense
1128 2004 1249 2045 cum
1280 1988 1595 2045 Frodoardo
1625 1995 1898 2043 notarunt.
1923 1986 2031 2041 Ra-

435 2077 657 2134 .therius
702 2078 917 2151 igitura
953 2077 1209 2135 Richario
1239 2077 1490 2148 episcopo
1535 2075 1698 2132 simul
1741 2084 1796 2131 et
1842 2074 2035 2130 abbate

444 2170 608 2240 paulo
640 2178 768 2227 ante
791 2170 959 2242 ipsius
987 2179 1217 2226 mortem
1247 2171 1301 2225 in
1343 2168 1610 2226 Lobiense
1648 2165 2034 2224 monasterium

446 2271 701 2334 receptus
719 2278 860 2318 anno
880 2262 986 2319 944
1014 2278 1045 2318 e
1069 2260 1351 2319 Provincia
1391 2258 1627 2316 Lauhias
1648 2258 1932 2314 concessit.
1958 2256 2035 2311 lbi

438 2364 629 2409 tamen
672 2354 941 2411 modicum
981 2355 1297 2409 immoratus
1322 2360 1433 2417 est;
1477 2366 1605 2405 nam
1634 2365 1775 2404 anno
1802 2348 1906 2404 946
1931 2347 2036 2403 Ve-

453 2458 738 2499 ronensem
788 2444 1157 2514 episcopatum
1214 2452 1631 2512 recuperaturos
1686 2441 1894 2496 Italiam
1950 2456 2041 2495 re-

450 2532 621 2602 petiit,
654 2539 714 2587 ut
741 2547 807 2588 ex
834 2532 1185 2604 sequentibus
1208 2530 1433 2602 patebit.

451 2645 619 2721 [LVII].
643 2648 672 2721 ᾗ
700 2646 1351 2721 VII.—Rallterius_redit
1376 2643 1431 2721 ig
1456 2641 1672 2721 Italiam
1696 2641 2036 2721 Ugongy‘t‘re-

524 2711 1049 2788 gein'conuenlurus.
1078 2716 1301 2788 Capitur
1323 2732 1355 2769 a
1388 2711 1807 2784 BerengariofA
1841 2711 2040 2788 Milone

525 2781 714 2842 comite
740 2787 797 2841 in
822 2781 1179 2857 episcopatum
1208 2781 1571 2857 Veronense"!
1583 2793 1873 2838 revocatur.
1902 2781 2037 2857 go

531 2874 625 2913 rea;
649 2852 876 2913 deseruit
901 2852 1118 2911 Italiam
1145 2872 1285 2911 anno
1312 2854 1439 2919 947,
1458 2870 1562 2909 non
1588 2869 1705 2908 vero
1725 2869 1864 2907 anno
1895 2852 2034 2917 946;

523 2928 663 2982 diem
717 2935 891 2981 autem
951 2942 1252 2994 supremum
1303 2925 1429 2979 obiit
1480 2925 1536 2978 in
1591 2922 1869 2978 Prouincia
1934 2938 2036 2976 non

521 3013 661 3053 anno
685 2996 812 3063 947,
837 2996 928 3051 sed
951 2995 1077 3052 948.

2135 1811 2327 1867 itinere
2351 1811 2574 1866 nuntius
2600 1810 2817 1874 retulit,
2848 1810 3006 1867 Italos
3037 1826 3143 1866 non
3191 1824 3465 1875 recusare,
3505 1810 3721 1880 quomi-

2134 1921 2236 1961 nus
2281 1906 2396 1976 ipse
2444 1921 2660 1977 quoque
2712 1905 2876 1962 Italiae
2926 1920 3022 1961 rex
3073 1913 3247 1971 esset;
3280 1904 3421 1959 unde
3472 1903 3721 1956 laudatus

2135 1994 2477 2052 Frodoardus
2514 1995 2681 2053 refert
2721 1997 2789 2053 ad
2818 2012 3019 2052 annum
3047 1996 3175 2052 946.
3217 2014 3237 2047 ι
3282 1995 3396 2066 Ugo
3427 2009 3521 2049 rex
3551 1991 3723 2066 Italia}:

2134 2101 2164 2139 a
2204 2085 2317 2141 suis
2365 2086 2420 2141 in
2475 2101 2702 2157 regnum
2754 2088 3030 2158 recipitur.
3078 2106 3098 2140 ι
3142 2086 3200 2140 Id
3250 2084 3561 2156 Berengarii
3600 2096 3722 2137 arte

2135 2176 2338 2232 factum
2372 2186 2477 2244 est,
2508 2193 2576 2232 ne
2604 2178 2744 2232 ultra
2786 2187 2998 2234 montes
3036 2186 3114 2232 tot
3142 2177 3426 2232 thesauros
3457 2171 3720 2228 transfer-

2136 2279 2258 2336 ret,
2302 2269 2500 2340 quibus
2544 2270 2989 2342 Burgundionum
3054 2269 3393 2338 aliorumque
3439 2263 3719 2321 Gallorum

2135 2360 2382 2414 exercitu
2445 2369 2758 2430 comparato
2831 2359 3077 2415 Italicum
3158 2372 3382 2429 regnum
3457 2368 3721 2424 recupare

2135 2460 2336 2521 posset.
2392 2450 2527 2506 Cum
2579 2461 2910 2508 memoratus
2966 2451 3311 2509 Frodoardus
3375 2449 3429 2504 id
3483 2448 3725 2519 assiguet

2138 2558 2280 2599 anno
2302 2543 2425 2608 946,
2453 2542 2818 2615 Liutprandus
2838 2552 3018 2601 autem
3039 2552 3323 2614 utramque
3344 2542 3436 2597 lilii
3460 2541 3716 2613 primum,

2137 2640 2193 2687 et
2222 2631 2344 2689 dein
2375 2634 2549 2704 patris
2592 2632 2960 2702 receptionem
3010 2634 3083 2689 ita
3129 2632 3421 2698 describat,
3458 2638 3519 2686 ut
3547 2629 3727 2684 altera

2139 2723 2207 2780 ab
2235 2723 2407 2780 altera
2443 2740 2549 2780 non
2583 2724 2813 2780 multum
2847 2723 3120 2790 abfuerit;
3168 2723 3405 2796 priorem
3452 2720 3598 2776 illam
3620 2734 3722 2773 ae-

2139 2816 2337 2873 cidisse
2379 2816 2651 2874 credimus
2705 2817 2807 2872 sub
2858 2815 3018 2871 linem
3062 2814 3189 2870 anni
3235 2813 3364 2879 945,
3408 2811 3563 2867 istam
3591 2823 3722 2864 vero

2142 2907 2367 2963 alteram
2406 2909 2505 2964 sub
2531 2907 2745 2962 initium
2778 2907 2904 2962 anni
2946 2906 3070 2962 946.
3101 2905 3366 2983 caeterum
3397 2901 3514 2958 Itali
3541 2900 3720 2971 reipsa

2141 3001 2343 3055 nudum
2398 2999 2540 3070 regis
2588 2999 2801 3064 titulum
2839 2995 3010 3068 Ugoni
3061 3006 3115 3052 et
3150 2996 3259 3052 ﬁlio
3302 2993 3418 3063 eius
3460 2992 3723 3047 Lotltario

525 3107 617 3163 ω,
656 3106 1016 3180 Bel-angari“
1062 3106 1341 3178 Εροι-θιιῖω
1384 3104 1627 3162 mal-chio
1655 3146 1670 3171 ,
1719 3103 2031 3175 Bel-angari;
2062 3061 2106 3124 ε
2142 3061 2496 3160 reliquerunt,
2534 3087 2860 3158 Bcrengario
2890 3061 3064 3143 totius
3102 3086 3250 3158 regni
3296 3061 3506 3142 summa
3533 3098 3599 3138 ac
3625 3098 3722 3153 po-

454 3197 798 3269 iutperatoris
841 3213 907 3254 ex
952 3196 1096 3254 Gisla
1146 3212 1337 3268 nepos,
1391 3197 1482 3267 qui
1516 3210 1660 3250 anno
1687 3194 1792 3252 940
1835 3194 2035 3265 Ugonis

452 3287 683 3346 insidias
735 3287 1143 3353 deelinaturus,
1198 3285 1341 3358 apud
1408 3285 1758 3341 Etimannum
1824 3283 2037 3340 Suevia:

452 3379 645 3435 ducem
702 3377 1015 3449 confugerat
1040 3418 1059 3443 ,
1110 3391 1253 3433 anno
1310 3375 1416 3431 945
1471 3391 1595 3432 cum
1646 3373 1749 3430 levi
1807 3373 2035 3428 militum

454 3470 668 3539 agmine
705 3484 803 3541 per
826 3467 1121 3525 Venustam
1143 3465 1334 3522 vallem
1366 3466 1420 3521 in
1445 3464 1651 3521 Italiam
1683 3463 2032 3527 contendens,

452 3569 633 3616 caStra
660 3558 918 3631 applicuit
941 3559 1010 3614 ad
1040 3556 1397 3614 munitionem
1427 3549 1729 3612 Tridentini
1755 3554 1890 3626 agri,
1917 3569 2036 3625 qua:

457 3650 755 3706 vocabatur
819 3648 1172 3705 Formicarta.
1257 3646 1536 3702 Manasses
1603 3646 2037 3716 archiepiscopus

457 3740 796 3797 Arelatensis
823 3780 839 3805 ,
889 3749 945 3794 et
977 3737 1184 3809 Ugonis
1241 3737 1388 3809 regis
1439 3737 1904 3807 consanguineus,
1949 3737 2038 3792 cui

455 3829 599 3887 Idem
635 3826 733 3886 rex
768 3838 879 3885 tres
906 3828 991 3884 sui
1022 3826 1171 3898 regni
1195 3826 1465 3882 Ecclesias
1491 3826 1809 3893 tradiderat,
1849 3844 1869 3877 ι
1917 3840 2036 3892 seu,

457 3920 604 3991 quod
628 3920 811 3977 verius
835 3928 940 3986 est,
976 3939 995 3971 ι
1028 3918 1204 3987 inquit
1262 3916 1626 3987 Liutprandus
1650 3956 1666 3981 ,
1709 3936 1728 3968 ‹
1774 3916 1828 3971 in
1855 3932 2034 3972 escam

457 4010 680 4066 dederat
715 4009 990 4082 (ιιιυτιηιη
1020 4009 1059 4063 I.
1105 4023 1180 4073 tv,
1212 4024 1260 4062 ε.
1288 4009 1366 4076 3),
1404 4026 1424 4060 ›
1461 4008 1715 4062 nimirum
1758 4008 2037 4065 Veronen-

457 4112 598 4170 sem,
643 4101 1015 4158 'I‘rldentinam
1061 4109 1116 4156 et
1160 4098 1546 4165 Mantuanam;
1599 4114 1722 4154 cum
1769 4099 2039 4155 Tridenti-

455 4205 586 4259 uam
636 4203 853 4261 quoque
915 4188 1214 4245 marchiam
1277 4187 1720 4254 administraret,
1768 4187 2037 4243 laudatam

454 4279 816 4338 munitionem
860 4279 1127 4336 Adelardo
1175 4277 1377 4334 clerico
1421 4291 1521 4333 suo
1564 4276 2041 4333 commendaverat

458 4371 589 4445 (Im,
616 4371 657 4426 ι.
687 4386 746 4439 v,
772 4387 820 4427 ε.
858 4370 973 4445 12).
998 4368 1133 4426 Cum
1164 4375 1267 4427 hoc
1308 4369 1669 4441 Berengarius
1716 4368 2032 4433 collocutus,

2139 3186 2333 3234 testate
2361 3177 2559 3232 delata.

2207 3271 2297 3327 55.
2338 3270 2393 3324 In
2450 3271 2604 3326 hisce
2668 3287 2853 3328 rerum
2922 3271 3190 3343 angustiis
3269 3270 3383 3340 Ugo
3447 3266 3725 3339 pmnitens

2137 3374 2347 3424 eorum,
2384 3373 2504 3428 quae
2533 3367 2723 3414 contra
2747 3358 3064 3413 Ratherium
3093 3364 3358 3426 gesserat,
3383 3366 3439 3412 et
3471 3355 3723 3412 fortassis

2137 3453 2300 3506 etiam
2328 3450 2617 3522 pmnitens,
2648 3466 2707 3506 se
2737 3450 2790 3504 in
2819 3448 3060 3506 Ratherii
3093 3450 3409 3505 cathedram
3440 3449 3745 3521 suffecisse

2138 3540 2458 3607 Manassem,
2494 3540 2584 3610 qui
2635 3548 2745 3594 tam
2792 3547 2978 3609 aperte
3023 3537 3331 3603 defecerat,
3365 3536 3479 3607 ejus
3507 3537 3724 3593 videndi

2137 3642 2193 3689 et
2222 3631 2563 3698 restituendi,
2603 3631 2648 3687 si
2673 3638 2876 3701 posset,
2905 3628 3228 3684 desiderium
3253 3627 3453 3698 pluries
3477 3627 3724 3682 declara-

2138 3721 2214 3775 vit
2253 3722 2425 3793 (epist.
2452 3720 2486 3776 5
2521 3720 2591 3775 ad
2627 3718 2742 3785 10.,
2783 3736 2839 3775 n.
2868 3718 2946 3788 5).
2975 3719 3032 3774 Id
3062 3728 3120 3773 ut
3156 3718 3367 3788 accepit
3406 3717 3720 3783 Ilatherius,

2137 3826 2279 3866 anno
2325 3812 2532 3867 scilicet
2571 3810 2697 3877 946,
2734 3830 2753 3864 ι
2791 3811 2932 3867 sedit
2975 3810 3177 3874 animo,
3216 3829 3235 3861 ι
3271 3809 3448 3879 inquit
3473 3809 3634 3879 epist.
3665 3809 3720 3873 5,

2144 3920 2161 3952 ι
2197 3899 2346 3954 illum
2381 3900 2553 3966 adire,
2580 3888 2805 3971 ejusque
2844 3900 3210 3956 calamitatem
3239 3899 3492 3954 omnibus
3529 3898 3720 3954 diebus

2137 3993 2400 4064 obsequio
2445 3993 2607 4048 solari
2653 4010 2666 4045 :
2700 4008 2825 4047 nam
2854 4008 2955 4046 nec
2984 3990 3260 4058 defuerat,
3292 3991 3384 4062 qui
3414 3991 3717 4056 intimaret,

2137 4101 2261 4141 sero
2287 4085 2435 4152 licet,
2467 4094 2527 4140 ut
2558 4086 2751 4149 timeo,
2808 4082 3059 4154 quodque
3086 4083 3230 4138 Deus
3277 4083 3345 4138 ab
3390 4082 3489 4137 illo
3509 4091 3724 4137 avertat

2138 4173 2376 4245 postulo,
2434 4172 2579 4245 quod
2629 4172 2903 4246 paenitens
2952 4186 3095 4243 saepe
3134 4180 3418 4243 optasset,
3463 4180 3526 4226 ut
3568 4171 3724 4226 daret

2143 4266 2304 4332 Deus,
2336 4280 2444 4335 quo
2492 4264 2560 4319 ad
2592 4280 2727 4328 ,eum
2773 4262 3041 4329 venirem,
3084 4270 3139 4319 et
3169 4262 3213 4319 si
3244 4262 3469 4329 valeret,
3497 4261 3718 4317 restitu—

2141 4359 2343 4413 tionem
2385 4356 2517 4411 mihi
2564 4357 2912 4425 impetraret;
2960 4354 3042 4409 sin
3073 4351 3205 4409 alias
3231 4394 3246 4421 ,
3298 4353 3451 4409 daret
3479 4352 3724 4424 pecunia:

456 4439 806 4533 jurejurando
854 4439 1159 4531 ερὸροηιιῑι,
1203 4474 1263 4516 se
1291 4439 1524 4514 namss}
1549 4457 1803 4514 daturum
1835 4458 2037 4515 Medio-
2066 4439 2118 4501 D
2144 4457 2376 4513 tantum,
2406 4455 2464 4501 ut
2495 4445 2725 4517 amplius
2752 4461 2860 4500 non
2890 4460 3125 4513 egerem.
3166 4464 3187 4497 ι
3222 4443 3514 4499 Ratherius
3540 4451 3725 4514 itaque

461 4551 741 4607 Ianensem
778 4549 1097 4615 Ecclesium,
1139 4548 1185 4606 si
1230 4564 1340 4605 sua:
1364 4549 1503 4619 parti
1533 4564 1690 4619 opem
1721 4549 1904 4605 ferret.
1937 4548 2036 4605 llic

459 4653 556 4712 spe
583 4636 887 4708 huiusmodi
914 4638 1145 4704 illectus,
1175 4653 1283 4694 non
1323 4637 1496 4694 solum
1520 4651 1639 4693 eam
1680 4639 2037 4694 munitionem

457 4729 787 4801 Bereugario
840 4727 1092 4794 tradidit;
1143 4742 1332 4783 verum
1395 4728 1559 4782 etiam
1615 4735 1781 4783 totam
1828 4728 2035 4783 Italiam

461 4822 563 4893 ipsi
594 4819 884 4877 conciliare
921 4819 1144 4876 studuit.
1204 4816 1371 4873 Fama
1415 4816 1575 4886 hujus
1621 4818 1700 4874 rei
1730 4819 1891 4875 citius
1918 4819 2036 4873 vul-

462 4924 610 4985 gnta,
640 4919 922 4983 cmpernnt
951 4924 1076 4966 mox
1106 4908 1388 4975 nonnulli,
1417 4907 1604 4980 Ugone
1641 4908 1855 4965 deserto
1878 4950 1894 4975 ,
1941 4909 2042 4965 Be-

460 5003 714 5046 mmmrin
751 5002 1042 5046 adium-ere.
1077 5000 1223 5032 'n'n-
1250 4999 1353 5046 Ima
1395 4999 1543 5046 Miln-
1593 5015 1775 5046 omnes
1815 5001 2043 5046 Vernnm

2144 4540 2385 4611 Ugonem
2421 4544 2786 4594 conventurus
2815 4535 3033 4591 Laubiis
3057 4534 3328 4591 discessit.
3352 4535 3423 4590 At
3447 4535 3723 4590 initiuere

2140 4628 2505 4699 Berengarius
2537 4627 2711 4697 ipsum
2746 4624 3176 4696 comprehendit.
3215 4623 3274 4679 Id
3315 4623 3576 4679 Manassis
3604 4633 3723 4678 stu-

2140 4722 2230 4775 dio
2263 4719 2465 4775 factum
2493 4726 2597 4784 est,
2645 4716 2845 4787 quippe
2888 4716 2980 4785 qui
3011 4714 3379 4770 Veronensem
3424 4712 3721 4768 Ecclesium

2140 4812 2243 4869 sibi
2291 4811 2359 4867 ab
2400 4825 2466 4866 eo
2512 4808 2853 4864 adimendam
2893 4815 3176 4862 metueret.
3221 4804 3417 4860 Tribus
3456 4814 3511 4859 et
3558 4803 3723 4857 sentis

2146 4904 2424 4960 mensibus
2483 4899 2778 4957 Ratlierius
2830 4898 2928 4953 fuit
2987 4898 3091 4953 sub
3142 4897 3385 4952 custodia
3441 4902 3716 4956 retentus;

2146 4996 2269 5046 inde
2318 5002 2498 5046 autem
2536 4992 2806 5046 emissus.
2834 4987 3135 5046 νὼς-θηεηεί
3182 4985 3436 5041 Ecclesiae
3482 4983 3721 5038 redditus
