4038 5388
2114 69 2133 120 J

276 185 350 243 ss
1306 194 1836 253 PROLEGOMENA.
1876 178 1949 238 +—
1985 196 2312 260 M'rneuu
2349 186 2553 262 vm.’

280 301 573 371 praefertur
600 302 857 359 Januario
894 320 1076 361 mense
1115 309 1238 361 anui
1270 309 1391 363 947.
1427 310 1538 365 lIoe
1562 311 1855 366 docmnen-
1884 309 1937 369 Α
1962 312 2166 369 Italiam
2214 318 2514 373 deseruisse
2544 318 2798 374 dicendus
2842 327 2939 374 est.
2982 320 3037 376 Id
3070 328 3276 376 tantum
3308 323 3539 379 innuuut

286 401 397 443 tum
429 407 606 460 nuper
639 392 913 462 vulgatum
959 411 988 448 a
1033 399 1343 452 marcltione
1386 401 1452 454 de
1486 400 1753 471 Dionysiis
1779 418 1864 455 ca-

283 482 484 538 nonico
513 494 713 538 nostra:
740 487 1066 542 catliedralis
1096 490 1337 545 ecclesia:
1356 533 1369 555 ,
1402 503 1485 546 est
1532 494 1861 548 instrumen-

287 583 402 626 tum
450 574 718 643 originale
762 580 1201 634 cominutationis
1245 592 1425 635 actum
1461 602 1478 633 ι
1531 585 1583 638 in
1645 586 1867 641 civitate

289 660 505 715 Verona
536 663 683 717 inter
705 663 961 719 domuum
1002 666 1319 724 Ratberinm
1345 673 1706 728 venerabilem
1748 676 1866 746 epi-

285 766 513 820 scopum
558 764 764 809 sanctxe
796 757 1124 814 Veronensis
1183 761 1458 827 Ecclesiae,
1511 781 1611 819 nec
1659 782 1763 820 non
1812 776 1869 823 et

286 839 430 893 inter
460 840 645 903 Leone
694 844 837 900 ﬁlius
873 849 1141 914 quondam
1192 850 1539 908 Theudelavo
1567 854 1632 909 de
1663 856 1868 926 Arega-

285 938 389 994 sta,
420 948 438 980 ι
466 931 553 985 cui
579 941 635 987 et
660 934 772 1002 ipse
794 934 1083 994 Ratherius
1112 944 1327 1011 prepria
1358 959 1518 997 manu
1549 946 1869 1017 subscripsit

284 1038 407 1077 cum
463 1025 677 1079 ueteris
728 1027 1054 1085 eathedralis
1118 1033 1359 1088 ecclesia:
1413 1036 1622 1090 clericis
1652 1078 1667 1101 ,
1729 1057 1748 1088 ι
1786 1054 1871 1095 re-

284 1120 489 1181 gnante
517 1114 717 1172 domno
761 1127 947 1175 nostro
975 1121 1125 1192 Ilugo
1156 1139 1280 1193 rege
1322 1126 1410 1179 hic
1449 1127 1502 1180 in
1548 1128 1699 1182 Italia
1726 1144 1868 1185 anno

289 1201 550 1258 vicesimo
592 1207 787 1274 primo,
833 1218 889 1263 et
934 1210 1130 1268 domno
1177 1213 1431 1270 Lothario
1460 1217 1568 1271 lilio
1595 1220 1712 1288 ejus
1744 1235 1868 1292 rege

284 1306 429 1346 anno
468 1296 837 1351 sextodecimo
874 1301 973 1354 sub
1021 1300 1108 1355 die
1166 1303 1232 1357 dc
1275 1320 1459 1359 mense
1496 1304 1735 1362 Januarii
1787 1310 1868 1363 in-

286 1378 528 1436 dictione
560 1398 611 1449 v,
653 1403 670 1433 ι
703 1395 831 1440 sunt
872 1388 1218 1447 characteres
1247 1395 1373 1447 anni
1421 1394 1544 1448 947.
1597 1396 1652 1449 Si
1684 1406 1864 1451 autem

282 1465 547 1526 Januario
578 1490 763 1530 mense
792 1477 916 1531 anni
940 1477 1043 1534 947
1072 1479 1362 1537 Ratberius
1405 1483 1627 1551 paciﬁce
1655 1487 1866 1554 episco-

284 1568 413 1630 patu
465 1559 784 1634 fruebatur,
837 1568 1008 1624 tribus
1056 1580 1236 1625 autem
1274 1581 1330 1627 et
1374 1576 1539 1629 semis
1591 1577 1867 1632 mensibus

1968 404 2188 461 alterius
2236 408 2597 463 adnotationis
2648 409 2809 464 verba
2838 427 2856 460 ι
2904 420 3022 481 post
3060 412 3337 468 decessum
3370 414 3540 484 ipsius

1969 496 2193 565 Ugonis,
2236 519 2255 551 ι
2301 501 2351 553 id
2391 509 2496 567 est,
2530 510 2813 571 postquam
2843 502 2958 573 Ugo
2988 518 3054 558 ex
3086 503 3233 559 Italia
3262 505 3493 559 decessit
3523 522 3537 558 :

1967 598 2022 642 et
2072 591 2369 647 decessisse
2418 594 2631 663 quidem
2679 609 2863 650 mense
2908 594 3075 665 Aprili
3122 596 3247 651 anni
3300 596 3425 661 947,
3475 612 3541 651 ex

1968 680 2238 736 chronicis
2288 683 2427 739 notis
2475 685 2671 740 ibidem
2721 686 3031 757 designatis,
3082 686 3423 757 agnoscitur;
3479 701 3543 739 ac

1968 785 2252 845 propterea
2284 775 2407 845 jure
2438 778 2749 850 Sigebertus
2775 788 2830 834 et
2858 779 3120 835 annalista
3168 778 3313 835 Saxo
3346 798 3363 830 ι
3400 777 3542 848 Ugo-

1969 882 2092 921 nem
2122 867 2415 931 Arelatum,
2443 869 2581 924 unde
2608 880 2850 937 venerat,
2882 871 3105 925 rediisse
3139 889 3157 922 ι
3189 870 3377 924 eodem
3403 883 3545 922 anno

1971 956 2231 1011 referunt.
2293 958 2581 1014 Enimvero
2636 960 3051 1015 instrumentum
3102 960 3544 1033 commutationis

1970 1043 2129 1113 paulo
2159 1045 2583 1101 antelandatum
2624 1063 2745 1103 cum
2795 1068 2811 1099 ι
2862 1049 3098 1119 Ugouem
3144 1062 3325 1118 regem
3373 1048 3460 1103 hic
3491 1048 3545 1101 iu

1968 1133 2117 1188 Italia
2157 1154 2174 1185 ι
2209 1136 2498 1191 exhibebat
2540 1152 2721 1193 mense
2756 1137 3011 1193 Januario
3038 1138 3162 1192 anni
3192 1138 3327 1202 947;
3371 1138 3545 1207 ipsum

1972 1224 2073 1279 hoc
2127 1234 2366 1295 tempore
2424 1228 2601 1283 adhuc
2654 1228 2708 1282 in
2758 1227 2906 1282 Italia
2955 1228 3119 1284 fuisse
3165 1228 3542 1284 demonstrat:

1970 1330 2143 1387 neque
2187 1318 2329 1371 enim
2377 1328 2498 1388 post
2540 1319 2816 1374 dimissam
2868 1319 3075 1375 Italiam
3131 1340 3150 1374 ι
3206 1335 3301 1376 rex
3353 1321 3441 1376 hic
3491 1321 3545 1374 in

1960 1404 2114 1461 Italia
2152 1428 2169 1458 ι
2218 1408 2473 1477 appellari
2516 1410 2799 1477 potuisset.
2839 1408 3070 1478 Opponit
3098 1409 3421 1465 lluratorius
3443 1408 3549 1465 Lo-

1972 1496 2131 1550 tharii
2177 1497 2409 1565 diploma
2476 1515 2574 1568 pro
2620 1498 2859 1553 Ecclesia
2927 1498 3175 1570 Regiensi
3226 1501 3410 1555 datum
3461 1516 3550 1554 xlv

1974 1585 2097 1641 Kal.
2161 1587 2312 1641 Junii
2370 1606 2508 1642 anno
2569 1588 2857 1644 Dominij
2911 1589 3184 1644 Incarnat.
3243 1591 3369 1655 946,
3411 1607 3549 1645 anno

281 1660 448 1752 antea
476 1654 728 1722 captivus
756 1656 962 1724 fuerat;
996 1661 1283 1729 captivitas
1319 1664 1560 1733 profecto
1591 1665 1706 1733 ejus
1737 1668 1870 1721 inci-
1896 1659 1946 1721 Β
1973 1677 2163 1732 Domni
2186 1678 2423 1733 Lotharii
2450 1680 2513 1733 17
2538 1697 2629 1750 per
2649 1681 2832 1734 indict.
2866 1681 2898 1734 4
2933 1680 3173 1752 (Annal.,
3202 1698 3291 1737 an.
3316 1682 3465 1752 946),
3497 1683 3550 1735 in

282 1743 363 1795 dit
392 1742 448 1796 in
500 1760 703 1800 annum
749 1748 883 1814 946;
924 1759 981 1804 et
1011 1752 1341 1821 probabilius
1384 1757 1546 1809 etiam
1598 1760 1869 1816 restitutio

281 1832 527 1899 ejusdem
559 1837 611 1890 in
656 1839 1025 1910 episc0patum
1064 1853 1191 1899 ante
1234 1845 1549 1903 Ianuarium
1593 1853 1717 1905 anni
1762 1852 1868 1907 947

282 1926 576 1981 astrueuda
607 1928 837 1983 videtur.

351 2014 443 2067 54.
487 2016 564 2070 De
602 2034 744 2073 anno
774 2021 911 2087 946,
943 2024 1030 2078 cui
1075 2027 1443 2094 captivitatem
1475 2038 1528 2083 et
1567 2031 1867 2087 restitutio-

280 2121 405 2159 nem
440 2107 684 2165 Ratherii
725 2112 779 2166 in
814 2130 971 2169 suum
1015 2117 1385 2187 episcopatum
1432 2122 1829 2192 assignavimus
1851 2164 1867 2189 ,

282 2212 447 2252 nemo
504 2200 763 2271 ambiget.
819 2204 1058 2272 Qutestio
1106 2208 1278 2263 solum
1332 2212 1535 2266 moveri
1584 2220 1764 2282 potest
1805 2214 1872 2268 de

282 2285 425 2355 Ioco,
465 2290 518 2344 in
550 2306 658 2360 quo
688 2292 779 2349 ille
806 2310 839 2348 a
886 2296 1214 2367 Berengario
1252 2310 1445 2369 captus
1493 2301 1595 2356 fuit
1630 2322 1642 2355 :
1680 2319 1868 2359 recen-

287 2380 394 2434 tior
455 2382 601 2437 enim
650 2388 979 2457 cmteroquin
1028 2389 1379 2447 doctissimus
1431 2402 1663 2449 auctor.
1720 2405 1872 2450 ratus

287 2469 529 2543 ligonem
560 2489 703 2532 anno
750 2476 855 2532 946
894 2479 1201 2537 deseruisse
1254 2484 1469 2540 tandem
1518 2486 1723 2541 Italiam
1753 2529 1765 2551 ,
1819 2498 1873 2543 et

278 2565 340 2625 in
370 2566 709 2633 provinciam
758 2584 877 2625 sese
929 2572 1220 2642 recepisse,
1252 2573 1342 2629 ubi
1371 2589 1681 2646 supremum
1726 2578 1870 2632 diem

285 2656 484 2712 clausit
534 2659 812 2728 (FLOIIIUS,
859 2661 924 2715 de
970 2662 1207 2734 privileg.
1237 2665 1446 2720 dissert.
1501 2666 1536 2720 Ξ
1563 2708 1577 2732 ,
1624 2682 1678 2736 p.
1730 2667 1869 2737 77):

286 2746 611 2803 Batherium
658 2750 879 2808 Laubiis
929 2752 983 2807 in
1016 2755 1351 2822 provinciam
1398 2757 1504 2813 iter
1540 2760 1869 2829 suscepisse,

289 2846 346 2890 ut
392 2835 636 2908 Ugonem
665 2842 1005 2908 conveniret,
1049 2853 1106 2899 et
1152 2844 1255 2900 hoc
1301 2846 1351 2899 in
1384 2847 1578 2903 itinere
1622 2866 1872 2919 eomprr-

288 2928 518 2983 hensum
539 2932 835 2987 existimat.
868 2933 940 2988 At
979 2950 1101 2990 eum
1121 2974 1136 3000 ,
1171 2937 1296 3005 dum
1324 2938 1389 2991 ad
1416 2937 1655 3007 Ugonem
1697 2942 1874 2997 adhuc

1973 1783 2079 1836 quo
2107 1784 2228 1823 eum
2272 1785 2378 1825 non
2406 1779 2739 1826 memoretur
2764 1787 2855 1825 rex
2895 1771 3028 1843 Ugo,
3078 1788 3200 1827 eum
3237 1781 3362 1827 ante
3411 1772 3553 1827 diem

1974 1858 2039 1913 19
2081 1858 2203 1913 Maii
2248 1860 2374 1914 anni
2409 1860 2516 1916 946
2539 1876 2606 1916 ex
2638 1861 2785 1915 Italia
2823 1861 2935 1931 jam
2965 1862 3161 1918 exiisse
3188 1862 3408 1934 colligit.
3440 1862 3555 1918 Hoc

1971 1964 2100 2005 vero
2160 1960 2532 2021 argumentum
2611 1952 2822 2007 minimi
2899 1953 3204 2008 habendum
3264 1962 3384 2018 est,
3430 1969 3553 2009 cum

1971 2040 2241 2095 chronica:
2294 2050 2433 2096 nota
2486 2040 2605 2109 ejus
2659 2041 2967 2112 diplomatis
3021 2052 3265 2112 apertum
3311 2057 3552 2097 errorem

1971 2135 2301 2189 contineant.
2335 2134 2523 2188 Annus
2567 2134 2711 2189 enim
2749 2133 2991 2189 decimus
3019 2135 3280 2203 septimus
3310 2135 3553 2189 Lotharii

1973 2236 2073 2275 nec
2095 2236 2216 2276 cum
2243 2221 2534 2276 indictione
2558 2222 2592 2275 4
2628 2222 2942 2288 concordat,
2976 2237 3074 2277 nec
3110 2237 3232 2278 cum
3259 2238 3400 2278 anno
3425 2221 3550 2276 946.

1971 2311 2105 2366 Cum
2141 2310 2430 2365 Lotliarius
2484 2326 2710 2381 regnum
2762 2312 3103 2366 ineboaverit
3146 2322 3379 2368 exeunte
3416 2310 3556 2369 Maio

1976 2404 2098 2461 anni
2129 2404 2265 2469 931;
2319 2417 2493 2458 annus
2524 2404 2767 2459 decimus
2812 2404 3075 2474 septimus
3121 2404 3274 2474 regni
3312 2402 3555 2472 ejusdem

1974 2495 2197 2565 incoepit
2221 2505 2452 2550 exeunte
2476 2494 2617 2551 Maio
2639 2495 2766 2551 anni
2784 2495 2909 2561 947,
2937 2496 3097 2552 desiit
3118 2504 3299 2551 autem
3325 2504 3557 2552 exeunte

1975 2586 2115 2642 Maio
2167 2588 2293 2642 anni
2338 2585 2464 2643 948.
2527 2585 2665 2642 Hinc
2711 2588 2760 2643 si
2810 2586 3046 2659 diploma
3095 2588 3396 2659 legitimum
3447 2597 3553 2655 est,

1974 2677 2090 2733 dies
2139 2675 2206 2732 l9
2257 2675 2380 2731 Maii
2427 2677 2553 2730 anni
2604 2676 2799 2732 decimi
2854 2676 3070 2747 septimi
3122 2678 3264 2747 regis
3310 2676 3557 2732 Lotharii

1974 2767 2209 2837 pertinet
2250 2766 2317 2822 ad
2349 2782 2549 2821 annum
2580 2765 2708 2832 948,
2737 2782 2913 2837 eaque
2942 2768 3148 2823 notatio
3178 2768 3433 2824 chronica
3477 2768 3557 2822 sic

1974 2858 2306 2914 emendanda
2323 2866 2407 2913 est
2441 2873 2529 2912 nv
2556 2856 2682 2911 Kal.
2713 2857 2864 2912 Junii
2894 2874 3032 2912 anno
3054 2857 3344 2912 Dominica:
3369 2857 3558 2913 lucan-

1977 2950 2203 3005 nationis
2223 2949 2347 3016 948,
2379 2966 2517 3004 anno
2560 2949 2754 3004 Domni
2796 2948 3033 3004 Lotharii
3072 2949 3137 3003 I7
3162 2966 3253 3020 per
3273 2950 3457 3004 indict.
3489 2949 3553 3015 6;

288 3018 525 3113 i‘irltalia
572 3022 853 3092 degentem
886 3025 1351 3095 proﬁcisceretur,
1393 3030 1446 3085 in
1475 3030 1628 3086 Italia
1659 3048 1872 3104 quoque
1899 3009 1945 3072 Ο
1978 3040 2115 3113 [ut]
2155 3009 2477 3111 quoquidem
2504 3048 2747 3110 tempore
2769 3038 2915 3096 solus
2943 3009 3233 3095 Lotharius
3258 3056 3352 3095 rex
3378 3009 3555 3095 nomi;

288 3109 458 3165 fuisse
486 3122 705 3180 captum
738 3130 767 3168 a
796 3114 1123 3187 Berengario
1148 3160 1164 3184 ,
1194 3119 1279 3173 vel
1316 3137 1382 3175 ex
1432 3137 1496 3177 eo
1538 3133 1748 3180 certum
1790 3126 1869 3192 ﬁt,

285 3201 413 3268 quia
460 3201 817 3274 Berengarius
858 3206 911 3260 in
959 3208 1070 3264 sola
1100 3208 1249 3264 Italia
1292 3220 1559 3280 potestate
1580 3216 1725 3286 regia
1755 3227 1877 3273 ute-

284 3290 468 3345 batur.
507 3295 732 3349 Accedit
763 3312 891 3351 vero
912 3306 968 3351 et
1008 3298 1159 3365 illud,
1181 3302 1323 3369 quod
1352 3302 1466 3370 Ugo
1492 3318 1557 3358 ex
1587 3303 1740 3360 Italia
1764 3322 1872 3361 non

285 3383 424 3436 abiit
455 3384 557 3438 nisi
589 3402 734 3442 anno
776 3387 901 3453 947,
933 3398 1218 3460 postquam
1264 3392 1557 3449 Ratlierius
1604 3411 1715 3451 suae
1758 3399 1874 3454 sedi

288 3475 571 3530 restitutus
615 3477 809 3532 fuerat.
851 3479 908 3532 In
952 3479 1099 3535 brevi
1147 3481 1413 3539 Chronico
1466 3501 1652 3555 regum
1684 3487 1871 3554 Italiae,

282 3566 432 3631 quod
469 3566 637 3619 edidit
676 3566 1037 3634 Muratorius,
1087 3572 1205 3627 dua:
1248 3576 1555 3630 notationes
1600 3577 1869 3648 leguntur,

283 3673 408 3723 qua:
437 3657 488 3711 id
516 3660 856 3730 exploratum
877 3662 1076 3719 facient
1096 3666 1188 3737 (T.
1214 3668 1278 3723 IV
1304 3667 1428 3722 Rer.
1456 3670 1609 3737 ltal.,
1641 3688 1693 3741 p.
1722 3673 1868 3744 I49).

290 3750 409 3804 Una
438 3752 504 3807 de
540 3754 725 3823 l'goue
756 3771 882 3825 rege
917 3774 931 3810 :
966 3777 983 3808 ι
1026 3759 1291 3829 Regnavit
1317 3777 1488 3817 annos
1513 3763 1575 3818 2|
1608 3765 1871 3835 expletos,

283 3848 341 3893 ct
390 3855 603 3897 menses
647 3845 718 3907 9,
768 3855 823 3900 et
872 3847 987 3902 dies
1040 3849 1095 3903 3.
1150 3870 1167 3901 ι
1216 3850 1401 3906 Altera
1452 3854 1517 3908 de
1563 3854 1868 3911 Lothario:

291 3947 310 3975 ί
360 3928 493 3984 Post
511 3930 802 3987 decessum
851 3936 1018 4005 ipsius
1063 3938 1274 4009 Ughoni
1314 3944 1562 4013 regnavit
1593 3945 1705 4013 ipse
1731 3946 1873 4001 Lau-

288 4021 502 4077 tltarius
544 4040 717 4079 annos
763 4028 799 4081 5
846 4028 1109 4097 expletos,
1136 4041 1208 4088 .et
1252 4049 1463 4089 menses
1492 4037 1542 4097 7,
1591 4048 1646 4092 et
1675 4039 1790 4094 dies
1816 4040 1869 4095 2.

283 4110 528 4165 Obitavit
550 4113 663 4184 [ιιι]
690 4113 777 4168 die
799 4114 1041 4178 Veneris.
1065 4121 1156 4188 qui
1178 4129 1261 4175 est
1283 4123 1493 4180 decimo
1516 4126 1631 4179 Kal.
1653 4127 1868 4183 Decem.

286 4201 402 4254 bris
431 4203 555 4256 anni
597 4202 722 4258 950.
770 4224 790 4257 ι
825 4206 1002 4261 Verba
1033 4208 1191 4279 hujus
1228 4215 1479 4269 secundae
1509 4218 1873 4275 adnotationis

291 4309 310 4339 i
351 4299 473 4358 post
502 4292 782 4349 decessum
814 4313 832 4346 ι
859 4294 1183 4355 Muratorius
1208 4302 1273 4355 de
1299 4301 1498 4372 Ugonis
1530 4316 1702 4361 morte
1731 4309 1871 4362 acci-

1974 3140 2153 3198 natur,
2183 3131 2309 3201 quia
2360 3141 2485 3186 tunc
2515 3130 2700 3202 Ugone
2728 3129 2937 3199 jamdiu
2982 3140 3112 3187 ante
3136 3146 3207 3187 ex
3250 3129 3404 3187 Italia
3432 3145 3559 3201 pro-

1973 3223 2138 3291 fecto,
2185 3223 2295 3277 imo
2342 3223 2508 3276 etiam
2551 3231 2784 3288 mortuo,
2822 3222 2969 3278 solus
3008 3222 3063 3277 in
3098 3222 3252 3277 Italia
3288 3222 3435 3293 regio
3460 3238 3556 3276 no-

1973 3314 2118 3369 mine
2146 3312 2451 3368 fruebatur.
2494 3311 2624 3378 Qua:
2647 3314 2956 3369 emendatio
3001 3312 3355 3369 conﬁrmatur
3392 3312 3555 3367 etiam

1972 3403 2080 3457 alio
2102 3400 2425 3457 documento
2450 3400 2723 3471 originali,
2741 3403 2886 3470 quod
2915 3402 2967 3456 in
2991 3401 3213 3457 arclrivo
3230 3401 3556 3456 Veronensis

1973 3492 2288 3548 monasterii
2326 3500 2528 3546 sanctae
2553 3490 2733 3546 Mariae
2759 3492 2811 3545 in
2850 3490 3081 3562 Organis
3110 3490 3425 3553 custoditur,
3462 3490 3555 3545 ubi

1973 3584 2055 3638 ba:
2081 3582 2351 3636 chronica:
2399 3590 2540 3636 notae
2588 3581 2836 3653 leguntur
2884 3598 2899 3633 :
2955 3600 2973 3632 α
3023 3580 3303 3651 Regnanle
3355 3580 3553 3658 domno

1974 3683 2161 3730 nostro
2198 3674 2455 3729 Lothario
2494 3688 2620 3745 rege
2666 3674 2755 3729 hic
2801 3674 2854 3729 in
2902 3673 3053 3729 Italia
3082 3688 3223 3729 anno
3255 3673 3406 3744 regni
3437 3672 3554 3741 ejus

1971 3764 2203 3835 septimo
2252 3764 2460 3818 decimo
2516 3763 2616 3818 sub
2667 3763 2754 3819 die
2797 3763 2864 3819 de
2910 3778 3097 3819 mense
3142 3762 3424 3818 Februarii
3470 3761 3556 3817 In-

1973 3854 2206 3909 dictione
2254 3862 2429 3908 sexta.
2498 3872 2515 3905 l
2568 3851 2755 3922 Neque
2808 3868 2939 3907 vero
3008 3851 3290 3909 sententia:
3356 3861 3554 3906 nostrae

1973 3945 2291 4000 adversatur
2336 3943 2571 4013 diploma
2614 3940 2854 4010 ejusdem
2903 3942 3144 3998 Lotharii
3188 3957 3219 3995 a
3261 3940 3554 3996 Muratorio

1972 4035 2245 4103 vulgatum
2276 4042 2420 4087 tomo
2454 4033 2496 4087 V
2522 4032 2914 4102 Antiquitatum
2964 4032 3126 4087 Italiae
3173 4048 3293 4102 pag.
3327 4031 3451 4092 557,
3500 4032 3552 4095 in

1977 4142 2082 4194 quo
2113 4124 2282 4179 solius
2323 4122 2567 4178 Lotharii
2615 4123 2754 4193 regis
2807 4122 2866 4177 ﬁt
2902 4125 3103 4177 mentio
3152 4123 3236 4177 bis
3281 4122 3553 4178 chronicis

1975 4217 2116 4269 notis
2158 4214 2482 4285 subsignatis
2510 4231 2520 4266 :
2555 4232 2571 4263 ‹
2606 4213 3021 4281 Quartodecimo
3065 4213 3424 4268 Kalendarum
3453 4212 3553 4268 Fe-

1974 4305 2311 4359 bruariarum
2342 4318 2485 4359 anno
2514 4303 2805 4357 Dominica:
2845 4302 3230 4357 incarnationis
3258 4302 3386 4369 947,
3411 4316 3552 4359 anno

289 4381 466 4448 piens,
492 4384 821 4454 computatis
855 4388 1034 4453 annis,
1074 4390 1272 4459 quibus
1306 4366 1426 4461 post
1473 4410 1594 4449 eum
1628 4400 1870 4467 regnavit
1904 4366 1948 4423 θ
1975 4413 2102 4452 vero
2132 4395 2371 4451 Lotharii
2397 4396 2539 4467 regis
2562 4395 2648 4458 17,
2677 4395 2967 4450 indictione
2986 4396 3070 4450 6.»
3091 4394 3380 4451 Ianuarius
3405 4398 3551 4452 enim

288 4467 627 4565 Lotharius,
669 4473 821 4565 illius
888 4486 1115 4532 mortem
1172 4478 1341 4536 aﬂixit
1404 4483 1509 4537 diei
1556 4485 1624 4539 24
1673 4488 1870 4565 Aprilis

289 4561 414 4613 anni
442 4562 541 4615 947
570 4563 815 4634 (Αηηαι.,
848 4566 914 4620 ad
934 4583 1021 4622 an.
1055 4569 1202 4641 947).
1240 4572 1435 4627 Verum
1465 4576 1611 4645 prior
1641 4561 1868 4635 adnota-

292 4651 367 4704 tio
397 4652 922 4712 animadversionem
960 4658 1075 4728 ejus
1110 4660 1315 4731 etingit.
1345 4664 1477 4718 Cum
1508 4667 1649 4721 enim
1679 4671 1867 4726 eodem

291 4748 583 4805 Illuratorio
624 4752 891 4820 probante
939 4754 1055 4827 Ugo
1099 4772 1325 4826 regnare
1355 4764 1583 4831 cmperit
1608 4764 1749 4819 circa
1780 4765 1871 4821 Ju-

293 4840 436 4895 nium
466 4844 593 4898 anni
646 4843 784 4911 926;
815 4849 1141 4916 computatis
1188 4852 1344 4906 annis
1368 4891 1383 4917 ,
1433 4856 1712 4911 mensibus
1737 4896 1751 4921 ,
1808 4876 1869 4917 ac

293 4931 475 4988 diebus
517 4935 573 4991 in
623 4950 691 4991 ea
732 4938 1080 4997 adnotatione
1121 4941 1394 5011 indicatis,
1439 4962 1584 5002 mors
1630 4948 1868 5017 ejusdem

292 5021 471 5079 incidit
498 5027 551 5081 in
593 5027 946 5084 Februarium
976 5032 1061 5088 vel
1087 5032 1335 5088 Martium
1364 5037 1486 5089 anui
1541 5037 1664 5102 948,
1705 5055 1863 5110 quem

288 5116 644 5170 emortualem
689 5117 903 5185 quidem
934 5120 1132 5192 Ugonis
1162 5137 1362 5179 annum
1392 5134 1499 5179 tum
1530 5125 1862 5203 Sigebertus,

290 5209 396 5255 tum
422 5204 701 5258 annalista
740 5204 882 5262 Saxo
929 5210 997 5264 ab
1026 5211 1271 5266 Eecardo
1316 5215 1491 5269 editus
1518 5216 1861 5277 conﬁrmant.

281 5290 411 5348 Cum
476 5310 648 5363 porro
704 5295 840 5350 idem
898 5300 1010 5370 Ugo
1062 5302 1114 5356 in
1164 5305 1493 5372 provinciam
1547 5306 1819 5375 profectus

1970 4488 2172 4543 mensis
2196 4489 2417 4559 junctus
2456 4504 2576 4543 cum
2606 4504 2748 4543 anno
2789 4488 3027 4543 Lotharii
3073 4490 3160 4555 17,
3200 4498 3256 4544 et
3300 4506 3421 4545 cum
3467 4490 3551 4543 in-

1973 4579 2209 4635 dictione
2259 4578 2311 4643 6,
2341 4579 2593 4633 convenit
2640 4594 2780 4633 anno
2828 4594 2949 4634 atrae
2994 4579 3232 4649 vulgaris
3283 4580 3421 4644 948;
3450 4595 3554 4635 nec

1974 4671 2223 4739 componi
2263 4678 2440 4740 potest
2480 4684 2601 4725 cum
2630 4686 2771 4724 anno
2798 4671 2922 4737 947,
2968 4672 3070 4726 nisi
3116 4671 3220 4727 hoc
3264 4671 3555 4741 diplomate

1976 4776 2150 4816 annus
2192 4761 2483 4816 Dominicze
2506 4761 2898 4816 Incarnatimtis
2936 4769 3277 4831 computatus
3305 4761 3557 4818 credatur

1975 4866 2129 4908 more
2154 4850 2466 4909 Florentino
2508 4866 2571 4906 ac
2604 4852 2835 4914 Veneto,
2865 4853 2937 4906 ita
2962 4863 3021 4907 ut
3049 4851 3272 4918 incipiat
3299 4867 3329 4904 a
3354 4851 3554 4909 Kalen—

1976 4946 2059 5000 dis
2094 4942 2271 4999 Martii
2300 4961 2314 4995 ;
2346 4956 2453 5010 qua
2484 4942 2692 4998 ratione
2728 4941 3017 4998 Januarius
3042 4940 3164 4994 anni
3218 4940 3322 4994 947
3352 4943 3556 5000 (ιοίιιρί⁴

1974 5037 2053 5091 dit
2084 5049 2207 5089 cum
2246 5034 2507 5091 Januario
2553 5033 2855 5089 communis
2892 5050 3014 5090 tera:
3059 5031 3179 5086 958.
3232 5030 3350 5089 IIoe
3378 5046 3559 5093 autem

1975 5136 2218 5196 tempore
2246 5125 2394 5182 solus
2423 5124 2707 5182 Lotharius
2753 5140 2845 5177 rex
2892 5134 3007 5179 erat
3032 5161 3044 5185 ,
3083 5120 3230 5175 Italia
3267 5124 3336 5179 ab
3377 5128 3561 5199 Ugone

1972 5219 2156 5274 relicta
2188 5230 2374 5273 mense
2402 5217 2568 5286 Aprili
2594 5213 2715 5269 anni
2745 5213 2868 5267 947.
2899 5211 3155 5268 Omnibus
3183 5211 3369 5283 itaque
3396 5219 3560 5275 docu-

1974 5307 2192 5372 mentis,
2228 5306 2309 5362 vel
2357 5304 2677 5367 emendatis,
2726 5300 2807 5354 vel
2833 5300 3132 5355 conciliatis
3180 5312 3330 5361 stare
3378 5308 3558 5367 debet.
