4038 5388
486 300 557 358 55
843 315 853 320 ’
1450 305 1846 371 ΒΑΤΗΕΒΙΙΞΞ
1885 309 2316 368 VERONENSIS
2357 315 2751 377 EPISCOPUS.
3681 338 3752 393 56

485 419 608 472 dum
638 417 705 472 ad
736 416 976 488 Ugoncm
1017 417 1068 473 in
1098 417 1250 475 ltalia
1281 421 1563 492 degentem
1606 424 2057 492 proticisceretur,
2089 429 2138 490 Λ
2165 425 2415 496 colligere
2437 431 2602 498 coepit
2626 431 2842 486 eosdem
2868 432 3066 490 abusus
3086 448 3414 506 coercentcs,
3440 458 3575 514 quos
3604 461 3752 518 post-

484 524 513 561 a
543 507 864 579 Berengario
890 519 1104 581 captum
1134 511 1321 581 fuisse,
1352 513 1544 569 Milone
1567 524 1745 569 autem
1771 527 1962 586 agente
2004 517 2057 570 iu

483 613 635 652 suam
662 599 842 654 sedem
875 601 1201 657 restitutum.

485 687 655 768 [LXI-11
681 689 711 759 ᾗ
744 689 874 768 Vill.
909 722 982 731 —
1014 691 1152 758 Quot
1176 710 1436 768 {erumnas
1461 695 1746 768 Ratltcrius
1771 711 1882 768 post
1909 703 2059 755 resti-

555 761 892 834 tutionemiin
919 779 1070 834 suam
1098 764 1268 817 sedem
1297 767 1565 834 pertulerit
1618 786 1648 821 a
1699 761 1920 833 clericis,
1958 772 2061 825 Mi-

555 830 891 909 lone_cont_ite_
905 833 1029 901 ipsis
1049 830 1430 909 patrocinante.
1469 835 1741 905 Synodum
1774 830 1943 909 agere,
1973 859 2061 894 ca-

555 898 723 968 pitulo
767 898 1072 956 clericorurn
1107 905 1372 965 interesse,
1404 918 1452 959 et
1499 898 1708 962 drdines
1749 898 2061 964 ecclesiasti-

555 987 641 1050 τρε
667 973 972 1050 ‘agere‘quid
991 973 1268 1050 signiﬁcet.
1325 974 1598 1050 Manasses'
1644 982 2060 1050 archiepiscopus

556 1039 1166 1117 Arelatensisquenttlant
1197 1060 1307 1117 sua:
1338 1045 1573 1117 diwcesis
1595 1039 1887 1117 episcopum
1917 1039 2061 1104 ordi-

557 1119 646 1162 nat
674 1112 726 1162 in
759 1109 965 1163 titulum
997 1109 1307 1167 Veronensis
1341 1109 1777 1172 Ecclesirrfl’osl
1801 1122 2061 1174 biennium

557 1177 836 1256 Rat/terius
862 1196 890 1232 ε
930 1178 1210 1256 Veronensi
1251 1185 1370 1237 sede
1401 1186 1586 1239 iterum
1610 1188 1813 1256 pulsus,
1846 1201 1897 1243 ut
1944 1191 2062 1244 Μα-

554 1249 697 1302 nassi
726 1249 896 1303 locum
927 1252 1150 1305 cederet.

553 1341 961 1398 35.Ratberius
984 1342 1250 1400 Veronam
1276 1349 1578 1416 restitutus,
1620 1351 1824 1407 biennio
1849 1355 2059 1424 episco-

479 1432 668 1500 patum
714 1435 884 1494 tenuit
908 1436 1078 1505 (epist.
1111 1436 1164 1500 5,
1195 1439 1264 1492 ad
1293 1439 1407 1505 Jo.,
1437 1459 1488 1496 n.
1523 1442 1600 1512 6),
1635 1444 1686 1500 id
1717 1454 1798 1500 est
1823 1448 1890 1502 ab
1919 1464 2062 1504 anno

479 1523 603 1589 946,
637 1525 722 1580 cui
774 1528 1169 1583 restitutionem
1224 1529 1340 1598 ejus
1387 1533 1834 1603 adjudicavimus,
1862 1539 1926 1592 ad
1967 1555 2062 1592 an-

478 1631 610 1670 num
661 1633 831 1687 usque
887 1617 1011 1673 948.
1042 1619 1166 1675 Tria
1213 1638 1426 1693 quoque
1487 1635 1698 1681 vetusta
1743 1629 2060 1684 documenta

483 1705 643 1775 hujus
676 1709 932 1777 temporis
973 1709 1132 1765 ﬁdem
1177 1711 1398 1768 faciunt.
1430 1715 1667 1772 Priuan
1699 1729 1784 1773 est
1827 1721 1956 1775 illud
1983 1723 2062 1776 in-

2163 532 2224 570 ea
2272 519 2324 572 in
2372 520 2566 574 librum
2626 523 2855 578 inseruit
2903 526 3218 597 inscriptum
3255 554 3272 582 ε
3333 535 3405 590 De
3435 547 3748 611 contemptu

2162 624 2426 664 canonum
2479 613 2642 681 (part.
2671 630 2712 678 ι,
2760 632 2814 669 n.
2851 618 2902 681 1,
2951 628 3059 672 not.
3093 621 3166 689 6).
3208 642 3225 674 ›
3267 624 3442 696 Magni
3475 629 3575 683 hac
3605 632 3751 686 dere

2163 711 2350 754 contra
2408 704 2718 775 episcopum
2799 724 2828 762 a
2899 709 3115 766 clericis
3169 717 3391 770 excitati
3449 721 3745 784 tumultus;

2161 790 2334 859 iisque
2361 795 2731 861 patrocinante
2749 796 2942 853 Milone
2967 802 3184 866 comite,
3218 805 3502 876 episc0pus
3529 823 3749 865 omnem

2163 899 2314 938 suam
2365 901 2582 954 operam
2629 888 2896 953 inutilem,
2942 907 3268 963 omnemque
3304 899 3494 966 agendi
3541 901 3750 954 aditum

2163 976 2262 1030 sibi
2296 978 2644 1033 interclusum
2673 991 2928 1050 eXpertus
2965 992 3068 1038 est.
3120 985 3228 1040 Eas
3268 987 3522 1042 nimirum
3565 990 3616 1043 in
3655 1007 3750 1044 au-

2162 1070 2368 1140 gustius
2397 1072 2660 1127 adductus
2693 1073 2811 1136 fuit,
2836 1085 2894 1128 ut
2923 1077 3053 1130 nihil
3086 1078 3183 1147 ipsi
3214 1079 3614 1150 relinqueretur
3633 1080 3754 1151 ejus

2161 1163 2467 1229 potestatis,
2489 1179 2608 1232 quae
2637 1164 3034 1234 iurisdictionis
3063 1179 3306 1234 vocatur,
3352 1188 3412 1225 ea
3445 1173 3557 1226 sola
3601 1183 3754 1244 pote-

2163 1261 2302 1308 state
2333 1255 2617 1322 permissa,
2660 1271 2780 1325 qum
2815 1259 3022 1314 ordinis
3057 1261 3272 1314 dicitur.
3312 1262 3366 1316 Id
3393 1263 3626 1318 innuuut
3661 1265 3752 1320 illa

2165 1345 2355 1414 prima:
2390 1346 2562 1416 partis
2612 1347 2687 1401 De
2714 1358 3018 1418 contemptu
3070 1366 3356 1415 canonum,
3380 1370 3504 1407 num
3552 1355 3601 1408 1.
3635 1356 3757 1411 «1η-

2163 1445 2418 1505 surgente
2453 1446 2641 1490 contra
2674 1451 2759 1491 me
2797 1438 2924 1493 olim
2965 1441 3247 1495 rebellium
3283 1443 3604 1499 clericorum
3651 1461 3751 1501 ve-

2164 1527 2348 1592 sania,
2385 1543 2485 1582 nec
2534 1528 2736 1598 aliquid
2788 1528 2929 1584 illius
2966 1531 3133 1596 mibi,
3182 1548 3342 1602 super
3383 1551 3492 1605 quo
3537 1536 3752 1591 cuidam

2164 1618 2364 1672 dictum
2390 1629 2474 1673 est
2504 1639 2515 1673 :
2547 1638 2564 1669 ι
2596 1620 2763 1674 Pasce
2785 1637 2912 1677 oves
2935 1638 3106 1686 meas,
3137 1644 3154 1675 ο
3182 1623 3408 1679 ollicii...
3435 1626 3753 1697 relinquen-

2167 1712 2240 1767 te,
2275 1713 2467 1773 przeter
2509 1706 2816 1759 chrismatis
2858 1706 3280 1775 coniectionem,
3310 1719 3362 1764 et
3415 1711 3751 1767 clirismaudi

481 1807 846 1856 strumcutum
878 1802 1118 1858 Januarii
1149 1807 1352 1862 mensis
1380 1810 1504 1863 anni
1535 1811 1658 1876 947,
1690 1813 1832 1880 quod
1857 1829 2054 1868 memo-

2165 1796 2426 1865 quidlibet
2472 1806 2814 1867 potestatem,
2851 1819 2869 1850 ι
2919 1807 3048 1864 etc.,
3091 1816 3210 1870 qua:
3258 1803 3466 1858 ordinis
3512 1813 3757 1873 potestas

481 1890 725 1945 ravimus
755 1907 904 1946 nutu.
933 1893 1020 1948 55.
1055 1894 1298 1950 Alterum
1330 1899 1456 1952 anni
1497 1898 1736 1968 ejusdem
1763 1911 1814 1956 et
1858 1905 2060 1959 mensis

481 1980 630 2035 Junii
661 1983 794 2038 vidit
821 1984 1130 2042 Alexander
1155 1987 1428 2044 Cauobius
1476 1991 1527 2044 in
1579 1995 1799 2048 archivo
1850 1993 1906 2048 S.
1941 1993 2061 2050 Ste-

476 2073 664 2142 phani,
692 2075 915 2146 ejusque
961 2080 1288 2136 mentionem
1313 2080 1442 2136 facit
1469 2084 1520 2137 in
1549 2100 1712 2154 opere
1739 2087 1923 2142 Italico
1955 2104 2056 2144 ms.

479 2163 621 2232 apud
666 2162 929 2220 Joannem
987 2167 1287 2238 Baptistam
1335 2171 1702 2229 Biancolinum
1758 2177 2054 2247 inscripto:

481 2257 677 2312 Annali
700 2259 757 2312 di
799 2258 1002 2314 Verona
1041 2261 1133 2318 lib.
1165 2279 1236 2328 Vl,
1272 2263 1358 2320 his
1398 2266 1616 2321 verbis:
1648 2266 1714 2322 In
1746 2279 1925 2340 questo
1954 2287 2060 2324 nte-

475 2347 674 2402 desimo
700 2365 838 2404 anno
858 2350 1007 2422 (947)
1024 2352 1276 2410 Racherio
1291 2372 1500 2411 vesaevo
1523 2357 1606 2412 πει
1627 2375 1762 2413 mese
1776 2361 1832 2414 di
1854 2358 2060 2432 Giugno

475 2437 587 2506 face
625 2455 731 2494 una
771 2444 1165 2511 penn'ntazione
1193 2461 1291 2499 con
1318 2445 1649 2502 Garim'berto
1677 2451 1899 2505 diacono
1921 2453 2058 2508 della

474 2530 664 2586 Chiam
690 2536 970 2599 catedrale,
998 2535 1039 2589 il
1082 2538 1232 2608 quale
1269 2539 1324 2593 di
1372 2550 1549 2611 questo
1595 2553 1762 2615 Iempo
1796 2563 1888 2601 era
1928 2564 2058 2602 anco

480 2622 696 2676 custode
729 2633 777 2677 et
808 2624 1132 2680 rector'della
1166 2629 1341 2684 ehiesa
1373 2630 1426 2684 di
1455 2629 1513 2686 S.
1543 2632 1786 2704 Slefano,
1842 2636 1896 2690 al
1935 2637 2060 2707 qua!

477 2708 519 2763 il
538 2727 751 2766 vesaevo
772 2714 924 2769 dicite
961 2716 1063 2772 due
1089 2719 1352 2790 sepolmre
1391 2723 1619 2790 antiche,
1651 2723 1695 2779 le
1719 2724 1865 2792 quali
1897 2743 2058 2782 erano

475 2803 534 2855 in
561 2819 632 2857 un
654 2805 910 2862 cimiterio
948 2805 1122 2864 antica
1150 2827 1398 2881 oppresso
1422 2812 1461 2866 il
1491 2831 1650 2884 corpo
1676 2816 1734 2869 (li
1780 2815 1840 2872 S.
1867 2816 2057 2872 Mauro

475 2909 687 2949 vescovo
719 2895 776 2950 di
842 2895 1156 2964 Verona;et
1197 2897 1522 2957 Garimberto
1550 2904 1700 2959 diede
1752 2905 1806 2959 al
1849 2925 2056 2962 vescovo

474 2998 584 3036 una
607 3000 768 3054 pensa
789 2985 846 3038 di
872 2986 1014 3041 terra
1044 2988 1187 3057 fuori
1213 2990 1351 3046 della
1377 3003 1530 3062 porta
1556 2995 1612 3048 di
1649 2994 1707 3050 S.
1747 2994 1971 3068 Stefano
2000 3001 2056 3053 in

473 3070 808 3128 Fontanelle.
838 3074 914 3136 La
961 3077 1262 3133 istromento
1289 3096 1316 3134 e
1343 3085 1656 3138 sonoscriuo
1700 3085 1793 3139 dal
1824 3104 2052 3156 vescovo,

476 3173 527 3216 ct
555 3164 626 3217 da
668 3164 997 3222 Garimberlo
1025 3170 1208 3225 ueduto
1233 3171 1366 3228 nelle
1398 3176 1641 3231 scritture
1669 3178 1724 3231 di
1746 3177 1807 3234 S.
1839 3178 2056 3251 Stefano

475 3253 578 3324 (De
607 3254 808 3312 duobus
837 3259 1110 3330 episcopis,
1142 3278 1196 3332 p.
1225 3263 1368 3335 “5).
1403 3266 1644 3321 Tertium
1672 3268 2056 3326 documentum

474 3344 677 3399 editum
727 3363 756 3402 a
811 3350 1124 3406 marchione
1161 3360 1216 3406 et
1261 3356 1522 3410 canonico
1557 3358 1622 3412 de
1663 3358 1933 3431 Dionysiis
1975 3370 2059 3417 est

473 3435 716 3493 Ratherii
769 3444 1119 3499 commutatio
1167 3460 1290 3500 cum
1342 3446 1651 3505 Ursemario
1707 3459 1830 3507 acta
1897 3471 1915 3502 ι
1973 3469 2058 3509 re-

475 3539 674 3600 gnante
720 3533 920 3590 domno
947 3534 1208 3593 Lothario
1236 3553 1362 3612 rege
1390 3540 1481 3597 hic
1520 3542 1572 3596 in
1603 3542 1752 3598 [talia
1783 3559 1925 3600 anno
1972 3560 2048 3600 se-

470 3623 890 3690 pti‘modecimo.
972 3666 990 3683 .
1071 3670 1084 3684 .
1165 3671 1179 3685 .
1258 3672 1273 3686 .
1352 3633 1644 3690 indictione
1673 3645 1848 3691 sexta.
1894 3637 2055 3692 »Λη-

474 3730 578 3770 nus
604 3715 846 3773 Lotharii
869 3720 1009 3790 regis
1031 3721 1274 3779 decimus
1300 3725 1562 3794 septimus
1585 3727 1807 3798 incmpit
1827 3739 2057 3785 exeunte

475 3805 618 3859 Maio
641 3807 767 3860 anni
815 3807 941 3874 947,
987 3819 1040 3864 et
1071 3812 1230 3866 desiit
1254 3823 1378 3868 ante
1409 3813 1568 3869 linem
1617 3816 1740 3871 Maii
1777 3821 1903 3873 anni
1930 3821 2053 3876 948.

474 3894 611 3950 Cum
641 3913 805 3968 porro
836 3899 1059 3956 indictio
1082 3911 1234 3957 sexta
1273 3905 1500 3973 coeperit
1538 3920 1566 3959 a
1596 3904 1900 3977 Septembri
1929 3911 2057 3964 anni

473 3987 730 4052 947,lioc
755 3991 1157 4059 documentum,
1187 3993 1240 4048 in
1292 4009 1399 4064 quo
1441 3997 1644 4051 mensis
1693 3997 2054 4065 desideratur,

472 4079 735 4150 scriptum
759 4081 860 4136 fuit
883 4082 1026 4138 inter
1053 4083 1425 4155 Septembrem
1455 4087 1581 4141 anni
1612 4087 1736 4150 947,
1771 4097 1825 4142 et
1854 4088 2054 4144 Maium

472 4169 604 4224 anni
633 4169 736 4225 948
763 4181 888 4227 ante
928 4173 1088 4228 linem
1113 4175 1282 4244 (epist.
1310 4175 1376 4241 5,
1401 4177 1469 4229 ad
1496 4176 1611 4240 .10.,
1639 4194 1694 4231 η.
1721 4178 1796 4249 6).
1825 4179 1938 4234 Hoc
1963 4195 2057 4234 au-

470 4271 583 4316 tem
609 4263 951 4334 episcopatus
1007 4266 1226 4322 biennio
1267 4268 1342 4323 ita
1372 4268 1554 4323 multis
1594 4269 1766 4338 iisque
1803 4271 2057 4342 gravissi-

467 4352 578 4408 mis
622 4354 980 4412 incommodis
1010 4356 1303 4414 Ratherius
1332 4358 1510 4434 [cxiii]
1557 4359 1793 4416 amictus
1844 4361 1966 4427 fuit,
1997 4371 2057 4418 ut

2163 1895 2269 1943 est.
2309 1887 2616 1941 Audiautur
2637 1904 2756 1957 quze
2794 1889 2896 1944 hac
2935 1891 3002 1944 de
3038 1905 3096 1944 re
3129 1890 3289 1947 latius
3317 1901 3498 1963 postea
3529 1894 3755 1964 scripsit

2165 1980 2231 2034 ad
2259 1996 2527 2034 suzmmtm
2557 1981 2862 2051 pontiﬁcem
2891 1982 3048 2050 epist.
3097 1981 3148 2048 5,
3183 2000 3238 2036 n.
3281 1982 3332 2038 6.
3369 2005 3386 2035 ι
3427 1984 3580 2050 Quod
3611 2001 3757 2041 mar-

2163 2073 2362 2143 tyrium
2387 2073 2642 2127 versutiis
2679 2071 2920 2140 ejusdem
2953 2072 3163 2127 Milonis
3188 2089 3284 2143 per
3301 2073 3578 2129 biennium
3616 2090 3753 2146 pcr-

2163 2165 2399 2228 tulerim,
2429 2173 2670 2232 satagam
2702 2164 2747 2218 si
2782 2163 3006 2229 referre,
3049 2165 3331 2218 historiam
3366 2164 3440 2234 (id
3483 2177 3566 2219 est
3597 2166 3756 2221 fabu-

2163 2258 2294 2330 lam)
2323 2258 2543 2328 putetis.
2583 2257 2862 2312 Summam
2914 2257 3288 2313 tantummodo
3333 2257 3751 2332 ut_brevissime

2163 2348 2637 2419 comprehendam,
2663 2362 2851 2402 omnes
2887 2346 3134 2414 clericos,
3162 2348 3383 2412 milites,
3419 2348 3641 2404 colonos
3696 2360 3755 2405 ct

2162 2436 2393 2492 famulos
2417 2438 2532 2507 ipso
2554 2447 2746 2492 contra
2778 2451 2865 2490 me
2901 2438 3300 2507 patrocinante,
3336 2455 3440 2492 non
3483 2439 3751 2510 synodum

2161 2543 2345 2598 agere,
2384 2544 2488 2582 non
2538 2527 2784 2597 capitulo
2817 2527 3144 2583 clericorum
3185 2529 3465 2594 interesse,
3505 2545 3610 2584 non
3651 2530 3751 2585 ali-

2161 2619 2314 2690 quid,
2345 2619 2486 2688 quod
2509 2619 2904 2674 emendandum
2921 2611 3086 2685 esset,
3113 2620 3376 2676 audebam
3408 2621 3753 2678 solummodo

2160 2727 2612 2777 commemorare,
2658 2720 2896 2768 statuere
2949 2711 3247 2780 quidlibet,
3288 2712 3373 2767 vel
3427 2712 3748 2770 destituere.

2159 2801 2434 2871 Nusquam
2463 2801 2688 2872 aliquid,
2713 2801 2859 2872 quod
2898 2800 3040 2856 scire
3067 2801 3245 2868 vellet,
3284 2802 3429 2871 loqui
3475 2795 3745 2872 poteram,

2159 2895 2302 2965 quod
2330 2909 2434 2948 non
2476 2893 2732 2949 continuo
2760 2894 2946 2948 sciret.
2990 2893 3345 2951 Sacramento
3366 2896 3509 2950 enim
3532 2897 3599 2950 ab
3624 2911 3744 2950 om-

2161 2985 2318 3040 nibus
2350 2985 2423 3049 id,
2442 2984 2623 3048 credo,
2641 2993 2978 3051 extorserat;
3009 2993 3206 3041 etcum
3231 3001 3419 3041 omnes
3440 2986 3520 3041 sui
3549 3001 3739 3041 coram

2161 3073 2411 3128 illo'mihi
2440 3074 2807 3140 detraherent,
2837 3074 2928 3130 ille
2965 3074 3110 3131 solus
3137 3086 3324 3131 contra
3356 3091 3546 3132 omnes
3584 3078 3743 3145 quasi

2159 3180 2258 3236 pro
2285 3180 2370 3219 me
2398 3163 2651 3230 faciebat,
2683 3173 2742 3218 ut
2772 3165 2976 3220 scilicet
2999 3167 3298 3235 provocati,
3339 3167 3601 3238 ampliora
3632 3168 3730 3221 de-

2160 3257 2398 3327 rogando
2428 3255 2598 3329 [thv]
2635 3257 2916 3313 referrent.
2974 3258 3208 3328 ldipsum
3239 3259 3403 3314 etiam
3423 3300 3438 3325 ,
3465 3258 3607 3329 quod
3626 3258 3749 3329 ipso

2159 3348 2458 3418 imperante
2486 3349 2710 3420 agebam
2736 3349 2930 3420 (neque
2956 3349 3100 3403 enim
3133 3350 3414 3404 contraire
3450 3349 3566 3419 ejus
3603 3358 3748 3418 prte-

2159 3440 2329 3510 ceptis
2360 3441 2644 3511 audebam)
2674 3441 2918 3495 vertebat
2945 3441 2997 3494 in
3023 3439 3259 3510 culpam,
3287 3441 3609 3496 clericorum
3651 3455 3748 3495 oc-

2158 3534 2300 3589 culte
2356 3543 2570 3588 struens
2609 3541 2798 3588 coutra
2830 3545 2917 3586 me
2961 3532 3306 3595 calumniam,
3338 3532 3467 3586 mihi
3524 3547 3653 3614 vero
3678 3532 3748 3586 de

2159 3627 2239 3681 eis
2259 3627 2581 3696 promittens
2603 3625 2785 3679 dolose
2813 3625 2945 3679 satis
2973 3624 3288 3678 vindictam.
3314 3624 3427 3678 Hoc
3449 3626 3585 3678 adeo
3618 3641 3747 3695 pro-

2158 3723 2343 3788 cessit,
2391 3729 2450 3775 ut
2495 3719 2726 3791 quadam
2769 3718 2880 3783 die,
2916 3717 3041 3771 dum
3083 3716 3301 3772 ordines
3345 3715 3747 3771 ecclesiasticos

2157 3826 2405 3880 agerem,
2439 3809 2850 3865 archidiaconus
2877 3823 2999 3864 cum
3040 3807 3186 3862 omni
3233 3806 3380 3862 clero
3419 3807 3623 3870 exiens,
3659 3823 3746 3861 me

2157 3902 2330 3956 solum
2357 3904 2408 3955 in
2431 3902 2657 3956 ecclesia
2688 3901 3032 3971 relinqueret,
3061 3909 3116 3954 et
3149 3899 3375 3954 alteram
3405 3899 3506 3954 sibi
3552 3910 3743 3954 contra

2156 4009 2244 4047 me
2279 3993 2597 4047 vindicaret.
2637 4013 2656 4045 ι
2705 3995 2772 4048 Et
2816 4002 2935 4063 post
2968 3992 3220 4047 nonnulla
3257 4010 3269 4045 :
3305 4011 3324 4044 ‹
3377 3991 3581 4046 Horum
3611 4008 3745 4049 vero

2156 4088 2398 4138 omnium
2433 4098 2554 4137 cum
2597 4083 2844 4137 incentor
2870 4082 2993 4136 Milo
3026 4090 3173 4136 esset
3198 4091 3253 4136 et
3281 4079 3503 4147 auctor,’
3524 4083 3626 4136 mei
3657 4091 3742 4136 ta-

2156 4188 2281 4228 men
2310 4183 2365 4227 et
2398 4172 2588 4238 videri,
2617 4181 2673 4226 et
2713 4172 2818 4226 dici
2858 4170 3130 4226 ambiebat
3159 4171 3455 4226 advocatus
3484 4181 3540 4226 et
3572 4183 3740 4227 tutor.

2155 4263 2343 4333 Itaque
2371 4262 2700 4317 calidissime
2738 4277 2822 4317 me
2847 4261 3140 4332 afﬂigebat,
3165 4271 3221 4317 ul
3259 4263 3567 4318 rarissimus
3593 4274 3744 4319 esset

2157 4356 2209 4409 in
2241 4370 2429 4425 regno,
2464 4355 2554 4424 qui
2586 4369 2690 4409 non
2721 4355 3033 4419 aestimaret,
3061 4355 3448 4411 amicissimum
3473 4371 3595 4410 etim
3617 4371 3740 4412 esse

468 4459 593 4498 eum
635 4445 854 4501 maeret
907 4447 1032 4501 vita:
1083 4463 1214 4514 sum,
1242 4449 1605 4520 levioremque
1648 4454 1868 4508 duceret
1907 4454 2054 4508 cata-
2085 4486 2136 4546 Β
2162 4447 2294 4502 mihi
2324 4448 2565 4502 omnino.
2595 4446 2708 4518 Ego
2728 4462 2856 4502 vero
2885 4446 3049 4502 miser
3071 4462 3222 4502 eram
3253 4447 3440 4502 diebus
3462 4447 3742 4502 noctibus-

467 4534 739 4600 mitatem,
765 4551 926 4606 quam
954 4536 1008 4590 in
1035 4536 1287 4607 Papiensi
1332 4554 1554 4595 carcere
1579 4542 1894 4610 pertulerat.
1927 4541 2051 4598 Milo

467 4640 654 4682 comes
688 4627 883 4682 horum
912 4629 1174 4684 malorum
1207 4631 1452 4686 incentor
1476 4641 1531 4687 et
1556 4643 1747 4689 auctor
1765 4634 1887 4688 fuit.
1916 4635 2047 4690 Cum

464 4719 611 4773 enim
643 4734 764 4774 eum
806 4723 1170 4776 revocandum
1208 4732 1452 4779 curasset
1498 4738 1560 4779 ea
1609 4733 1817 4780 tantum
1849 4735 2048 4794 mente,

464 4823 526 4868 ut
581 4815 885 4872 Manassem
942 4815 1268 4873 Veronensis
1306 4819 1450 4875 sedis
1511 4819 1838 4885 invasorem,
1885 4834 2046 4889 quem

463 4909 766 4973 n'retuebat,
797 4907 1141 4976 excluderet;
1172 4911 1271 4965 etsi
1300 4911 1551 4966 omnibus
1573 4913 1814 4966 externis
1857 4911 2048 4968 oﬂiciis

463 4995 788 5052 Rathcrium
819 5014 1172 5069 prosequens,
1205 5000 1322 5070 ejus
1350 5001 1623 5056 videretur
1651 5002 2044 5069 amicissimus;

466 5101 527 5140 re
550 5097 729 5143 tamen
759 5089 872 5160 ipsa
897 5090 1145 5146 hostilem
1173 5090 1228 5144 in
1270 5092 1517 5146 eumdem
1565 5093 1804 5146 animum
1832 5109 2044 5163 gerens,

465 5177 783 5234 clericorum
842 5183 1008 5253 ipsius
1037 5182 1383 5240 rebellionem
1431 5183 1644 5240 fovebat
1678 5194 1837 5255 atque
1864 5196 2030 5256 patro-

465 5266 769 5324 ciuabatur.

537 5356 606 5388 ’ξιξ
658 5358 950 5388 vnum.-.“
974 5379 1247 5388 ---μμ---.-
1281 5379 1538 5388 ,.--.....-.....
1577 5373 1620 5388 -.
1667 5365 2040 5388 --..|....:.....:-..

2161 4553 2264 4607 que
2296 4538 2366 4592 ita
2413 4537 2710 4600 confectus,
2741 4546 2793 4592 et
2848 4538 3060 4602 anxius,
3105 4546 3166 4591 ut
3213 4538 3434 4591 taederet
3480 4551 3564 4591 me
3617 4537 3741 4592 vita:

2158 4645 2314 4694 ureae,
2343 4638 2399 4684 et
2425 4628 2634 4683 mallem
2668 4627 3018 4693 inWalberti,
3046 4635 3106 4680 ut
3131 4619 3735 4697 quondam,'turricula,

2157 4739 2321 4792 quam
2372 4722 2560 4776 sedere
2610 4721 2666 4774 in
2715 4721 3012 4775 Veronensi
3064 4719 3341 4783 cathedra,
3391 4718 3599 4772 esurire
3638 4718 3739 4773 sub

2161 4815 2365 4885 Ugone,
2389 4827 2551 4883 quam
2573 4811 2779 4882 epulari
2809 4826 2932 4867 cum
2963 4810 3174 4866 Milone.
3211 4829 3228 4860 ι
3255 4809 3519 4864 Nonnulla
3558 4809 3611 4862 in
3636 4809 3740 4863 hoc

2156 4905 2366 4975 prolixo
2399 4902 2708 4958 testimonio
2728 4902 3250 4958 animadversionem
3285 4909 3578 4955 merentur.

2226 4997 2314 5050 57.
2341 4995 2493 5062 Quod
2540 4995 2616 5048 ait
2649 5014 2666 5045 ‹
2706 5009 2810 5048 non
2853 4994 3114 5065 synodum
3144 5008 3325 5064 agere,
3367 5007 3472 5046 non
3503 4992 3739 5062 capitulo

2157 5090 2474 5146 clericorum
2503 5089 2764 5143 interesse
2787 5088 3070 5152 audebam,
3099 5107 3117 5138 ›
3146 5088 3211 5141 de
3235 5087 3298 5140 iis
3325 5085 3542 5156 synodis
3569 5094 3623 5138 et
3649 5100 3738 5138 ca-

2153 5181 2335 5252 pitulis
2366 5180 2738 5249 accipiemium
2782 5188 2885 5241 est,
2918 5192 3039 5246 qum
3080 5178 3133 5231 in
3189 5175 3589 5231 visitationibus
3631 5174 3738 5245 plc-

2157 5271 2306 5325 bium
2335 5271 2635 5325 dimceseos
2669 5268 3025 5323 habebantur.
3056 5267 3111 5320 In
3141 5267 3224 5321 his
3247 5266 3389 5320 enim
3426 5283 3443 5316 ‹
3473 5265 3734 5333 synodum

2156 5363 2239 5388 ,ιι-Ζ
2275 5381 2288 5388 -
2321 5359 2565 5388 ,Ιῖηηιιηηι
2621 5373 2740 5388 nunc“
2771 5358 3047 5388 Ληῖοηηιηιο
3071 5363 3418 5388 nnnrnnnlnm
3450 5352 3658 5388 nlnhnm
3684 5353 3736 5388 :n
