4038 5388
212 310 293 383 ,5⁷
1242 318 1775 379 raoceconam.
1820 347 1826 355 .

1928 314 2251 369 RATIIIZRII
2295 316 2469 371 VIT.\.
3420 314 3491 371 58

232 419 511 493 colligitur
546 438 613 477 ex
661 440 864 479 canone
914 426 1121 480 concilii
1177 428 1629 499 Ilotbomageusis
1682 428 1820 498 apud
1851 433 1895 487 Λ
1925 443 2085 495 quam
2121 446 2137 476 ι
2175 427 2391 489 milites,
2424 426 2641 479 colonos
2687 434 2742 479 ct
2773 426 3018 491 famulos,
3059 447 3077 478 ι
3117 427 3169 481 id
3196 426 3275 481 est
3306 428 3492 491 Iaicos,

233 508 572 579 Reginonem
598 512 693 566 lib.
728 529 787 576 II,
814 530 861 567 c.
894 516 946 576 I,
974 525 1023 569 et
1062 518 1199 585 apud
1242 518 1609 573 Burcbardum
1638 518 1724 571 lib.
1776 534 1816 579 I,

234 612 283 652 c.
320 598 411 662 90,
448 599 539 652 ubi
573 600 769 670 legitur
808 620 819 653 :
858 620 877 651 ι
909 601 1040 655 Cum
1057 605 1340 674 episcopus
1367 623 1517 660 suam
1541 606 1817 661 tIItBCCSIItI

237 686 451 750 circuit,
486 689 904 745 archidiaconus
946 692 1026 746 vel
1059 694 1497 767 archipresbyter
1536 712 1657 751 eum
1686 712 1820 765 prae-

236 776 312 831 ire
342 778 508 833 debet
542 795 651 833 uno
674 790 764 833 aut
792 780 998 837 duobus
1028 784 1214 839 diebus
1243 802 1338 855 per
1358 787 1665 855 parochias,
1684 801 1819 856 quas

237 869 558 924 visitaturus
581 882 684 937 est,
715 882 768 926 et
798 872 949 941 plebe
987 888 1280 931 convocata
1316 880 1637 933 annuntiare
1663 880 1820 932 debet

234 959 436 1025 proprii
458 962 695 1028 pastoris
718 962 1025 1027 adventum,
1051 974 1104 1018 et
1144 975 1201 1017 ut
1232 982 1442 1032 omnes,
1476 969 1717 1037 exceptis
1740 969 1820 1021 tn-

236 1044 428 1109 lirmis,
455 1048 523 1101 ad
554 1050 671 1118 ejus
711 1067 948 1105 svxonuu
1008 1054 1093 1106 die
1142 1055 1484 1111 denominata
1524 1058 1819 1126 imprimer—

235 1136 397 1190 ιιιίεαρ
447 1152 759 1193 occurrant.
818 1162 835 1193 ι
879 1144 1007 1195 Dein
1068 1157 1464 1201 sacramentum
1517 1149 1817 1218 subjicitur,

233 1231 375 1303 quod
421 1256 436 1285 ι
471 1252 757 1305 episcopus
785 1233 835 1290 in
862 1250 1059 1291 suone
1092 1237 1335 1292 residens
1378 1247 1498 1307 post
1528 1254 1817 1309 congruam

234 1328 621 1381 allocutionem
655 1347 673 1378 ι
705 1344 732 1380 a
759 1328 1145 1381 maturioribns
1170 1338 1222 1381 et
1265 1328 1664 1383 bouestioribus
1691 1330 1821 1383 viris

234 1418 505 1486 exigebat,
539 1434 604 1471 ac
629 1420 842 1472 tandem
872 1419 1323 1489 interrogationes
1348 1420 1673 1485 subduntnr,
1702 1436 1821 1489 qum

236 1511 366 1579 ipsis
392 1519 554 1564 erant
602 1511 979 1581 proponendze.
1017 1510 1071 1564 ld
1102 1510 1387 1565 conﬁrmat
1426 1511 1587 1565 etiam
1622 1511 1820 1566 Gerar-

236 1602 333 1655 dus
360 1602 415 1655 in
456 1603 564 1655 vita
596 1601 654 1656 S.
686 1602 922 1657 Udalrici
950 1602 1186 1673 episcopi
1216 1602 1533 1673 Auguslaui,
1559 1604 1823 1673 quialnbo

236 1691 496 1745 Ratlierio
527 1692 695 1746 coazvi
734 1692 1079 1747 exstiterunt.
1120 1693 1195 1747 De
1240 1693 1637 1748 visitationibus
1677 1695 1821 1749 enim

1922 516 2112 569 borum
2139 525 2316 569 autem
2342 531 2518 569 causa:
2552 525 3007 584 cognoscerentur
3034 530 3138 569 non
3185 516 3237 570 in
3277 517 3497 587 synodis

1922 606 2280 669 dilecesanis,
2347 606 2440 659 sed
2498 605 2551 658 in
2615 605 2720 659 illis
2781 605 3148 659 visitationum
3215 608 3498 661 occasione

1921 698 2160 761 coactis;
2214 698 2338 750 binc
2364 696 2549 765 synodi
2593 710 2787 749 nomen
2835 696 2937 750 hoc
2977 696 3095 751 loco
3123 696 3188 751 de
3236 696 3498 766 ejusmodi

1922 790 2144 859 synodis
2168 788 2536 857 accipiendum
2561 786 2908 841 credidimus.

1992 880 2083 934 ‘59.
2110 878 2284 933 Verba
2315 891 2479 945 porro
2514 894 2532 926 ι
2563 875 2686 929 dum
2713 875 3112 929 ecclesiasticos
3141 875 3357 931 ordines
3378 890 3499 946 age-

1921 985 2037 1024 rem
2077 988 2093 1018 ι
2136 968 2202 1021 de
2240 979 2517 1020 sacrorum
2547 964 2798 1017 ordinum
2826 963 3115 1018 collatione
3143 962 3313 1035 [Lm]
3345 962 3501 1017 intel-

1922 1063 2130 1132 ligenda
2179 1059 2309 1113 oInn
2354 1073 2477 1112 cum
2525 1056 2644 1111 aliis
2680 1056 3127 1111 existimavimus.
3174 1056 3326 1110 Nunc
3374 1072 3502 1110 vero

1922 1150 2202 1207 maturiori
2236 1146 2668 1202 consideratione
2713 1145 2915 1204 habita,
2955 1146 3038 1199 IIIS
3086 1147 3266 1199 verbis
3305 1146 3498 1199 solem-

1922 1259 2047 1297 nem
2106 1242 2340 1311 aliquam
2381 1239 2802 1294 ecclesiasticam
2846 1239 3172 1292 functionem
3220 1238 3503 1308 lignilicari
3548 1274 3555 1283 ι

1922 1334 2272 1387 arbitramur.
2302 1330 2473 1385 Simili
2502 1330 2646 1384 enim
2674 1328 2900 1383 formula
2939 1328 3232 1384 Ratberius
3258 1328 3414 1398 epist.
3448 1345 3462 1381 ι
3486 1346 3500 1381 :

1928 1444 1946 1476 ι
1968 1423 2247 1478 Conradus
2268 1422 2488 1477 ordines
2511 1420 2755 1475 exercuit
2779 1418 3177 1473 ecclesiasticos
3200 1438 3217 1469 ι
3240 1419 3501 1479 scribens,

1924 1529 2134 1569 sacram
2184 1512 2423 1582 aliquam
2461 1510 2823 1573 iunctionem,
2863 1523 2969 1562 non
3001 1523 3125 1563 vero
3174 1523 3383 1563 sacram
3414 1524 3502 1560 or-

1925 1605 2251 1660 dinationem
2300 1619 2330 1657 a
2368 1602 2617 1659 Conrado
2664 1609 2941 1670 peractam
3005 1600 3304 1669 expressit,
3346 1607 3403 1655 ut
3451 1598 3503 1655 in

1927 1696 2171 1750 eamdem
2216 1694 2500 1764 epistolam
2557 1692 2837 1747 notatione
2882 1690 3036 1744 tertia
3079 1691 3502 1745 observavimus.

233 1782 505 1837 diceresos
552 1798 721 1853 agens
746 1797 863 1851 cap.
900 1781 953 1847 6,
990 1801 1009 1833 ι
1048 1782 1333 1837 concilium
1387 1802 1404 1833 ι
1451 1799 1649 1838 vocans
1676 1784 1820 1855 quod
1855 1778 1899 1837 Β
1928 1786 2215 1841 Enimvero
2251 1784 2292 1838 si
2338 1785 2509 1839 sacris
2554 1786 2833 1840 ordinibus
2879 1785 3222 1840 conferendis
3264 1798 3511 1842 vacasset

238 1878 289 1930 in
320 1877 651 1945 przecedenti
686 1877 992 1931 testimonio
1022 1896 1039 1927 (
1074 1878 1311 1947 synodus
1339 1896 1356 1927 ι
1390 1879 1708 1948 appellatur,
1738 1880 1822 1934 bis

233 1966 417 2019 verbis
445 1965 951 2037 lllIllll‘(.“ABll.LON.
984 1968 1098 2018 Act.
1122 1964 1224 2019 SS.
1250 1963 1380 2019 0rd.
1406 1965 1605 2021 Bened.
1640 1976 1679 2021 t.
1712 1968 1821 2035 VII,

244 2074 293 2125 p.
320 2056 454 2125 428)
483 2075 496 2109 :
531 2076 549 2107 ι
578 2056 657 2110 Ad
689 2056 807 2111 loca
853 2065 1031 2111 autem
1075 2055 1164 2110 illa
1192 2070 1313 2110 cum
1346 2055 1496 2129 [va]
1541 2060 1819 2127 pervenis-

233 2157 334 2213 set,
368 2146 461 2200 ubi
489 2146 720 2201 concilia
749 2162 844 2201 sua
886 2147 1200 2201 denuntiata
1230 2145 1447 2201 fuerant
1518 2188 1534 2202 .
1615 2186 1631 2203 .
1710 2187 1725 2202 .
1803 2188 1819 2203 .

235 2238 287 2291 in
321 2253 573 2293 CONCILIO
597 2238 886 2293 considens
913 2237 1166 2309 populum
1196 2246 1323 2294 ante
1348 2254 1407 2294 se
1436 2239 1621 2294 vocari
1672 2237 1821 2304 fecit,

235 2329 728 2398 prudentioresque
781 2337 836 2383 et
862 2328 1167 2383 veraciores
1196 2338 1541 2384 sacramento
1584 2336 1821 2385 interro-

235 2434 364 2488 gare
386 2419 667 2489 praecepit,
704 2438 722 2469 ι
749 2427 854 2473 etc.
897 2419 961 2473 Et
989 2430 1211 2488 postea:
1250 2438 1269 2471 ι
1328 2418 1608 2489 Completo
1644 2435 1826 2475 CONCI-

237 2526 324 2566 LIO
348 2511 417 2564 ad
450 2510 856 2565 mansiuncnlas
884 2511 1061 2565 rediit.
1092 2531 1111 2563 ι
1147 2510 1230 2565 Ad
1276 2510 1417 2564 bane
1447 2509 1711 2581 synodum
1739 2509 1822 2564 vi-

238 2604 551 2658 sitationum
584 2604 873 2659 occasione
898 2602 1228 2659 celebratam
1258 2600 1537 2657 referenda
1564 2612 1691 2657 sunt
1719 2602 1825 2657 Ra-

241 2696 399 2750 tberii
452 2696 621 2750 verba
664 2713 717 2750 m
758 2696 1041 2751 Itinerario
1109 2712 1258 2751 num.
1302 2695 1335 2749 5
1374 2714 1435 2749 :c
1479 2694 1649 2763 Quem
1678 2696 1823 2750 enim

238 2789 504 2844 laieorum
556 2790 624 2845 de
668 2789 936 2845 adulterio
966 2789 1262 2845 convenire
1303 2804 1468 2844 ausus
1512 2788 1737 2843 fuissem
1767 2788 1824 2842 in

238 2882 467 2951 synodo,
504 2902 523 2933 ι
567 2890 701 2946 etc.,
739 2890 797 2935 ut
820 2880 1017 2936 ibidem
1041 2880 1431 2950 explicabimus
1466 2879 1517 2933 in
1556 2888 1667 2934 not.

310 2974 401 3028 58.
446 2973 690 3043 Capitula
722 2988 850 3027 vero
885 2973 1193 3027 clericorum
1234 2987 1299 3027 ea
1329 2971 1494 3027 fuisse
1533 2971 1822 3041 appellata,

239 3063 435 3133 quibus
467 3073 586 3134 post
612 3064 868 3135 synodum
896 3065 1056 3119 totius
1082 3064 1253 3134 plebis
1279 3064 1603 3119 celebratam
1632 3078 1823 3118 omnes

1926 1876 2249 1941 Ratberius;
2276 1877 2369 1945 qui
2397 1876 2510 1931 fieri
2535 1878 2818 1946 potuisset,
2851 1888 2910 1931 ut
2935 1894 3110 1931 omnes
3134 1877 3316 1931 clerici
3344 1879 3508 1932 etiam

1924 1969 2236 2034 ordinandi,
2278 1970 2369 2037 qui
2402 1968 2469 2023 de
2500 1968 2842 2037 promotione
2872 1984 2968 2023 sua
3007 1968 3223 2024 solliciti
3262 1984 3381 2023 esse
3421 1985 3508 2024 so—

1925 2060 2059 2123 lent,
2089 2060 2264 2127 ipsum
2302 2058 2639 2123 deserentes,
2674 2058 2846 2113 solum
2874 2058 2926 2113 in
2957 2059 3200 2114 Ecclesia
3231 2060 3507 2129 relinque-

1925 2150 2078 2205 rent?
2112 2148 2171 2205 Si
2212 2150 2279 2205 de
2329 2149 2460 2205 solis
2501 2149 2781 2206 ordinibus
2825 2149 3169 2205 conferendis
3218 2151 3497 2220 agebatur,

1924 2242 2059 2296 nihil
2102 2248 2241 2307 erat,
2287 2256 2386 2296 cur
2437 2240 2553 2296 solo
2595 2243 2849 2311 episcopo
2904 2241 3091 2296 relicto
3144 2242 3198 2295 in
3248 2242 3503 2305 ecclesia,

1930 2352 1949 2385 ι
2002 2332 2414 2388 archidiaconus
2464 2348 2588 2387 cum
2634 2335 2778 2387 omni
2816 2333 2963 2387 clero
3003 2333 3213 2398 exiens,
3266 2334 3495 2388 alteram

1925 2423 2029 2478 sibi
2060 2424 2350 2479 ecclesiam
2392 2433 2581 2480 contra
2616 2425 2928 2494 episc0pum
2966 2425 3284 2479 vindicaret.
3329 2445 3347 2477 ι
3382 2425 3508 2480 Haec

1926 2524 2113 2586 aperte
2154 2515 2398 2571 indicant
2440 2515 2735 2572 solemnem
2786 2516 3020 2586 aliquam
3069 2517 3395 2572 functionem
3442 2519 3512 2572 ab

1924 2605 2176 2674 episcopo
2205 2604 2534 2659 celebratam
2577 2605 2629 2659 in
2674 2606 2992 2672 cathedrali,
3033 2606 3117 2659 cui
3153 2615 3292 2660 totus
3338 2607 3515 2662 clerus

1925 2694 2116 2747 aderat
2146 2708 2161 2757 ;
2196 2692 2454 2748 derelicto
2484 2702 2665 2747 autem
2703 2694 2955 2764 episcopo
2988 2695 3161 2764 ipsum
3194 2694 3397 2749 clerum
3425 2712 3512 2749 ar-

1926 2785 2244 2840 chidiacono
2270 2784 2409 2841 duce
2434 2786 2678 2841 eamdem
2705 2784 3039 2841 functionem
3068 2786 3120 2840 in
3154 2786 3312 2841 aliam
3338 2786 3512 2842 eccle-

1926 2877 2061 2932 siam
2110 2876 2404 2932 catliedrali
2443 2877 2745 2947 proximam
2788 2878 3151 2943 transtulisse,
3201 2893 3288 2932 ex.
3344 2895 3424 2949 gr.
3460 2880 3513 2933 in

1924 2970 2207 3025 ecclesiam
2247 2970 2304 3025 S.
2339 2968 2575 3040 Georgii,
2607 2971 2691 3027 vel
2740 2971 2795 3025 S.
2828 2970 3053 3027 Joannis
3104 2974 3155 3027 in
3194 2973 3360 3027 fonte.
3404 2974 3510 3029 Ar-

1932 3062 2288 3117 chidiaconus
2313 3060 2609 3117 Adelardus
2639 3064 2978 3134 subscriptus
3010 3064 3202 3131 legitur
3232 3066 3285 3118 in
3317 3066 3517 3120 instru-

239 3153 485 3223 ejusdem
538 3121 708 3222 plebis
765 3151 970 3215 clerici,
1023 3153 1240 3221 quando
1292 3168 1428 3222 opus
1480 3162 1618 3217 erat,
1668 3121 1901 3207 simulC
1934 3164 2120 3209 mento
2147 3154 2642 3209 commutationisa
2676 3154 2936 3209 Ratberio
2972 3164 3094 3224 post
3122 3156 3514 3211 restitutionem

241 3243 440 3307 coacti,
476 3258 661 3297 coram
702 3243 953 3314 episcopo
1000 3243 1491 3315 intermgabantur,
1540 3243 1716 3313 palam
1771 3244 1832 3298 lit

241 3352 306 3389 ex
338 3336 530 3390 eodem
555 3334 818 3401 Gerardo,
858 3335 947 3404 qui
979 3342 1101 3404 post
1128 3334 1396 3405 descripta
1443 3335 1658 3389 laudata
1698 3350 1831 3390 con-

240 3428 361 3482 cilia
392 3443 422 3480 a
471 3425 527 3480 S.
563 3426 817 3482 Udalrico
867 3427 918 3481 in
955 3427 1198 3497 plebibus
1243 3426 1425 3483 habita
1470 3428 1680 3483 subdit:
1721 3447 1738 3480 ι
1775 3428 1831 3482 In

242 3518 564 3588 quibusdam
597 3528 776 3573 autem
810 3518 997 3574 diebus
1024 3535 1285 3574 camuu
1321 3536 1443 3574 cum
1483 3520 1695 3577 clericis
1730 3523 1819 3576 ba-

244 3612 375 3663 bere
406 3608 672 3679 disposuit
702 3610 754 3662 in
790 3609 876 3663 his
918 3609 1072 3674 locis,
1117 3610 1205 3664 ubi
1247 3611 1360 3665 haec
1390 3611 1668 3678 aptissime
1715 3611 1831 3665 ﬁeri

245 3700 705 3771 archipresbyteri
767 3709 1122 3769 putaverunt,
1170 3708 1224 3754 et
1283 3701 1371 3755 ubi
1419 3715 1541 3754 eum
1595 3702 1661 3755 ab
1711 3701 1832 3755 aliis

246 3790 534 3844 mundanis
575 3788 824 3845 conciliis
881 3808 898 3841 ι
933 3788 1074 3859 (qua:
1114 3789 1319 3844 scilicet
1346 3798 1501 3842 antea
1536 3797 1831 3842 memorata

246 3880 411 3933 laicos
456 3877 837 3949 respiciebant)
874 3896 891 3927 ι
927 3877 1307 3933 absolutiorem
1347 3892 1467 3932 esse
1496 3878 1833 3932 arbitraban-

250 3983 352 4025 tur.
390 3971 742 4041 Congregatis
772 3978 899 4024 ante
934 3984 992 4024 se
1018 3969 1232 4024 clericis
1261 3968 1758 4040 archipresbyteros
1782 3978 1834 4023 et

248 4064 481 4118 decanos
507 4072 562 4117 et
588 4063 842 4131 optimos,
883 4078 1017 4131 quos
1045 4062 1186 4115 inter
1213 4076 1307 4116 eos
1353 4061 1593 4116 invenire
1635 4062 1830 4131 potuit,

249 4164 404 4208 caute
434 4155 812 4225 interrogavit,
853 4172 871 4205 ι
908 4164 1039 4218 etc.,
1064 4154 1317 4208 nimirum
1350 4155 1415 4208 de
1441 4154 1833 4223 pertinentibus

248 4246 311 4297 ad
343 4245 593 4299 clericos.
630 4245 705 4299 De
736 4246 959 4313 antiqua
996 4243 1299 4313 hujusmodi
1346 4244 1832 4315 interrogationum

251 4335 508 4400 formula,
547 4351 778 4404 quarum
812 4335 932 4388 alia:
975 4334 1040 4387 ad
1081 4334 1327 4400 clericos,
1379 4334 1497 4389 alia:
1545 4336 1612 4388 ad
1666 4335 1833 4390 Iaicos

249 4427 613 4497 pertinebant,
652 4427 774 4479 vide
821 4440 940 4493 qum
973 4424 1206 4478 diximus
1258 4425 1309 4477 in
1358 4423 1721 4479 admonitione
1767 4424 1833 4478 ad

250 4516 560 4587 synodicam
587 4514 855 4568 Ratherii.
875 4512 1006 4567 Cum
1031 4513 1213 4584 itaque
1243 4512 1366 4567 Milo
1392 4528 1573 4568 comes
1599 4532 1617 4564 ι
1646 4528 1835 4569 omnes

251 4609 494 4671 clericos,
555 4608 775 4667 milites,
825 4604 1044 4659 colonos
1086 4614 1139 4659 et
1176 4603 1406 4658 famulos
1440 4624 1459 4656 ›
1496 4614 1687 4659 contra
1730 4604 1837 4660 Ra-

256 4700 483 4753 therium
512 4701 722 4754 foveret
752 4708 916 4767 atque
950 4698 1413 4766 patrocinaretdr;
1456 4698 1501 4752 is
1533 4716 1551 4747 ι
1592 4714 1690 4753 nec
1716 4714 1841 4768 syn-

256 4791 409 4843 odum
454 4804 637 4860 agerc,
680 4807 699 4839 ›
755 4787 822 4841 ad
872 4801 1034 4855 quam
1084 4787 1135 4840 in
1167 4786 1567 4842 visitationibus
1620 4788 1839 4852 milites,

259 4879 426 4932 coloni
456 4889 507 4933 et
538 4876 754 4941 famuli,
787 4876 839 4928 id
875 4883 974 4939 est,
1010 4891 1199 4929 omnes
1230 4874 1350 4930 laici
1381 4876 1613 4946 plebium
1647 4876 1840 4931 incolae

260 4979 403 5024 erant
428 4967 787 5031 convocandi,
824 4983 913 5021 nec
944 4966 1196 5036 capitula,
1226 4968 1419 5035 quibus
1456 4967 1646 5023 adesse
1680 4966 1838 5021 debe-

262 5058 381 5113 bant
423 5060 632 5123 clerici,
676 5058 881 5112 habere
926 5057 1186 5122 audebat;
1236 5056 1499 5124 siquidem
1544 5072 1643 5111 nec
1685 5054 1840 5125 quid-

263 5167 407 5219 quam
437 5154 579 5222 quod
614 5148 1020 5206 emendandum
1054 5157 1198 5204 esset
1238 5162 1687 5210 commemorare,
1740 5160 1840 5199 nec

262 5253 485 5300 statuere
535 5251 759 5314 poterat
811 5240 1088 5308 quidlibet,
1143 5238 1228 5292 vel
1285 5238 1597 5294 destituere.
1656 5236 1840 5305 Neque

1931 3244 2161 3299 firmata:
2187 3259 2375 3299 mense
2403 3241 2664 3299 Januario
2697 3244 2825 3299 anni
2854 3245 2978 3311 947,
3011 3244 3166 3314 cujus
3189 3246 3516 3300 mentionem

1932 3336 2160 3392 fecimus
2198 3337 2537 3408 paragrapho
2572 3338 2897 3407 praecedenti
2934 3353 3085 3391 num.
3113 3338 3203 3391 35.
3246 3337 3296 3392 Is
3334 3345 3516 3391 autem

1932 3430 2349 3484 archidiaconus
2386 3429 2430 3484 si
2462 3444 2583 3484 mox
2623 3444 2729 3484 non
2761 3430 2917 3497 obiit,
2945 3428 3031 3483 ille
3084 3438 3169 3484 est
3211 3429 3301 3498 qui
3353 3428 3510 3495 hujus

1931 3522 2245 3576 rebellionis
2274 3521 2377 3574 dux
2412 3520 2527 3574 fuit.

2006 3611 2090 3664 ιο.
2124 3611 2300 3664 Aliam
2332 3626 2439 3663 non
2472 3609 2727 3664 leviorem
2760 3608 3009 3678 injuriam
3048 3608 3306 3662 Ratherio
3336 3606 3518 3660 intulit

1934 3701 2208 3755 Manasscs
2239 3699 2679 3769 archiepiscopus
2706 3698 3062 3762 Arelatensis,
3105 3697 3195 3766 qui
3231 3695 3517 3750 interdicta

1933 3802 1986 3847 et
2028 3806 2214 3862 pmnas
2254 3808 2282 3843 a
2321 3791 2494 3845 sacris
2534 3790 2836 3845 canonibus
2882 3788 3117 3843 inﬂictas
3164 3786 3520 3856 metropolitis

1931 3899 2150 3940 suarum
2174 3883 2572 3953 provinciarum
2606 3880 2808 3936 limites
2834 3880 3353 3951 transgredientibus
3380 3877 3519 3931 nibi-

1932 3975 2040 4029 lum
2064 3984 2332 4038 metuens,
2367 3992 2383 4023 ι
2414 3973 2639 4027 tendens
2661 3972 2887 4027 insidias
2910 3971 3204 4027 Veronensi
3236 3970 3512 4040 episcopo,

1932 4065 2274 4121 consecravit
2321 4064 2630 4133 episcopum
2669 4063 2955 4131 quemdam
3010 4078 3119 4116 sua:
3159 4060 3412 4116 ditecesis
3458 4060 3511 4113 in

1934 4154 2089 4208 titulo
2112 4153 2365 4208 Ecclesiae
2400 4151 2726 4207 Veronensis
2753 4154 2922 4223 (epist.
2965 4152 2998 4205 5
3026 4153 3093 4205 ml
3133 4150 3246 4216 10.,
3286 4167 3338 4204 η.
3371 4151 3445 4219 6).
3488 4170 3505 4201 ι

1935 4243 2104 4313 Hujus
2130 4258 2348 4314 quoque
2375 4241 2632 4295 molestiae
2664 4242 2993 4295 incentorem
3038 4240 3322 4294 ltatberius
3363 4238 3518 4292 Milo-

1935 4351 2059 4390 nem
2091 4343 2328 4397 accusat,
2366 4332 2458 4402 qui
2509 4333 2772 4402 depositis
2822 4332 3048 4386 subinde
3093 4330 3366 4401 (fortassis
3402 4338 3524 4399 post

1864 4426 2235 4518 Ddiscessum
2288 4424 2492 4493 Ugonis
2538 4438 2601 4477 ex
2653 4423 2826 4492 Italia)
2885 4422 3280 4491 suspicionibus
3335 4430 3522 4477 contra

1940 4516 2241 4571 Manassem
2268 4524 2425 4570 antea
2453 4516 2753 4585 conceptis,
2788 4514 2995 4569 amicus
3020 4514 3135 4584 ejus
3165 4514 3387 4569 elI'ectus
3413 4522 3519 4577 est.

1938 4606 2072 4661 Cum
2097 4622 2259 4676 porro
2299 4606 2576 4661 Manasses
2595 4620 2714 4661 sese
2732 4605 3008 4674 prazferret
3027 4605 3335 4674 episc0pum
3362 4602 3523 4656 Vero-

1940 4711 2183 4760 nensem,
2209 4696 2560 4764 eamdemque
2593 4694 2885 4748 Ecclesiam
2918 4692 3177 4747 Ratberio
3212 4692 3365 4762 pulso
3409 4707 3517 4744 non

1948 4785 2023 4838 illi
2064 4784 2264 4839 clerico
2303 4800 2399 4838 suo
2442 4784 2539 4839 abs
2578 4799 2635 4839 se
2673 4784 2924 4838 ordinato
2964 4784 3235 4854 episcopo,
3282 4781 3374 4835 sed
3418 4780 3521 4832 sibi

1948 4874 2090 4944 regis
2124 4873 2275 4942 jussu
2319 4874 2634 4929 tradendam
2667 4874 2892 4939 curarit,
2935 4884 2994 4928 ut
3027 4889 3147 4927 mox
3183 4869 3517 4931 videbimus;

1945 4981 2053 5036 quo
2082 4982 2240 5021 sensu
2288 4966 2436 5018 illum
2469 4965 2802 5021 consecrarit
2847 4982 2865 5015 ι
2918 4968 2970 5021 in
3016 4963 3169 5020 titulo
3203 4958 3527 5014 Veronensis

1947 5057 2226 5121 Ecclesiae,
2265 5076 2282 5108 ι
2317 5056 2549 5111 aliorum
2574 5056 2836 5125 judicium
2866 5067 3005 5113 esto.

2016 5150 2105 5203 41.
2145 5166 2163 5198 ι
2201 5148 2429 5203 Biennio
2461 5162 2515 5205 et
2552 5151 2653 5205 hoc
2688 5147 2941 5216 tolerato,
2980 5169 2997 5201 s
3034 5144 3179 5199 addit
3218 5138 3530 5204 Ratberius,

1954 5261 1971 5293 ι
2014 5239 2338 5311 gravissimo
2371 5245 2637 5304 omnium,
2678 5254 2813 5310 quos
2860 5251 3041 5301 antea,
3082 5243 3134 5288 et
3174 5240 3293 5302 post
3330 5227 3531 5305 [vau]

2964 5347 2971 5349 .
3020 5326 3081 5350 Α..
3116 5320 3533 5350 ..ΑΛ-ιηηιῖιιηὶιι-ιι
