4038 5388
517 183 588 246 59

1478 182 1875 246 ltA'l‘llEltlUS
1918 182 2346 245 VERONENSIS
2389 168 2786 247 urtscopUSJ

3636 144 3785 255 θέο

520 312 582 360 ut
617 302 949 369 secedercm,
977 314 1139 373 quam
1169 300 1381 358 Milonis
1408 302 1533 358 dolo
1561 312 1655 358 aut
1676 303 2102 366 exmembrarer,
2132 301 2181 360 A
2212 341 2226 355 .
2270 342 2286 357 .
2330 344 2341 357 .
2387 344 2401 358 .
2443 303 2668 359 Remota
2710 302 2871 375 igitur
2889 302 3225 371 dillicultate,
3254 303 3466 362 utimini
3500 316 3792 378 petestate,

523 404 620 449 aut
649 392 1011 457 interlieerer,
1035 400 1146 458 aut,
1171 392 1313 463 quod
1343 392 1511 447 levius
1539 391 1624 447 his
1644 391 1833 456 multo,
1862 392 1955 447 sed
1982 407 2106 462 gra-

523 484 811 540 vissimum
856 481 987 538 mihi
1035 490 1178 537 esset
1208 481 1468 549 futurum,
1509 484 1957 552 comprehensus,
1999 497 2108 551 quo

525 576 751 634 minime
773 574 960 631 vellem
983 575 1300 631 abducerer.
1326 593 1345 628 ι
1372 574 1427 628 ld
1449 585 1629 629 aetum
1652 576 1848 645 partim
1875 574 2105 639 Milonis,

525 668 725 740 partim
763 667 1029 722 Manassis
1063 680 1259 736 opera;
1302 664 1543 735 nihilque
1588 666 1932 736 ambigimus,
1978 666 2107 734 quin

508 758 636 814 hoc
666 760 995 829 praeceptum
1024 756 1167 826 regis
1196 754 1440 809 Lotharii
1471 755 1688 810 nomine
1718 770 1747 809 a
1782 755 2109 826 Berengario

524 850 822 920 prodierit,
868 849 1009 920 apud
1050 862 1209 919 quem
1250 845 1373 902 Milo
1403 853 1459 901 et
1495 846 1771 902 Manasses
1817 846 2108 916 plurimum

528 938 801 994 valebant.
846 937 1204 1007 Berengarius
1263 936 1440 1003 enim,
1488 944 1548 990 ut
1595 947 1754 992 antea
1803 936 2111 991 monuimus

529 1035 684 1087 hum.
714 1030 805 1097 32,
832 1030 887 1084 in
914 1028 1156 1084 Lotharii
1188 1027 1308 1082 aula
1337 1028 1515 1082 omnia
1545 1029 1786 1098 gerebat,
1817 1027 1931 1083 solo
1964 1027 2111 1098 regio

532 1122 689 1178 titulo
716 1129 772 1177 et
797 1121 1003 1176 honore
1023 1121 1199 1176 eidem
1226 1118 1451 1174 relictis.
1482 1117 1617 1173 Huic
1643 1128 1912 1189 prtecepto
1941 1116 2113 1172 liben-

532 1222 620 1267 ter
647 1212 808 1267 cessit
846 1210 1160 1275 Ratherius,
1188 1209 1282 1280 qui
1311 1217 1469 1263 antea
1506 1224 1535 1262 a
1572 1217 1649 1264 tot
1677 1208 1889 1263 insidiis
1926 1217 1981 1262 et
2016 1223 2113 1262 ca-

530 1299 867 1357 lamitatibus
893 1315 1016 1357 sese
1069 1298 1433 1363 subduxisset,
1472 1299 1573 1353 nisi
1613 1299 1818 1354 veritus
1851 1307 2013 1363 esset,
2043 1311 2113 1353 ne

532 1390 857 1446 mercenarii
907 1397 1091 1446 notam
1139 1388 1457 1451 incurreret,
1506 1388 1597 1458 qui
1649 1388 1842 1443 timore
1881 1388 2110 1459 fugiens,

530 1496 751 1551 gregem
820 1480 923 1536 sibi
977 1480 1324 1535 commissum
1388 1479 1530 1550 lupis
1599 1478 1842 1534 dimittit.
1913 1497 1932 1530 ι
1988 1478 2113 1533 Feci

520 1573 738 1645 jussus,
765 1572 957 1642 inquit,
984 1572 1128 1643 quod
1158 1580 1315 1627 antea
1354 1571 1705 1627 libentissime
1746 1570 1993 1628 fecissem
2032 1572 2115 1627 in-

2207 398 2440 452 scientes
2453 412 2540 452 me
2555 397 2654 451 hoc
2676 397 2949 451 inhianter
2962 397 3187 454 ambire.
3206 396 3452 471 Prmsaga
3471 401 3616 456 enim
3637 417 3792 463 mens

2208 488 2358 557 quasi
2399 487 2645 543 divinare
2692 486 2922 552 videtur,
2972 502 3147 544 meam
3198 503 3297 559 per
3333 499 3569 545 vestram
3614 488 3792 562 [ωαχ]

2207 577 2584 633 claritudinem
2610 575 2954 632 relevandam
2974 576 3406 645 destitutionem,
3435 587 3644 634 tantum
3666 594 3796 649 eon-

2209 669 2423 741 dignam
2465 682 2868 738 congruumque
2914 676 3097 724 vestro
3135 668 3431 723 dominatui
3481 668 3798 739 impendere

2208 758 2415 813 valeam
2467 757 2807 813 servitutem.
2870 777 2889 810 ι
2929 757 3094 825 Htec,
3147 774 3269 815 cum
3313 768 3537 829 egeret,
3592 759 3798 829 scripta

2209 849 2445 904 fuerunt.
2477 848 2640 920 Eguit
2666 858 2848 903 autem
2879 848 2946 903 ad
2980 864 3180 904 annum
3219 863 3390 917 usque
3417 848 3516 903 951
3549 848 3635 904 vel
3668 848 3800 911 952,

2210 957 2332 1000 cum
2364 941 2571 997 duabus
2603 940 2726 995 aliis
2762 939 3005 1010 epistolis
3051 949 3202 995 sexta
3230 949 3284 994 et
3315 941 3543 1010 septima
3569 939 3802 994 cleemo-

2210 1046 2398 1104 synam
2427 1029 2604 1102 petiit,
2633 1038 2694 1085 ut
2725 1028 3023 1086 Romanum
3056 1029 3159 1084 iter
3203 1029 3522 1099 susciperet.
3565 1028 3705 1082 llinc
3733 1028 3802 1083 ad

2211 1121 2519 1178 Brunonem
2564 1121 2786 1190 scripsit
2830 1122 2974 1174 inter
2996 1135 3194 1175 annum
3226 1120 3351 1187 948,
3388 1127 3673 1190 postquam
3697 1117 3805 1172 Vc-

2213 1229 2341 1269 rona
2369 1212 2519 1277 abiit,
2552 1221 2608 1268 et
2650 1227 2849 1266 annum
2877 1211 2974 1267 95l
3007 1211 3089 1265 vel
3114 1211 3238 1266 952.
3288 1211 3345 1265 lu
3369 1210 3637 1266 Brunonis
3680 1210 3804 1279 qni-

2213 1303 2335 1358 dem
2360 1301 2536 1357 aulam
2567 1310 2816 1371 receptus
2844 1299 2963 1368 fuit,
2997 1300 3090 1356 sed
3122 1316 3227 1355 non
3253 1299 3436 1355 statim
3464 1307 3588 1370 post
3612 1298 3804 1354 exclu-

2214 1396 2422 1451 sionem
2454 1409 2484 1449 e
2511 1410 2607 1450 sua
2639 1394 2795 1460 sede;
2837 1393 3035 1464 quippe
3083 1393 3182 1448 sub
3227 1400 3378 1446 tanto
3420 1391 3688 1462 principe,
3716 1389 3809 1446 cui

2216 1485 2316 1540 fuit
2370 1485 2804 1555 acceptissimus,
2856 1483 3066 1554 piorum
3115 1481 3471 1553 eleemosynis
3509 1497 3619 1537 non
3662 1480 3808 1536 iudi—

2219 1577 2441 1648 guisset.
2474 1575 2617 1631 Sane
2646 1576 2699 1629 in
2726 1572 2951 1646 epistola
2987 1581 3138 1627 sexta
3169 1568 3368 1639 scripta
3399 1585 3541 1626 anno
3586 1570 3688 1626 951
3721 1568 3808 1623 vel

535 1665 742 1735 jussus,
780 1663 882 1718 nisi
928 1663 1320 1728 interdixisset,
1357 1663 1501 1731 quod
1545 1661 1623 1716 ait
1651 1663 1704 1717 in
1735 1662 2024 1733 Evangelio
2054 1662 2120 1717 de
2152 1650 2194 1710 Β
2224 1668 2351 1734 952,
2382 1684 2533 1723 num.
2577 1683 2618 1733 ι,
2648 1665 2898 1735 inquiens
2941 1682 2955 1719 :
2991 1683 3010 1716 ‹
3041 1661 3319 1737 Nusquam
3350 1662 3529 1733 aliqua
3558 1661 3692 1716 mihi
3724 1659 3812 1715 vel

538 1756 883 1811 mercenario
912 1754 1202 1821 Dominus;
1232 1754 1332 1809 sed
1366 1769 1474 1809 non
1505 1754 1654 1824 potui
1689 1768 1850 1825 agere
1878 1753 2118 1822 impune.

540 1841 677 1913 Lupi
710 1843 787 1899 illi
829 1859 1047 1916 gregem
1081 1859 1188 1899 non
1226 1844 1543 1913 quaarebant
1577 1841 1850 1908 invadere,
1900 1843 1994 1898 sed
2024 1856 2121 1912 pa-

542 1939 780 1996 storem;
809 1942 1234 2004 perseeutusque
1259 1934 1314 1988 in
1340 1948 1451 1988 una
1478 1933 1697 1989 civitate
1720 1932 1907 2003 fugere
1932 1930 2123 1986 venia-

539 2020 668 2077 liter
691 2024 839 2094 potui
870 2025 924 2078 iu
948 2024 1128 2079 aliam.
1157 2042 1176 2076 ι
1211 2024 1344 2080 Cum
1375 2024 1675 2091 biennium,
1704 2037 1811 2093 quo
1836 2023 2127 2078 Ratherius

542 2109 770 2167 Veronae
814 2112 956 2167 hanc
991 2114 1419 2182 persecutionem
1449 2126 1733 2183 perpessus
1757 2120 1859 2177 est,
1908 2112 2128 2167 desierit

540 2216 685 2257 anno
709 2203 844 2271 948;
869 2206 1159 2262 secundam
1185 2204 1304 2275 ejus
1326 2206 1697 2275 expulsionem
1723 2207 1793 2262 ab
1813 2204 2125 2276 episcopatu

545 2288 846 2349 Veronensi
879 2294 933 2349 in
964 2296 1108 2351 hunc
1133 2311 1333 2352 annum
1364 2296 1620 2353 incidisse
1650 2296 1838 2368 liquet.

546 2400 760 2475 [ιινιυ]
782 2404 841 2478 Αῇ
876 2405 963 2478 lx.
986 2405 1510 2478 -ΑΙη-ϐετηιαηὶαηξ
1542 2404 1818 2478 Ratberius
1841 2386 2132 2478 proﬁcisci-

614 2472 967 2555 tur..'Scribit
1011 2475 1082 2555 ad
1119 2475 1426 2555 .Brun‘onem.
1472 2475 1695 2555 Ottonis“
1721 2475 1749 2530 ι
1777 2472 2016 2555 fratrem.
2054 2477 2131 2555 [De

516 2562 520 2566 Α
619 2544 771 2596 initio
801 2544 946 2613 regni
978 2545 1213 2615 ejusdem
1245 2545 1451 2617 Ottonis
1480 2546 1535 2601 iu
1568 2544 1751 2601 Italia.
1778 2544 1997 2617 'Aliquot
2038 2547 2133 2603 do-

620 2622 982 2668 cumentorum
1029 2616 1321 2670 natationes
1368 2616 1626 2671 chronica:
1669 2616 1976 2672 emendatae.
2025 2617 2131 2672 Ra-

617 2682 969 2756 therjushcum
992 2682 1180 2756 Ottone
1208 2692 1256 2738 et
1295 2685 1407 2753 ﬁlio
1434 2685 1546 2756 ejus
1574 2683 1812 2756 Liutulfo
1838 2704 1977 2741 anno
2007 2687 2133 2751 95!,

617 2702 818 2736 manus
845 2702 969 2736 cum
992 2702 1180 2739 unone
1208 2702 1256 2738 et
1295 2702 1407 2753 [mo
1434 2702 1460 2739 ε
1486 2702 1546 2740 us
1574 2702 1812 2756 Ltutuqo
1838 2704 1977 2741 anno
2007 2702 2133 2751 uel,

554 2790 557 2791 ν
622 2752 680 2806 in
715 2751 1094 2827 Italiqmredit
1134 2702 1481 2827 recuperandil
1506 2758 1835 2827 episcopatus
1883 2773 1972 2827 spe
2013 2772 2137 2811 con-

544 2896 551 2901 _
622 2832 792 2901 cepta.
843 2821 1061 2901 Milonis
1099 2821 1302 2901 cognitis
1347 2821 1583 2901 nepotem
1616 2821 2138 2901 episcopum'consti-

627 2900 806 2965 tu'tunt
815 2895 1020 2965 reperit,
1037 2894 1123 2947 cui
1146 2893 1419 2949 Manasses
1441 2893 1796 2965 episcopatum
1812 2897 2137 2951 vendiderat.

624 2962 860 3059 appellat
892 2963 1272 3059 adusuntmum.
1282 2962 1579 3059 pontificem
1607 2962 1657 3019 et
1684 2966 2135 3059 adlegiscoporuin
2163 2995 2210 3059 ε

625 3033 904 3102 synodum.
941 3031 1059 3087 Hac
1079 3034 1144 3088 de
1170 3049 1225 3087 re
1254 3031 1358 3089 tres
1386 3031 1633 3105 epistolas
1659 3031 1856 3089 scribit.

628 3123 720 3178 42.
745 3123 1037 3181 Ratherius
1066 3126 1305 3181 secundo
1345 3141 1379 3181 e
1399 3124 1697 3182 Veronensi
1723 3127 1850 3182 sede
1875 3126 2060 3197 pulsus
2086 3125 2139 3180 in

545 3216 910 3274 Germaniam
934 3218 1181 3285 secessit,
1215 3219 1305 3275 ubi
1332 3218 1479 3275 nullo
1505 3228 1654 3275 certe
1681 3220 1801 3276 loco
1821 3220 2140 3287 consistens,

559 3309 691 3363 vita:
735 3310 974 3366 subsidia
1002 3308 1330 3383 quaesiturus
1381 3312 1489 3368 huc
1516 3312 1643 3369 illuc
1679 3313 1963 3380 discurrit;
2012 3314 2146 3369 adeo

558 3407 622 3454 ut
646 3416 935 3473 gyrovagus
981 3412 1270 3459 vocaretur
1304 3404 1478 3476 (epist.
1507 3403 1561 3469 5,
1597 3418 1653 3457 η.
1680 3402 1757 3475 ὅ).
1795 3402 2064 3469 Noricam,
2094 3402 2145 3457 i‘d

556 3496 647 3545 est
675 3489 1002 3562 Bajoariam,
1036 3492 1289 3550 Sueviam
1337 3503 1501 3565 atque
1538 3493 1850 3560 Saxoniam,
1877 3508 2012 3563 quas
2037 3509 2147 3548 suae

560 3581 686 3637 vita:
714 3591 883 3638 testes
905 3593 1172 3640 memorat
1192 3585 1244 3638 in
1271 3583 1555 3650 Qualitatis
1582 3585 1884 3654 conjectura
1911 3599 2058 3637 num.
2090 3582 2145 3649 5,

561 3671 670 3725 hac
717 3672 1004 3727 occasione
1042 3686 1361 3743 peragrasse
1397 3673 1629 3727 videtur.
1678 3672 1814 3726 Hine
1851 3672 2149 3727 subsidium

564 3766 670 3822 sibi
699 3766 993 3836 prmbuisse
1022 3767 1344 3833 Germanos,
1388 3768 1582 3821 harum
1623 3765 1877 3821 videlicet
1928 3766 2149 3835 provin-

570 3858 777 3913 ciarum
801 3860 1103 3930 episcopos,
1147 3870 1377 3917 testatur
1415 3859 1467 3914 in
1508 3858 1725 3923 litteris,
1757 3870 1895 3926 quas
1939 3857 2007 3910 ad
2037 3855 2148 3909 Ro-

568 3965 790 4012 manum
819 3952 1130 4027 pontificem
1173 3952 1410 4027 scripsit,
1455 3961 1516 4007 ut
1543 3964 1644 4007 suo
1678 3950 1796 4006 loco
1827 3948 2147 4013 videbimus,

570 4056 716 4103 anno
745 4042 871 4100 95!.

645 4134 739 4190 45.
766 4135 895 4190 Erat
920 4135 1024 4191 hoc
1055 4143 1291 4206 tempore
1320 4148 1426 4188 non
1457 4140 1566 4187 tam
1600 4130 1880 4201 disciplina
1916 4145 2147 4197 morum,

569 4238 738 4294 quam
767 4224 1066 4281 litterarum
1091 4226 1269 4282 studio
1291 4224 1519 4282 celebris
1541 4222 1725 4278 Bruno
1750 4220 1966 4279 Ottonis
1993 4223 2011 4277 l
2044 4221 2147 4277 fra-

2226 1758 2445 1830 hospitii
2484 1758 2669 1828 quies,
2722 1770 2985 1826 nusquam
3045 1753 3265 1825 aliquod
3314 1751 3602 1824 snﬂ‘ugium
3635 1793 3651 1816 ,
3704 1747 3810 1809 nisi

2228 1847 2378 1903 locus
2401 1846 2851 1911 misericordium,
2889 1864 2907 1896 ι
2937 1859 2996 1899 se
3018 1842 3083 1897 ad
3106 1843 3209 1897 hoc
3231 1857 3402 1912 usque
3426 1850 3635 1910 tempus
3662 1840 3812 1894 nullo

2228 1944 2380 1993 certo
2413 1935 2645 2004 hospitio
2675 1943 2947 2002 receptum
2992 1930 3188 1985 innuit.
3225 1928 3270 1983 A
3311 1928 3559 1983 Drunoue
3588 1928 3811 1998 quidem

2233 2027 2467 2084 accitum
2506 2039 2647 2079 anno
2679 2023 2785 2080 952
2832 2021 3133 2078 videbimus
3168 2020 3508 2092 paragrapho
3537 2017 3813 2089 sequenti.

2298 2114 2387 2169 44.
2416 2113 2627 2168 Mortuo
2654 2110 2913 2168 Lothario
2957 2125 3083 2182 rege
3123 2125 3158 2164 ι
3184 2109 3454 2164 Kalendas
3499 2107 3816 2163 Decembris

2231 2207 2357 2263 anni
2384 2206 2508 2271 950,
2550 2215 2673 2274 post
2699 2205 2815 2260 dies
2845 2202 2936 2267 24,
2967 2202 3164 2273 quibus
3207 2200 3375 2256 Italiae
3405 2216 3627 2272 regnum
3657 2214 3817 2255 vaca-

2229 2302 2328 2365 vit,
2364 2318 2382 2351 ‹
2418 2299 2505 2355 die
2531 2297 2832 2363 Dominico,
2862 2312 2930 2351 xv
2948 2295 3037 2350 die
3062 2294 3376 2349 Decembris
3405 2293 3460 2347 in
3494 2293 3717 2348 basilica
3753 2290 3814 2346 S.

2229 2388 2527 2453 Michaelis,
2558 2403 2677 2456 quae
2693 2388 2890 2443 dicitur
2915 2385 3108 2456 major,
3138 2383 3359 2438 fuerunt
3382 2383 3538 2439 electi
3570 2393 3625 2438 et
3655 2399 3818 2438 coro-

2232 2481 2347 2536 nati
2373 2476 2733 2549 Berengarius
2779 2484 2835 2532 et
2862 2474 3187 2532 Adalbertus
3218 2474 3363 2539 Illius
3407 2472 3523 2544 ejus
3567 2474 3621 2547 in
3673 2474 3819 2544 regi-

2233 2570 2334 2626 bus
2385 2568 2471 2641 (T.
2504 2567 2569 2623 IV
2608 2566 2731 2622 Rer.
2764 2565 2896 2623 Ital.
2936 2581 2990 2636 p.
3031 2562 3177 2635 H9).
3214 2585 3232 2618 ι
3266 2565 3343 2620 Ita
3391 2566 3554 2621 breve
3582 2564 3821 2620 Chroni—

2234 2675 2355 2724 con,
2383 2657 2527 2730 quod
2548 2656 2870 2712 Muratorius
2891 2655 3061 2710 edidit
3087 2654 3167 2728 (S.
3192 2653 3363 2711 ODILO
3388 2656 3440 2708 in
3469 2652 3585 2708 Vita
3609 2652 3668 2709 S.
3684 2654 3825 2708 Ade-

2237 2750 2312 2805 lai
2367 2750 2508 2820 apud
2539 2746 2864 2818 Canisium).
2925 2745 3042 2802 Non
3090 2746 3259 2802 multo
3301 2754 3422 2817 post
3463 2745 3826 2817 Berengarius

2236 2836 2549 2895 Adelaldem
2592 2836 2833 2892 Lotharii
2864 2836 3171 2906 conjugem,
3215 2836 3432 2891 viduam
3469 2835 3822 2890 innocentem

2240 2932 2390 2990 duris
2429 2931 2602 2987 modis
2628 2940 2901 2996 vexatam,
2949 2939 3146 2985 tetrum
3170 2927 3399 2998 conjecit
3423 2929 3476 2984 in
3516 2941 3821 3003 carcerem.

2242 3022 2488 3080 Carceris
2510 3022 2687 3077 locum
2718 3021 2885 3076 fuisse
2910 3022 3104 3078 Gardte
3125 3030 3363 3076 castrum
3396 3021 3509 3092 agri
3540 3018 3822 3075 Veronen-

2243 3116 2319 3171 sis
2346 3112 2766 3169 munitissimum
2791 3112 2857 3167 ad
2880 3111 3077 3167 Benaci
3104 3112 3247 3182 ripas
3268 3110 3470 3165 Douizo
3495 3111 3660 3165 tradit
3683 3109 3822 3176 (Vit.

2246 3203 2421 3262 Matil.
2455 3204 2491 3258 l.
2521 3220 2563 3268 I,
2595 3213 2636 3258 t.
2664 3201 2685 3256 l
2714 3201 2834 3257 Rer.
2863 3202 3037 3272 ltal.).
3073 3202 3185 3257 llac
3220 3203 3286 3257 de
3319 3217 3376 3256 re
3416 3201 3532 3257 ltali
3561 3217 3591 3256 a
3622 3201 3830 3257 Beren-

2243 3297 2396 3368 gario
2438 3295 2652 3350 alienati
2681 3292 2932 3349 Ottunem
2963 3292 3267 3347 Germaniae
3307 3306 3489 3362 regem
3539 3301 3825 3356 vocarunt,

2246 3397 2306 3445 ut
2359 3387 2688 3453 Adelaidem,
2740 3400 2860 3455 qua:
2909 3398 2941 3439 e
2984 3382 3162 3439 Garda
3206 3381 3414 3453 fugiens
3459 3384 3527 3437 ab
3555 3384 3740 3438 Azoue
3771 3384 3826 3438 in

2245 3482 2498 3538 Cauossaa
2555 3487 2790 3535 castrum
2842 3485 3055 3547 recepta
3106 3474 3327 3539 fuerat,
3379 3489 3411 3528 e
3460 3484 3537 3529 tot
3571 3476 3828 3545 periculis

2247 3582 2480 3639 erueret,
2509 3586 2573 3626 ac
2611 3568 2994 3640 Berengarium
3046 3581 3213 3638 regno
3260 3567 3570 3621 abutentem
3614 3582 3828 3638 compc-

2249 3673 2443 3721 sceret.
2479 3661 2622 3717 Misit
2659 3660 2748 3715 ille
2773 3659 2953 3715 statim
2985 3658 3038 3713 iu
3070 3656 3276 3712 Italiam
3306 3655 3599 3711 Liutulfum
3633 3656 3826 3721 ﬁlium,

2250 3754 2340 3824 qui
2377 3769 2498 3809 eum
2525 3751 2686 3807 Italos
2714 3758 2930 3822 paratos
2958 3757 3014 3804 et
3042 3749 3405 3816 obsequentes
3436 3756 3628 3801 nactus
3660 3756 3826 3811 esset,

2252 3860 2372 3900 mox
2399 3844 2571 3907 rediit,
2600 3844 2774 3912 inquit
2797 3841 3033 3897 Rosvida
3064 3840 3222 3910 hujus
3244 3840 3341 3894 aevi
3363 3839 3640 3903 historica,
3674 3858 3692 3890 ι
3721 3838 3831 3893 cla-

2254 3950 2372 3991 rum
2422 3931 2662 3989 referens
2692 3931 2808 3985 sine
2851 3939 3028 3983 marte
3058 3928 3408 3997 triumphum.
3446 3947 3464 3979 »
3517 3926 3668 3981 Tune
3701 3924 3833 3981 Otto

2254 4043 2359 4082 una
2388 4039 2510 4082 eum
2539 4022 2728 4078 eodem
2760 4022 2869 4076 lilio
2898 4021 2952 4075 in
2974 4018 3180 4074 Italiam
3208 4019 3485 4074 descendit
3508 4026 3634 4073 ante
3660 4016 3831 4073 Octo-

2254 4118 2405 4174 brem
2432 4115 2556 4171 anni
2580 4112 2704 4179 951,
2746 4111 3051 4181 ibidemque
3075 4110 3264 4164 eodem
3309 4124 3496 4164 mense
3540 4104 3705 4162 Italiae
3751 4123 3834 4163 re-

2255 4226 2375 4282 gem
2397 4208 2564 4264 fuisse
2591 4204 2913 4276 appellatum
2942 4209 3158 4257 constat
3183 4215 3248 4255 ex
3284 4199 3493 4254 duobus
3519 4196 3829 4268 diplomati-

574 4286 692 4384 t-er,
749 4318 842 4389 qui
894 4327 1080 4388 postea
1139 4318 1243 4374 fuit
1299 4317 1739 4388 archiepiscopus
1794 4313 2151 4370 Coloniensis.
2185 4340 2235 4402 Β
2261 4305 2360 4359 ὺιιε
2386 4317 2419 4357 α
2446 4296 2739 4355 Μυταῑοτῖο
2766 4293 3041 4402 ,ιῧυάθιῖες
3088 4300 3143 4394 (ξι
3169 4290 3512 4402 Ρίβίπιθςιίε
3546 4305 3564 4338 ί
3616 4303 3667 4391 ν]
3710 4286 3835 4402 {dus

579 4407 774 4466 Alebat
810 4408 955 4464 domi
1005 4409 1275 4466 doctiores
1321 4402 1488 4480 hujus
1537 4407 1714 4462 aetatis
1759 4405 1935 4471 viros,
1985 4405 2157 4474 iisque

581 4500 860 4569 magistris
888 4510 998 4556 tum
1037 4502 1278 4568 Latinas,
1316 4512 1430 4557 tum
1459 4500 1699 4565 Graecas,
1740 4508 1850 4553 tum
1882 4497 2157 4568 profanas,

582 4601 695 4647 tum
739 4606 928 4649 sacras
971 4593 1179 4648 litteras
1216 4593 1532 4659 excolebat;
1582 4607 1648 4646 ex
1699 4605 1806 4661 quo
1852 4589 1966 4659 ejus
2019 4590 2162 4644 mdes

581 4681 885 4738 litterarum
930 4693 986 4740 et
1039 4684 1400 4741 litteratorum
1447 4682 1776 4739 domicilium
1816 4680 2154 4736 videbantur.

585 4771 873 4829 Ratherius
897 4774 948 4829 in
976 4788 1039 4830 ea
1066 4789 1245 4830 rerum
1276 4775 1473 4845 inopia,
1502 4790 1663 4845 quam
1692 4772 2065 4836 indicavimus,
2094 4771 2160 4824 al

586 4863 762 4934 ipsum
790 4864 1213 4937 Prmloquiorum
1247 4867 1411 4922 libros
1440 4865 1637 4921 direxit
1671 4880 1792 4919 cum
1827 4862 2074 4932 epistola,
2107 4869 2163 4913 ut

588 4973 654 5013 ex
682 4958 787 5013 illis
806 4959 1020 5027 cognito
1047 4968 1286 5023 auctore,
1316 4957 1578 5028 siquidem
1604 4957 1777 5025 ipsum
1817 4968 1916 5008 suo
1943 4952 2162 5008 servitio

590 5065 698 5105 non
741 5051 984 5108 inutilem
1033 5059 1370 5125 agnosceret,
1404 5052 1469 5106 ad
1506 5066 1565 5105 se
1612 5057 1880 5111 evocaret,
1929 5057 1982 5102 et
2030 5049 2169 5100 inter

592 5146 821 5195 caeteros
867 5141 1054 5198 aleret.
1106 5162 1125 5194 ‹
1177 5141 1233 5196 Si
1280 5140 1460 5210 itaque
1517 5138 1692 5207 placet
1741 5152 1906 5206 opus,
1967 5135 2167 5205 inquit,

593 5228 805 5297 placeat
836 5239 892 5285 et
927 5233 1107 5302 operis
1154 5237 1441 5289 exsecutor
1482 5228 1745 5291 servulus,
1788 5242 1886 5282 nec
1918 5226 2173 5297 dedigne-

596 5318 728 5373 miui
785 5334 1073 5388 suggerere
1124 5323 1253 5388 quid
1298 5321 1488 5377 valeat.
1524 5319 1770 5375 Forsitan
1819 5317 1958 5372 inter
2003 5315 2166 5369 millia

2264 4392 2516 4454 Octobris
2562 4404 2704 4444 anno
2766 4383 3156 4441 lncarnationis
3215 4380 3425 4437 Domini
3489 4378 3660 4434 nostri
3709 4377 3836 4433 Jesu

2264 4482 2466 4542 Cliristi
2515 4475 2925 4550 nongentesimo
2970 4471 3415 4543 quinquagesimo
3448 4468 3622 4538 primo
3664 4468 3837 4522 indic-

2268 4579 2413 4633 tione
2439 4574 2646 4631 decim‘a
2682 4584 2822 4626 anno
2852 4566 3001 4636 regni
3032 4564 3245 4621 Ottonis
3273 4563 3415 4634 regis
3450 4561 3503 4615 in
3535 4560 3783 4623 Francia,
3815 4580 3832 4611 ι

2270 4671 2475 4729 scilicet
2519 4663 2790 4729 orientali,
2824 4675 2931 4730 quo
2987 4658 3202 4713 nomine
3231 4653 3520 4710 Germania
3548 4652 3841 4707 vocabatur

2271 4784 2288 4815 ‹
2312 4762 2519 4817 decimo
2532 4766 2704 4817 sexto,
2723 4753 2777 4807 in
2795 4749 2942 4805 italia
2956 4748 3131 4819 primo
3145 4743 3357 4815 (Annal.
3375 4740 3524 4801 Ital.,
3542 4757 3633 4794 an.
3653 4738 3833 4813 951).,»

2266 4852 2520 4909 Anterius
2556 4846 2793 4916 ejusdem
2818 4840 3029 4897 Ottonis
3077 4835 3234 4909 [axx]
3290 4833 3522 4906 diploma
3548 4831 3724 4900 Papiae
3769 4830 3840 4884 si-

2268 4950 2486 5013 gnatum
2516 4953 2589 4991 vII
2628 4934 2756 4990 ldus
2786 4929 3033 4987 Octobris
3062 4926 3230 5001 edidit
3280 4922 3574 4979 canonicus
3602 4921 3668 4977 de
3704 4920 3836 5013 Diog

2273 5012 2460 5106 nysiis,
2493 5031 2548 5084 in
2585 5042 2692 5099 quo
2737 5023 2907 5079 solum
2954 5034 3129 5075 annus
3174 5017 3279 5073 952
3309 5014 3566 5070 mendose
3610 5012 3839 5083 scriptus

2273 5103 2371 5182 fuit
2396 5139 2496 5195 pro
2516 5136 2657 5176 anno
2676 5117 2775 5175 951
2805 5114 2906 5187 (De
2925 5111 3128 5167 duobus
3152 5110 3308 5179 episc.
3333 5122 3453 5178 pag.
3481 5103 3626 5177 121).
3659 5123 3677 5156 ‹
3711 5103 3841 5195 Dato

2273 5193 2500 5289 septimo
2542 5213 2666 5267 ldus
2710 5207 2962 5264 Octobris
3009 5217 3151 5257 anno
3194 5195 3588 5256 lncarnationis
3636 5193 3840 5249 Domini

2272 5284 2451 5365 Nostri
2477 5305 2602 5359 Jesu
2642 5297 2840 5357 Christi
2868 5294 2992 5356 959.,
3044 5293 3331 5347 indictione
3383 5289 3465 5351 l0,
3510 5302 3652 5340 anno
3701 5284 3840 5354 regni

3656 5374 3691 5388 Λ
