  <div class='ocr_page' id='page_1' title='image "/cluster/home/n/w/nwhite01/storage/ocr_20150623/136/hvd.32044015471766/036.png"; bbox 0 0 4038 5388; ppageno 0'>
   <div class='ocr_carea' id='block_1_1' title="bbox 222 283 3515 354">
    <p class='ocr_par' dir='ltr' id='par_1_1' title="bbox 222 283 3515 354">
     <span class='ocr_line' id='line_1_1' title="bbox 222 283 3515 354; baseline 0.007 -24"><span class='ocrx_word' id='word_1_1' title='bbox 222 286 276 341; x_wconf 81' lang='lat'><strong>5|</strong></span> <span class='ocrx_word' id='word_1_2' title='bbox 1273 283 1806 339; x_wconf 68' lang='grc' dir='ltr'><strong>ΡιὶΟΙΛΞΟΟΜΕΧΑ.</strong></span> <span class='ocrx_word' id='word_1_3' title='bbox 1849 318 1915 327; x_wconf 95' lang='grc'><strong>-</strong></span> <span class='ocrx_word' id='word_1_4' title='bbox 1957 285 2282 342; x_wconf 72' lang='lat' dir='ltr'><strong>[IA&#39;IIIERII</strong></span> <span class='ocrx_word' id='word_1_5' title='bbox 2327 287 2502 344; x_wconf 71' lang='lat' dir='ltr'><strong>VITA.</strong></span> <span class='ocrx_word' id='word_1_6' title='bbox 3423 298 3515 354; x_wconf 70' lang='lat'><strong>&#39;63</strong></span> 
     </span>
    </p>
   </div>
   <div class='ocr_carea' id='block_1_2' title="bbox 223 398 3518 482">
    <p class='ocr_par' dir='ltr' id='par_1_2' title="bbox 223 398 3518 482">
     <span class='ocr_line' id='line_1_2' title="bbox 223 398 3518 482; baseline 0.002 -23"><span class='ocrx_word' id='word_1_7' title='bbox 223 403 366 456; x_wconf 66' lang='lat' dir='ltr'><strong>:‘ttiltt</strong></span> <span class='ocrx_word' id='word_1_8' title='bbox 401 398 512 454; x_wconf 66' lang='lat'><strong>933</strong></span> <span class='ocrx_word' id='word_1_9' title='bbox 555 422 736 476; x_wconf 75' lang='lat' dir='ltr'><strong>mense</strong></span> <span class='ocrx_word' id='word_1_10' title='bbox 764 403 982 461; x_wconf 77' lang='lat' dir='ltr'><strong>Octobri</strong></span> <span class='ocrx_word' id='word_1_11' title='bbox 1007 401 1234 472; x_wconf 70' lang='lat' dir='ltr'><strong>indit-tio</strong></span> <span class='ocrx_word' id='word_1_12' title='bbox 1264 399 1548 454; x_wconf 73' lang='lat' dir='ltr'><strong>undecima</strong></span> <span class='ocrx_word' id='word_1_13' title='bbox 1579 400 1832 454; x_wconf 87' lang='lat' dir='ltr'><strong>dccurrc-</strong></span> <span class='ocrx_word' id='word_1_14' title='bbox 1864 411 1906 468; x_wconf 67' lang='grc' dir='ltr'><strong>Α</strong></span> <span class='ocrx_word' id='word_1_15' title='bbox 1939 412 2082 456; x_wconf 87' lang='lat' dir='ltr'><strong>serat</strong></span> <span class='ocrx_word' id='word_1_16' title='bbox 2116 403 2495 471; x_wconf 87' lang='lat' dir='ltr'><strong>(Continuator</strong></span> <span class='ocrx_word' id='word_1_17' title='bbox 2518 404 2708 475; x_wconf 70' lang='lat' dir='ltr'><strong>Iit-girl.</strong></span> <span class='ocrx_word' id='word_1_18' title='bbox 2741 417 2794 461; x_wconf 88' lang='lat' dir='ltr'><strong>ct</strong></span> <span class='ocrx_word' id='word_1_19' title='bbox 2817 408 3083 464; x_wconf 82' lang='lat' dir='ltr'><strong>annalista</strong></span> <span class='ocrx_word' id='word_1_20' title='bbox 3108 408 3291 482; x_wconf 76' lang='lat' dir='ltr'><strong>Saxo).</strong></span> <span class='ocrx_word' id='word_1_21' title='bbox 3317 413 3518 468; x_wconf 69' lang='lat' dir='ltr'><strong>Conter</strong></span> 
     </span>
    </p>
   </div>
   <div class='ocr_carea' id='block_1_3' title="bbox 224 491 1830 560">
    <p class='ocr_par' dir='ltr' id='par_1_3' title="bbox 224 491 1830 560">
     <span class='ocr_line' id='line_1_3' title="bbox 224 491 1830 560; baseline -0.006 -6"><span class='ocrx_word' id='word_1_22' title='bbox 224 493 335 555; x_wconf 67' lang='lat' dir='ltr'><strong>bal.</strong></span> <span class='ocrx_word' id='word_1_23' title='bbox 380 507 503 548; x_wconf 64' lang='lat' dir='ltr'><strong>&quot;01‘s</strong></span> <span class='ocrx_word' id='word_1_24' title='bbox 551 507 730 551; x_wconf 87' lang='lat' dir='ltr'><strong>autem</strong></span> <span class='ocrx_word' id='word_1_25' title='bbox 762 497 1002 560; x_wconf 87' lang='lat' dir='ltr'><strong>decima;</strong></span> <span class='ocrx_word' id='word_1_26' title='bbox 1059 503 1112 548; x_wconf 92' lang='lat' dir='ltr'><strong>et</strong></span> <span class='ocrx_word' id='word_1_27' title='bbox 1165 509 1338 546; x_wconf 90' lang='lat' dir='ltr'><strong>annus</strong></span> <span class='ocrx_word' id='word_1_28' title='bbox 1388 492 1534 560; x_wconf 83' lang='lat' dir='ltr'><strong>regni</strong></span> <span class='ocrx_word' id='word_1_29' title='bbox 1585 491 1830 546; x_wconf 80' lang='lat' dir='ltr'><strong>Francia:</strong></span> 
     </span>
    </p>
   </div>
   <div class='ocr_carea' id='block_1_4' title="bbox 223 583 1832 654">
    <p class='ocr_par' dir='ltr' id='par_1_4' title="bbox 223 583 1832 654">
     <span class='ocr_line' id='line_1_4' title="bbox 223 583 1832 654; baseline -0.001 -16"><span class='ocrx_word' id='word_1_30' title='bbox 223 584 551 654; x_wconf 60' lang='lat' dir='ltr'><strong>orientalis,</strong></span> <span class='ocrx_word' id='word_1_31' title='bbox 594 605 688 644; x_wconf 91' lang='lat' dir='ltr'><strong>seu</strong></span> <span class='ocrx_word' id='word_1_32' title='bbox 731 587 1035 642; x_wconf 68' lang='lat' dir='ltr'><strong>Germauite</strong></span> <span class='ocrx_word' id='word_1_33' title='bbox 1065 599 1167 639; x_wconf 92' lang='lat' dir='ltr'><strong>non</strong></span> <span class='ocrx_word' id='word_1_34' title='bbox 1211 583 1452 636; x_wconf 89' lang='lat' dir='ltr'><strong>decimus</strong></span> <span class='ocrx_word' id='word_1_35' title='bbox 1497 593 1700 642; x_wconf 71' lang='lat' dir='ltr'><strong>sextus.</strong></span> <span class='ocrx_word' id='word_1_36' title='bbox 1740 583 1832 636; x_wconf 75' lang='lat' dir='ltr'><strong>sed</strong></span> 
     </span>
    </p>
   </div>
   <div class='ocr_carea' id='block_1_5' title="bbox 225 674 1834 750">
    <p class='ocr_par' dir='ltr' id='par_1_5' title="bbox 225 674 1834 750">
     <span class='ocr_line' id='line_1_5' title="bbox 225 674 1834 750; baseline -0.002 -20"><span class='ocrx_word' id='word_1_37' title='bbox 225 676 487 735; x_wconf 69' lang='lat' dir='ltr'><strong>decimus</strong></span> <span class='ocrx_word' id='word_1_38' title='bbox 511 682 794 750; x_wconf 91' lang='lat' dir='ltr'><strong>septimus,</strong></span> <span class='ocrx_word' id='word_1_39' title='bbox 825 695 944 732; x_wconf 90' lang='lat' dir='ltr'><strong>cum</strong></span> <span class='ocrx_word' id='word_1_40' title='bbox 973 676 1099 732; x_wconf 92' lang='lat' dir='ltr'><strong>Otto</strong></span> <span class='ocrx_word' id='word_1_41' title='bbox 1136 674 1374 746; x_wconf 84' lang='lat' dir='ltr'><strong>ejusdem</strong></span> <span class='ocrx_word' id='word_1_42' title='bbox 1407 674 1710 727; x_wconf 63' lang='lat' dir='ltr'><strong>Germanite</strong></span> <span class='ocrx_word' id='word_1_43' title='bbox 1741 689 1834 727; x_wconf 78' lang='lat' dir='ltr'><strong>rex</strong></span> 
     </span>
    </p>
   </div>
   <div class='ocr_carea' id='block_1_6' title="bbox 233 767 1834 846">
    <p class='ocr_par' dir='ltr' id='par_1_6' title="bbox 233 767 1834 846">
     <span class='ocr_line' id='line_1_6' title="bbox 233 767 1834 846; baseline -0.009 -13"><span class='ocrx_word' id='word_1_44' title='bbox 233 788 460 833; x_wconf 77' lang='lat' dir='ltr'><strong>ereatns</strong></span> <span class='ocrx_word' id='word_1_45' title='bbox 494 777 657 832; x_wconf 90' lang='lat' dir='ltr'><strong>fuerit</strong></span> <span class='ocrx_word' id='word_1_46' title='bbox 688 785 809 846; x_wconf 90' lang='lat' dir='ltr'><strong>post</strong></span> <span class='ocrx_word' id='word_1_47' title='bbox 841 773 1055 828; x_wconf 89' lang='lat' dir='ltr'><strong>lIenrici</strong></span> <span class='ocrx_word' id='word_1_48' title='bbox 1088 770 1256 842; x_wconf 89' lang='lat' dir='ltr'><strong>patris</strong></span> <span class='ocrx_word' id='word_1_49' title='bbox 1289 778 1543 833; x_wconf 91' lang='lat' dir='ltr'><strong>mortem,</strong></span> <span class='ocrx_word' id='word_1_50' title='bbox 1584 782 1704 838; x_wconf 71' lang='lat' dir='ltr'><strong>qure</strong></span> <span class='ocrx_word' id='word_1_51' title='bbox 1749 767 1834 820; x_wconf 90' lang='lat' dir='ltr'><strong>in-</strong></span> 
     </span>
    </p>
   </div>
   <div class='ocr_carea' id='block_1_7' title="bbox 237 859 1833 930">
    <p class='ocr_par' dir='ltr' id='par_1_7' title="bbox 237 859 1833 930">
     <span class='ocr_line' id='line_1_7' title="bbox 237 859 1833 930; baseline -0.009 -6"><span class='ocrx_word' id='word_1_52' title='bbox 237 872 369 926; x_wconf 69' lang='lat' dir='ltr'><strong>ti.lit</strong></span> <span class='ocrx_word' id='word_1_53' title='bbox 395 873 451 925; x_wconf 90' lang='lat' dir='ltr'><strong>in</strong></span> <span class='ocrx_word' id='word_1_54' title='bbox 490 885 732 925; x_wconf 87' lang='lat' dir='ltr'><strong>mensem</strong></span> <span class='ocrx_word' id='word_1_55' title='bbox 772 867 969 922; x_wconf 78' lang='lat' dir='ltr'><strong>Iulium</strong></span> <span class='ocrx_word' id='word_1_56' title='bbox 1003 864 1128 919; x_wconf 91' lang='lat' dir='ltr'><strong>anni</strong></span> <span class='ocrx_word' id='word_1_57' title='bbox 1165 864 1289 920; x_wconf 81' lang='lat'><strong>956.</strong></span> <span class='ocrx_word' id='word_1_58' title='bbox 1326 862 1474 916; x_wconf 82' lang='lat' dir='ltr'><strong>Adde</strong></span> <span class='ocrx_word' id='word_1_59' title='bbox 1520 859 1661 930; x_wconf 89' lang='lat' dir='ltr'><strong>quod</strong></span> <span class='ocrx_word' id='word_1_60' title='bbox 1693 859 1833 914; x_wconf 89' lang='lat' dir='ltr'><strong>idem</strong></span> 
     </span>
    </p>
   </div>
   <div class='ocr_carea' id='block_1_8' title="bbox 237 955 1836 1026">
    <p class='ocr_par' dir='ltr' id='par_1_8' title="bbox 237 955 1836 1026">
     <span class='ocr_line' id='line_1_8' title="bbox 237 955 1836 1026; baseline -0.006 -10"><span class='ocrx_word' id='word_1_61' title='bbox 237 965 366 1016; x_wconf 86' lang='lat' dir='ltr'><strong>Otto</strong></span> <span class='ocrx_word' id='word_1_62' title='bbox 419 979 614 1017; x_wconf 89' lang='lat' dir='ltr'><strong>mense</strong></span> <span class='ocrx_word' id='word_1_63' title='bbox 649 961 866 1017; x_wconf 76' lang='lat' dir='ltr'><strong>Octobri</strong></span> <span class='ocrx_word' id='word_1_64' title='bbox 913 959 1036 1013; x_wconf 89' lang='lat' dir='ltr'><strong>anni</strong></span> <span class='ocrx_word' id='word_1_65' title='bbox 1080 958 1185 1012; x_wconf 71' lang='lat'><strong>952</strong></span> <span class='ocrx_word' id='word_1_66' title='bbox 1217 971 1314 1011; x_wconf 80' lang='lat' dir='ltr'><strong>nec</strong></span> <span class='ocrx_word' id='word_1_67' title='bbox 1342 955 1521 1026; x_wconf 73' lang='lat' dir='ltr'><strong>Paphe</strong></span> <span class='ocrx_word' id='word_1_68' title='bbox 1555 963 1689 1014; x_wconf 86' lang='lat' dir='ltr'><strong>erat,</strong></span> <span class='ocrx_word' id='word_1_69' title='bbox 1738 969 1836 1007; x_wconf 91' lang='lat' dir='ltr'><strong>nec</strong></span> 
     </span>
    </p>
   </div>
   <div class='ocr_carea' id='block_1_9' title="bbox 240 1042 1834 1123">
    <p class='ocr_par' dir='ltr' id='par_1_9' title="bbox 240 1042 1834 1123">
     <span class='ocr_line' id='line_1_9' title="bbox 240 1042 1834 1123; baseline -0.009 -14"><span class='ocrx_word' id='word_1_70' title='bbox 240 1055 511 1121; x_wconf 85' lang='lat' dir='ltr'><strong>inltalia,</strong></span> <span class='ocrx_word' id='word_1_71' title='bbox 545 1070 610 1108; x_wconf 81' lang='lat' dir='ltr'><strong>ex</strong></span> <span class='ocrx_word' id='word_1_72' title='bbox 641 1069 742 1123; x_wconf 89' lang='lat' dir='ltr'><strong>qua</strong></span> <span class='ocrx_word' id='word_1_73' title='bbox 771 1051 880 1121; x_wconf 81' lang='lat' dir='ltr'><strong>jam</strong></span> <span class='ocrx_word' id='word_1_74' title='bbox 913 1050 1034 1104; x_wconf 88' lang='lat' dir='ltr'><strong>inde</strong></span> <span class='ocrx_word' id='word_1_75' title='bbox 1057 1067 1085 1102; x_wconf 88' lang='lat' dir='ltr'><strong>a</strong></span> <span class='ocrx_word' id='word_1_76' title='bbox 1115 1048 1371 1118; x_wconf 89' lang='lat' dir='ltr'><strong>pascbate</strong></span> <span class='ocrx_word' id='word_1_77' title='bbox 1425 1045 1546 1098; x_wconf 88' lang='lat' dir='ltr'><strong>anni</strong></span> <span class='ocrx_word' id='word_1_78' title='bbox 1596 1042 1834 1112; x_wconf 82' lang='lat' dir='ltr'><strong>ejusdem</strong></span> 
     </span>
    </p>
   </div>
   <div class='ocr_carea' id='block_1_10' title="bbox 240 1131 1836 1199">
    <p class='ocr_par' dir='ltr' id='par_1_10' title="bbox 240 1131 1836 1199">
     <span class='ocr_line' id='line_1_10' title="bbox 240 1131 1836 1199; baseline -0.009 -1"><span class='ocrx_word' id='word_1_79' title='bbox 240 1145 290 1198; x_wconf 90' lang='lat' dir='ltr'><strong>iu</strong></span> <span class='ocrx_word' id='word_1_80' title='bbox 331 1145 686 1199; x_wconf 72' lang='lat' dir='ltr'><strong>Germaniam</strong></span> <span class='ocrx_word' id='word_1_81' title='bbox 719 1143 970 1196; x_wconf 91' lang='lat' dir='ltr'><strong>redierat.</strong></span> <span class='ocrx_word' id='word_1_82' title='bbox 1016 1138 1160 1192; x_wconf 73' lang='lat' dir='ltr'><strong>Idem</strong></span> <span class='ocrx_word' id='word_1_83' title='bbox 1189 1153 1316 1190; x_wconf 85' lang='lat' dir='ltr'><strong>vero</strong></span> <span class='ocrx_word' id='word_1_84' title='bbox 1346 1135 1642 1190; x_wconf 82' lang='lat' dir='ltr'><strong>canonicus</strong></span> <span class='ocrx_word' id='word_1_85' title='bbox 1689 1131 1836 1184; x_wconf 88' lang='lat' dir='ltr'><strong>aliud</strong></span> 
     </span>
    </p>
   </div>
   <div class='ocr_carea' id='block_1_11' title="bbox 239 1221 1836 1302">
    <p class='ocr_par' dir='ltr' id='par_1_11' title="bbox 239 1221 1836 1302">
     <span class='ocr_line' id='line_1_11' title="bbox 239 1221 1836 1302; baseline -0.011 -12"><span class='ocrx_word' id='word_1_86' title='bbox 239 1237 632 1290; x_wconf 85' lang='lat' dir='ltr'><strong>documentum</strong></span> <span class='ocrx_word' id='word_1_87' title='bbox 666 1231 957 1302; x_wconf 89' lang='lat' dir='ltr'><strong>impressit,</strong></span> <span class='ocrx_word' id='word_1_88' title='bbox 994 1230 1136 1298; x_wconf 91' lang='lat' dir='ltr'><strong>quod</strong></span> <span class='ocrx_word' id='word_1_89' title='bbox 1168 1237 1351 1281; x_wconf 90' lang='lat' dir='ltr'><strong>actum</strong></span> <span class='ocrx_word' id='word_1_90' title='bbox 1383 1245 1401 1276; x_wconf 75' lang='grc' dir='ltr'><strong>ι</strong></span> <span class='ocrx_word' id='word_1_91' title='bbox 1442 1225 1492 1279; x_wconf 90' lang='lat' dir='ltr'><strong>in</strong></span> <span class='ocrx_word' id='word_1_92' title='bbox 1538 1225 1655 1278; x_wconf 92' lang='lat' dir='ltr'><strong>vico</strong></span> <span class='ocrx_word' id='word_1_93' title='bbox 1692 1221 1836 1275; x_wconf 67' lang='lat' dir='ltr'><strong>Ilua-</strong></span> 
     </span>
    </p>
   </div>
   <div class='ocr_carea' id='block_1_12' title="bbox 238 1315 1837 1392">
    <p class='ocr_par' dir='ltr' id='par_1_12' title="bbox 238 1315 1837 1392">
     <span class='ocr_line' id='line_1_12' title="bbox 238 1315 1837 1392; baseline -0.01 -11"><span class='ocrx_word' id='word_1_94' title='bbox 238 1346 302 1381; x_wconf 85' lang='lat' dir='ltr'><strong>co</strong></span> <span class='ocrx_word' id='word_1_95' title='bbox 359 1347 377 1378; x_wconf 70' lang='grc' dir='ltr'><strong>ι</strong></span> <span class='ocrx_word' id='word_1_96' title='bbox 441 1324 774 1380; x_wconf 72' lang='lat' dir='ltr'><strong>Veronensis</strong></span> <span class='ocrx_word' id='word_1_97' title='bbox 821 1323 935 1392; x_wconf 88' lang='lat' dir='ltr'><strong>agri</strong></span> <span class='ocrx_word' id='word_1_98' title='bbox 985 1322 1232 1390; x_wconf 73' lang='lat' dir='ltr'><strong>signatur</strong></span> <span class='ocrx_word' id='word_1_99' title='bbox 1289 1337 1306 1369; x_wconf 86' lang='grc'><strong>‹</strong></span> <span class='ocrx_word' id='word_1_100' title='bbox 1362 1325 1615 1388; x_wconf 78' lang='lat' dir='ltr'><strong>regnante</strong></span> <span class='ocrx_word' id='word_1_101' title='bbox 1658 1315 1837 1368; x_wconf 78' lang='lat' dir='ltr'><strong>donno</strong></span> 
     </span>
    </p>
   </div>
   <div class='ocr_carea' id='block_1_13' title="bbox 240 1406 1838 1480">
    <p class='ocr_par' dir='ltr' id='par_1_13' title="bbox 240 1406 1838 1480">
     <span class='ocr_line' id='line_1_13' title="bbox 240 1406 1838 1480; baseline -0.01 -7"><span class='ocrx_word' id='word_1_102' title='bbox 240 1429 436 1474; x_wconf 84' lang='lat' dir='ltr'><strong>nostro</strong></span> <span class='ocrx_word' id='word_1_103' title='bbox 467 1417 643 1472; x_wconf 58' lang='lat' dir='ltr'><strong>I-Iocto</strong></span> <span class='ocrx_word' id='word_1_104' title='bbox 693 1416 742 1469; x_wconf 88' lang='lat' dir='ltr'><strong>ic</strong></span> <span class='ocrx_word' id='word_1_105' title='bbox 789 1415 840 1468; x_wconf 88' lang='lat' dir='ltr'><strong>in</strong></span> <span class='ocrx_word' id='word_1_106' title='bbox 885 1413 1036 1467; x_wconf 90' lang='lat' dir='ltr'><strong>Italia</strong></span> <span class='ocrx_word' id='word_1_107' title='bbox 1083 1427 1225 1465; x_wconf 91' lang='lat' dir='ltr'><strong>anno</strong></span> <span class='ocrx_word' id='word_1_108' title='bbox 1275 1409 1450 1480; x_wconf 88' lang='lat' dir='ltr'><strong>primo</strong></span> <span class='ocrx_word' id='word_1_109' title='bbox 1502 1408 1600 1462; x_wconf 91' lang='lat' dir='ltr'><strong>sub</strong></span> <span class='ocrx_word' id='word_1_110' title='bbox 1642 1406 1726 1460; x_wconf 89' lang='lat' dir='ltr'><strong>dic</strong></span> <span class='ocrx_word' id='word_1_111' title='bbox 1771 1406 1838 1459; x_wconf 87' lang='lat' dir='ltr'><strong>de</strong></span> 
     </span>
    </p>
   </div>
   <div class='ocr_carea' id='block_1_14' title="bbox 238 1499 1835 1574">
    <p class='ocr_par' dir='ltr' id='par_1_14' title="bbox 238 1499 1835 1574">
     <span class='ocr_line' id='line_1_14' title="bbox 238 1499 1835 1574; baseline -0.008 -10"><span class='ocrx_word' id='word_1_112' title='bbox 238 1525 430 1564; x_wconf 80' lang='lat' dir='ltr'><strong>mense</strong></span> <span class='ocrx_word' id='word_1_113' title='bbox 465 1507 672 1562; x_wconf 78' lang='lat' dir='ltr'><strong>Madius</strong></span> <span class='ocrx_word' id='word_1_114' title='bbox 703 1506 994 1560; x_wconf 90' lang='lat' dir='ltr'><strong>indictione</strong></span> <span class='ocrx_word' id='word_1_115' title='bbox 1021 1521 1180 1559; x_wconf 87' lang='lat' dir='ltr'><strong>nona.</strong></span> <span class='ocrx_word' id='word_1_116' title='bbox 1213 1528 1230 1555; x_wconf 76' lang='grc' dir='ltr'><strong>ι</strong></span> <span class='ocrx_word' id='word_1_117' title='bbox 1259 1501 1446 1574; x_wconf 87' lang='lat' dir='ltr'><strong>(Ibid.,</strong></span> <span class='ocrx_word' id='word_1_118' title='bbox 1471 1518 1524 1571; x_wconf 84' lang='lat' dir='ltr'><strong>p.</strong></span> <span class='ocrx_word' id='word_1_119' title='bbox 1552 1501 1664 1569; x_wconf 85' lang='lat'><strong>7|.)</strong></span> <span class='ocrx_word' id='word_1_120' title='bbox 1689 1499 1835 1553; x_wconf 62' lang='lat' dir='ltr'><strong>Nona</strong></span> 
     </span>
    </p>
   </div>
   <div class='ocr_carea' id='block_1_15' title="bbox 240 1596 1838 1659">
    <p class='ocr_par' dir='ltr' id='par_1_15' title="bbox 240 1596 1838 1659">
     <span class='ocr_line' id='line_1_15' title="bbox 240 1596 1838 1659; baseline -0.007 -1"><span class='ocrx_word' id='word_1_121' title='bbox 240 1606 466 1659; x_wconf 77' lang='lat' dir='ltr'><strong>indictio</strong></span> <span class='ocrx_word' id='word_1_122' title='bbox 491 1620 614 1658; x_wconf 92' lang='lat' dir='ltr'><strong>cum</strong></span> <span class='ocrx_word' id='word_1_123' title='bbox 649 1618 831 1657; x_wconf 85' lang='lat' dir='ltr'><strong>mense</strong></span> <span class='ocrx_word' id='word_1_124' title='bbox 861 1601 998 1656; x_wconf 81' lang='lat' dir='ltr'><strong>Maio</strong></span> <span class='ocrx_word' id='word_1_125' title='bbox 1021 1601 1270 1656; x_wconf 90' lang='lat' dir='ltr'><strong>convenit</strong></span> <span class='ocrx_word' id='word_1_126' title='bbox 1301 1616 1442 1654; x_wconf 91' lang='lat' dir='ltr'><strong>anno</strong></span> <span class='ocrx_word' id='word_1_127' title='bbox 1482 1597 1606 1652; x_wconf 79' lang='grc'><strong>951.</strong></span> <span class='ocrx_word' id='word_1_128' title='bbox 1661 1596 1716 1650; x_wconf 89' lang='lat' dir='ltr'><strong>Si</strong></span> <span class='ocrx_word' id='word_1_129' title='bbox 1773 1596 1838 1648; x_wconf 89' lang='lat' dir='ltr'><strong>de</strong></span> 
     </span>
    </p>
   </div>
   <div class='ocr_carea' id='block_1_16' title="bbox 239 1687 1838 1760">
    <p class='ocr_par' dir='ltr' id='par_1_16' title="bbox 239 1687 1838 1760">
     <span class='ocr_line' id='line_1_16' title="bbox 239 1687 1838 1760; baseline -0.006 -12"><span class='ocrx_word' id='word_1_130' title='bbox 239 1710 430 1749; x_wconf 79' lang='lat' dir='ltr'><strong>errore</strong></span> <span class='ocrx_word' id='word_1_131' title='bbox 462 1695 515 1747; x_wconf 91' lang='lat' dir='ltr'><strong>in</strong></span> <span class='ocrx_word' id='word_1_132' title='bbox 546 1703 671 1747; x_wconf 91' lang='lat' dir='ltr'><strong>nota</strong></span> <span class='ocrx_word' id='word_1_133' title='bbox 696 1693 1006 1747; x_wconf 90' lang='lat' dir='ltr'><strong>indictionis</strong></span> <span class='ocrx_word' id='word_1_134' title='bbox 1023 1708 1128 1746; x_wconf 94' lang='lat' dir='ltr'><strong>non</strong></span> <span class='ocrx_word' id='word_1_135' title='bbox 1151 1705 1294 1745; x_wconf 90' lang='lat' dir='ltr'><strong>esset</strong></span> <span class='ocrx_word' id='word_1_136' title='bbox 1325 1689 1732 1760; x_wconf 82' lang='lat' dir='ltr'><strong>suspicandum,</strong></span> <span class='ocrx_word' id='word_1_137' title='bbox 1759 1687 1838 1739; x_wconf 82' lang='lat' dir='ltr'><strong>di-</strong></span> 
     </span>
    </p>
   </div>
   <div class='ocr_carea' id='block_1_17' title="bbox 1935 494 3516 568">
    <p class='ocr_par' dir='ltr' id='par_1_17' title="bbox 1935 494 3516 568">
     <span class='ocr_line' id='line_1_17' title="bbox 1935 494 3516 568; baseline 0.008 -22"><span class='ocrx_word' id='word_1_138' title='bbox 1935 494 2356 547; x_wconf 84' lang='lat' dir='ltr'><strong>admouitionetn</strong></span> <span class='ocrx_word' id='word_1_139' title='bbox 2397 496 2448 547; x_wconf 90' lang='lat' dir='ltr'><strong>in</strong></span> <span class='ocrx_word' id='word_1_140' title='bbox 2481 497 2760 565; x_wconf 82' lang='lat' dir='ltr'><strong>epistolam</strong></span> <span class='ocrx_word' id='word_1_141' title='bbox 2790 500 3054 568; x_wconf 85' lang='lat' dir='ltr'><strong>quintam.</strong></span> <span class='ocrx_word' id='word_1_142' title='bbox 3091 501 3245 556; x_wconf 65' lang='lat' dir='ltr'><strong>\‘cnit</strong></span> <span class='ocrx_word' id='word_1_143' title='bbox 3276 503 3437 568; x_wconf 77' lang='lat' dir='ltr'><strong>igitur</strong></span> <span class='ocrx_word' id='word_1_144' title='bbox 3463 505 3516 558; x_wconf 90' lang='lat' dir='ltr'><strong>in</strong></span> 
     </span>
    </p>
   </div>
   <div class='ocr_carea' id='block_1_18' title="bbox 1936 587 3520 664">
    <p class='ocr_par' dir='ltr' id='par_1_18' title="bbox 1936 587 3520 664">
     <span class='ocr_line' id='line_1_18' title="bbox 1936 587 3520 664; baseline 0.007 -24"><span class='ocrx_word' id='word_1_145' title='bbox 1936 587 2143 640; x_wconf 88' lang='lat' dir='ltr'><strong>Italiam</strong></span> <span class='ocrx_word' id='word_1_146' title='bbox 2179 588 2466 643; x_wconf 69' lang='lat' dir='ltr'><strong>llathcrins</strong></span> <span class='ocrx_word' id='word_1_147' title='bbox 2494 607 2618 644; x_wconf 88' lang='lat' dir='ltr'><strong>etnn</strong></span> <span class='ocrx_word' id='word_1_148' title='bbox 2648 591 2846 648; x_wconf 90' lang='lat' dir='ltr'><strong>Ottone</strong></span> <span class='ocrx_word' id='word_1_149' title='bbox 2885 602 2939 647; x_wconf 90' lang='lat' dir='ltr'><strong>et</strong></span> <span class='ocrx_word' id='word_1_150' title='bbox 2970 594 3080 648; x_wconf 86' lang='lat' dir='ltr'><strong>ﬁlio</strong></span> <span class='ocrx_word' id='word_1_151' title='bbox 3129 594 3244 664; x_wconf 86' lang='lat' dir='ltr'><strong>cjus</strong></span> <span class='ocrx_word' id='word_1_152' title='bbox 3284 596 3520 651; x_wconf 83' lang='lat' dir='ltr'><strong>Liutquo</strong></span> 
     </span>
    </p>
   </div>
   <div class='ocr_carea' id='block_1_19' title="bbox 1937 678 3521 756">
    <p class='ocr_par' dir='ltr' id='par_1_19' title="bbox 1937 678 3521 756">
     <span class='ocr_line' id='line_1_19' title="bbox 1937 678 3521 756; baseline 0.006 -25"><span class='ocrx_word' id='word_1_153' title='bbox 1937 695 2078 732; x_wconf 89' lang='lat' dir='ltr'><strong>anno</strong></span> <span class='ocrx_word' id='word_1_154' title='bbox 2107 678 2230 734; x_wconf 79' lang='grc'><strong>951.</strong></span> <span class='ocrx_word' id='word_1_155' title='bbox 2265 680 2679 736; x_wconf 79' lang='lat' dir='ltr'><strong>ltcstilutionem</strong></span> <span class='ocrx_word' id='word_1_156' title='bbox 2727 683 2778 738; x_wconf 92' lang='lat' dir='ltr'><strong>in</strong></span> <span class='ocrx_word' id='word_1_157' title='bbox 2829 699 2982 738; x_wconf 87' lang='lat' dir='ltr'><strong>suam</strong></span> <span class='ocrx_word' id='word_1_158' title='bbox 3031 686 3213 740; x_wconf 87' lang='lat' dir='ltr'><strong>sedem</strong></span> <span class='ocrx_word' id='word_1_159' title='bbox 3267 689 3521 756; x_wconf 78' lang='lat' dir='ltr'><strong>sperabat</strong></span> 
     </span>
    </p>
   </div>
   <div class='ocr_carea' id='block_1_20' title="bbox 1938 771 3518 844">
    <p class='ocr_par' dir='ltr' id='par_1_20' title="bbox 1938 771 3518 844">
     <span class='ocr_line' id='line_1_20' title="bbox 1938 771 3518 844; baseline 0.006 -21"><span class='ocrx_word' id='word_1_160' title='bbox 1938 771 2264 840; x_wconf 70' lang='lat' dir='ltr'><strong>Iicrcngario</strong></span> <span class='ocrx_word' id='word_1_161' title='bbox 2328 788 2679 842; x_wconf 87' lang='lat' dir='ltr'><strong>compresso,</strong></span> <span class='ocrx_word' id='word_1_162' title='bbox 2745 776 2834 844; x_wconf 90' lang='lat' dir='ltr'><strong>qui</strong></span> <span class='ocrx_word' id='word_1_163' title='bbox 2886 777 2985 830; x_wconf 82' lang='lat' dir='ltr'><strong>sibi</strong></span> <span class='ocrx_word' id='word_1_164' title='bbox 3033 777 3208 832; x_wconf 79' lang='lat' dir='ltr'><strong>fuerat</strong></span> <span class='ocrx_word' id='word_1_165' title='bbox 3258 778 3518 834; x_wconf 79' lang='lat' dir='ltr'><strong>infensus.</strong></span> 
     </span>
    </p>
   </div>
   <div class='ocr_carea' id='block_1_21' title="bbox 1937 861 3522 931">
    <p class='ocr_par' dir='ltr' id='par_1_21' title="bbox 1937 861 3522 931">
     <span class='ocr_line' id='line_1_21' title="bbox 1937 861 3522 931; baseline 0.003 -15"><span class='ocrx_word' id='word_1_166' title='bbox 1937 861 2098 916; x_wconf 82' lang='lat' dir='ltr'><strong>Forte</strong></span> <span class='ocrx_word' id='word_1_167' title='bbox 2130 863 2293 916; x_wconf 89' lang='lat' dir='ltr'><strong>etiam</strong></span> <span class='ocrx_word' id='word_1_168' title='bbox 2326 871 2647 931; x_wconf 89' lang='lat' dir='ltr'><strong>potestatem</strong></span> <span class='ocrx_word' id='word_1_169' title='bbox 2695 865 3034 920; x_wconf 86' lang='lat' dir='ltr'><strong>adimendam</strong></span> <span class='ocrx_word' id='word_1_170' title='bbox 3080 868 3309 922; x_wconf 85' lang='lat' dir='ltr'><strong>credidit</strong></span> <span class='ocrx_word' id='word_1_171' title='bbox 3338 867 3522 922; x_wconf 82' lang='lat' dir='ltr'><strong>Miloni</strong></span> 
     </span>
    </p>
   </div>
   <div class='ocr_carea' id='block_1_22' title="bbox 1939 955 3525 1028">
    <p class='ocr_par' dir='ltr' id='par_1_22' title="bbox 1939 955 3525 1028">
     <span class='ocr_line' id='line_1_22' title="bbox 1939 955 3525 1028; baseline 0.003 -20"><span class='ocrx_word' id='word_1_172' title='bbox 1939 955 2120 1008; x_wconf 90' lang='lat' dir='ltr'><strong>comiti</strong></span> <span class='ocrx_word' id='word_1_173' title='bbox 2152 955 2474 1018; x_wconf 70' lang='lat' dir='ltr'><strong>Veronensi,</strong></span> <span class='ocrx_word' id='word_1_174' title='bbox 2526 957 2616 1025; x_wconf 89' lang='lat' dir='ltr'><strong>qui</strong></span> <span class='ocrx_word' id='word_1_175' title='bbox 2671 957 2995 1028; x_wconf 83' lang='lat' dir='ltr'><strong>Berengario</strong></span> <span class='ocrx_word' id='word_1_176' title='bbox 3029 958 3261 1014; x_wconf 88' lang='lat' dir='ltr'><strong>favebat.</strong></span> <span class='ocrx_word' id='word_1_177' title='bbox 3309 959 3525 1028; x_wconf 84' lang='lat' dir='ltr'><strong>Aliquid</strong></span> 
     </span>
    </p>
   </div>
   <div class='ocr_carea' id='block_1_23' title="bbox 1939 1047 3525 1120">
    <p class='ocr_par' dir='ltr' id='par_1_23' title="bbox 1939 1047 3525 1120">
     <span class='ocr_line' id='line_1_23' title="bbox 1939 1047 3525 1120; baseline 0.002 -19"><span class='ocrx_word' id='word_1_178' title='bbox 1939 1063 2069 1101; x_wconf 86' lang='lat' dir='ltr'><strong>sane</strong></span> <span class='ocrx_word' id='word_1_179' title='bbox 2099 1047 2473 1102; x_wconf 74' lang='lat' dir='ltr'><strong>calamitosum</strong></span> <span class='ocrx_word' id='word_1_180' title='bbox 2514 1048 2599 1101; x_wconf 82' lang='lat' dir='ltr'><strong>isti</strong></span> <span class='ocrx_word' id='word_1_181' title='bbox 2647 1049 2957 1120; x_wconf 79' lang='lat' dir='ltr'><strong>contigisse,</strong></span> <span class='ocrx_word' id='word_1_182' title='bbox 3011 1051 3248 1105; x_wconf 89' lang='lat' dir='ltr'><strong>indicare</strong></span> <span class='ocrx_word' id='word_1_183' title='bbox 3277 1051 3525 1105; x_wconf 89' lang='lat' dir='ltr'><strong>videntur</strong></span> 
     </span>
    </p>
   </div>
   <div class='ocr_carea' id='block_1_24' title="bbox 1941 1141 3523 1211">
    <p class='ocr_par' dir='ltr' id='par_1_24' title="bbox 1941 1141 3523 1211">
     <span class='ocr_line' id='line_1_24' title="bbox 1941 1141 3523 1211; baseline -0.001 -15"><span class='ocrx_word' id='word_1_184' title='bbox 1941 1141 2026 1197; x_wconf 88' lang='lat' dir='ltr'><strong>illa</strong></span> <span class='ocrx_word' id='word_1_185' title='bbox 2053 1141 2293 1211; x_wconf 75' lang='lat' dir='ltr'><strong>epistola:</strong></span> <span class='ocrx_word' id='word_1_186' title='bbox 2324 1141 2526 1210; x_wconf 74' lang='lat' dir='ltr'><strong>quinta:</strong></span> <span class='ocrx_word' id='word_1_187' title='bbox 2556 1157 2702 1194; x_wconf 90' lang='lat' dir='ltr'><strong>num.</strong></span> <span class='ocrx_word' id='word_1_188' title='bbox 2736 1141 2788 1205; x_wconf 88' lang='lat'><strong>7,</strong></span> <span class='ocrx_word' id='word_1_189' title='bbox 2823 1143 2910 1197; x_wconf 88' lang='lat' dir='ltr'><strong>ubi</strong></span> <span class='ocrx_word' id='word_1_190' title='bbox 2947 1143 3236 1197; x_wconf 69' lang='lat' dir='ltr'><strong>Itatbcrius</strong></span> <span class='ocrx_word' id='word_1_191' title='bbox 3272 1151 3523 1198; x_wconf 88' lang='lat' dir='ltr'><strong>enarrata</strong></span> 
     </span>
    </p>
   </div>
   <div class='ocr_carea' id='block_1_25' title="bbox 1939 1230 3525 1300">
    <p class='ocr_par' dir='ltr' id='par_1_25' title="bbox 1939 1230 3525 1300">
     <span class='ocr_line' id='line_1_25' title="bbox 1939 1230 3525 1300; baseline -0.001 -14"><span class='ocrx_word' id='word_1_192' title='bbox 1939 1247 2032 1286; x_wconf 89' lang='lat' dir='ltr'><strong>sua</strong></span> <span class='ocrx_word' id='word_1_193' title='bbox 2063 1231 2294 1287; x_wconf 89' lang='lat' dir='ltr'><strong>secunda</strong></span> <span class='ocrx_word' id='word_1_194' title='bbox 2337 1231 2678 1300; x_wconf 79' lang='lat' dir='ltr'><strong>expulsione,</strong></span> <span class='ocrx_word' id='word_1_195' title='bbox 2708 1230 2958 1286; x_wconf 75' lang='lat' dir='ltr'><strong>Milonem</strong></span> <span class='ocrx_word' id='word_1_196' title='bbox 2987 1231 3086 1286; x_wconf 86' lang='lat' dir='ltr'><strong>sibi</strong></span> <span class='ocrx_word' id='word_1_197' title='bbox 3121 1233 3432 1297; x_wconf 82' lang='lat' dir='ltr'><strong>adversum,</strong></span> <span class='ocrx_word' id='word_1_198' title='bbox 3465 1241 3525 1285; x_wconf 88' lang='lat' dir='ltr'><strong>ut</strong></span> 
     </span>
    </p>
   </div>
   <div class='ocr_carea' id='block_1_26' title="bbox 1942 1321 3620 1392">
    <p class='ocr_par' dir='ltr' id='par_1_26' title="bbox 1942 1321 3620 1392">
     <span class='ocr_line' id='line_1_26' title="bbox 1942 1321 3620 1392; baseline 0 -16"><span class='ocrx_word' id='word_1_199' title='bbox 1942 1323 2172 1386; x_wconf 77' lang='lat' dir='ltr'><strong>videtur,</strong></span> <span class='ocrx_word' id='word_1_200' title='bbox 2205 1322 2526 1392; x_wconf 87' lang='lat' dir='ltr'><strong>respiciens,</strong></span> <span class='ocrx_word' id='word_1_201' title='bbox 2554 1342 2571 1372; x_wconf 75' lang='grc' dir='ltr'><strong>ι</strong></span> <span class='ocrx_word' id='word_1_202' title='bbox 2603 1321 3000 1386; x_wconf 87' lang='lat' dir='ltr'><strong>calamitosum,</strong></span> <span class='ocrx_word' id='word_1_203' title='bbox 3031 1322 3225 1390; x_wconf 84' lang='lat' dir='ltr'><strong>inquit,</strong></span> <span class='ocrx_word' id='word_1_204' title='bbox 3257 1321 3342 1376; x_wconf 88' lang='lat' dir='ltr'><strong>hic</strong></span> <span class='ocrx_word' id='word_1_205' title='bbox 3368 1337 3527 1376; x_wconf 81' lang='lat' dir='ltr'><strong>accu-</strong></span> <span class='ocrx_word' id='word_1_206' title='bbox 3614 1377 3620 1386; x_wconf 67' lang='grc'><em>,</em></span> 
     </span>
    </p>
   </div>
   <div class='ocr_carea' id='block_1_27' title="bbox 1942 1412 3525 1484">
    <p class='ocr_par' dir='ltr' id='par_1_27' title="bbox 1942 1412 3525 1484">
     <span class='ocr_line' id='line_1_27' title="bbox 1942 1412 3525 1484; baseline -0.001 -16"><span class='ocrx_word' id='word_1_207' title='bbox 1942 1430 2063 1469; x_wconf 90' lang='lat' dir='ltr'><strong>sare</strong></span> <span class='ocrx_word' id='word_1_208' title='bbox 2087 1431 2208 1468; x_wconf 89' lang='lat' dir='ltr'><strong>cum</strong></span> <span class='ocrx_word' id='word_1_209' title='bbox 2237 1414 2460 1484; x_wconf 87' lang='lat' dir='ltr'><strong>possim,</strong></span> <span class='ocrx_word' id='word_1_210' title='bbox 2490 1412 2671 1466; x_wconf 87' lang='lat' dir='ltr'><strong>devito</strong></span> <span class='ocrx_word' id='word_1_211' title='bbox 2698 1412 2956 1480; x_wconf 84' lang='lat' dir='ltr'><strong>aliquem,</strong></span> <span class='ocrx_word' id='word_1_212' title='bbox 2990 1427 3055 1466; x_wconf 88' lang='lat' dir='ltr'><strong>nc</strong></span> <span class='ocrx_word' id='word_1_213' title='bbox 3083 1412 3334 1481; x_wconf 87' lang='lat' dir='ltr'><strong>adjiciam</strong></span> <span class='ocrx_word' id='word_1_214' title='bbox 3361 1427 3525 1480; x_wconf 86' lang='lat' dir='ltr'><strong>super</strong></span> 
     </span>
    </p>
   </div>
   <div class='ocr_carea' id='block_1_28' title="bbox 1943 1503 3528 1572">
    <p class='ocr_par' dir='ltr' id='par_1_28' title="bbox 1943 1503 3528 1572">
     <span class='ocr_line' id='line_1_28' title="bbox 1943 1503 3528 1572; baseline -0.002 -15"><span class='ocrx_word' id='word_1_215' title='bbox 1943 1507 2221 1560; x_wconf 87' lang='lat' dir='ltr'><strong>vulnerum</strong></span> <span class='ocrx_word' id='word_1_216' title='bbox 2249 1503 2364 1572; x_wconf 91' lang='lat' dir='ltr'><strong>ejus</strong></span> <span class='ocrx_word' id='word_1_217' title='bbox 2395 1503 2634 1572; x_wconf 85' lang='lat' dir='ltr'><strong>aliquod,</strong></span> <span class='ocrx_word' id='word_1_218' title='bbox 2682 1504 2826 1572; x_wconf 90' lang='lat' dir='ltr'><strong>quod</strong></span> <span class='ocrx_word' id='word_1_219' title='bbox 2857 1503 3118 1572; x_wconf 82' lang='lat' dir='ltr'><strong>propheta</strong></span> <span class='ocrx_word' id='word_1_220' title='bbox 3147 1503 3528 1572; x_wconf 89' lang='lat' dir='ltr'><strong>conquerendo</strong></span> 
     </span>
    </p>
   </div>
   <div class='ocr_carea' id='block_1_29' title="bbox 1944 1592 3526 1666">
    <p class='ocr_par' dir='ltr' id='par_1_29' title="bbox 1944 1592 3526 1666">
     <span class='ocr_line' id='line_1_29' title="bbox 1944 1592 3526 1666; baseline -0.002 -19"><span class='ocrx_word' id='word_1_221' title='bbox 1944 1596 2212 1666; x_wconf 77' lang='lat' dir='ltr'><strong>prohibet,</strong></span> <span class='ocrx_word' id='word_1_222' title='bbox 2260 1594 2521 1648; x_wconf 89' lang='lat' dir='ltr'><strong>dolorem.</strong></span> <span class='ocrx_word' id='word_1_223' title='bbox 2557 1613 2575 1644; x_wconf 71' lang='grc' dir='ltr'><strong>ι</strong></span> <span class='ocrx_word' id='word_1_224' title='bbox 2632 1593 2792 1648; x_wconf 78' lang='lat' dir='ltr'><strong>Certe</strong></span> <span class='ocrx_word' id='word_1_225' title='bbox 2841 1592 2965 1648; x_wconf 90' lang='lat' dir='ltr'><strong>Otto</strong></span> <span class='ocrx_word' id='word_1_226' title='bbox 3022 1607 3144 1646; x_wconf 90' lang='lat' dir='ltr'><strong>cum</strong></span> <span class='ocrx_word' id='word_1_227' title='bbox 3189 1593 3424 1646; x_wconf 87' lang='lat' dir='ltr'><strong>secunde</strong></span> <span class='ocrx_word' id='word_1_228' title='bbox 3473 1592 3526 1644; x_wconf 85' lang='lat' dir='ltr'><strong>in</strong></span> 
     </span>
    </p>
   </div>
   <div class='ocr_carea' id='block_1_30' title="bbox 1945 1680 3530 1750">
    <p class='ocr_par' dir='ltr' id='par_1_30' title="bbox 1945 1680 3530 1750">
     <span class='ocr_line' id='line_1_30' title="bbox 1945 1680 3530 1750; baseline -0.005 -10"><span class='ocrx_word' id='word_1_229' title='bbox 1945 1686 2150 1740; x_wconf 86' lang='lat' dir='ltr'><strong>Italiam</strong></span> <span class='ocrx_word' id='word_1_230' title='bbox 2177 1683 2472 1748; x_wconf 86' lang='lat' dir='ltr'><strong>descendit,</strong></span> <span class='ocrx_word' id='word_1_231' title='bbox 2518 1683 2748 1737; x_wconf 89' lang='lat' dir='ltr'><strong>comites</strong></span> <span class='ocrx_word' id='word_1_232' title='bbox 2779 1681 3006 1736; x_wconf 74' lang='lat' dir='ltr'><strong>Verona:</strong></span> <span class='ocrx_word' id='word_1_233' title='bbox 3037 1680 3276 1750; x_wconf 70' lang='lat' dir='ltr'><strong>praefecit</strong></span> <span class='ocrx_word' id='word_1_234' title='bbox 3304 1682 3530 1735; x_wconf 55' lang='lat' dir='ltr'><strong>Germa-</strong></span> 
     </span>
    </p>
   </div>
   <div class='ocr_carea' id='block_1_31' title="bbox 238 1767 3532 1852">
    <p class='ocr_par' dir='ltr' id='par_1_31' title="bbox 238 1767 3532 1852">
     <span class='ocr_line' id='line_1_31' title="bbox 238 1767 3532 1852; baseline -0.004 -13"><span class='ocrx_word' id='word_1_235' title='bbox 238 1785 477 1840; x_wconf 87' lang='lat' dir='ltr'><strong>cendum</strong></span> <span class='ocrx_word' id='word_1_236' title='bbox 517 1791 665 1838; x_wconf 88' lang='lat' dir='ltr'><strong>esset</strong></span> <span class='ocrx_word' id='word_1_237' title='bbox 696 1781 972 1847; x_wconf 81' lang='lat' dir='ltr'><strong>Ottonem,</strong></span> <span class='ocrx_word' id='word_1_238' title='bbox 995 1793 1285 1852; x_wconf 88' lang='lat' dir='ltr'><strong>antequam</strong></span> <span class='ocrx_word' id='word_1_239' title='bbox 1309 1781 1486 1850; x_wconf 71' lang='lat' dir='ltr'><strong>Papia:</strong></span> <span class='ocrx_word' id='word_1_240' title='bbox 1519 1795 1612 1834; x_wconf 71' lang='lat' dir='ltr'><strong>rex</strong></span> <span class='ocrx_word' id='word_1_241' title='bbox 1637 1779 1837 1832; x_wconf 64' lang='lat' dir='ltr'><strong>saluta-</strong></span> <span class='ocrx_word' id='word_1_242' title='bbox 1871 1767 1910 1824; x_wconf 81' lang='grc' dir='ltr'><strong>Β</strong></span> <span class='ocrx_word' id='word_1_243' title='bbox 1940 1794 2058 1840; x_wconf 89' lang='lat' dir='ltr'><strong>nos,</strong></span> <span class='ocrx_word' id='word_1_244' title='bbox 2089 1777 2284 1845; x_wconf 91' lang='lat' dir='ltr'><strong>quibus</strong></span> <span class='ocrx_word' id='word_1_245' title='bbox 2321 1773 2534 1829; x_wconf 83' lang='lat' dir='ltr'><strong>fidebat.</strong></span> <span class='ocrx_word' id='word_1_246' title='bbox 2582 1774 2724 1828; x_wconf 88' lang='lat' dir='ltr'><strong>Idem</strong></span> <span class='ocrx_word' id='word_1_247' title='bbox 2770 1774 2822 1826; x_wconf 92' lang='lat' dir='ltr'><strong>in</strong></span> <span class='ocrx_word' id='word_1_248' title='bbox 2853 1774 3026 1842; x_wconf 91' lang='lat' dir='ltr'><strong>primo</strong></span> <span class='ocrx_word' id='word_1_249' title='bbox 3072 1773 3304 1826; x_wconf 87' lang='lat' dir='ltr'><strong>adventu</strong></span> <span class='ocrx_word' id='word_1_250' title='bbox 3336 1772 3532 1827; x_wconf 78' lang='lat' dir='ltr'><strong>fecisse</strong></span> 
     </span>
    </p>
   </div>
   <div class='ocr_carea' id='block_1_32' title="bbox 244 1867 1834 1941">
    <p class='ocr_par' dir='ltr' id='par_1_32' title="bbox 244 1867 1834 1941">
     <span class='ocr_line' id='line_1_32' title="bbox 244 1867 1834 1941; baseline -0.005 -13"><span class='ocrx_word' id='word_1_251' title='bbox 244 1885 395 1930; x_wconf 89' lang='lat' dir='ltr'><strong>retur</strong></span> <span class='ocrx_word' id='word_1_252' title='bbox 419 1889 606 1928; x_wconf 84' lang='lat' dir='ltr'><strong>mense</strong></span> <span class='ocrx_word' id='word_1_253' title='bbox 625 1871 840 1927; x_wconf 86' lang='lat' dir='ltr'><strong>Octobri</strong></span> <span class='ocrx_word' id='word_1_254' title='bbox 869 1873 993 1926; x_wconf 88' lang='lat' dir='ltr'><strong>anni</strong></span> <span class='ocrx_word' id='word_1_255' title='bbox 1023 1871 1116 1926; x_wconf 80' lang='lat' dir='ltr'><strong>95I</strong></span> <span class='ocrx_word' id='word_1_256' title='bbox 1133 1913 1146 1936; x_wconf 91' lang='lat'><strong>,</strong></span> <span class='ocrx_word' id='word_1_257' title='bbox 1166 1874 1278 1941; x_wconf 87' lang='lat' dir='ltr'><strong>jam</strong></span> <span class='ocrx_word' id='word_1_258' title='bbox 1305 1870 1425 1924; x_wconf 90' lang='lat' dir='ltr'><strong>inde</strong></span> <span class='ocrx_word' id='word_1_259' title='bbox 1443 1886 1470 1922; x_wconf 89' lang='lat' dir='ltr'><strong>a</strong></span> <span class='ocrx_word' id='word_1_260' title='bbox 1496 1885 1680 1923; x_wconf 88' lang='lat' dir='ltr'><strong>mense</strong></span> <span class='ocrx_word' id='word_1_261' title='bbox 1697 1867 1834 1920; x_wconf 77' lang='lat' dir='ltr'><strong>Maio</strong></span> 
     </span>
    </p>
   </div>
   <div class='ocr_carea' id='block_1_33' title="bbox 241 1957 1836 2032">
    <p class='ocr_par' dir='ltr' id='par_1_33' title="bbox 241 1957 1836 2032">
     <span class='ocr_line' id='line_1_33' title="bbox 241 1957 1836 2032; baseline -0.005 -16"><span class='ocrx_word' id='word_1_262' title='bbox 241 1963 368 2017; x_wconf 87' lang='lat' dir='ltr'><strong>anni</strong></span> <span class='ocrx_word' id='word_1_263' title='bbox 395 1963 640 2032; x_wconf 85' lang='lat' dir='ltr'><strong>ejusdem</strong></span> <span class='ocrx_word' id='word_1_264' title='bbox 666 1962 718 2015; x_wconf 91' lang='lat' dir='ltr'><strong>in</strong></span> <span class='ocrx_word' id='word_1_265' title='bbox 747 1960 951 2014; x_wconf 87' lang='lat' dir='ltr'><strong>Italiam</strong></span> <span class='ocrx_word' id='word_1_266' title='bbox 981 1959 1539 2030; x_wconf 59' lang='lat' dir='ltr'><strong>ingressumNeronte</strong></span> <span class='ocrx_word' id='word_1_267' title='bbox 1563 1957 1730 2011; x_wconf 83' lang='lat' dir='ltr'><strong>Itali;c</strong></span> <span class='ocrx_word' id='word_1_268' title='bbox 1755 1973 1836 2009; x_wconf 81' lang='lat' dir='ltr'><strong>re-</strong></span> 
     </span>
    </p>
   </div>
   <div class='ocr_carea' id='block_1_34' title="bbox 240 2047 1838 2125">
    <p class='ocr_par' dir='ltr' id='par_1_34' title="bbox 240 2047 1838 2125">
     <span class='ocr_line' id='line_1_34' title="bbox 240 2047 1838 2125; baseline -0.006 -17"><span class='ocrx_word' id='word_1_269' title='bbox 240 2070 361 2125; x_wconf 86' lang='lat' dir='ltr'><strong>gem</strong></span> <span class='ocrx_word' id='word_1_270' title='bbox 380 2053 548 2107; x_wconf 89' lang='lat' dir='ltr'><strong>fuisse</strong></span> <span class='ocrx_word' id='word_1_271' title='bbox 572 2062 960 2121; x_wconf 86' lang='lat' dir='ltr'><strong>nuncupatum.</strong></span> <span class='ocrx_word' id='word_1_272' title='bbox 983 2050 1087 2105; x_wconf 88' lang='lat' dir='ltr'><strong>Sed</strong></span> <span class='ocrx_word' id='word_1_273' title='bbox 1106 2050 1488 2119; x_wconf 85' lang='lat' dir='ltr'><strong>Bereugarinm</strong></span> <span class='ocrx_word' id='word_1_274' title='bbox 1511 2059 1558 2103; x_wconf 90' lang='lat' dir='ltr'><strong>et</strong></span> <span class='ocrx_word' id='word_1_275' title='bbox 1584 2047 1838 2102; x_wconf 82' lang='lat' dir='ltr'><strong>Adalber-</strong></span> 
     </span>
    </p>
   </div>
   <div class='ocr_carea' id='block_1_35' title="bbox 251 2142 1833 2216">
    <p class='ocr_par' dir='ltr' id='par_1_35' title="bbox 251 2142 1833 2216">
     <span class='ocr_line' id='line_1_35' title="bbox 251 2142 1833 2216; baseline -0.005 -16"><span class='ocrx_word' id='word_1_276' title='bbox 251 2161 365 2201; x_wconf 89' lang='lat' dir='ltr'><strong>tum</strong></span> <span class='ocrx_word' id='word_1_277' title='bbox 404 2145 578 2200; x_wconf 72' lang='lat' dir='ltr'><strong>Italia:</strong></span> <span class='ocrx_word' id='word_1_278' title='bbox 615 2161 771 2216; x_wconf 82' lang='lat' dir='ltr'><strong>reges</strong></span> <span class='ocrx_word' id='word_1_279' title='bbox 814 2146 1082 2200; x_wconf 79' lang='lat' dir='ltr'><strong>exstitisse</strong></span> <span class='ocrx_word' id='word_1_280' title='bbox 1129 2161 1302 2214; x_wconf 88' lang='lat' dir='ltr'><strong>usque</strong></span> <span class='ocrx_word' id='word_1_281' title='bbox 1351 2145 1416 2198; x_wconf 90' lang='lat' dir='ltr'><strong>ad</strong></span> <span class='ocrx_word' id='word_1_282' title='bbox 1463 2142 1833 2212; x_wconf 78' lang='lat' dir='ltr'><strong>Septembrem</strong></span> 
     </span>
    </p>
   </div>
   <div class='ocr_carea' id='block_1_36' title="bbox 245 2230 1838 2302">
    <p class='ocr_par' dir='ltr' id='par_1_36' title="bbox 245 2230 1838 2302">
     <span class='ocr_line' id='line_1_36' title="bbox 245 2230 1838 2302; baseline -0.003 -16"><span class='ocrx_word' id='word_1_283' title='bbox 245 2235 371 2288; x_wconf 88' lang='lat' dir='ltr'><strong>anui</strong></span> <span class='ocrx_word' id='word_1_284' title='bbox 402 2234 534 2297; x_wconf 80' lang='lat'><strong>95!,</strong></span> <span class='ocrx_word' id='word_1_285' title='bbox 565 2244 785 2287; x_wconf 88' lang='lat' dir='ltr'><strong>constat</strong></span> <span class='ocrx_word' id='word_1_286' title='bbox 813 2249 881 2287; x_wconf 76' lang='lat' dir='ltr'><strong>ex</strong></span> <span class='ocrx_word' id='word_1_287' title='bbox 908 2233 1116 2288; x_wconf 86' lang='lat' dir='ltr'><strong>duobus</strong></span> <span class='ocrx_word' id='word_1_288' title='bbox 1163 2233 1546 2302; x_wconf 89' lang='lat' dir='ltr'><strong>diplomatibus</strong></span> <span class='ocrx_word' id='word_1_289' title='bbox 1593 2249 1621 2282; x_wconf 92' lang='lat' dir='ltr'><strong>a</strong></span> <span class='ocrx_word' id='word_1_290' title='bbox 1658 2230 1838 2283; x_wconf 80' lang='lat' dir='ltr'><strong>Mura-</strong></span> 
     </span>
    </p>
   </div>
   <div class='ocr_carea' id='block_1_37' title="bbox 245 2318 1837 2394">
    <p class='ocr_par' dir='ltr' id='par_1_37' title="bbox 245 2318 1837 2394">
     <span class='ocr_line' id='line_1_37' title="bbox 245 2318 1837 2394; baseline -0.006 -17"><span class='ocrx_word' id='word_1_291' title='bbox 245 2324 386 2378; x_wconf 92' lang='lat' dir='ltr'><strong>torio</strong></span> <span class='ocrx_word' id='word_1_292' title='bbox 417 2323 665 2394; x_wconf 80' lang='lat' dir='ltr'><strong>allegatis</strong></span> <span class='ocrx_word' id='word_1_293' title='bbox 688 2321 904 2392; x_wconf 78' lang='lat' dir='ltr'><strong>(Annal.</strong></span> <span class='ocrx_word' id='word_1_294' title='bbox 934 2321 1090 2392; x_wconf 76' lang='lat' dir='ltr'><strong>Ital.,</strong></span> <span class='ocrx_word' id='word_1_295' title='bbox 1133 2338 1223 2375; x_wconf 89' lang='lat' dir='ltr'><strong>an.</strong></span> <span class='ocrx_word' id='word_1_296' title='bbox 1275 2321 1424 2390; x_wconf 78' lang='grc'><strong>951),</strong></span> <span class='ocrx_word' id='word_1_297' title='bbox 1457 2335 1683 2389; x_wconf 91' lang='lat' dir='ltr'><strong>quorum</strong></span> <span class='ocrx_word' id='word_1_298' title='bbox 1709 2318 1837 2370; x_wconf 85' lang='lat' dir='ltr'><strong>alle-</strong></span> 
     </span>
    </p>
   </div>
   <div class='ocr_carea' id='block_1_38' title="bbox 239 2410 1833 2483">
    <p class='ocr_par' dir='ltr' id='par_1_38' title="bbox 239 2410 1833 2483">
     <span class='ocr_line' id='line_1_38' title="bbox 239 2410 1833 2483; baseline -0.003 -16"><span class='ocrx_word' id='word_1_299' title='bbox 239 2429 362 2467; x_wconf 75' lang='lat' dir='ltr'><strong>rum</strong></span> <span class='ocrx_word' id='word_1_300' title='bbox 395 2413 575 2483; x_wconf 73' lang='lat' dir='ltr'><strong>Papia:</strong></span> <span class='ocrx_word' id='word_1_301' title='bbox 608 2413 792 2466; x_wconf 90' lang='lat' dir='ltr'><strong>datum</strong></span> <span class='ocrx_word' id='word_1_302' title='bbox 821 2412 920 2465; x_wconf 88' lang='lat' dir='ltr'><strong>fuit</strong></span> <span class='ocrx_word' id='word_1_303' title='bbox 948 2429 978 2465; x_wconf 62' lang='grc' dir='ltr'><strong>ς</strong></span> <span class='ocrx_word' id='word_1_304' title='bbox 1025 2411 1142 2466; x_wconf 82' lang='lat' dir='ltr'><strong>Kal.</strong></span> <span class='ocrx_word' id='word_1_305' title='bbox 1178 2410 1452 2476; x_wconf 89' lang='lat' dir='ltr'><strong>Octobris,</strong></span> <span class='ocrx_word' id='word_1_306' title='bbox 1499 2411 1726 2463; x_wconf 88' lang='lat' dir='ltr'><strong>alterum</strong></span> <span class='ocrx_word' id='word_1_307' title='bbox 1781 2410 1833 2464; x_wconf 91' lang='lat' dir='ltr'><strong>in</strong></span> 
     </span>
    </p>
   </div>
   <div class='ocr_carea' id='block_1_39' title="bbox 244 2502 1828 2575">
    <p class='ocr_par' dir='ltr' id='par_1_39' title="bbox 244 2502 1828 2575">
     <span class='ocr_line' id='line_1_39' title="bbox 244 2502 1828 2575; baseline -0.003 -17"><span class='ocrx_word' id='word_1_308' title='bbox 244 2505 397 2575; x_wconf 82' lang='lat' dir='ltr'><strong>plebe</strong></span> <span class='ocrx_word' id='word_1_309' title='bbox 421 2505 482 2558; x_wconf 92' lang='lat' dir='ltr'><strong>S.</strong></span> <span class='ocrx_word' id='word_1_310' title='bbox 515 2503 710 2558; x_wconf 78' lang='lat' dir='ltr'><strong>Marini</strong></span> <span class='ocrx_word' id='word_1_311' title='bbox 735 2520 785 2557; x_wconf 79' lang='lat' dir='ltr'><strong>vr</strong></span> <span class='ocrx_word' id='word_1_312' title='bbox 814 2503 910 2558; x_wconf 87' lang='lat' dir='ltr'><strong>Kal</strong></span> <span class='ocrx_word' id='word_1_313' title='bbox 947 2502 1187 2573; x_wconf 83' lang='lat' dir='ltr'><strong>ejusdem</strong></span> <span class='ocrx_word' id='word_1_314' title='bbox 1219 2503 1442 2558; x_wconf 85' lang='lat' dir='ltr'><strong>mensis.</strong></span> <span class='ocrx_word' id='word_1_315' title='bbox 1474 2503 1527 2556; x_wconf 91' lang='lat' dir='ltr'><strong>In</strong></span> <span class='ocrx_word' id='word_1_316' title='bbox 1553 2502 1709 2555; x_wconf 88' lang='lat' dir='ltr'><strong>unica</strong></span> <span class='ocrx_word' id='word_1_317' title='bbox 1740 2518 1828 2554; x_wconf 86' lang='lat' dir='ltr'><strong>au-</strong></span> 
     </span>
    </p>
   </div>
   <div class='ocr_carea' id='block_1_40' title="bbox 246 2592 1834 2664">
    <p class='ocr_par' dir='ltr' id='par_1_40' title="bbox 246 2592 1834 2664">
     <span class='ocr_line' id='line_1_40' title="bbox 246 2592 1834 2664; baseline -0.001 -16"><span class='ocrx_word' id='word_1_318' title='bbox 246 2607 354 2650; x_wconf 89' lang='lat' dir='ltr'><strong>tem</strong></span> <span class='ocrx_word' id='word_1_319' title='bbox 393 2597 610 2660; x_wconf 79' lang='lat' dir='ltr'><strong>charta,</strong></span> <span class='ocrx_word' id='word_1_320' title='bbox 643 2609 765 2664; x_wconf 73' lang='lat' dir='ltr'><strong>qua:</strong></span> <span class='ocrx_word' id='word_1_321' title='bbox 793 2610 996 2648; x_wconf 83' lang='lat' dir='ltr'><strong>annuat</strong></span> <span class='ocrx_word' id='word_1_322' title='bbox 1049 2595 1280 2664; x_wconf 90' lang='lat' dir='ltr'><strong>primum</strong></span> <span class='ocrx_word' id='word_1_323' title='bbox 1336 2594 1482 2664; x_wconf 83' lang='lat' dir='ltr'><strong>regni</strong></span> <span class='ocrx_word' id='word_1_324' title='bbox 1517 2592 1732 2648; x_wconf 90' lang='lat' dir='ltr'><strong>Ottonis</strong></span> <span class='ocrx_word' id='word_1_325' title='bbox 1783 2593 1834 2646; x_wconf 93' lang='lat' dir='ltr'><strong>in</strong></span> 
     </span>
    </p>
   </div>
   <div class='ocr_carea' id='block_1_41' title="bbox 247 2683 1836 2755">
    <p class='ocr_par' dir='ltr' id='par_1_41' title="bbox 247 2683 1836 2755">
     <span class='ocr_line' id='line_1_41' title="bbox 247 2683 1836 2755; baseline -0.001 -16"><span class='ocrx_word' id='word_1_326' title='bbox 247 2685 399 2740; x_wconf 91' lang='lat' dir='ltr'><strong>Italia</strong></span> <span class='ocrx_word' id='word_1_327' title='bbox 437 2685 680 2755; x_wconf 89' lang='lat' dir='ltr'><strong>quinque</strong></span> <span class='ocrx_word' id='word_1_328' title='bbox 707 2685 985 2741; x_wconf 89' lang='lat' dir='ltr'><strong>mensibus</strong></span> <span class='ocrx_word' id='word_1_329' title='bbox 1009 2685 1318 2746; x_wconf 88' lang='lat' dir='ltr'><strong>antevertit,</strong></span> <span class='ocrx_word' id='word_1_330' title='bbox 1351 2684 1476 2738; x_wconf 88' lang='lat' dir='ltr'><strong>dum</strong></span> <span class='ocrx_word' id='word_1_331' title='bbox 1504 2683 1624 2738; x_wconf 58' lang='lat' dir='ltr'><strong>alia:</strong></span> <span class='ocrx_word' id='word_1_332' title='bbox 1647 2700 1836 2738; x_wconf 84' lang='lat' dir='ltr'><strong>omnes</strong></span> 
     </span>
    </p>
   </div>
   <div class='ocr_carea' id='block_1_42' title="bbox 245 2775 1836 2848">
    <p class='ocr_par' dir='ltr' id='par_1_42' title="bbox 245 2775 1836 2848">
     <span class='ocr_line' id='line_1_42' title="bbox 245 2775 1836 2848; baseline -0.001 -18"><span class='ocrx_word' id='word_1_333' title='bbox 245 2777 451 2830; x_wconf 77' lang='lat' dir='ltr'><strong>charta:</strong></span> <span class='ocrx_word' id='word_1_334' title='bbox 481 2775 620 2829; x_wconf 91' lang='lat' dir='ltr'><strong>idem</strong></span> <span class='ocrx_word' id='word_1_335' title='bbox 649 2775 1073 2848; x_wconf 62' lang='lat' dir='ltr'><strong>Italiaeregnum</strong></span> <span class='ocrx_word' id='word_1_336' title='bbox 1107 2775 1435 2846; x_wconf 88' lang='lat' dir='ltr'><strong>Berengario</strong></span> <span class='ocrx_word' id='word_1_337' title='bbox 1461 2784 1513 2831; x_wconf 93' lang='lat' dir='ltr'><strong>et</strong></span> <span class='ocrx_word' id='word_1_338' title='bbox 1543 2775 1836 2830; x_wconf 87' lang='lat' dir='ltr'><strong>Adalberto</strong></span> 
     </span>
    </p>
   </div>
   <div class='ocr_carea' id='block_1_43' title="bbox 245 2867 1832 2938">
    <p class='ocr_par' dir='ltr' id='par_1_43' title="bbox 245 2867 1832 2938">
     <span class='ocr_line' id='line_1_43' title="bbox 245 2867 1832 2938; baseline 0.002 -21"><span class='ocrx_word' id='word_1_339' title='bbox 245 2868 526 2923; x_wconf 82' lang='lat' dir='ltr'><strong>vindicant</strong></span> <span class='ocrx_word' id='word_1_340' title='bbox 558 2867 624 2922; x_wconf 91' lang='lat' dir='ltr'><strong>ad</strong></span> <span class='ocrx_word' id='word_1_341' title='bbox 651 2867 1027 2938; x_wconf 83' lang='lat' dir='ltr'><strong>Septembrem</strong></span> <span class='ocrx_word' id='word_1_342' title='bbox 1060 2885 1263 2938; x_wconf 88' lang='lat' dir='ltr'><strong>usque;</strong></span> <span class='ocrx_word' id='word_1_343' title='bbox 1314 2869 1365 2922; x_wconf 91' lang='lat' dir='ltr'><strong>in</strong></span> <span class='ocrx_word' id='word_1_344' title='bbox 1419 2869 1541 2930; x_wconf 89' lang='lat' dir='ltr'><strong>hac,</strong></span> <span class='ocrx_word' id='word_1_345' title='bbox 1591 2869 1832 2938; x_wconf 89' lang='lat' dir='ltr'><strong>inquam,</strong></span> 
     </span>
    </p>
   </div>
   <div class='ocr_carea' id='block_1_44' title="bbox 244 2957 1836 3028">
    <p class='ocr_par' dir='ltr' id='par_1_44' title="bbox 244 2957 1836 3028">
     <span class='ocr_line' id='line_1_44' title="bbox 244 2957 1836 3028; baseline 0 -18"><span class='ocrx_word' id='word_1_346' title='bbox 244 2958 405 3011; x_wconf 85' lang='lat' dir='ltr'><strong>unica</strong></span> <span class='ocrx_word' id='word_1_347' title='bbox 440 2958 653 3022; x_wconf 89' lang='lat' dir='ltr'><strong>charta,</strong></span> <span class='ocrx_word' id='word_1_348' title='bbox 685 2973 804 3027; x_wconf 79' lang='lat' dir='ltr'><strong>qua:</strong></span> <span class='ocrx_word' id='word_1_349' title='bbox 843 2973 949 3012; x_wconf 93' lang='lat' dir='ltr'><strong>non</strong></span> <span class='ocrx_word' id='word_1_350' title='bbox 986 2974 1049 3011; x_wconf 83' lang='lat' dir='ltr'><strong>ex</strong></span> <span class='ocrx_word' id='word_1_351' title='bbox 1079 2957 1356 3028; x_wconf 81' lang='lat' dir='ltr'><strong>originali,</strong></span> <span class='ocrx_word' id='word_1_352' title='bbox 1389 2959 1481 3012; x_wconf 90' lang='lat' dir='ltr'><strong>sed</strong></span> <span class='ocrx_word' id='word_1_353' title='bbox 1522 2971 1584 3010; x_wconf 76' lang='lat' dir='ltr'><strong>ex</strong></span> <span class='ocrx_word' id='word_1_354' title='bbox 1613 2959 1836 3027; x_wconf 84' lang='lat' dir='ltr'><strong>antiquo</strong></span> 
     </span>
    </p>
   </div>
   <div class='ocr_carea' id='block_1_45' title="bbox 246 3053 1834 3124">
    <p class='ocr_par' dir='ltr' id='par_1_45' title="bbox 246 3053 1834 3124">
     <span class='ocr_line' id='line_1_45' title="bbox 246 3053 1834 3124; baseline -0.001 -17"><span class='ocrx_word' id='word_1_355' title='bbox 246 3053 560 3124; x_wconf 86' lang='lat' dir='ltr'><strong>apograplto</strong></span> <span class='ocrx_word' id='word_1_356' title='bbox 589 3063 803 3124; x_wconf 86' lang='lat' dir='ltr'><strong>sumpta</strong></span> <span class='ocrx_word' id='word_1_357' title='bbox 841 3063 946 3120; x_wconf 90' lang='lat' dir='ltr'><strong>est,</strong></span> <span class='ocrx_word' id='word_1_358' title='bbox 975 3070 1213 3109; x_wconf 89' lang='lat' dir='ltr'><strong>errorem</strong></span> <span class='ocrx_word' id='word_1_359' title='bbox 1256 3054 1536 3124; x_wconf 88' lang='lat' dir='ltr'><strong>irrepsisse</strong></span> <span class='ocrx_word' id='word_1_360' title='bbox 1569 3054 1620 3106; x_wconf 86' lang='lat' dir='ltr'><strong>ia</strong></span> <span class='ocrx_word' id='word_1_361' title='bbox 1654 3063 1834 3106; x_wconf 83' lang='lat' dir='ltr'><strong>notam</strong></span> 
     </span>
    </p>
   </div>
   <div class='ocr_carea' id='block_1_46' title="bbox 249 3119 1910 3217">
    <p class='ocr_par' dir='ltr' id='par_1_46' title="bbox 249 3119 1910 3217">
     <span class='ocr_line' id='line_1_46' title="bbox 249 3119 1910 3217; baseline -0.002 -17"><span class='ocrx_word' id='word_1_362' title='bbox 249 3146 557 3200; x_wconf 89' lang='lat' dir='ltr'><strong>indictionis</strong></span> <span class='ocrx_word' id='word_1_363' title='bbox 597 3145 928 3216; x_wconf 90' lang='lat' dir='ltr'><strong>probabilius</strong></span> <span class='ocrx_word' id='word_1_364' title='bbox 976 3148 1284 3211; x_wconf 82' lang='lat' dir='ltr'><strong>credimus,</strong></span> <span class='ocrx_word' id='word_1_365' title='bbox 1333 3148 1406 3201; x_wconf 91' lang='lat' dir='ltr'><strong>ita</strong></span> <span class='ocrx_word' id='word_1_366' title='bbox 1448 3156 1504 3201; x_wconf 91' lang='lat' dir='ltr'><strong>ut</strong></span> <span class='ocrx_word' id='word_1_367' title='bbox 1551 3163 1648 3217; x_wconf 87' lang='lat' dir='ltr'><strong>pro</strong></span> <span class='ocrx_word' id='word_1_368' title='bbox 1700 3119 1910 3199; x_wconf 77' lang='lat' dir='ltr'><strong>nonac</strong></span> 
     </span>
    </p>
   </div>
   <div class='ocr_carea' id='block_1_47' title="bbox 247 3236 1842 3309">
    <p class='ocr_par' dir='ltr' id='par_1_47' title="bbox 247 3236 1842 3309">
     <span class='ocr_line' id='line_1_47' title="bbox 247 3236 1842 3309; baseline 0 -21"><span class='ocrx_word' id='word_1_369' title='bbox 247 3237 542 3292; x_wconf 89' lang='lat' dir='ltr'><strong>indictione</strong></span> <span class='ocrx_word' id='word_1_370' title='bbox 568 3237 849 3307; x_wconf 87' lang='lat' dir='ltr'><strong>legendum</strong></span> <span class='ocrx_word' id='word_1_371' title='bbox 883 3238 952 3292; x_wconf 86' lang='lat' dir='ltr'><strong>sit</strong></span> <span class='ocrx_word' id='word_1_372' title='bbox 991 3238 1216 3303; x_wconf 80' lang='lat' dir='ltr'><strong>decima,</strong></span> <span class='ocrx_word' id='word_1_373' title='bbox 1247 3255 1366 3309; x_wconf 83' lang='lat' dir='ltr'><strong>quae</strong></span> <span class='ocrx_word' id='word_1_374' title='bbox 1405 3236 1656 3308; x_wconf 90' lang='lat' dir='ltr'><strong>congruit</strong></span> <span class='ocrx_word' id='word_1_375' title='bbox 1702 3251 1842 3289; x_wconf 88' lang='lat' dir='ltr'><strong>anno</strong></span> 
     </span>
    </p>
   </div>
   <div class='ocr_carea' id='block_1_48' title="bbox 245 3325 1840 3398">
    <p class='ocr_par' dir='ltr' id='par_1_48' title="bbox 245 3325 1840 3398">
     <span class='ocr_line' id='line_1_48' title="bbox 245 3325 1840 3398; baseline 0.001 -19"><span class='ocrx_word' id='word_1_376' title='bbox 245 3325 371 3380; x_wconf 74' lang='lat'><strong>952.</strong></span> <span class='ocrx_word' id='word_1_377' title='bbox 399 3325 458 3379; x_wconf 89' lang='lat' dir='ltr'><strong>Id</strong></span> <span class='ocrx_word' id='word_1_378' title='bbox 501 3334 680 3382; x_wconf 82' lang='lat' dir='ltr'><strong>autern</strong></span> <span class='ocrx_word' id='word_1_379' title='bbox 723 3343 788 3382; x_wconf 92' lang='lat' dir='ltr'><strong>eo</strong></span> <span class='ocrx_word' id='word_1_380' title='bbox 836 3327 1184 3383; x_wconf 83' lang='lat' dir='ltr'><strong>verisimilius</strong></span> <span class='ocrx_word' id='word_1_381' title='bbox 1227 3339 1470 3398; x_wconf 87' lang='lat' dir='ltr'><strong>apparet,</strong></span> <span class='ocrx_word' id='word_1_382' title='bbox 1521 3328 1647 3398; x_wconf 87' lang='lat' dir='ltr'><strong>quia</strong></span> <span class='ocrx_word' id='word_1_383' title='bbox 1698 3327 1840 3381; x_wconf 84' lang='lat' dir='ltr'><strong>aliud</strong></span> 
     </span>
    </p>
   </div>
   <div class='ocr_carea' id='block_1_49' title="bbox 249 3421 1843 3491">
    <p class='ocr_par' dir='ltr' id='par_1_49' title="bbox 249 3421 1843 3491">
     <span class='ocr_line' id='line_1_49' title="bbox 249 3421 1843 3491; baseline 0.001 -19"><span class='ocrx_word' id='word_1_384' title='bbox 249 3421 633 3474; x_wconf 89' lang='lat' dir='ltr'><strong>documentum</strong></span> <span class='ocrx_word' id='word_1_385' title='bbox 666 3422 928 3491; x_wconf 88' lang='lat' dir='ltr'><strong>scriptum</strong></span> <span class='ocrx_word' id='word_1_386' title='bbox 954 3421 1198 3486; x_wconf 72' lang='lat' dir='ltr'><strong>Veronm,</strong></span> <span class='ocrx_word' id='word_1_387' title='bbox 1219 3430 1274 3474; x_wconf 92' lang='lat' dir='ltr'><strong>et</strong></span> <span class='ocrx_word' id='word_1_388' title='bbox 1301 3437 1330 3474; x_wconf 90' lang='lat' dir='ltr'><strong>a</strong></span> <span class='ocrx_word' id='word_1_389' title='bbox 1358 3434 1660 3476; x_wconf 87' lang='lat' dir='ltr'><strong>memorato</strong></span> <span class='ocrx_word' id='word_1_390' title='bbox 1685 3437 1843 3474; x_wconf 85' lang='lat' dir='ltr'><strong>cano-</strong></span> 
     </span>
    </p>
   </div>
   <div class='ocr_carea' id='block_1_50' title="bbox 249 3510 1842 3582">
    <p class='ocr_par' dir='ltr' id='par_1_50' title="bbox 249 3510 1842 3582">
     <span class='ocr_line' id='line_1_50' title="bbox 249 3510 1842 3582; baseline 0.001 -18"><span class='ocrx_word' id='word_1_391' title='bbox 249 3510 374 3565; x_wconf 91' lang='lat' dir='ltr'><strong>nico</strong></span> <span class='ocrx_word' id='word_1_392' title='bbox 421 3511 698 3581; x_wconf 81' lang='lat' dir='ltr'><strong>vulgatum</strong></span> <span class='ocrx_word' id='word_1_393' title='bbox 745 3512 993 3582; x_wconf 88' lang='lat' dir='ltr'><strong>signatur</strong></span> <span class='ocrx_word' id='word_1_394' title='bbox 1054 3531 1072 3562; x_wconf 76' lang='grc' dir='ltr'><strong>ι</strong></span> <span class='ocrx_word' id='word_1_395' title='bbox 1127 3522 1385 3582; x_wconf 85' lang='lat' dir='ltr'><strong>regnante</strong></span> <span class='ocrx_word' id='word_1_396' title='bbox 1421 3514 1614 3568; x_wconf 91' lang='lat' dir='ltr'><strong>domno</strong></span> <span class='ocrx_word' id='word_1_397' title='bbox 1656 3522 1842 3566; x_wconf 85' lang='lat' dir='ltr'><strong>nostro</strong></span> 
     </span>
    </p>
   </div>
   <div class='ocr_carea' id='block_1_51' title="bbox 247 3595 1841 3672">
    <p class='ocr_par' dir='ltr' id='par_1_51' title="bbox 247 3595 1841 3672">
     <span class='ocr_line' id='line_1_51' title="bbox 247 3595 1841 3672; baseline -0.001 -15"><span class='ocrx_word' id='word_1_398' title='bbox 247 3595 376 3657; x_wconf 87' lang='lat' dir='ltr'><strong>Otto</strong></span> <span class='ocrx_word' id='word_1_399' title='bbox 403 3615 529 3670; x_wconf 82' lang='lat' dir='ltr'><strong>rege</strong></span> <span class='ocrx_word' id='word_1_400' title='bbox 560 3603 648 3656; x_wconf 89' lang='lat' dir='ltr'><strong>hic</strong></span> <span class='ocrx_word' id='word_1_401' title='bbox 676 3602 730 3655; x_wconf 91' lang='lat' dir='ltr'><strong>in</strong></span> <span class='ocrx_word' id='word_1_402' title='bbox 756 3600 907 3655; x_wconf 84' lang='lat' dir='ltr'><strong>Italia</strong></span> <span class='ocrx_word' id='word_1_403' title='bbox 937 3617 1078 3656; x_wconf 92' lang='lat' dir='ltr'><strong>anno</strong></span> <span class='ocrx_word' id='word_1_404' title='bbox 1118 3603 1291 3672; x_wconf 67' lang='lat' dir='ltr'><strong>[rimo</strong></span> <span class='ocrx_word' id='word_1_405' title='bbox 1319 3603 1417 3657; x_wconf 93' lang='lat' dir='ltr'><strong>sub</strong></span> <span class='ocrx_word' id='word_1_406' title='bbox 1447 3603 1532 3657; x_wconf 90' lang='lat' dir='ltr'><strong>die</strong></span> <span class='ocrx_word' id='word_1_407' title='bbox 1562 3603 1627 3657; x_wconf 89' lang='lat' dir='ltr'><strong>de</strong></span> <span class='ocrx_word' id='word_1_408' title='bbox 1658 3619 1841 3656; x_wconf 74' lang='lat' dir='ltr'><strong>mense</strong></span> 
     </span>
    </p>
   </div>
   <div class='ocr_carea' id='block_1_52' title="bbox 247 3691 1833 3765">
    <p class='ocr_par' dir='ltr' id='par_1_52' title="bbox 247 3691 1833 3765">
     <span class='ocr_line' id='line_1_52' title="bbox 247 3691 1833 3765; baseline -0.002 -18"><span class='ocrx_word' id='word_1_409' title='bbox 247 3691 395 3747; x_wconf 73' lang='lat' dir='ltr'><strong>Junii</strong></span> <span class='ocrx_word' id='word_1_410' title='bbox 426 3692 719 3746; x_wconf 90' lang='lat' dir='ltr'><strong>indictione</strong></span> <span class='ocrx_word' id='word_1_411' title='bbox 739 3693 950 3747; x_wconf 89' lang='lat' dir='ltr'><strong>decima</strong></span> <span class='ocrx_word' id='word_1_412' title='bbox 975 3692 1073 3762; x_wconf 88' lang='lat' dir='ltr'><strong>(De</strong></span> <span class='ocrx_word' id='word_1_413' title='bbox 1095 3693 1299 3746; x_wconf 64' lang='lat' dir='ltr'><strong>dacbus</strong></span> <span class='ocrx_word' id='word_1_414' title='bbox 1325 3694 1481 3759; x_wconf 77' lang='lat' dir='ltr'><strong>episc.</strong></span> <span class='ocrx_word' id='word_1_415' title='bbox 1509 3710 1630 3765; x_wconf 83' lang='lat' dir='ltr'><strong>pag.</strong></span> <span class='ocrx_word' id='word_1_416' title='bbox 1658 3694 1798 3762; x_wconf 78' lang='lat' dir='ltr'><strong>IIS):</strong></span> <span class='ocrx_word' id='word_1_417' title='bbox 1816 3712 1833 3744; x_wconf 71' lang='grc' dir='ltr'><strong>ι</strong></span> 
     </span>
    </p>
   </div>
   <div class='ocr_carea' id='block_1_53' title="bbox 253 3781 1838 3854">
    <p class='ocr_par' dir='ltr' id='par_1_53' title="bbox 253 3781 1838 3854">
     <span class='ocr_line' id='line_1_53' title="bbox 253 3781 1838 3854; baseline -0.003 -16"><span class='ocrx_word' id='word_1_418' title='bbox 253 3781 358 3838; x_wconf 76' lang='lat' dir='ltr'><strong>Ubi</strong></span> <span class='ocrx_word' id='word_1_419' title='bbox 385 3783 431 3837; x_wconf 89' lang='lat' dir='ltr'><strong>si</strong></span> <span class='ocrx_word' id='word_1_420' title='bbox 463 3783 800 3838; x_wconf 77' lang='lat' dir='ltr'><strong>Veronenses</strong></span> <span class='ocrx_word' id='word_1_421' title='bbox 833 3799 1035 3838; x_wconf 87' lang='lat' dir='ltr'><strong>annum</strong></span> <span class='ocrx_word' id='word_1_422' title='bbox 1067 3785 1299 3854; x_wconf 88' lang='lat' dir='ltr'><strong>primum</strong></span> <span class='ocrx_word' id='word_1_423' title='bbox 1329 3782 1546 3838; x_wconf 90' lang='lat' dir='ltr'><strong>Ottonis</strong></span> <span class='ocrx_word' id='word_1_424' title='bbox 1589 3799 1710 3837; x_wconf 91' lang='lat' dir='ltr'><strong>cum</strong></span> <span class='ocrx_word' id='word_1_425' title='bbox 1752 3784 1838 3836; x_wconf 65' lang='lat' dir='ltr'><strong>in~</strong></span> 
     </span>
    </p>
   </div>
   <div class='ocr_carea' id='block_1_54' title="bbox 252 3871 1840 3942">
    <p class='ocr_par' dir='ltr' id='par_1_54' title="bbox 252 3871 1840 3942">
     <span class='ocr_line' id='line_1_54' title="bbox 252 3871 1840 3942; baseline 0.002 -18"><span class='ocrx_word' id='word_1_426' title='bbox 252 3873 486 3926; x_wconf 66' lang='lat' dir='ltr'><strong>dictione</strong></span> <span class='ocrx_word' id='word_1_427' title='bbox 501 3886 636 3926; x_wconf 89' lang='lat' dir='ltr'><strong>nona</strong></span> <span class='ocrx_word' id='word_1_428' title='bbox 651 3872 960 3941; x_wconf 86' lang='lat' dir='ltr'><strong>signassent</strong></span> <span class='ocrx_word' id='word_1_429' title='bbox 978 3887 1160 3926; x_wconf 91' lang='lat' dir='ltr'><strong>mense</strong></span> <span class='ocrx_word' id='word_1_430' title='bbox 1175 3871 1315 3926; x_wconf 85' lang='lat' dir='ltr'><strong>Maio</strong></span> <span class='ocrx_word' id='word_1_431' title='bbox 1347 3875 1470 3926; x_wconf 88' lang='lat' dir='ltr'><strong>anni</strong></span> <span class='ocrx_word' id='word_1_432' title='bbox 1487 3873 1840 3942; x_wconf 68' lang='lat' dir='ltr'><strong>praecedentis</strong></span> 
     </span>
    </p>
   </div>
   <div class='ocr_carea' id='block_1_55' title="bbox 251 3963 1840 4036">
    <p class='ocr_par' dir='ltr' id='par_1_55' title="bbox 251 3963 1840 4036">
     <span class='ocr_line' id='line_1_55' title="bbox 251 3963 1840 4036; baseline 0.001 -18"><span class='ocrx_word' id='word_1_433' title='bbox 251 3963 382 4027; x_wconf 69' lang='lat' dir='ltr'><strong>93I;</strong></span> <span class='ocrx_word' id='word_1_434' title='bbox 421 3978 604 4019; x_wconf 86' lang='lat' dir='ltr'><strong>mense</strong></span> <span class='ocrx_word' id='word_1_435' title='bbox 631 3963 809 4036; x_wconf 66' lang='lat' dir='ltr'><strong>{cui}</strong></span> <span class='ocrx_word' id='word_1_436' title='bbox 842 3964 998 4018; x_wconf 82' lang='lat' dir='ltr'><strong>Iunio</strong></span> <span class='ocrx_word' id='word_1_437' title='bbox 1026 3965 1151 4018; x_wconf 90' lang='lat' dir='ltr'><strong>anni</strong></span> <span class='ocrx_word' id='word_1_438' title='bbox 1186 3965 1291 4020; x_wconf 72' lang='lat'><strong>952</strong></span> <span class='ocrx_word' id='word_1_439' title='bbox 1333 3983 1438 4021; x_wconf 77' lang='lat' dir='ltr'><strong>non</strong></span> <span class='ocrx_word' id='word_1_440' title='bbox 1479 3981 1680 4020; x_wconf 88' lang='lat' dir='ltr'><strong>annum</strong></span> <span class='ocrx_word' id='word_1_441' title='bbox 1733 3966 1840 4036; x_wconf 85' lang='lat' dir='ltr'><strong>pri-</strong></span> 
     </span>
    </p>
   </div>
   <div class='ocr_carea' id='block_1_56' title="bbox 253 4055 1836 4128">
    <p class='ocr_par' dir='ltr' id='par_1_56' title="bbox 253 4055 1836 4128">
     <span class='ocr_line' id='line_1_56' title="bbox 253 4055 1836 4128; baseline 0.003 -21"><span class='ocrx_word' id='word_1_442' title='bbox 253 4069 422 4118; x_wconf 86' lang='lat' dir='ltr'><strong>mum,</strong></span> <span class='ocrx_word' id='word_1_443' title='bbox 452 4055 542 4108; x_wconf 85' lang='lat' dir='ltr'><strong>sed</strong></span> <span class='ocrx_word' id='word_1_444' title='bbox 569 4056 870 4110; x_wconf 83' lang='lat' dir='ltr'><strong>secundum</strong></span> <span class='ocrx_word' id='word_1_445' title='bbox 897 4064 1086 4111; x_wconf 88' lang='lat' dir='ltr'><strong>notare</strong></span> <span class='ocrx_word' id='word_1_446' title='bbox 1107 4057 1449 4122; x_wconf 89' lang='lat' dir='ltr'><strong>debuissent;</strong></span> <span class='ocrx_word' id='word_1_447' title='bbox 1491 4073 1664 4128; x_wconf 87' lang='lat' dir='ltr'><strong>neque</strong></span> <span class='ocrx_word' id='word_1_448' title='bbox 1695 4058 1836 4112; x_wconf 88' lang='lat' dir='ltr'><strong>enim</strong></span> 
     </span>
    </p>
   </div>
   <div class='ocr_carea' id='block_1_57' title="bbox 250 4145 1839 4220">
    <p class='ocr_par' dir='ltr' id='par_1_57' title="bbox 250 4145 1839 4220">
     <span class='ocr_line' id='line_1_57' title="bbox 250 4145 1839 4220; baseline 0.004 -23"><span class='ocrx_word' id='word_1_449' title='bbox 250 4145 508 4200; x_wconf 87' lang='lat' dir='ltr'><strong>credibile</strong></span> <span class='ocrx_word' id='word_1_450' title='bbox 530 4157 610 4200; x_wconf 70' lang='lat' dir='ltr'><strong>est</strong></span> <span class='ocrx_word' id='word_1_451' title='bbox 647 4163 743 4201; x_wconf 86' lang='lat' dir='ltr'><strong>eos</strong></span> <span class='ocrx_word' id='word_1_452' title='bbox 771 4163 934 4200; x_wconf 91' lang='lat' dir='ltr'><strong>unam</strong></span> <span class='ocrx_word' id='word_1_453' title='bbox 974 4147 1110 4202; x_wconf 91' lang='lat' dir='ltr'><strong>initii</strong></span> <span class='ocrx_word' id='word_1_454' title='bbox 1143 4151 1289 4220; x_wconf 85' lang='lat' dir='ltr'><strong>regni</strong></span> <span class='ocrx_word' id='word_1_455' title='bbox 1322 4149 1536 4204; x_wconf 82' lang='lat' dir='ltr'><strong>Ottonis</strong></span> <span class='ocrx_word' id='word_1_456' title='bbox 1563 4159 1839 4218; x_wconf 86' lang='lat' dir='ltr'><strong>computa-</strong></span> 
     </span>
    </p>
   </div>
   <div class='ocr_carea' id='block_1_58' title="bbox 252 4234 1838 4306">
    <p class='ocr_par' dir='ltr' id='par_1_58' title="bbox 252 4234 1838 4306">
     <span class='ocr_line' id='line_1_58' title="bbox 252 4234 1838 4306; baseline 0.003 -17"><span class='ocrx_word' id='word_1_457' title='bbox 252 4234 453 4289; x_wconf 85' lang='lat' dir='ltr'><strong>tionem</strong></span> <span class='ocrx_word' id='word_1_458' title='bbox 503 4237 776 4291; x_wconf 84' lang='lat' dir='ltr'><strong>invenisse</strong></span> <span class='ocrx_word' id='word_1_459' title='bbox 817 4254 959 4291; x_wconf 90' lang='lat' dir='ltr'><strong>anno</strong></span> <span class='ocrx_word' id='word_1_460' title='bbox 1002 4238 1095 4293; x_wconf 79' lang='grc'><strong>951</strong></span> <span class='ocrx_word' id='word_1_461' title='bbox 1149 4249 1274 4294; x_wconf 90' lang='lat' dir='ltr'><strong>ante</strong></span> <span class='ocrx_word' id='word_1_462' title='bbox 1317 4238 1624 4306; x_wconf 75' lang='lat' dir='ltr'><strong>Oc’obrem,</strong></span> <span class='ocrx_word' id='word_1_463' title='bbox 1680 4240 1838 4294; x_wconf 89' lang='lat' dir='ltr'><strong>aliam</strong></span> 
     </span>
    </p>
   </div>
   <div class='ocr_carea' id='block_1_59' title="bbox 253 4326 1836 4396">
    <p class='ocr_par' dir='ltr' id='par_1_59' title="bbox 253 4326 1836 4396">
     <span class='ocr_line' id='line_1_59' title="bbox 253 4326 1836 4396; baseline 0.007 -20"><span class='ocrx_word' id='word_1_464' title='bbox 253 4336 373 4396; x_wconf 88' lang='lat' dir='ltr'><strong>post</strong></span> <span class='ocrx_word' id='word_1_465' title='bbox 399 4326 688 4384; x_wconf 87' lang='lat' dir='ltr'><strong>Octobrem</strong></span> <span class='ocrx_word' id='word_1_466' title='bbox 722 4344 849 4383; x_wconf 89' lang='lat' dir='ltr'><strong>cum</strong></span> <span class='ocrx_word' id='word_1_467' title='bbox 877 4331 1084 4386; x_wconf 77' lang='lat' dir='ltr'><strong>etnteris</strong></span> <span class='ocrx_word' id='word_1_468' title='bbox 1112 4330 1276 4384; x_wconf 83' lang='lat' dir='ltr'><strong>Italiae</strong></span> <span class='ocrx_word' id='word_1_469' title='bbox 1303 4331 1616 4388; x_wconf 82' lang='lat' dir='ltr'><strong>civitatibus</strong></span> <span class='ocrx_word' id='word_1_470' title='bbox 1651 4347 1836 4388; x_wconf 89' lang='lat' dir='ltr'><strong>susce-</strong></span> 
     </span>
    </p>
   </div>
   <div class='ocr_carea' id='block_1_60' title="bbox 251 4423 414 4489">
    <p class='ocr_par' dir='ltr' id='par_1_60' title="bbox 251 4423 414 4489">
     <span class='ocr_line' id='line_1_60' title="bbox 251 4423 414 4489; baseline 0 -15"><span class='ocrx_word' id='word_1_471' title='bbox 251 4423 414 4489; x_wconf 88' lang='lat' dir='ltr'><strong>pisse.</strong></span> 
     </span>
    </p>
   </div>
   <div class='ocr_carea' id='block_1_61' title="bbox 320 4509 1839 4586">
    <p class='ocr_par' dir='ltr' id='par_1_61' title="bbox 320 4509 1839 4586">
     <span class='ocr_line' id='line_1_61' title="bbox 320 4509 1839 4586; baseline 0.003 -21"><span class='ocrx_word' id='word_1_472' title='bbox 320 4510 412 4566; x_wconf 72' lang='grc'><strong>45.</strong></span> <span class='ocrx_word' id='word_1_473' title='bbox 442 4509 500 4566; x_wconf 89' lang='lat' dir='ltr'><strong>In</strong></span> <span class='ocrx_word' id='word_1_474' title='bbox 527 4511 612 4567; x_wconf 87' lang='lat' dir='ltr'><strong>bis</strong></span> <span class='ocrx_word' id='word_1_475' title='bbox 641 4511 816 4568; x_wconf 90' lang='lat' dir='ltr'><strong>Italici</strong></span> <span class='ocrx_word' id='word_1_476' title='bbox 849 4514 995 4585; x_wconf 89' lang='lat' dir='ltr'><strong>regni</strong></span> <span class='ocrx_word' id='word_1_477' title='bbox 1048 4514 1509 4571; x_wconf 86' lang='lat' dir='ltr'><strong>vicissitudinibus</strong></span> <span class='ocrx_word' id='word_1_478' title='bbox 1555 4516 1682 4586; x_wconf 91' lang='lat' dir='ltr'><strong>quid</strong></span> <span class='ocrx_word' id='word_1_479' title='bbox 1731 4516 1839 4569; x_wconf 82' lang='lat' dir='ltr'><strong>Ra-</strong></span> 
     </span>
    </p>
   </div>
   <div class='ocr_carea' id='block_1_62' title="bbox 254 4605 1834 4679">
    <p class='ocr_par' dir='ltr' id='par_1_62' title="bbox 254 4605 1834 4679">
     <span class='ocr_line' id='line_1_62' title="bbox 254 4605 1834 4679; baseline 0.004 -22"><span class='ocrx_word' id='word_1_480' title='bbox 254 4605 463 4658; x_wconf 86' lang='lat' dir='ltr'><strong>therius</strong></span> <span class='ocrx_word' id='word_1_481' title='bbox 490 4606 662 4676; x_wconf 84' lang='lat' dir='ltr'><strong>egerit</strong></span> <span class='ocrx_word' id='word_1_482' title='bbox 690 4621 760 4660; x_wconf 80' lang='lat' dir='ltr'><strong>ex</strong></span> <span class='ocrx_word' id='word_1_483' title='bbox 803 4607 919 4677; x_wconf 88' lang='lat' dir='ltr'><strong>ipso</strong></span> <span class='ocrx_word' id='word_1_484' title='bbox 949 4608 1250 4662; x_wconf 88' lang='lat' dir='ltr'><strong>audiamus.</strong></span> <span class='ocrx_word' id='word_1_485' title='bbox 1294 4627 1311 4660; x_wconf 74' lang='grc' dir='ltr'><strong>ι</strong></span> <span class='ocrx_word' id='word_1_486' title='bbox 1346 4609 1479 4663; x_wconf 87' lang='lat' dir='ltr'><strong>Cum</strong></span> <span class='ocrx_word' id='word_1_487' title='bbox 1510 4609 1834 4679; x_wconf 86' lang='lat' dir='ltr'><strong>gloriosissi-</strong></span> 
     </span>
    </p>
   </div>
   <div class='ocr_carea' id='block_1_63' title="bbox 255 4697 1837 4768">
    <p class='ocr_par' dir='ltr' id='par_1_63' title="bbox 255 4697 1837 4768">
     <span class='ocr_line' id='line_1_63' title="bbox 255 4697 1837 4768; baseline 0.003 -21"><span class='ocrx_word' id='word_1_488' title='bbox 255 4710 372 4748; x_wconf 90' lang='lat' dir='ltr'><strong>mus</strong></span> <span class='ocrx_word' id='word_1_489' title='bbox 397 4704 558 4765; x_wconf 86' lang='lat' dir='ltr'><strong>atque</strong></span> <span class='ocrx_word' id='word_1_490' title='bbox 585 4697 864 4765; x_wconf 89' lang='lat' dir='ltr'><strong>piissimus</strong></span> <span class='ocrx_word' id='word_1_491' title='bbox 893 4708 1192 4768; x_wconf 88' lang='lat' dir='ltr'><strong>cuuctoque</strong></span> <span class='ocrx_word' id='word_1_492' title='bbox 1218 4699 1677 4754; x_wconf 88' lang='lat' dir='ltr'><strong>eelebratissimus</strong></span> <span class='ocrx_word' id='word_1_493' title='bbox 1705 4699 1837 4755; x_wconf 87' lang='lat' dir='ltr'><strong>orbe</strong></span> 
     </span>
    </p>
   </div>
   <div class='ocr_carea' id='block_1_64' title="bbox 258 4788 1836 4862">
    <p class='ocr_par' dir='ltr' id='par_1_64' title="bbox 258 4788 1836 4862">
     <span class='ocr_line' id='line_1_64' title="bbox 258 4788 1836 4862; baseline 0.004 -22"><span class='ocrx_word' id='word_1_494' title='bbox 258 4802 345 4840; x_wconf 72' lang='lat' dir='ltr'><strong>rex</strong></span> <span class='ocrx_word' id='word_1_495' title='bbox 380 4797 562 4844; x_wconf 85' lang='lat' dir='ltr'><strong>noster</strong></span> <span class='ocrx_word' id='word_1_496' title='bbox 590 4788 761 4860; x_wconf 90' lang='lat' dir='ltr'><strong>(Otto)</strong></span> <span class='ocrx_word' id='word_1_497' title='bbox 789 4789 996 4844; x_wconf 89' lang='lat' dir='ltr'><strong>Italiam</strong></span> <span class='ocrx_word' id='word_1_498' title='bbox 1045 4791 1339 4856; x_wconf 89' lang='lat' dir='ltr'><strong>introisset,</strong></span> <span class='ocrx_word' id='word_1_499' title='bbox 1389 4792 1532 4846; x_wconf 84' lang='lat' dir='ltr'><strong>adfui</strong></span> <span class='ocrx_word' id='word_1_500' title='bbox 1572 4808 1693 4847; x_wconf 92' lang='lat' dir='ltr'><strong>eum</strong></span> <span class='ocrx_word' id='word_1_501' title='bbox 1723 4793 1836 4862; x_wconf 88' lang='lat' dir='ltr'><strong>ipso</strong></span> 
     </span>
    </p>
   </div>
   <div class='ocr_carea' id='block_1_65' title="bbox 257 4875 1836 4948">
    <p class='ocr_par' dir='ltr' id='par_1_65' title="bbox 257 4875 1836 4948">
     <span class='ocr_line' id='line_1_65' title="bbox 257 4875 1836 4948; baseline 0.006 -20"><span class='ocrx_word' id='word_1_502' title='bbox 257 4875 551 4932; x_wconf 80' lang='lat' dir='ltr'><strong>clarissimo</strong></span> <span class='ocrx_word' id='word_1_503' title='bbox 578 4878 713 4943; x_wconf 84' lang='lat' dir='ltr'><strong>filio,</strong></span> <span class='ocrx_word' id='word_1_504' title='bbox 743 4885 984 4943; x_wconf 88' lang='lat' dir='ltr'><strong>tentans,</strong></span> <span class='ocrx_word' id='word_1_505' title='bbox 1034 4880 1077 4933; x_wconf 89' lang='lat' dir='ltr'><strong>si</strong></span> <span class='ocrx_word' id='word_1_506' title='bbox 1126 4882 1349 4934; x_wconf 90' lang='lat' dir='ltr'><strong>daretur</strong></span> <span class='ocrx_word' id='word_1_507' title='bbox 1394 4883 1558 4948; x_wconf 83' lang='lat' dir='ltr'><strong>optio,</strong></span> <span class='ocrx_word' id='word_1_508' title='bbox 1609 4891 1667 4936; x_wconf 89' lang='lat' dir='ltr'><strong>ut</strong></span> <span class='ocrx_word' id='word_1_509' title='bbox 1717 4898 1836 4937; x_wconf 89' lang='lat' dir='ltr'><strong>meo</strong></span> 
     </span>
    </p>
   </div>
   <div class='ocr_carea' id='block_1_66' title="bbox 260 4968 1835 5041">
    <p class='ocr_par' dir='ltr' id='par_1_66' title="bbox 260 4968 1835 5041">
     <span class='ocr_line' id='line_1_66' title="bbox 260 4968 1835 5041; baseline 0.007 -23"><span class='ocrx_word' id='word_1_510' title='bbox 260 4968 568 5024; x_wconf 83' lang='lat' dir='ltr'><strong>rcstitucrcr</strong></span> <span class='ocrx_word' id='word_1_511' title='bbox 614 4969 737 5023; x_wconf 90' lang='lat' dir='ltr'><strong>Ioco</strong></span> <span class='ocrx_word' id='word_1_512' title='bbox 768 4971 941 5039; x_wconf 78' lang='lat' dir='ltr'><strong>(epist.</strong></span> <span class='ocrx_word' id='word_1_513' title='bbox 983 4970 1038 5034; x_wconf 81' lang='grc'><strong>5,</strong></span> <span class='ocrx_word' id='word_1_514' title='bbox 1063 4988 1116 5024; x_wconf 95' lang='grc' dir='ltr'><strong>ιι.</strong></span> <span class='ocrx_word' id='word_1_515' title='bbox 1140 4972 1216 5041; x_wconf 85' lang='grc'><strong>8),</strong></span> <span class='ocrx_word' id='word_1_516' title='bbox 1246 4993 1264 5022; x_wconf 74' lang='grc' dir='ltr'><strong>ι</strong></span> <span class='ocrx_word' id='word_1_517' title='bbox 1312 4973 1360 5025; x_wconf 91' lang='lat' dir='ltr'><strong>id</strong></span> <span class='ocrx_word' id='word_1_518' title='bbox 1406 4982 1488 5026; x_wconf 91' lang='lat' dir='ltr'><strong>est</strong></span> <span class='ocrx_word' id='word_1_519' title='bbox 1518 4975 1630 5028; x_wconf 89' lang='lat' dir='ltr'><strong>sedi</strong></span> <span class='ocrx_word' id='word_1_520' title='bbox 1667 4975 1835 5029; x_wconf 77' lang='lat' dir='ltr'><strong>Vero-</strong></span> 
     </span>
    </p>
   </div>
   <div class='ocr_carea' id='block_1_67' title="bbox 263 5061 1836 5121">
    <p class='ocr_par' dir='ltr' id='par_1_67' title="bbox 263 5061 1836 5121">
     <span class='ocr_line' id='line_1_67' title="bbox 263 5061 1836 5121; baseline 0.006 -10"><span class='ocrx_word' id='word_1_521' title='bbox 263 5062 431 5116; x_wconf 90' lang='lat' dir='ltr'><strong>nensis</strong></span> <span class='ocrx_word' id='word_1_522' title='bbox 459 5061 738 5117; x_wconf 67' lang='lat' dir='ltr'><strong>Ecclesiae.</strong></span> <span class='ocrx_word' id='word_1_523' title='bbox 761 5061 975 5116; x_wconf 87' lang='lat' dir='ltr'><strong>Ottonis</strong></span> <span class='ocrx_word' id='word_1_524' title='bbox 1004 5063 1324 5118; x_wconf 89' lang='lat' dir='ltr'><strong>introitusin</strong></span> <span class='ocrx_word' id='word_1_525' title='bbox 1353 5064 1555 5120; x_wconf 88' lang='lat' dir='ltr'><strong>Italiam</strong></span> <span class='ocrx_word' id='word_1_526' title='bbox 1579 5080 1702 5121; x_wconf 88' lang='lat' dir='ltr'><strong>cum</strong></span> <span class='ocrx_word' id='word_1_527' title='bbox 1727 5067 1836 5121; x_wconf 85' lang='lat' dir='ltr'><strong>filio</strong></span> 
     </span>
    </p>
   </div>
   <div class='ocr_carea' id='block_1_68' title="bbox 527 5152 1832 5182">
    <p class='ocr_par' dir='ltr' id='par_1_68' title="bbox 527 5152 1832 5182">
     <span class='ocr_line' id='line_1_68' title="bbox 527 5152 1832 5182; baseline 0 0"><span class='ocrx_word' id='word_1_528' title='bbox 527 5169 672 5182; x_wconf 58' lang='lat' dir='ltr'><strong>Ars-‘4‘</strong></span> <span class='ocrx_word' id='word_1_529' title='bbox 873 5168 975 5182; x_wconf 70' lang='lat' dir='ltr'><strong>noon</strong></span> <span class='ocrx_word' id='word_1_530' title='bbox 1021 5168 1136 5182; x_wconf 70' lang='lat' dir='ltr'><strong>AOIII\</strong></span> <span class='ocrx_word' id='word_1_531' title='bbox 1345 5153 1363 5182; x_wconf 70' lang='grc' dir='ltr'><strong>Ι</strong></span> <span class='ocrx_word' id='word_1_532' title='bbox 1390 5155 1574 5182; x_wconf 58' lang='grc' dir='ltr'><strong>ζιιΙιιΙΓΛ</strong></span> <span class='ocrx_word' id='word_1_533' title='bbox 1627 5155 1832 5182; x_wconf 59' lang='grc' dir='ltr'><strong>ἸηΙίλωιι</strong></span> 
     </span>
    </p>
   </div>
   <div class='ocr_carea' id='block_1_69' title="bbox 263 5153 1136 5182">
    <p class='ocr_par' dir='ltr' id='par_1_69' title="bbox 263 5153 1136 5182">
     <span class='ocr_line' id='line_1_69' title="bbox 263 5153 1136 5182; baseline 0 0"><span class='ocrx_word' id='word_1_534' title='bbox 263 5165 288 5182; x_wconf 65' lang='lat' dir='ltr'><strong>ﬂ</strong></span> <span class='ocrx_word' id='word_1_535' title='bbox 306 5153 493 5182; x_wconf 64' lang='grc' dir='ltr'><strong>ιηιληιῖι</strong></span> <span class='ocrx_word' id='word_1_536' title='bbox 527 5169 672 5182; x_wconf 58' lang='lat' dir='ltr'><strong>Ars-‘4‘</strong></span> <span class='ocrx_word' id='word_1_537' title='bbox 873 5168 975 5182; x_wconf 70' lang='lat' dir='ltr'><strong>noon</strong></span> <span class='ocrx_word' id='word_1_538' title='bbox 1021 5168 1136 5182; x_wconf 70' lang='lat' dir='ltr'><strong>AOIII\</strong></span> 
     </span>
    </p>
   </div>
   <div class='ocr_carea' id='block_1_70' title="bbox 1867 4464 1916 4522">
    <p class='ocr_par' dir='ltr' id='par_1_70' title="bbox 1867 4464 1916 4522">
     <span class='ocr_line' id='line_1_70' title="bbox 1867 4464 1916 4522; baseline 0 0"><span class='ocrx_word' id='word_1_539' title='bbox 1867 4464 1916 4522; x_wconf 94' lang='lat' dir='ltr'><strong>D</strong></span> 
     </span>
    </p>
   </div>
   <div class='ocr_carea' id='block_1_71' title="bbox 1939 1862 3528 1929">
    <p class='ocr_par' dir='ltr' id='par_1_71' title="bbox 1939 1862 3528 1929">
     <span class='ocr_line' id='line_1_71' title="bbox 1939 1862 3528 1929; baseline -0.002 -8"><span class='ocrx_word' id='word_1_540' title='bbox 1939 1869 2071 1921; x_wconf 75' lang='lat' dir='ltr'><strong>satis</strong></span> <span class='ocrx_word' id='word_1_541' title='bbox 2108 1865 2363 1920; x_wconf 88' lang='lat' dir='ltr'><strong>credibile</strong></span> <span class='ocrx_word' id='word_1_542' title='bbox 2389 1873 2492 1929; x_wconf 91' lang='lat' dir='ltr'><strong>est,</strong></span> <span class='ocrx_word' id='word_1_543' title='bbox 2545 1865 2618 1918; x_wconf 89' lang='lat' dir='ltr'><strong>ita</strong></span> <span class='ocrx_word' id='word_1_544' title='bbox 2647 1873 2705 1918; x_wconf 91' lang='lat' dir='ltr'><strong>ut</strong></span> <span class='ocrx_word' id='word_1_545' title='bbox 2742 1863 2866 1918; x_wconf 78' lang='lat' dir='ltr'><strong>Milo</strong></span> <span class='ocrx_word' id='word_1_546' title='bbox 2895 1864 3209 1918; x_wconf 88' lang='lat' dir='ltr'><strong>comitatum</strong></span> <span class='ocrx_word' id='word_1_547' title='bbox 3249 1862 3528 1918; x_wconf 87' lang='lat' dir='ltr'><strong>Veronen-</strong></span> 
     </span>
    </p>
   </div>
   <div class='ocr_carea' id='block_1_72' title="bbox 1939 1957 3531 2028">
    <p class='ocr_par' dir='ltr' id='par_1_72' title="bbox 1939 1957 3531 2028">
     <span class='ocr_line' id='line_1_72' title="bbox 1939 1957 3531 2028; baseline 0 -16"><span class='ocrx_word' id='word_1_548' title='bbox 1939 1975 2051 2012; x_wconf 84' lang='lat' dir='ltr'><strong>sem</strong></span> <span class='ocrx_word' id='word_1_549' title='bbox 2082 1975 2185 2012; x_wconf 91' lang='lat' dir='ltr'><strong>non</strong></span> <span class='ocrx_word' id='word_1_550' title='bbox 2238 1958 2658 2026; x_wconf 83' lang='lat' dir='ltr'><strong>recuperaverit,</strong></span> <span class='ocrx_word' id='word_1_551' title='bbox 2708 1958 2810 2011; x_wconf 83' lang='lat' dir='ltr'><strong>nisi</strong></span> <span class='ocrx_word' id='word_1_552' title='bbox 2847 1966 3135 2028; x_wconf 73' lang='lat' dir='ltr'><strong>postquam</strong></span> <span class='ocrx_word' id='word_1_553' title='bbox 3175 1957 3531 2028; x_wconf 86' lang='lat' dir='ltr'><strong>Berengarius</strong></span> 
     </span>
    </p>
   </div>
   <div class='ocr_carea' id='block_1_73' title="bbox 1941 2051 2798 2121">
    <p class='ocr_par' dir='ltr' id='par_1_73' title="bbox 1941 2051 2798 2121">
     <span class='ocr_line' id='line_1_73' title="bbox 1941 2051 2798 2121; baseline -0.001 -15"><span class='ocrx_word' id='word_1_554' title='bbox 1941 2061 2104 2106; x_wconf 84' lang='lat' dir='ltr'><strong>totum</strong></span> <span class='ocrx_word' id='word_1_555' title='bbox 2132 2052 2294 2106; x_wconf 63' lang='lat' dir='ltr'><strong>Italiae</strong></span> <span class='ocrx_word' id='word_1_556' title='bbox 2321 2067 2540 2121; x_wconf 81' lang='lat' dir='ltr'><strong>regnum</strong></span> <span class='ocrx_word' id='word_1_557' title='bbox 2577 2051 2798 2120; x_wconf 85' lang='lat' dir='ltr'><strong>recepit.</strong></span> 
     </span>
    </p>
   </div>
   <div class='ocr_carea' id='block_1_74' title="bbox 2007 2142 3531 2212">
    <p class='ocr_par' dir='ltr' id='par_1_74' title="bbox 2007 2142 3531 2212">
     <span class='ocr_line' id='line_1_74' title="bbox 2007 2142 3531 2212; baseline 0.001 -16"><span class='ocrx_word' id='word_1_558' title='bbox 2007 2143 2095 2196; x_wconf 72' lang='grc'><strong>46.</strong></span> <span class='ocrx_word' id='word_1_559' title='bbox 2135 2143 2271 2210; x_wconf 82' lang='lat' dir='ltr'><strong>Quid</strong></span> <span class='ocrx_word' id='word_1_560' title='bbox 2302 2160 2462 2212; x_wconf 88' lang='lat' dir='ltr'><strong>porro</strong></span> <span class='ocrx_word' id='word_1_561' title='bbox 2494 2144 2544 2196; x_wconf 93' lang='lat' dir='ltr'><strong>in</strong></span> <span class='ocrx_word' id='word_1_562' title='bbox 2583 2159 2746 2198; x_wconf 87' lang='lat' dir='ltr'><strong>causa</strong></span> <span class='ocrx_word' id='word_1_563' title='bbox 2791 2142 2976 2205; x_wconf 88' lang='lat' dir='ltr'><strong>fuerit,</strong></span> <span class='ocrx_word' id='word_1_564' title='bbox 3011 2158 3080 2197; x_wconf 90' lang='lat' dir='ltr'><strong>ne</strong></span> <span class='ocrx_word' id='word_1_565' title='bbox 3107 2142 3401 2198; x_wconf 86' lang='lat' dir='ltr'><strong>Ratherius</strong></span> <span class='ocrx_word' id='word_1_566' title='bbox 3430 2143 3531 2198; x_wconf 91' lang='lat' dir='ltr'><strong>bac</strong></span> 
     </span>
    </p>
   </div>
   <div class='ocr_carea' id='block_1_75' title="bbox 1937 2234 3524 2302">
    <p class='ocr_par' dir='ltr' id='par_1_75' title="bbox 1937 2234 3524 2302">
     <span class='ocr_line' id='line_1_75' title="bbox 1937 2234 3524 2302; baseline -0.003 -14"><span class='ocrx_word' id='word_1_567' title='bbox 1937 2236 2221 2288; x_wconf 88' lang='lat' dir='ltr'><strong>occasione</strong></span> <span class='ocrx_word' id='word_1_568' title='bbox 2247 2250 2358 2288; x_wconf 76' lang='lat' dir='ltr'><strong>sua:</strong></span> <span class='ocrx_word' id='word_1_569' title='bbox 2377 2234 2490 2288; x_wconf 90' lang='lat' dir='ltr'><strong>sedi</strong></span> <span class='ocrx_word' id='word_1_570' title='bbox 2522 2235 2920 2298; x_wconf 85' lang='lat' dir='ltr'><strong>restitueretur,</strong></span> <span class='ocrx_word' id='word_1_571' title='bbox 2946 2237 3058 2302; x_wconf 87' lang='lat' dir='ltr'><strong>ipse</strong></span> <span class='ocrx_word' id='word_1_572' title='bbox 3083 2243 3270 2287; x_wconf 89' lang='lat' dir='ltr'><strong>narrat</strong></span> <span class='ocrx_word' id='word_1_573' title='bbox 3295 2235 3376 2287; x_wconf 90' lang='lat' dir='ltr'><strong>his</strong></span> <span class='ocrx_word' id='word_1_574' title='bbox 3405 2249 3524 2286; x_wconf 85' lang='lat' dir='ltr'><strong>ver—</strong></span> 
     </span>
    </p>
   </div>
   <div class='ocr_carea' id='block_1_76' title="bbox 1937 2322 3529 2395">
    <p class='ocr_par' dir='ltr' id='par_1_76' title="bbox 1937 2322 3529 2395">
     <span class='ocr_line' id='line_1_76' title="bbox 1937 2322 3529 2395; baseline -0.004 -13"><span class='ocrx_word' id='word_1_575' title='bbox 1937 2328 2038 2382; x_wconf 88' lang='lat' dir='ltr'><strong>bis.</strong></span> <span class='ocrx_word' id='word_1_576' title='bbox 2075 2347 2093 2378; x_wconf 83' lang='grc'><em>‹</em></span> <span class='ocrx_word' id='word_1_577' title='bbox 2131 2326 2234 2380; x_wconf 87' lang='lat' dir='ltr'><strong>Sed</strong></span> <span class='ocrx_word' id='word_1_578' title='bbox 2260 2325 2554 2395; x_wconf 88' lang='lat' dir='ltr'><strong>impedivit,</strong></span> <span class='ocrx_word' id='word_1_579' title='bbox 2581 2326 2723 2394; x_wconf 90' lang='lat' dir='ltr'><strong>quod</strong></span> <span class='ocrx_word' id='word_1_580' title='bbox 2751 2325 2980 2380; x_wconf 86' lang='lat' dir='ltr'><strong>alterum</strong></span> <span class='ocrx_word' id='word_1_581' title='bbox 3011 2324 3120 2378; x_wconf 89' lang='lat' dir='ltr'><strong>illic</strong></span> <span class='ocrx_word' id='word_1_582' title='bbox 3157 2325 3233 2394; x_wconf 93' lang='lat' dir='ltr'><strong>(in</strong></span> <span class='ocrx_word' id='word_1_583' title='bbox 3261 2324 3390 2378; x_wconf 88' lang='lat' dir='ltr'><strong>sede</strong></span> <span class='ocrx_word' id='word_1_584' title='bbox 3427 2322 3529 2376; x_wconf 74' lang='lat' dir='ltr'><strong>Ve-</strong></span> 
     </span>
    </p>
   </div>
   <div class='ocr_carea' id='block_1_77' title="bbox 1939 2414 3534 2486">
    <p class='ocr_par' dir='ltr' id='par_1_77' title="bbox 1939 2414 3534 2486">
     <span class='ocr_line' id='line_1_77' title="bbox 1939 2414 3534 2486; baseline -0.004 -16"><span class='ocrx_word' id='word_1_585' title='bbox 1939 2417 2174 2486; x_wconf 89' lang='lat' dir='ltr'><strong>ronensi)</strong></span> <span class='ocrx_word' id='word_1_586' title='bbox 2208 2416 2513 2470; x_wconf 83' lang='lat' dir='ltr'><strong>institutum</strong></span> <span class='ocrx_word' id='word_1_587' title='bbox 2558 2431 2655 2470; x_wconf 78' lang='lat' dir='ltr'><strong>rex</strong></span> <span class='ocrx_word' id='word_1_588' title='bbox 2694 2416 2918 2480; x_wconf 90' lang='lat' dir='ltr'><strong>invenit,</strong></span> <span class='ocrx_word' id='word_1_589' title='bbox 2952 2414 3165 2470; x_wconf 83' lang='lat' dir='ltr'><strong>Milonis</strong></span> <span class='ocrx_word' id='word_1_590' title='bbox 3192 2415 3400 2470; x_wconf 81' lang='lat' dir='ltr'><strong>scilicet</strong></span> <span class='ocrx_word' id='word_1_591' title='bbox 3435 2430 3534 2466; x_wconf 83' lang='lat' dir='ltr'><strong>ne.—</strong></span> 
     </span>
    </p>
   </div>
   <div class='ocr_carea' id='block_1_78' title="bbox 1937 2505 3532 2579">
    <p class='ocr_par' dir='ltr' id='par_1_78' title="bbox 1937 2505 3532 2579">
     <span class='ocr_line' id='line_1_78' title="bbox 1937 2505 3532 2579; baseline 0.001 -20"><span class='ocrx_word' id='word_1_592' title='bbox 1937 2508 2207 2579; x_wconf 85' lang='lat' dir='ltr'><strong>potulum;</strong></span> <span class='ocrx_word' id='word_1_593' title='bbox 2235 2522 2302 2562; x_wconf 87' lang='lat' dir='ltr'><strong>ne</strong></span> <span class='ocrx_word' id='word_1_594' title='bbox 2333 2505 2546 2562; x_wconf 73' lang='lat' dir='ltr'><strong>difﬁcile</strong></span> <span class='ocrx_word' id='word_1_595' title='bbox 2569 2508 2639 2562; x_wconf 92' lang='lat' dir='ltr'><strong>sit</strong></span> <span class='ocrx_word' id='word_1_596' title='bbox 2666 2508 2997 2578; x_wconf 79' lang='lat' dir='ltr'><strong>conjectare,</strong></span> <span class='ocrx_word' id='word_1_597' title='bbox 3039 2505 3195 2574; x_wconf 88' lang='lat' dir='ltr'><strong>cujus</strong></span> <span class='ocrx_word' id='word_1_598' title='bbox 3242 2505 3321 2560; x_wconf 88' lang='lat' dir='ltr'><strong>rei</strong></span> <span class='ocrx_word' id='word_1_599' title='bbox 3365 2521 3532 2560; x_wconf 81' lang='lat' dir='ltr'><strong>causa</strong></span> 
     </span>
    </p>
   </div>
   <div class='ocr_carea' id='block_1_79' title="bbox 1939 2596 3533 2674">
    <p class='ocr_par' dir='ltr' id='par_1_79' title="bbox 1939 2596 3533 2674">
     <span class='ocr_line' id='line_1_79' title="bbox 1939 2596 3533 2674; baseline -0.003 -18"><span class='ocrx_word' id='word_1_600' title='bbox 1939 2601 2106 2674; x_wconf 74' lang='lat' dir='ltr'><strong>(Milo)</strong></span> <span class='ocrx_word' id='word_1_601' title='bbox 2145 2609 2294 2656; x_wconf 86' lang='lat' dir='ltr'><strong>tanta</strong></span> <span class='ocrx_word' id='word_1_602' title='bbox 2325 2601 2456 2655; x_wconf 86' lang='lat' dir='ltr'><strong>mihi</strong></span> <span class='ocrx_word' id='word_1_603' title='bbox 2485 2600 2728 2656; x_wconf 89' lang='lat' dir='ltr'><strong>intulerit</strong></span> <span class='ocrx_word' id='word_1_604' title='bbox 2754 2598 2916 2654; x_wconf 84' lang='lat' dir='ltr'><strong>mala.</strong></span> <span class='ocrx_word' id='word_1_605' title='bbox 2947 2598 3046 2655; x_wconf 89' lang='lat' dir='ltr'><strong>Cui</strong></span> <span class='ocrx_word' id='word_1_606' title='bbox 3075 2599 3292 2668; x_wconf 88' lang='lat' dir='ltr'><strong>quidem</strong></span> <span class='ocrx_word' id='word_1_607' title='bbox 3320 2596 3533 2652; x_wconf 67' lang='lat' dir='ltr'><strong>Manas-</strong></span> 
     </span>
    </p>
   </div>
   <div class='ocr_carea' id='block_1_80' title="bbox 1936 2687 3533 2762">
    <p class='ocr_par' dir='ltr' id='par_1_80' title="bbox 1936 2687 3533 2762">
     <span class='ocr_line' id='line_1_80' title="bbox 1936 2687 3533 2762; baseline -0.005 -13"><span class='ocrx_word' id='word_1_608' title='bbox 1936 2708 2024 2749; x_wconf 91' lang='lat' dir='ltr'><strong>ses</strong></span> <span class='ocrx_word' id='word_1_609' title='bbox 2071 2693 2254 2748; x_wconf 88' lang='lat' dir='ltr'><strong>sedem</strong></span> <span class='ocrx_word' id='word_1_610' title='bbox 2291 2691 2606 2748; x_wconf 87' lang='lat' dir='ltr'><strong>vendiderat</strong></span> <span class='ocrx_word' id='word_1_611' title='bbox 2643 2691 2815 2762; x_wconf 75' lang='lat' dir='ltr'><strong>(epist.</strong></span> <span class='ocrx_word' id='word_1_612' title='bbox 2860 2690 2913 2756; x_wconf 75' lang='lat'><strong>5,</strong></span> <span class='ocrx_word' id='word_1_613' title='bbox 2943 2707 2996 2744; x_wconf 91' lang='grc' dir='ltr'><strong>ιι.</strong></span> <span class='ocrx_word' id='word_1_614' title='bbox 3038 2689 3116 2760; x_wconf 90' lang='grc'><strong>8).</strong></span> <span class='ocrx_word' id='word_1_615' title='bbox 3159 2708 3178 2742; x_wconf 68' lang='grc' dir='ltr'><strong>ι</strong></span> <span class='ocrx_word' id='word_1_616' title='bbox 3229 2687 3533 2743; x_wconf 83' lang='lat' dir='ltr'><strong>Manassem</strong></span> 
     </span>
    </p>
   </div>
   <div class='ocr_carea' id='block_1_81' title="bbox 1935 2779 3544 2856">
    <p class='ocr_par' dir='ltr' id='par_1_81' title="bbox 1935 2779 3544 2856">
     <span class='ocr_line' id='line_1_81' title="bbox 1935 2779 3544 2856; baseline -0.004 -17"><span class='ocrx_word' id='word_1_617' title='bbox 1935 2786 2305 2856; x_wconf 88' lang='lat' dir='ltr'><strong>episcopatum</strong></span> <span class='ocrx_word' id='word_1_618' title='bbox 2335 2781 2725 2846; x_wconf 81' lang='lat' dir='ltr'><strong>Veronensem,</strong></span> <span class='ocrx_word' id='word_1_619' title='bbox 2759 2782 2813 2836; x_wconf 90' lang='lat' dir='ltr'><strong>in</strong></span> <span class='ocrx_word' id='word_1_620' title='bbox 2839 2796 3002 2851; x_wconf 88' lang='lat' dir='ltr'><strong>quem</strong></span> <span class='ocrx_word' id='word_1_621' title='bbox 3047 2780 3224 2836; x_wconf 78' lang='lat' dir='ltr'><strong>fuerat</strong></span> <span class='ocrx_word' id='word_1_622' title='bbox 3265 2779 3544 2854; x_wconf 72' lang='lat' dir='ltr'><strong>introsus.</strong></span> 
     </span>
    </p>
   </div>
   <div class='ocr_carea' id='block_1_82' title="bbox 1937 2869 3527 2946">
    <p class='ocr_par' dir='ltr' id='par_1_82' title="bbox 1937 2869 3527 2946">
     <span class='ocr_line' id='line_1_82' title="bbox 1937 2869 3527 2946; baseline -0.005 -16"><span class='ocrx_word' id='word_1_623' title='bbox 1937 2876 2169 2946; x_wconf 86' lang='lat' dir='ltr'><strong>cuipiam</strong></span> <span class='ocrx_word' id='word_1_624' title='bbox 2197 2873 2504 2928; x_wconf 90' lang='lat' dir='ltr'><strong>vendidisse</strong></span> <span class='ocrx_word' id='word_1_625' title='bbox 2545 2871 2712 2926; x_wconf 88' lang='lat' dir='ltr'><strong>tradit</strong></span> <span class='ocrx_word' id='word_1_626' title='bbox 2757 2872 2921 2926; x_wconf 86' lang='lat' dir='ltr'><strong>etiam</strong></span> <span class='ocrx_word' id='word_1_627' title='bbox 2971 2870 3337 2940; x_wconf 82' lang='lat' dir='ltr'><strong>Liutprandus</strong></span> <span class='ocrx_word' id='word_1_628' title='bbox 3386 2869 3527 2923; x_wconf 81' lang='lat' dir='ltr'><strong>libro</strong></span> 
     </span>
    </p>
   </div>
   <div class='ocr_carea' id='block_1_83' title="bbox 1937 2961 3532 3038">
    <p class='ocr_par' dir='ltr' id='par_1_83' title="bbox 1937 2961 3532 3038">
     <span class='ocr_line' id='line_1_83' title="bbox 1937 2961 3532 3038; baseline -0.004 -19"><span class='ocrx_word' id='word_1_629' title='bbox 1937 2976 2130 3037; x_wconf 88' lang='lat' dir='ltr'><strong>quarto</strong></span> <span class='ocrx_word' id='word_1_630' title='bbox 2146 2963 2338 3038; x_wconf 79' lang='lat' dir='ltr'><strong>[Lxxn]</strong></span> <span class='ocrx_word' id='word_1_631' title='bbox 2355 2980 2473 3035; x_wconf 87' lang='lat' dir='ltr'><strong>cap.</strong></span> <span class='ocrx_word' id='word_1_632' title='bbox 2491 2963 2765 3018; x_wconf 78' lang='lat' dir='ltr'><strong>5.Milonis</strong></span> <span class='ocrx_word' id='word_1_633' title='bbox 2779 2973 2956 3018; x_wconf 87' lang='lat' dir='ltr'><strong>autem</strong></span> <span class='ocrx_word' id='word_1_634' title='bbox 2974 2963 3191 3018; x_wconf 89' lang='lat' dir='ltr'><strong>comitis</strong></span> <span class='ocrx_word' id='word_1_635' title='bbox 3205 2961 3532 3031; x_wconf 81' lang='lat' dir='ltr'><strong>nepotulum,</strong></span> 
     </span>
    </p>
   </div>
   <div class='ocr_carea' id='block_1_84' title="bbox 1943 3051 3530 3125">
    <p class='ocr_par' dir='ltr' id='par_1_84' title="bbox 1943 3051 3530 3125">
     <span class='ocr_line' id='line_1_84' title="bbox 1943 3051 3530 3125; baseline -0.004 -13"><span class='ocrx_word' id='word_1_636' title='bbox 1943 3075 2068 3112; x_wconf 91' lang='lat' dir='ltr'><strong>num</strong></span> <span class='ocrx_word' id='word_1_637' title='bbox 2098 3073 2164 3112; x_wconf 84' lang='lat' dir='ltr'><strong>ex</strong></span> <span class='ocrx_word' id='word_1_638' title='bbox 2212 3057 2400 3122; x_wconf 79' lang='lat' dir='ltr'><strong>fratre,</strong></span> <span class='ocrx_word' id='word_1_639' title='bbox 2427 3072 2494 3110; x_wconf 90' lang='lat' dir='ltr'><strong>an</strong></span> <span class='ocrx_word' id='word_1_640' title='bbox 2522 3072 2588 3110; x_wconf 72' lang='lat' dir='ltr'><strong>ex</strong></span> <span class='ocrx_word' id='word_1_641' title='bbox 2618 3071 2826 3121; x_wconf 88' lang='lat' dir='ltr'><strong>sorore,</strong></span> <span class='ocrx_word' id='word_1_642' title='bbox 2855 3056 3157 3125; x_wconf 81' lang='lat' dir='ltr'><strong>ignoratur,</strong></span> <span class='ocrx_word' id='word_1_643' title='bbox 3188 3069 3310 3109; x_wconf 83' lang='lat' dir='ltr'><strong>eum</strong></span> <span class='ocrx_word' id='word_1_644' title='bbox 3345 3051 3530 3114; x_wconf 85' lang='lat' dir='ltr'><strong>fuisse,</strong></span> 
     </span>
    </p>
   </div>
   <div class='ocr_carea' id='block_1_85' title="bbox 1943 3145 3531 3214">
    <p class='ocr_par' dir='ltr' id='par_1_85' title="bbox 1943 3145 3531 3214">
     <span class='ocr_line' id='line_1_85' title="bbox 1943 3145 3531 3214; baseline -0.006 -8"><span class='ocrx_word' id='word_1_645' title='bbox 1943 3153 2025 3206; x_wconf 90' lang='lat' dir='ltr'><strong>cui</strong></span> <span class='ocrx_word' id='word_1_646' title='bbox 2068 3151 2216 3204; x_wconf 80' lang='lat' dir='ltr'><strong>illum</strong></span> <span class='ocrx_word' id='word_1_647' title='bbox 2247 3149 2506 3214; x_wconf 82' lang='lat' dir='ltr'><strong>vendidit,</strong></span> <span class='ocrx_word' id='word_1_648' title='bbox 2529 3162 2593 3202; x_wconf 80' lang='lat' dir='ltr'><strong>ex</strong></span> <span class='ocrx_word' id='word_1_649' title='bbox 2644 3149 2746 3203; x_wconf 89' lang='lat' dir='ltr'><strong>hoc</strong></span> <span class='ocrx_word' id='word_1_650' title='bbox 2781 3147 3024 3202; x_wconf 79' lang='lat' dir='ltr'><strong>Ratherii</strong></span> <span class='ocrx_word' id='word_1_651' title='bbox 3075 3147 3191 3201; x_wconf 92' lang='lat' dir='ltr'><strong>loco</strong></span> <span class='ocrx_word' id='word_1_652' title='bbox 3231 3145 3531 3200; x_wconf 90' lang='lat' dir='ltr'><strong>discimus</strong></span> 
     </span>
    </p>
   </div>
   <div class='ocr_carea' id='block_1_86' title="bbox 1941 3232 3537 3311">
    <p class='ocr_par' dir='ltr' id='par_1_86' title="bbox 1941 3232 3537 3311">
     <span class='ocr_line' id='line_1_86' title="bbox 1941 3232 3537 3311; baseline -0.008 -15"><span class='ocrx_word' id='word_1_653' title='bbox 1941 3243 2151 3311; x_wconf 78' lang='lat' dir='ltr'><strong>Iraeque</strong></span> <span class='ocrx_word' id='word_1_654' title='bbox 2179 3240 2245 3295; x_wconf 85' lang='lat' dir='ltr'><strong>de</strong></span> <span class='ocrx_word' id='word_1_655' title='bbox 2275 3253 2439 3294; x_wconf 85' lang='lat' dir='ltr'><strong>causa</strong></span> <span class='ocrx_word' id='word_1_656' title='bbox 2468 3238 2716 3293; x_wconf 88' lang='lat' dir='ltr'><strong>eumdem</strong></span> <span class='ocrx_word' id='word_1_657' title='bbox 2763 3237 3015 3291; x_wconf 90' lang='lat' dir='ltr'><strong>comitem</strong></span> <span class='ocrx_word' id='word_1_658' title='bbox 3063 3236 3161 3290; x_wconf 90' lang='lat' dir='ltr'><strong>sibi</strong></span> <span class='ocrx_word' id='word_1_659' title='bbox 3212 3232 3537 3288; x_wconf 76' lang='lat' dir='ltr'><strong>tanta&#39;mala</strong></span> 
     </span>
    </p>
   </div>
   <div class='ocr_carea' id='block_1_87' title="bbox 1943 3324 3540 3398">
    <p class='ocr_par' dir='ltr' id='par_1_87' title="bbox 1943 3324 3540 3398">
     <span class='ocr_line' id='line_1_87' title="bbox 1943 3324 3540 3398; baseline -0.006 -12"><span class='ocrx_word' id='word_1_660' title='bbox 1943 3333 2191 3387; x_wconf 85' lang='lat' dir='ltr'><strong>intulisse</strong></span> <span class='ocrx_word' id='word_1_661' title='bbox 2219 3327 2461 3398; x_wconf 82' lang='lat' dir='ltr'><strong>conjicit,</strong></span> <span class='ocrx_word' id='word_1_662' title='bbox 2510 3337 2570 3381; x_wconf 90' lang='lat' dir='ltr'><strong>ut</strong></span> <span class='ocrx_word' id='word_1_663' title='bbox 2618 3328 2827 3383; x_wconf 85' lang='lat' dir='ltr'><strong>scilicet</strong></span> <span class='ocrx_word' id='word_1_664' title='bbox 2874 3326 3135 3381; x_wconf 79' lang='lat' dir='ltr'><strong>Ratherio</strong></span> <span class='ocrx_word' id='word_1_665' title='bbox 3175 3324 3418 3388; x_wconf 71' lang='lat' dir='ltr'><strong>excluso,</strong></span> <span class='ocrx_word' id='word_1_666' title='bbox 3470 3338 3540 3377; x_wconf 85' lang='lat' dir='ltr'><strong>ac-</strong></span> 
     </span>
    </p>
   </div>
   <div class='ocr_carea' id='block_1_88' title="bbox 1943 3418 3532 3491">
    <p class='ocr_par' dir='ltr' id='par_1_88' title="bbox 1943 3418 3532 3491">
     <span class='ocr_line' id='line_1_88' title="bbox 1943 3418 3532 3491; baseline -0.005 -13"><span class='ocrx_word' id='word_1_667' title='bbox 1943 3425 2190 3478; x_wconf 80' lang='lat' dir='ltr'><strong>Manasse</strong></span> <span class='ocrx_word' id='word_1_668' title='bbox 2219 3431 2452 3491; x_wconf 87' lang='lat' dir='ltr'><strong>recepto,</strong></span> <span class='ocrx_word' id='word_1_669' title='bbox 2487 3430 2736 3490; x_wconf 88' lang='lat' dir='ltr'><strong>nepotem</strong></span> <span class='ocrx_word' id='word_1_670' title='bbox 2767 3435 2922 3474; x_wconf 90' lang='lat' dir='ltr'><strong>suum</strong></span> <span class='ocrx_word' id='word_1_671' title='bbox 2955 3419 3008 3472; x_wconf 89' lang='lat' dir='ltr'><strong>in</strong></span> <span class='ocrx_word' id='word_1_672' title='bbox 3038 3418 3404 3472; x_wconf 81' lang='lat' dir='ltr'><strong>Veronensem</strong></span> <span class='ocrx_word' id='word_1_673' title='bbox 3445 3432 3532 3471; x_wconf 83' lang='lat' dir='ltr'><strong>se-</strong></span> 
     </span>
    </p>
   </div>
   <div class='ocr_carea' id='block_1_89' title="bbox 1942 3508 3535 3583">
    <p class='ocr_par' dir='ltr' id='par_1_89' title="bbox 1942 3508 3535 3583">
     <span class='ocr_line' id='line_1_89' title="bbox 1942 3508 3535 3583; baseline -0.008 -12"><span class='ocrx_word' id='word_1_674' title='bbox 1942 3519 2062 3570; x_wconf 90' lang='lat' dir='ltr'><strong>dem</strong></span> <span class='ocrx_word' id='word_1_675' title='bbox 2087 3515 2376 3583; x_wconf 87' lang='lat' dir='ltr'><strong>aliquando</strong></span> <span class='ocrx_word' id='word_1_676' title='bbox 2407 3510 2698 3566; x_wconf 77' lang='lat' dir='ltr'><strong>sufﬁceret.</strong></span> <span class='ocrx_word' id='word_1_677' title='bbox 2733 3509 2994 3578; x_wconf 83' lang='lat' dir='ltr'><strong>Nepotulo</strong></span> <span class='ocrx_word' id='word_1_678' title='bbox 3023 3517 3144 3562; x_wconf 90' lang='lat' dir='ltr'><strong>erat</strong></span> <span class='ocrx_word' id='word_1_679' title='bbox 3190 3508 3392 3576; x_wconf 89' lang='lat' dir='ltr'><strong>pariter</strong></span> <span class='ocrx_word' id='word_1_680' title='bbox 3418 3517 3535 3560; x_wconf 76' lang='grc' dir='ltr'><strong>ἠο-</strong></span> 
     </span>
    </p>
   </div>
   <div class='ocr_carea' id='block_1_90' title="bbox 1943 3597 3538 3670">
    <p class='ocr_par' dir='ltr' id='par_1_90' title="bbox 1943 3597 3538 3670">
     <span class='ocr_line' id='line_1_90' title="bbox 1943 3597 3538 3670; baseline -0.006 -10"><span class='ocrx_word' id='word_1_681' title='bbox 1943 3622 2066 3661; x_wconf 89' lang='lat' dir='ltr'><strong>men</strong></span> <span class='ocrx_word' id='word_1_682' title='bbox 2127 3605 2274 3669; x_wconf 84' lang='lat' dir='ltr'><strong>Milo,</strong></span> <span class='ocrx_word' id='word_1_683' title='bbox 2324 3618 2482 3670; x_wconf 89' lang='lat' dir='ltr'><strong>quem</strong></span> <span class='ocrx_word' id='word_1_684' title='bbox 2530 3602 2746 3670; x_wconf 89' lang='lat' dir='ltr'><strong>quidem</strong></span> <span class='ocrx_word' id='word_1_685' title='bbox 2797 3614 2939 3653; x_wconf 91' lang='lat' dir='ltr'><strong>anno</strong></span> <span class='ocrx_word' id='word_1_686' title='bbox 2999 3599 3098 3656; x_wconf 78' lang='grc'><strong>951</strong></span> <span class='ocrx_word' id='word_1_687' title='bbox 3167 3597 3538 3652; x_wconf 80' lang='lat' dir='ltr'><strong>Veronenscm</strong></span> 
     </span>
    </p>
   </div>
   <div class='ocr_carea' id='block_1_91' title="bbox 1941 3693 3530 3767">
    <p class='ocr_par' dir='ltr' id='par_1_91' title="bbox 1941 3693 3530 3767">
     <span class='ocr_line' id='line_1_91' title="bbox 1941 3693 3530 3767; baseline -0.004 -16"><span class='ocrx_word' id='word_1_688' title='bbox 1941 3698 2254 3767; x_wconf 87' lang='lat' dir='ltr'><strong>episcopum</strong></span> <span class='ocrx_word' id='word_1_689' title='bbox 2315 3705 2544 3750; x_wconf 88' lang='lat' dir='ltr'><strong>testatur</strong></span> <span class='ocrx_word' id='word_1_690' title='bbox 2606 3693 2847 3762; x_wconf 87' lang='lat' dir='ltr'><strong>ejusdem</strong></span> <span class='ocrx_word' id='word_1_691' title='bbox 2911 3694 3038 3747; x_wconf 92' lang='lat' dir='ltr'><strong>anni</strong></span> <span class='ocrx_word' id='word_1_692' title='bbox 3113 3693 3530 3755; x_wconf 87' lang='lat' dir='ltr'><strong>documentum,</strong></span> 
     </span>
    </p>
   </div>
   <div class='ocr_carea' id='block_1_92' title="bbox 1941 3786 3530 3860">
    <p class='ocr_par' dir='ltr' id='par_1_92' title="bbox 1941 3786 3530 3860">
     <span class='ocr_line' id='line_1_92' title="bbox 1941 3786 3530 3860; baseline -0.004 -16"><span class='ocrx_word' id='word_1_693' title='bbox 1941 3792 2084 3860; x_wconf 89' lang='lat' dir='ltr'><strong>quod</strong></span> <span class='ocrx_word' id='word_1_694' title='bbox 2123 3789 2360 3846; x_wconf 83' lang='lat' dir='ltr'><strong>Joannes</strong></span> <span class='ocrx_word' id='word_1_695' title='bbox 2396 3790 2634 3858; x_wconf 87' lang='lat' dir='ltr'><strong>Baptista</strong></span> <span class='ocrx_word' id='word_1_696' title='bbox 2667 3788 2914 3843; x_wconf 87' lang='lat' dir='ltr'><strong>Perettus</strong></span> <span class='ocrx_word' id='word_1_697' title='bbox 2940 3789 3121 3842; x_wconf 89' lang='lat' dir='ltr'><strong>laudat</strong></span> <span class='ocrx_word' id='word_1_698' title='bbox 3147 3786 3343 3858; x_wconf 70' lang='lat' dir='ltr'><strong>(Latal.</strong></span> <span class='ocrx_word' id='word_1_699' title='bbox 3372 3786 3530 3856; x_wconf 78' lang='lat' dir='ltr'><strong>episr.</strong></span> 
     </span>
    </p>
   </div>
   <div class='ocr_carea' id='block_1_93' title="bbox 1952 3877 3535 3953">
    <p class='ocr_par' dir='ltr' id='par_1_93' title="bbox 1952 3877 3535 3953">
     <span class='ocr_line' id='line_1_93' title="bbox 1952 3877 3535 3953; baseline -0.004 -17"><span class='ocrx_word' id='word_1_700' title='bbox 1952 3883 2142 3938; x_wconf 79' lang='lat' dir='ltr'><strong>Veron.</strong></span> <span class='ocrx_word' id='word_1_701' title='bbox 2168 3899 2219 3953; x_wconf 91' lang='lat' dir='ltr'><strong>p.</strong></span> <span class='ocrx_word' id='word_1_702' title='bbox 2252 3882 2363 3953; x_wconf 82' lang='lat'><strong>6|).</strong></span> <span class='ocrx_word' id='word_1_703' title='bbox 2396 3881 2670 3937; x_wconf 80' lang='lat' dir='ltr'><strong>Manasses</strong></span> <span class='ocrx_word' id='word_1_704' title='bbox 2697 3882 2763 3936; x_wconf 88' lang='lat' dir='ltr'><strong>ad</strong></span> <span class='ocrx_word' id='word_1_705' title='bbox 2783 3880 3307 3950; x_wconf 86' lang='lat' dir='ltr'><strong>archiepiscopatum</strong></span> <span class='ocrx_word' id='word_1_706' title='bbox 3334 3877 3535 3931; x_wconf 80' lang='lat' dir='ltr'><strong>Medio-</strong></span> 
     </span>
    </p>
   </div>
   <div class='ocr_carea' id='block_1_94' title="bbox 1941 3970 3530 4043">
    <p class='ocr_par' dir='ltr' id='par_1_94' title="bbox 1941 3970 3530 4043">
     <span class='ocr_line' id='line_1_94' title="bbox 1941 3970 3530 4043; baseline -0.004 -15"><span class='ocrx_word' id='word_1_707' title='bbox 1941 3975 2240 4038; x_wconf 90' lang='lat' dir='ltr'><strong>Ianensem,</strong></span> <span class='ocrx_word' id='word_1_708' title='bbox 2299 3988 2460 4043; x_wconf 84' lang='lat' dir='ltr'><strong>quem</strong></span> <span class='ocrx_word' id='word_1_709' title='bbox 2519 3973 2693 4028; x_wconf 88' lang='lat' dir='ltr'><strong>eidem</strong></span> <span class='ocrx_word' id='word_1_710' title='bbox 2759 3971 3118 4042; x_wconf 85' lang='lat' dir='ltr'><strong>Berengarius</strong></span> <span class='ocrx_word' id='word_1_711' title='bbox 3169 3970 3530 4039; x_wconf 86' lang='lat' dir='ltr'><strong>promiserat,</strong></span> 
     </span>
    </p>
   </div>
   <div class='ocr_carea' id='block_1_95' title="bbox 1940 4061 3535 4137">
    <p class='ocr_par' dir='ltr' id='par_1_95' title="bbox 1940 4061 3535 4137">
     <span class='ocr_line' id='line_1_95' title="bbox 1940 4061 3535 4137; baseline -0.004 -16"><span class='ocrx_word' id='word_1_712' title='bbox 1940 4076 2220 4137; x_wconf 89' lang='lat' dir='ltr'><strong>promotus</strong></span> <span class='ocrx_word' id='word_1_713' title='bbox 2246 4081 2387 4120; x_wconf 88' lang='lat' dir='ltr'><strong>anno</strong></span> <span class='ocrx_word' id='word_1_714' title='bbox 2421 4064 2525 4120; x_wconf 74' lang='grc'><strong>949</strong></span> <span class='ocrx_word' id='word_1_715' title='bbox 2551 4105 2564 4128; x_wconf 84' lang='grc'><strong>.</strong></span> <span class='ocrx_word' id='word_1_716' title='bbox 2615 4079 2736 4118; x_wconf 89' lang='lat' dir='ltr'><strong>cum</strong></span> <span class='ocrx_word' id='word_1_717' title='bbox 2766 4064 3005 4133; x_wconf 86' lang='lat' dir='ltr'><strong>quinque</strong></span> <span class='ocrx_word' id='word_1_718' title='bbox 3033 4061 3434 4132; x_wconf 88' lang='lat' dir='ltr'><strong>episcopatibus</strong></span> <span class='ocrx_word' id='word_1_719' title='bbox 3461 4061 3535 4116; x_wconf 89' lang='lat' dir='ltr'><strong>si-</strong></span> 
     </span>
    </p>
   </div>
   <div class='ocr_carea' id='block_1_96' title="bbox 1941 4152 3530 4226">
    <p class='ocr_par' dir='ltr' id='par_1_96' title="bbox 1941 4152 3530 4226">
     <span class='ocr_line' id='line_1_96' title="bbox 1941 4152 3530 4226; baseline -0.001 -18"><span class='ocrx_word' id='word_1_720' title='bbox 1941 4157 2047 4208; x_wconf 84' lang='lat' dir='ltr'><strong>mul</strong></span> <span class='ocrx_word' id='word_1_721' title='bbox 2078 4155 2354 4226; x_wconf 67' lang='lat' dir='ltr'><strong>praefuerit</strong></span> <span class='ocrx_word' id='word_1_722' title='bbox 2405 4155 2576 4223; x_wconf 69' lang='lat' dir='ltr'><strong>(epist.</strong></span> <span class='ocrx_word' id='word_1_723' title='bbox 2609 4153 2664 4218; x_wconf 84' lang='lat'><strong>5,</strong></span> <span class='ocrx_word' id='word_1_724' title='bbox 2708 4170 2856 4208; x_wconf 87' lang='lat' dir='ltr'><strong>ntnn.</strong></span> <span class='ocrx_word' id='word_1_725' title='bbox 2883 4153 2958 4225; x_wconf 88' lang='lat'><strong>6),</strong></span> <span class='ocrx_word' id='word_1_726' title='bbox 2992 4153 3044 4208; x_wconf 91' lang='lat' dir='ltr'><strong>id</strong></span> <span class='ocrx_word' id='word_1_727' title='bbox 3075 4162 3156 4207; x_wconf 88' lang='lat' dir='ltr'><strong>est</strong></span> <span class='ocrx_word' id='word_1_728' title='bbox 3203 4152 3530 4214; x_wconf 77' lang='lat' dir='ltr'><strong>Arelatensi,</strong></span> 
     </span>
    </p>
   </div>
   <div class='ocr_carea' id='block_1_97' title="bbox 1945 4241 3533 4308">
    <p class='ocr_par' dir='ltr' id='par_1_97' title="bbox 1945 4241 3533 4308">
     <span class='ocr_line' id='line_1_97' title="bbox 1945 4241 3533 4308; baseline -0.004 -7"><span class='ocrx_word' id='word_1_729' title='bbox 1945 4246 2257 4308; x_wconf 74' lang='lat' dir='ltr'><strong>\‘cronensi,</strong></span> <span class='ocrx_word' id='word_1_730' title='bbox 2292 4244 2629 4308; x_wconf 88' lang='lat' dir='ltr'><strong>Tridentino,</strong></span> <span class='ocrx_word' id='word_1_731' title='bbox 2661 4243 2970 4308; x_wconf 81' lang='lat' dir='ltr'><strong>Mantuano,</strong></span> <span class='ocrx_word' id='word_1_732' title='bbox 2999 4258 3063 4297; x_wconf 92' lang='lat' dir='ltr'><strong>ac</strong></span> <span class='ocrx_word' id='word_1_733' title='bbox 3090 4243 3304 4296; x_wconf 88' lang='lat' dir='ltr'><strong>demum</strong></span> <span class='ocrx_word' id='word_1_734' title='bbox 3333 4241 3533 4298; x_wconf 86' lang='lat' dir='ltr'><strong>Medio-</strong></span> 
     </span>
    </p>
   </div>
   <div class='ocr_carea' id='block_1_98' title="bbox 1941 4333 3539 4404">
    <p class='ocr_par' dir='ltr' id='par_1_98' title="bbox 1941 4333 3539 4404">
     <span class='ocr_line' id='line_1_98' title="bbox 1941 4333 3539 4404; baseline 0.001 -16"><span class='ocrx_word' id='word_1_735' title='bbox 1941 4335 2166 4401; x_wconf 86' lang='lat' dir='ltr'><strong>Iancnsi,</strong></span> <span class='ocrx_word' id='word_1_736' title='bbox 2201 4351 2306 4390; x_wconf 89' lang='lat' dir='ltr'><strong>non</strong></span> <span class='ocrx_word' id='word_1_737' title='bbox 2338 4344 2462 4388; x_wconf 89' lang='lat' dir='ltr'><strong>ante</strong></span> <span class='ocrx_word' id='word_1_738' title='bbox 2500 4335 2646 4389; x_wconf 91' lang='lat' dir='ltr'><strong>hunc</strong></span> <span class='ocrx_word' id='word_1_739' title='bbox 2691 4335 3238 4404; x_wconf 86' lang='lat' dir='ltr'><strong>archiepiscopatum,</strong></span> <span class='ocrx_word' id='word_1_740' title='bbox 3284 4333 3381 4388; x_wconf 90' lang='lat' dir='ltr'><strong>sed</strong></span> <span class='ocrx_word' id='word_1_741' title='bbox 3421 4348 3539 4389; x_wconf 72' lang='lat' dir='ltr'><strong>non.</strong></span> 
     </span>
    </p>
   </div>
   <div class='ocr_carea' id='block_1_99' title="bbox 1943 4424 3532 4498">
    <p class='ocr_par' dir='ltr' id='par_1_99' title="bbox 1943 4424 3532 4498">
     <span class='ocr_line' id='line_1_99' title="bbox 1943 4424 3532 4498; baseline -0.003 -18"><span class='ocrx_word' id='word_1_742' title='bbox 1943 4427 2112 4482; x_wconf 92' lang='lat' dir='ltr'><strong>multo</strong></span> <span class='ocrx_word' id='word_1_743' title='bbox 2148 4434 2293 4498; x_wconf 84' lang='lat' dir='ltr'><strong>post,</strong></span> <span class='ocrx_word' id='word_1_744' title='bbox 2337 4428 2698 4483; x_wconf 74' lang='lat' dir='ltr'><strong>Veronensem</strong></span> <span class='ocrx_word' id='word_1_745' title='bbox 2729 4426 2910 4482; x_wconf 89' lang='lat' dir='ltr'><strong>sedem</strong></span> <span class='ocrx_word' id='word_1_746' title='bbox 2953 4425 3166 4480; x_wconf 81' lang='lat' dir='ltr'><strong>Milonis</strong></span> <span class='ocrx_word' id='word_1_747' title='bbox 3194 4424 3377 4494; x_wconf 88' lang='lat' dir='ltr'><strong>nepoti</strong></span> <span class='ocrx_word' id='word_1_748' title='bbox 3401 4439 3532 4479; x_wconf 87' lang='lat' dir='ltr'><strong>ven-</strong></span> 
     </span>
    </p>
   </div>
   <div class='ocr_carea' id='block_1_100' title="bbox 1942 4514 3532 4584">
    <p class='ocr_par' dir='ltr' id='par_1_100' title="bbox 1942 4514 3532 4584">
     <span class='ocr_line' id='line_1_100' title="bbox 1942 4514 3532 4584; baseline -0.003 -11"><span class='ocrx_word' id='word_1_749' title='bbox 1942 4519 2141 4574; x_wconf 85' lang='lat' dir='ltr'><strong>didisse</strong></span> <span class='ocrx_word' id='word_1_750' title='bbox 2167 4519 2425 4573; x_wconf 87' lang='lat' dir='ltr'><strong>dicendus</strong></span> <span class='ocrx_word' id='word_1_751' title='bbox 2448 4527 2552 4584; x_wconf 87' lang='lat' dir='ltr'><strong>est,</strong></span> <span class='ocrx_word' id='word_1_752' title='bbox 2580 4518 2839 4573; x_wconf 89' lang='lat' dir='ltr'><strong>nimirum</strong></span> <span class='ocrx_word' id='word_1_753' title='bbox 2866 4532 3008 4572; x_wconf 84' lang='lat' dir='ltr'><strong>anno</strong></span> <span class='ocrx_word' id='word_1_754' title='bbox 3034 4516 3255 4571; x_wconf 89' lang='lat' dir='ltr'><strong>circiter</strong></span> <span class='ocrx_word' id='word_1_755' title='bbox 3279 4514 3402 4572; x_wconf 76' lang='grc'><strong>959.</strong></span> <span class='ocrx_word' id='word_1_756' title='bbox 3431 4514 3532 4568; x_wconf 87' lang='lat' dir='ltr'><strong>I-Iie</strong></span> 
     </span>
    </p>
   </div>
   <div class='ocr_carea' id='block_1_101' title="bbox 1942 4604 3538 4678">
    <p class='ocr_par' dir='ltr' id='par_1_101' title="bbox 1942 4604 3538 4678">
     <span class='ocr_line' id='line_1_101' title="bbox 1942 4604 3538 4678; baseline -0.005 -12"><span class='ocrx_word' id='word_1_757' title='bbox 1942 4625 2064 4666; x_wconf 89' lang='lat' dir='ltr'><strong>cum</strong></span> <span class='ocrx_word' id='word_1_758' title='bbox 2096 4608 2375 4664; x_wconf 87' lang='lat' dir='ltr'><strong>ordinatus</strong></span> <span class='ocrx_word' id='word_1_759' title='bbox 2404 4608 2505 4663; x_wconf 87' lang='lat' dir='ltr'><strong>fuit</strong></span> <span class='ocrx_word' id='word_1_760' title='bbox 2529 4610 2835 4678; x_wconf 87' lang='lat' dir='ltr'><strong>episcopus,</strong></span> <span class='ocrx_word' id='word_1_761' title='bbox 2861 4623 3062 4661; x_wconf 87' lang='lat' dir='ltr'><strong>annum</strong></span> <span class='ocrx_word' id='word_1_762' title='bbox 3090 4606 3284 4677; x_wconf 84' lang='lat' dir='ltr'><strong>agebat</strong></span> <span class='ocrx_word' id='word_1_763' title='bbox 3307 4604 3538 4660; x_wconf 85' lang='lat' dir='ltr'><strong>circiter-</strong></span> 
     </span>
    </p>
   </div>
   <div class='ocr_carea' id='block_1_102' title="bbox 1943 4699 3538 4768">
    <p class='ocr_par' dir='ltr' id='par_1_102' title="bbox 1943 4699 3538 4768">
     <span class='ocr_line' id='line_1_102' title="bbox 1943 4699 3538 4768; baseline -0.004 -14"><span class='ocrx_word' id='word_1_764' title='bbox 1943 4700 2208 4755; x_wconf 89' lang='lat' dir='ltr'><strong>decimum</strong></span> <span class='ocrx_word' id='word_1_765' title='bbox 2229 4710 2516 4765; x_wconf 88' lang='lat' dir='ltr'><strong>octavum;</strong></span> <span class='ocrx_word' id='word_1_766' title='bbox 2547 4709 2705 4754; x_wconf 86' lang='lat' dir='ltr'><strong>natus</strong></span> <span class='ocrx_word' id='word_1_767' title='bbox 2749 4700 2946 4768; x_wconf 88' lang='lat' dir='ltr'><strong>quippe</strong></span> <span class='ocrx_word' id='word_1_768' title='bbox 2993 4699 3187 4763; x_wconf 89' lang='lat' dir='ltr'><strong>fuerat,</strong></span> <span class='ocrx_word' id='word_1_769' title='bbox 3240 4705 3538 4766; x_wconf 83' lang='lat' dir='ltr'><strong>postquam-</strong></span> 
     </span>
    </p>
   </div>
   <div class='ocr_carea' id='block_1_103' title="bbox 1946 4785 3537 4857">
    <p class='ocr_par' dir='ltr' id='par_1_103' title="bbox 1946 4785 3537 4857">
     <span class='ocr_line' id='line_1_103' title="bbox 1946 4785 3537 4857; baseline -0.002 -15"><span class='ocrx_word' id='word_1_770' title='bbox 1946 4790 2238 4845; x_wconf 69' lang='lat' dir='ltr'><strong>Itatherins</strong></span> <span class='ocrx_word' id='word_1_771' title='bbox 2270 4791 2634 4846; x_wconf 76' lang='lat' dir='ltr'><strong>Veronensem</strong></span> <span class='ocrx_word' id='word_1_772' title='bbox 2662 4790 2976 4844; x_wconf 83' lang='lat' dir='ltr'><strong>cathedram</strong></span> <span class='ocrx_word' id='word_1_773' title='bbox 3023 4787 3260 4856; x_wconf 84' lang='lat' dir='ltr'><strong>suscepit</strong></span> <span class='ocrx_word' id='word_1_774' title='bbox 3299 4786 3470 4857; x_wconf 78' lang='lat' dir='ltr'><strong>(epist.</strong></span> <span class='ocrx_word' id='word_1_775' title='bbox 3494 4785 3537 4839; x_wconf 79' lang='lat'><strong>8</strong></span> 
     </span>
    </p>
   </div>
   <div class='ocr_carea' id='block_1_104' title="bbox 1942 4876 3530 4953">
    <p class='ocr_par' dir='ltr' id='par_1_104' title="bbox 1942 4876 3530 4953">
     <span class='ocr_line' id='line_1_104' title="bbox 1942 4876 3530 4953; baseline -0.004 -19"><span class='ocrx_word' id='word_1_776' title='bbox 1942 4883 2010 4934; x_wconf 80' lang='lat' dir='ltr'><strong>ad</strong></span> <span class='ocrx_word' id='word_1_777' title='bbox 2036 4881 2262 4945; x_wconf 77' lang='lat' dir='ltr'><strong>Milou,‘</strong></span> <span class='ocrx_word' id='word_1_778' title='bbox 2279 4891 2390 4937; x_wconf 91' lang='lat' dir='ltr'><strong>not.</strong></span> <span class='ocrx_word' id='word_1_779' title='bbox 2423 4882 2501 4953; x_wconf 81' lang='lat'><strong>5).</strong></span> <span class='ocrx_word' id='word_1_780' title='bbox 2544 4881 2678 4937; x_wconf 90' lang='lat' dir='ltr'><strong>IIinc</strong></span> <span class='ocrx_word' id='word_1_781' title='bbox 2698 4879 2990 4950; x_wconf 71' lang='lat' dir='ltr'><strong>nepotum,</strong></span> <span class='ocrx_word' id='word_1_782' title='bbox 3025 4895 3120 4934; x_wconf 88' lang='lat' dir='ltr'><strong>seu</strong></span> <span class='ocrx_word' id='word_1_783' title='bbox 3156 4876 3530 4931; x_wconf 82' lang='lat' dir='ltr'><strong>adolescentu-</strong></span> 
     </span>
    </p>
   </div>
   <div class='ocr_carea' id='block_1_105' title="bbox 1942 4967 3532 5045">
    <p class='ocr_par' dir='ltr' id='par_1_105' title="bbox 1942 4967 3532 5045">
     <span class='ocr_line' id='line_1_105' title="bbox 1942 4967 3532 5045; baseline -0.004 -18"><span class='ocrx_word' id='word_1_784' title='bbox 1942 4973 2025 5028; x_wconf 88' lang='lat' dir='ltr'><strong>lus</strong></span> <span class='ocrx_word' id='word_1_785' title='bbox 2053 4974 2354 5045; x_wconf 86' lang='lat' dir='ltr'><strong>appellatur</strong></span> <span class='ocrx_word' id='word_1_786' title='bbox 2406 4975 2578 5045; x_wconf 77' lang='lat' dir='ltr'><strong>(epist.</strong></span> <span class='ocrx_word' id='word_1_787' title='bbox 2623 4974 2676 5038; x_wconf 80' lang='lat'><strong>5,</strong></span> <span class='ocrx_word' id='word_1_788' title='bbox 2713 4989 2766 5026; x_wconf 93' lang='lat' dir='ltr'><strong>n.</strong></span> <span class='ocrx_word' id='word_1_789' title='bbox 2803 4972 2898 5042; x_wconf 84' lang='lat'><strong>8);</strong></span> <span class='ocrx_word' id='word_1_790' title='bbox 2948 4981 3001 5028; x_wconf 90' lang='lat' dir='ltr'><strong>et</strong></span> <span class='ocrx_word' id='word_1_791' title='bbox 3026 4972 3126 5026; x_wconf 86' lang='lat' dir='ltr'><strong>hac</strong></span> <span class='ocrx_word' id='word_1_792' title='bbox 3171 4967 3421 5021; x_wconf 84' lang='lat' dir='ltr'><strong>fortassis</strong></span> <span class='ocrx_word' id='word_1_793' title='bbox 3463 4967 3532 5021; x_wconf 87' lang='lat' dir='ltr'><strong>de</strong></span> 
     </span>
    </p>
   </div>
   <div class='ocr_carea' id='block_1_106' title="bbox 1942 5059 3536 5136">
    <p class='ocr_par' dir='ltr' id='par_1_106' title="bbox 1942 5059 3536 5136">
     <span class='ocr_line' id='line_1_106' title="bbox 1942 5059 3536 5136; baseline -0.005 -15"><span class='ocrx_word' id='word_1_794' title='bbox 1942 5083 2104 5123; x_wconf 84' lang='lat' dir='ltr'><strong>causa</strong></span> <span class='ocrx_word' id='word_1_795' title='bbox 2139 5087 2156 5118; x_wconf 75' lang='grc' dir='ltr'><strong>ι</strong></span> <span class='ocrx_word' id='word_1_796' title='bbox 2187 5066 2491 5136; x_wconf 87' lang='lat' dir='ltr'><strong>bujnsmodi</strong></span> <span class='ocrx_word' id='word_1_797' title='bbox 2519 5066 2875 5122; x_wconf 90' lang='lat' dir='ltr'><strong>ordinationis</strong></span> <span class='ocrx_word' id='word_1_798' title='bbox 2897 5063 3110 5120; x_wconf 88' lang='lat' dir='ltr'><strong>licentia</strong></span> <span class='ocrx_word' id='word_1_799' title='bbox 3142 5079 3160 5111; x_wconf 80' lang='grc' dir='ltr'><strong>ι</strong></span> <span class='ocrx_word' id='word_1_800' title='bbox 3193 5059 3423 5126; x_wconf 63' lang='lat' dir='ltr'><strong>quaesita</strong></span> <span class='ocrx_word' id='word_1_801' title='bbox 3452 5069 3536 5114; x_wconf 85' lang='lat' dir='ltr'><strong>at-</strong></span> 
     </span>
    </p>
   </div>
   <div class='ocr_carea' id='block_1_107' title="bbox 1944 5148 3530 5182">
    <p class='ocr_par' dir='ltr' id='par_1_107' title="bbox 1944 5148 3530 5182">
     <span class='ocr_line' id='line_1_107' title="bbox 1944 5148 3530 5182; baseline 0 0"><span class='ocrx_word' id='word_1_802' title='bbox 1944 5171 2046 5182; x_wconf 64' lang='lat' dir='ltr'><strong>tnuun</strong></span> <span class='ocrx_word' id='word_1_803' title='bbox 2077 5167 2285 5182; x_wconf 59' lang='grc' dir='ltr'><strong>-ΑΑΑἈίιι</strong></span> <span class='ocrx_word' id='word_1_804' title='bbox 2322 5157 2639 5182; x_wconf 55' lang='grc' dir='ltr'><strong>ο-Αιιαὶωιιιαοιι</strong></span> <span class='ocrx_word' id='word_1_805' title='bbox 2664 5171 2690 5182; x_wconf 67' lang='grc' dir='ltr'><strong>Α</strong></span> <span class='ocrx_word' id='word_1_806' title='bbox 2726 5154 2858 5182; x_wconf 61' lang='lat' dir='ltr'><strong>anAn</strong></span> <span class='ocrx_word' id='word_1_807' title='bbox 3235 5156 3290 5182; x_wconf 74' lang='grc' dir='ltr'><strong>ΙΙΙ</strong></span> 
     </span>
    </p>
   </div>
  </div>
