4038 5388
553 328 625 388 63
1546 325 1947 384 RA'fllERlUS
1991 325 2425 388 VERONENSIS
2465 332 2862 393 EPISCOPUS.
3753 344 3821 398 64

551 465 702 520 Spem
739 463 951 502 onmetn
995 444 1239 501 Ratherii
1288 443 1496 499 irritam
1551 444 1799 498 reddidit.
1850 443 1899 498 ls
1954 444 2134 513 itaque
2165 447 2209 502 Δ
2241 446 2598 502 conﬁrmatur
2627 452 2788 506 exiis
2838 466 2958 521 quae
3006 451 3059 507 in
3087 452 3451 511 admonitione
3475 456 3651 512 eidem
3705 461 3820 528 epi-

552 550 665 594 tum
697 539 1002 610 apostolicae
1028 537 1359 603 auctoritati,
1404 545 1512 588 tum
1545 535 1704 603 regiae
1741 533 2009 602 majestati
2039 549 2131 588 ce-

551 635 705 697 dens,
737 631 942 686 ltaliam
974 632 1221 686 deserere
1260 626 1566 696 compulsus
1616 624 1736 678 fuit.
1793 623 1904 679 lloc
1956 633 2133 678 autem

551 724 668 778 loco
695 723 801 778 duo
825 721 1070 776 Ratberii
1102 717 1406 773 testimonia
1447 715 1680 769 notanda
1728 723 1873 777 sunt,
1904 713 2131 768 alterum

550 815 604 867 in
636 813 922 867 Itinerario
953 827 1101 866 num.
1134 809 1187 873 4,
1229 809 1316 863 ubi
1355 823 1412 862 se
1439 817 1518 860 ter
1547 803 1846 860 exsulatum
1881 802 2130 867 afﬁrmat,

548 904 775 958 alterum
819 905 870 957 in
921 901 1180 972 Opuscnlo
1231 919 1248 949 ι
1281 900 1345 953 de
1367 897 1580 952 clericis
1609 895 1710 950 sibi
1761 894 2068 958 rebellibus,
2108 914 2127 946 ι

547 1012 698 1050 num.
723 995 779 1060 2,
807 995 894 1048 ubi
923 995 997 1047 ait
1024 1012 1036 1046 :
1067 1013 1084 1042 ι
1119 992 1200 1046 Me
1222 992 1331 1062 jam
1360 999 1552 1059 quater
1579 986 1908 1042 extrusistis.
1935 1004 1950 1036 ι
1974 985 2134 1041 Utro-

545 1087 709 1156 bique
755 1087 899 1139 velut
945 1085 1161 1138 tertium
1213 1082 1464 1137 exsilium
1502 1089 1557 1134 et
1597 1079 1966 1149 expulsioncm
2019 1089 2132 1131 ter-

547 1178 678 1231 tiam
719 1192 748 1231 a
787 1177 912 1232 sede
959 1175 1254 1231 Veronensi
1301 1173 1443 1228 illam
1491 1179 1787 1240 computat,
1835 1187 1954 1226 eum
1991 1185 2133 1224 anno

544 1267 641 1324 951
674 1268 859 1323 eadem
915 1267 1096 1322 sedem
1145 1275 1559 1335 recuperaturus
1608 1264 1660 1318 in
1711 1264 1918 1317 Italiam
1960 1263 2130 1329 venit,

541 1359 639 1413 sed
674 1366 870 1429 agente
895 1357 1110 1422 Milone,
1142 1372 1301 1428 quem
1334 1356 1644 1425 episcopum
1677 1355 1876 1409 ibidem
1907 1354 2130 1423 repetit,

544 1448 938 1518 agentibusque
990 1447 1109 1516 ejus
1166 1445 1491 1510 fautoribus,
1550 1445 1603 1498 in
1659 1445 1854 1514 quibus
1905 1444 2133 1499 clericos

543 1536 714 1592 fuisse
741 1551 806 1591 ex
832 1544 1108 1606 postremo
1136 1534 1446 1589 testimonio
1485 1529 1674 1602 lit'ptet,
1708 1548 1766 1588 re
1802 1531 1996 1587 infecta
2023 1533 2132 1588 dis-

541 1627 708 1682 cessit
741 1644 754 1679 :
787 1624 986 1680 Confer
1015 1625 1066 1679 in
1095 1624 1437 1679 ltinerarium
1469 1624 1522 1678 in
1565 1633 1678 1678 not.

610 1717 701 1771 48.
720 1716 877 1771 Initio
901 1716 1137 1786 quidem,
1161 1731 1282 1770 cutn
1298 1714 1712 1778 restitutionem,
1732 1714 1947 1787 [Lxxm]
1967 1731 2126 1784 quam

2239 535 2389 589 stola:
2437 539 2639 607 quinta:
2680 541 2899 610 praeﬁxa
2968 543 3138 599 fusius
3187 545 3560 602 disseruimus.
3593 547 3821 604 Joannis

2238 635 2418 680 autem
2442 629 2733 697 pontiﬁcis,
2763 633 2853 700 qui
2885 633 3117 704 Agapito
3141 638 3421 700 successit,
3467 653 3665 693 nomen
3697 641 3818 710 epi-

2237 719 2467 788 graphes
2489 736 2630 776 nunc
2645 723 2842 779 idcirco
2861 726 3099 792 exhibet,
3114 729 3238 797 quia
3257 729 3446 783 eadem
3476 745 3599 784 mox
3618 731 3823 801 ignotis

2236 807 2301 861 de
2323 810 2499 865 causis
2512 826 2821 881 suppressa,
2845 815 2943 869 sub
2964 815 3169 872 Joanne
3187 817 3275 872 Xll
3295 819 3502 890 [Lxxw]
3522 828 3728 875 mutata
3751 822 3819 874 ab

2236 910 2457 955 auctore
2479 903 2812 961 solummodo
2845 909 3195 980 inscriptione
3247 913 3473 982 repetita
3512 912 3632 978 fuit,
3675 923 3735 968 ut
3763 915 3818 970 in

2235 991 2422 1045 eadem
2455 994 2823 1051 admonitione
2854 999 3282 1057 observavimus.

2304 1083 2392 1139 50.
2425 1084 2558 1140 Cum
2575 1101 2741 1156 porro
2755 1087 3046 1147 Ratlierius
3074 1093 3380 1162 apostolica:
3394 1093 3816 1163 sedisjudicium

2234 1175 2383 1230 adire
2436 1187 2679 1247 cuperet,
2736 1180 2898 1234 aliaat
2951 1182 3019 1236 ad
3073 1198 3262 1238 omnes
3304 1184 3487 1240 ﬁdeles
3533 1186 3815 1255 epistolam

2234 1265 2455 1336 scripsit
2496 1267 2695 1339 (epist.
2737 1269 2788 1324 6.
2840 1273 2880 1343 ),
2942 1287 3046 1341 qua
3085 1273 3293 1342 piorum
3342 1274 3715 1346 eleemosynas
3762 1276 3817 1330 in

2235 1356 2538 1412 Romanum
2573 1361 2676 1414 iier
2716 1362 2893 1432 petiit.
2927 1363 2984 1416 ln
3014 1364 3113 1418 hac
3163 1367 3397 1419 notanda
3444 1375 3570 1419 sunt
3625 1368 3816 1432 verba,

2233 1448 2428 1517 quibus
2452 1467 2600 1504 num.
2631 1452 2687 1517 3,
2722 1468 2778 1507 se
2809 1469 2838 1506 a
2865 1453 3107 1508 Romana
3139 1455 3376 1510 Ecclesia
3412 1475 3428 1507 ι
3466 1457 3679 1528 longius
3707 1460 3820 1513 dis-

2231 1549 2500 1609 paratum,
2544 1562 2562 1594 ι
2599 1543 2650 1596 id
2679 1553 2781 1609 est,
2815 1545 2969 1600 valde
2993 1547 3282 1601 distantem
3315 1549 3498 1602 tradit.
3535 1549 3816 1618 llinejure

2233 1630 2472 1686 dubitari
2504 1643 2704 1703 potest,
2732 1651 2857 1689 tmm
2888 1636 3003 1691 haec
3027 1638 3253 1707 cpistola
3299 1655 3403 1693 una
3452 1656 3574 1694 cum
3607 1657 3813 1710 prtere-

2231 1721 2376 1776 denti
2404 1732 2459 1778 et
2484 1722 2854 1795 subscqucnti,
2880 1741 3000 1795 qum
3025 1730 3214 1782 eadem
3245 1746 3406 1800 super
3430 1747 3487 1787 re
3509 1732 3816 1801 eodemque

541 1806 816 1877 sperabat,
882 1805 1118 1860 inaniter
1157 1805 1384 1860 cessisse
1413 1804 1564 1869 vidit,
1623 1823 1640 1855 ι
1680 1803 2013 1869 Statueram,
2047 1806 2128 1858 in-
2159 1793 2203 1851 Β
2235 1827 2474 1888 tempore
2515 1793 2754 1876 εχειηίιεε
2807 1793 3042 1887 rue—rum,
3101 1793 3512 1893 scripta-fuerit
3556 1825 3608 1879 in
3662 1793 3812 1880 ιιεξιίίι

541 1898 660 1968 quit
687 1897 707 1968 (
739 1896 906 1967 Epist.
939 1895 991 1958 5,
1019 1913 1071 1950 η.
1099 1895 1178 1965 8),
1229 1894 1546 1950 carceribus
1576 1903 1632 1950 et
1673 1895 1880 1950 exsiliis
1909 1911 2006 1966 per
2030 1895 2127 1951 Dei

540 1987 972 2044 misericordiam
1022 1995 1330 2057 exemptus,
1383 1996 1436 2042 et
1480 1986 1534 2040 in
1579 1985 1919 2041 latitudinem
1969 1987 2127 2043 liberi

543 2077 757 2133 arbitrii
795 2078 1042 2141 eductus,
1084 2077 1432 2132 solitudinem
1483 2077 1796 2132 monasterii
1820 2086 2026 2148 petere,
2073 2086 2129 2133 et

539 2169 614 2224 ibi
645 2178 964 2239 exspectare
988 2168 1180 2233 Deum,
1213 2169 1303 2238 qui
1333 2168 1541 2223 salvum
1559 2183 1642 2223 me
1675 2168 1877 2224 faceret
1901 2183 1932 2223 a
1957 2169 2126 2238 pusil-

537 2259 842 2316 l'animitate
889 2261 1133 2331 spiritus,
1179 2269 1235 2315 et
1287 2269 1612 2330 tempestate
1658 2261 2123 2330 persequentium,

535 2362 836 2421 causasque
855 2349 1190 2420 expulsionis
1219 2365 1352 2404 mea:
1387 2364 1416 2403 a
1455 2349 1776 2419 memetipso
1811 2351 2125 2420 pteuiteudo

535 2439 776 2505 exigere,
834 2453 1050 2508 meque,
1109 2439 1224 2508 ipse
1279 2447 1338 2492 ut
1389 2453 1495 2491 non
1537 2439 1836 2508 iudicarer,
1877 2439 2126 2509 judicare

535 2536 556 2601 (
583 2530 748 2595 Ibid.,
772 2546 826 2583 n.
858 2530 936 2600 9).
973 2547 992 2580 ι
1024 2529 1223 2584 Verum
1249 2527 1373 2584 dum
1400 2529 1516 2584 lucc
1531 2531 1712 2584 animo
1741 2529 2001 2594 volveret,
2024 2545 2121 2583 au-

535 2621 672 2675 divit
699 2619 803 2674 sibi
835 2620 902 2674 ab
933 2618 1143 2674 aamulis
1166 2618 1412 2688 qnzedam
1457 2618 1641 2689 objici,
1684 2620 1880 2689 quibus
1910 2637 2016 2674 non
2045 2621 2120 2686 vi,

537 2712 634 2769 sed
660 2713 786 2784 jure
842 2711 1146 2766 ministerio
1198 2711 1523 2766 sacerdotali
1574 2725 1633 2765 se
1662 2711 1930 2780 privatum
1977 2709 2120 2764 allir-

536 2803 780 2858 mabant.
810 2802 1113 2857 Verebatur
1130 2809 1414 2870 praeterea,
1443 2815 1509 2855 ne
1536 2801 1735 2856 cedens
1755 2801 1976 2856 omnino
2003 2803 2122 2856 sine

535 2893 851 2950 defensione
880 2891 1009 2960 ulla,
1039 2893 1343 2949 declinasse
1388 2893 1666 2947 videretur
1697 2890 1985 2960 judicium,
2025 2909 2117 2964 pe-

534 2999 692 3041 nnae
721 2999 786 3041 ac
805 2984 850 3040 si
875 2999 985 3040 sua:
1009 2999 1187 3039 causa:
1209 2983 1356 3054 juste
1386 2984 1723 3053 patrocmari
1768 2999 1873 3038 non
1915 2993 2118 3054 posset.

537 3077 716 3146 Quare
741 3077 809 3132 ad
831 3076 1013 3132 sedem
1055 3075 1406 3146 apostolicam
1452 3075 1724 3146 negotium
1767 3075 2118 3131 deferendum

537 3167 790 3222 credidit.
822 3165 935 3221 Hac
961 3166 1028 3221 de
1053 3145 1217 3221 causa
1249 3163 1460 3219 litteras
1482 3145 1630 3220 dedit
1670 3165 1734 3220 ad
1776 3181 1897 3221 eum
1945 3167 2118 3236 ipsum
2147 3145 2192 3208 Ο

534 3256 870 3327 pontiﬁcem,
900 3255 990 3327 qui
1021 3255 1232 3310 Milonis
1260 3256 1658 3310 ordinationem
1680 3258 1939 3327 probasse
1983 3256 2121 3312 fere-

535 3348 719 3414 batur,
751 3347 842 3403 ubi
895 3347 1196 3402 luculenter
1236 3347 1496 3417 expositis
1529 3348 1642 3402 suis
1688 3349 2119 3418 przecedcntibus

536 3438 797 3494 :erumnis
819 3453 882 3493 ac
921 3437 1389 3492 vicissitudinibus
1436 3437 1502 3491 ad
1552 3451 1751 3492 annum
1775 3454 1952 3508 usque
1991 3441 2116 3506 951,

534 3531 852 3602 petitionem
874 3545 1026 3584 suam
1043 3528 1126 3584 his
1144 3529 1321 3583 verbis
1336 3527 1588 3599 proponit
1609 3527 1769 3600 (Ibid.
1782 3569 1796 3593 ,
1813 3530 1962 3600 p.10)
1989 3547 2031 3582 τι
2044 3531 2120 3586 Ne

534 3620 702 3692 igitur
719 3618 1042 3675 criminosus
1070 3618 1257 3672 videar
1280 3617 1616 3682 criminatus,
1635 3627 1725 3671 aut
1745 3617 1904 3689 fugax
1924 3635 2119 3688 provo-

537 3721 712 3778 catus,
753 3711 1085 3766 audientiam
1117 3724 1266 3781 rogo,
1316 3707 1650 3763 audientiam
1673 3708 1876 3781 flagito,
1909 3712 2121 3767 invaso-

540 3817 767 3872 remque
791 3801 1048 3856 Ecclesia:
1094 3816 1228 3855 mea:
1249 3816 1370 3856 cum
1412 3804 1526 3872 ipso
1569 3812 1841 3873 pastorum
1880 3805 2118 3860 omnium

536 3899 757 3961 pastore
797 3890 1073 3945 audaciter
1103 3887 1278 3944 furem
1308 3892 1552 3947 voeitans
1580 3901 1635 3946 et
1674 3893 1960 3959 latronem,
1993 3897 2118 3964 quia

538 3985 755 4040 aliunde
783 3983 1046 4050 ascendit,
1065 3998 1170 4038 non
1190 3999 1287 4053 per
1305 3985 1502 4039 ostium
1527 3985 1790 4048 introivit,
1819 3987 2017 4040 etenim
2041 3988 2121 4042 vi-

535 4083 665 4131 vent
683 4075 798 4132 viro
818 4075 1022 4130 nubere
1046 4074 1200 4130 alteri
1224 4089 1329 4129 non
1345 4074 1840 4130 dimittiturmulier
1855 4077 2114 4148 legitime,

537 4181 722 4220 coram
752 4163 1053 4236 apostolatu
1096 4171 1293 4219 vestrae
1319 4164 1462 4219 sedis
1492 4165 1559 4218 ad
1614 4175 1888 4220 certamen
1937 4181 2100 4222 cano-

537 4256 718 4311 nicum
762 4270 1019 4325 provoco,
1070 4269 1135 4310 eo
1183 4255 1372 4320 etiam,
1423 4256 1468 4310 si
1522 4265 1716 4311 vestae
1764 4256 2116 4313 dominationi

536 4349 738 4418 placet,
770 4356 972 4412 tenore,
1005 4357 1063 4402 ut
1087 4349 1201 4403 sive
1229 4363 1454 4418 prorae,
1485 4349 1598 4403 sive
1628 4364 1725 4418 pro
1749 4350 1838 4405 ilto
1860 4351 1944 4404 lex
1970 4352 2112 4406 obti-

539 4439 742 4503 nucrit,
768 4439 1100 4509 episcopium
1131 4439 1216 4493 cui
1244 4438 1401 4493 nobis
1445 4440 1621 4494 visum
1649 4439 1812 4495 fuerit
1842 4442 2111 4509 tribuatis,

541 4533 750 4580 tantum
781 4525 836 4580 in
863 4526 1120 4581 Domino:
1150 4542 1383 4596 praeesse
1413 4528 1558 4582 enim
1594 4529 1820 4586 ulterius
1857 4548 1961 4586 non
1987 4549 2119 4588 con-

538 4615 781 4686 cupisco,
811 4617 856 4671 si
888 4617 1163 4686 prodesse,
1192 4627 1254 4672 ut
1278 4629 1458 4686 antea,
1489 4619 1620 4674 nulli
1653 4621 1824 4675 valeo.
1863 4642 1882 4674 ι
1912 4623 1979 4677 Ει
1999 4635 2120 4693 post

541 4707 833 4764 nonnulla:
878 4726 896 4759 ι
948 4707 1124 4763 Unum
1155 4723 1186 4764 e
1237 4709 1394 4765 nobis
1425 4710 1635 4766 duobus
1657 4711 1965 4782 episcopum
2008 4730 2114 4769 non

536 4812 680 4862 esse,
737 4810 859 4850 cum
911 4797 1074 4851 etiam
1105 4797 1389 4862 infantum,
1421 4798 1596 4867 siqua
1647 4800 1728 4853 eis
1775 4800 1932 4866 inest,
1985 4806 2118 4860 satis

535 4885 817 4940 evidenter
850 4883 1025 4938 valeat
1059 4885 1514 4953 comprehendere
1567 4887 1726 4950 ratio,
1769 4887 1892 4955 quis
1933 4900 2111 4946 autem

542 4986 790 5033 nostrum
817 4976 908 5041 sit,
939 4985 1132 5030 vestrae
1157 4977 1554 5044 pastoralitatis
1591 4978 1885 5036 decernere
1923 4984 2117 5038 debeat

543 5067 782 5104 urnuicin
851 5067 1052 5104 alternus
1076 5066 1311 5104 mntimn
1337 5067 1501 5104 vnclri
1559 5067 1603 5104 ei
1650 5068 1830 5104 dinam
1862 5073 2088 5104 mulo-nm

2233 1924 2374 1964 anno
2401 1911 2528 1975 951,
2561 1921 2854 1982 antequam
2897 1922 3086 1968 auctor
3132 1915 3324 1970 exinde
3374 1915 3690 1982 decederet,
3743 1932 3811 1971 an

2230 2000 2409 2071 potius
2446 2001 2499 2055 in
2543 2001 2832 2057 Germania
2887 2003 2987 2058 sub
3037 2004 3195 2059 finem
3241 2005 3367 2059 anni
3410 2003 3674 2074 ejusdem,
3728 2006 3814 2062 vel

2229 2107 2371 2146 anno
2393 2091 2518 2158 952,
2551 2108 2658 2163 quo
2688 2092 2937 2150 fortassis
2963 2095 3168 2161 statim,
3194 2111 3316 2151 cum
3345 2111 3558 2151 onmem
3602 2097 3815 2167 episco-

2229 2190 2387 2252 patus
2419 2185 2771 2254 recuperandi
2798 2201 2948 2256 spem
2983 2187 3339 2257 interceptam
3377 2189 3533 2254 vidit,
3557 2203 3679 2244 sese
3724 2203 3810 2245 re-

2229 2273 2390 2342 cepit,
2422 2283 2710 2343 antequam
2737 2275 2862 2330 illuc
2889 2273 3018 2330 Otto
3049 2277 3448 2348 regrederetur.

2297 2359 2385 2414 51.
2415 2358 2547 2415 Cum
2579 2362 2661 2416 his
2681 2359 2891 2417 duobus
2919 2363 3442 2436 epistolisjungenda
3470 2374 3554 2422 est
3579 2367 3810 2437 septima

2226 2450 2292 2503 ad
2321 2465 2508 2505 omnes
2538 2451 2822 2522 episcopos
2855 2472 2871 2503 ‹
2920 2469 3018 2524 per
3055 2455 3362 2509 universam
3410 2455 3638 2522 Italiam,
3683 2457 3811 2514 Gal-

2228 2542 2353 2596 liam
2404 2551 2565 2612 atque
2612 2543 2978 2610 Germaniam,
3015 2566 3032 2596 ι
3074 2548 3126 2601 in
3155 2563 3315 2617 quam
3355 2563 3476 2603 cum
3525 2551 3718 2605 eadem
3756 2552 3807 2605 in

2225 2649 2390 2688 causa
2412 2634 2618 2689 similes
2642 2635 2947 2691 inferuntur
2975 2640 3278 2704 sententiaa,
3306 2648 3416 2694 tum
3448 2656 3574 2696 vero
3596 2642 3810 2711 cpisco-

2223 2737 2416 2792 porum
2465 2723 2754 2778 concilium
2796 2726 3121 2796 appellatur.
3170 2728 3334 2784 Miser
3389 2729 3685 2787 Ratberius
3743 2749 3810 2788 ne

2223 2813 2515 2884 quidquam
2549 2815 2874 2870 intentatum
2919 2818 3271 2887 relinqueret,
3319 2836 3588 2878 summum
3627 2824 3810 2892 ponti-

2222 2905 2399 2972 ficem,
2433 2917 2487 2962 et
2513 2909 2795 2980 episcopos
2835 2928 3024 2968 onmes
3071 2913 3138 2967 ad
3181 2916 3500 2971 canonicum
3544 2915 3808 2985 judicium

2222 2998 2540 3055 excitandos
2569 3003 2796 3071 putavit.
2857 3002 2965 3059 llas
3014 3021 3142 3061 vero
3182 3007 3439 3076 epistolas
3478 3017 3588 3062 tres
3633 3010 3809 3079 ipsum

2226 3089 2541 3145 Ratlterium
2574 3095 2942 3163 suppressisse
2960 3097 3061 3151 hoc
3091 3106 3550 3166 temporecertum
3572 3101 3809 3169 videtur,

2222 3193 2516 3249 earumque
2569 3183 2902 3238 edendarum
2958 3187 3337 3256 cogitationem
3408 3188 3611 3244 idcirco
3667 3183 3812 3247 forte

2225 3271 2641 3342 deposuit,qnia
2680 3274 2806 3328 dum
2847 3275 2898 3330 id
2946 3277 3175 3347 agitaret
3225 3279 3427 3346 animo,
3472 3296 3502 3334 a
3554 3281 3808 3338 Brunone

2224 3361 2439 3417 Ottonis
2468 3361 2634 3419 fratre
2664 3365 2888 3420 insuam
2918 3366 3118 3433 aulam,
3153 3369 3225 3422 uti
3257 3369 3385 3423 olim
3414 3370 3664 3440 petierat,
3711 3388 3812 3428 re..-

2222 3462 2407 3522 ceptus
2428 3454 2548 3509 fuit.

2223 3571 2250 3643 §
2381 3570 2752 3643 —Ratherius
2787 3573 2839 3626 in
2866 3571 3200 3627 Germaniam
3233 3591 3468 3629 reversus
3500 3594 3530 3629 a
3557 3576 3807 3634 Brunone

2295 3641 2501 3714 Ottonis
2531 3643 2662 3712 regis
2691 3642 2854 3714 fratre
2875 3645 3009 3695 inter
3033 3644 3341 3714 domesticos
3370 3647 3636 3714 recipitur.
3666 3648 3808 3703 Bru-

2294 3713 2444 3782 nonis
2480 3711 2636 3780 opera
2699 3711 2757 3774 ﬁt
2813 3714 3078 3782 episcopus
3136 3711 3482 3768 Leodicensis.
3537 3716 3803 3774 Solemnes

2291 3781 2464 3852 hujus
2496 3783 2835 3849 promotionis
2863 3785 3014 3835 ritus.
3050 3782 3280 3852 Ejicitur
3301 3784 3518 3838 subinde
3568 3788 3729 3842 etiam
3775 3804 3803 3842 ε

2290 3853 2410 3904 sede
2438 3850 2762 3904 Leodicensi.
2799 3854 2914 3904 Hac
2940 3854 3003 3905 de
3031 3850 3191 3906 causa
3228 3853 3332 3906 duo
3370 3856 3622 3920 opuscula
3669 3861 3804 3912 scri-

2293 3922 2384 3974 bit.
2412 3922 2589 3990 Aliqui
2613 3927 2940 3994 episcopatus
2969 3922 3202 3994 ejusdem
3225 3926 3420 3978 reditus
3443 3927 3541 3994 ipsi
3586 3927 3656 3980 ad
3701 3931 3805 3983 uic-

2291 4001 2400 4044 tum
2432 3993 2686 4061 ussignatt’
2715 4009 2929 4061 quinum
2957 3992 3176 4060 fuerint.

2294 4081 2381 4135 5:2.
2408 4080 2590 4135 Bruno
2622 4097 2744 4135 cum
2775 4080 2942 4135 fratre
2973 4081 3172 4137 Ottoue
3209 4100 3334 4155 rege
3357 4087 3410 4140 in
3441 4086 3648 4142 ltaliam
3706 4105 3802 4146 ve-

2220 4183 2391 4239 nerat,
2443 4188 2507 4228 ac
2537 4183 2819 4242 propterea
2847 4174 2899 4225 in
2929 4175 3135 4244 aliquot
3199 4175 3581 4246 diplomatibus
3620 4181 3800 4253 Papia:

2218 4265 2359 4320 datis
2380 4281 2521 4320 anno
2546 4266 2672 4331 951,
2707 4285 2724 4315 ι
2766 4265 2947 4321 Βι·υιιο
2988 4268 3346 4326 cancellarius
3401 4292 3420 4324 ›
3462 4274 3798 4343 subscriptus

2217 4359 2448 4431 legitur;
2479 4359 2607 4414 etin
2642 4369 2787 4414 textu
2816 4361 3171 4430 quorumdam
3196 4377 3451 4433 espresse
3483 4365 3667 4439 [Lxxv]
3697 4384 3796 4423 nov

2145 4493 2194 4551 Β
2221 4453 2457 4505 minatur
2492 4469 2510 4502 ι
2533 4451 2760 4506 dilectus
2788 4451 2956 4506 frater
2971 4462 3154 4508 noster
3174 4453 3372 4520 Bruno,
3398 4457 3480 4511 vel
3507 4472 3602 4526 per
3627 4459 3795 4514 inter-

2222 4551 2439 4598 ventum
2465 4540 2646 4596 fratris
2676 4541 2843 4594 nostri
2873 4539 3139 4596 Brunonis
3167 4542 3440 4613 (PURICEL.
3469 4545 3616 4602 Man.
3647 4547 3794 4604 Eccl.

2221 4634 2399 4687 Ambr.
2448 4651 2500 4686 n.
2535 4631 2634 4685 l7?
2659 4632 2730 4697 ).›
2763 4631 3070 4686 Ratherius.
3103 4635 3193 4703 qui
3223 4635 3286 4687 ad
3318 4636 3487 4706 ipsum
3520 4641 3795 4698 absentem

2220 4725 2537 4792 scripserat,
2565 4725 2810 4776 eumdem
2840 4723 2890 4774 in
2916 4723 3068 4776 ltalta
3085 4737 3404 4794 prtesentem
3429 4731 3591 4784 etiam
3625 4750 3791 4804 agno~

2219 4816 2296 4868 vit
2350 4814 2591 4884 (Dloxxs.
2626 4812 2689 4864 de
2713 4812 2914 4864 duobus
2943 4830 3021 4882 ep.
3055 4829 3108 4882 p.
3148 4815 3289 4878 120).
3321 4819 3451 4874 Cum
3479 4837 3640 4890 porro
3669 4824 3794 4879 Otto

2220 4926 2312 4963 rex
2343 4905 2505 4959 Italia:
2551 4919 2718 4973 regno
2767 4906 2992 4972 potitus,
3033 4907 3290 4962 Adclaide
3334 4909 3575 4966 Lotltarii
3635 4917 3791 4971 vidua

2219 4999 2396 5069 Papiae
2420 4995 2518 5050 sibi
2543 4995 2597 5049 in
2617 4995 3018 5050 matrimonium
3048 4998 3319 5066 copulata,
3351 5001 3418 5054 ob
3445 5003 3792 5075 insurgentes

2509 5102 2514 5103 γ
2554 5085 2739 5104 I‘-,_...
2798 5087 2835 5103 ⁸-
2887 5094 2900 5104 ι
3041 5087 3074 5104 Ιι
3381 5091 3480 5104 nua
3531 5095 3542 5104 ι
