4038 5388
233 230 295 286 6‘5
1256 221 1790 279 puomeonms.
1832 251 1897 260 -
1940 218 2268 274 [mutant
2319 218 2497 274 vm.
3436 227 3507 283 θα

234 355 463 400 maxime
511 330 657 393 utilis
679 338 991 391 haberetur.
1026 354 1043 387 ι
1080 335 1207 391 Otto
1238 333 1364 391 tunc
1399 335 1815 406 potentissimus
1845 339 1892 397 Α
1923 343 2148 389 mortem
2179 334 2497 390 llatherium
2530 337 2933 405 przcﬁctettdum
2966 340 3195 395 curavit.
3226 340 3283 396 ld
3327 341 3511 398 Bruno

234 450 340 495 rex,
386 431 562 499 inquit
594 428 928 497 Fulouinus(
960 425 1101 481 ϐεδε.
1127 427 1223 481 Ab.
1267 424 1394 480 Lob.
1427 442 1475 480 c.
1504 425 1576 479 ‘22
1602 426 1645 494 ),
1686 425 1818 478 Aus-

236 525 409 579 trasiis
436 534 492 575 et
546 522 783 576 subacta:
831 520 999 575 Italia:
1060 529 1185 574 tunc
1238 518 1599 589 imperitabat,
1666 516 1819 585 cujus

236 617 395 671 frater
420 613 634 677 Bruno,
669 614 886 667 unicum
901 621 952 666 et
980 612 1252 682 singulare
1279 612 1331 666 in
1348 611 1549 667 Christi
1574 611 1816 666 Ecclesia

236 710 390 762 decus
405 705 646 769 futurus,
674 704 1252 774 velutpretiosissimus
1273 704 1408 773 lapis
1432 704 1815 774 multiplicibus

236 796 679 868 philosophorum
736 795 1042 865 poliebatur
1092 794 1447 863 argumentis.
1508 794 1818 847 Advocatur

237 887 542 947 Ratberius,
600 895 656 939 et
694 883 922 938 habetur
966 884 1108 937 inter
1150 883 1418 953 palatinos
1469 882 1820 951 philosophos

236 979 453 1047 primus.
508 974 650 1042 Quid
704 973 911 1027 multa?
956 972 1070 1026 Non
1122 973 1351 1037 destitit,
1401 972 1571 1027 donec
1615 972 1819 1041 regiam

240 1067 375 1121 illam
403 1076 460 1120 et
493 1065 785 1120 miriﬁcam
830 1066 1060 1120 indolem
1120 1067 1172 1119 in
1220 1066 1472 1120 omnibus
1520 1062 1821 1134 disciplinis

237 1159 757 1228 perspicacissimam
794 1159 1043 1213 redderet
1071 1167 1127 1211 et
1178 1158 1494 1227 perfectura.
1558 1178 1574 1209 ι
1618 1157 1820 1221 Verba,

240 1253 422 1322 quibus
445 1251 578 1306 Otto
611 1266 707 1305 rex
731 1270 748 1302 ι
788 1252 1025 1307 subactas
1055 1250 1219 1304 Italia:
1249 1262 1373 1304 tunc
1405 1249 1765 1318 imperitasse,
1796 1267 1814 1297 ι

242 1358 327 1397 seu
350 1343 404 1395 in
434 1340 591 1394 Italia
626 1354 882 1411 regnasse
909 1340 1159 1403 traditur,
1191 1348 1400 1408 tempus
1432 1338 1693 1402 indicant,
1718 1352 1824 1406 quo

240 1431 466 1487 nondum
498 1430 593 1486 ille
620 1430 866 1484 Italicum
910 1444 1135 1500 regnum
1180 1428 1513 1498 Berengario
1551 1438 1606 1482 et
1659 1426 1823 1480 Adal-

243 1522 389 1577 berto
414 1520 585 1575 certis
604 1519 1009 1575 conditionibus
1037 1519 1373 1573 restituerat.
1394 1516 1517 1572 Haec
1551 1517 1825 1572 restitutio

244 1614 371 1669 facta
404 1612 506 1668 fuit
558 1629 653 1667 an.
687 1611 793 1667 952
820 1611 973 1681 (Vid.
1008 1611 1172 1681 infra,
1205 1628 1258 1665 η.
1284 1610 1375 1681 68)
1402 1627 1416 1675 ;
1451 1620 1504 1665 et
1534 1618 1659 1665 ante
1686 1609 1826 1663 hanc

1926 425 2300 481 sanctissimus
2354 427 2439 480 vir
2489 442 2594 481 non
2648 428 2900 483 humanis
2954 430 3254 487 rationibus
3312 432 3509 490 ductus

1925 518 2266 580 curavit,sed
2288 518 2413 586 quia
2442 517 2758 573 Ratherium
2793 519 2869 573 illi
2909 521 3162 577 Ecclesia}
3202 523 3504 593 pratﬁcere,

1931 626 1949 656 ι
1988 615 2208 676 propter
2266 608 2632 664 abundantem
2680 608 2984 665 doctrinam
3035 620 3091 665 et
3145 610 3513 682 eloquentiam

1926 699 2225 771 copiosam,
2257 714 2363 767 qua
2394 700 2531 753 inter
2554 700 2985 771 sapientissimos
3018 701 3213 758 ﬂorere
3234 703 3384 759 visus
3405 714 3509 771 est,

1925 808 2029 844 non
2053 791 2227 845 eidem
2253 790 2509 845 Ecclesia:
2532 792 2727 857 solum,
2754 793 2837 847 cui
2870 793 3107 863 praefuit,
3135 794 3230 849 sed
3256 803 3311 849 et
3329 794 3513 850 multis

1927 881 2048 935 aliis
2077 882 2501 949 circumquaque
2534 880 2691 935 valde
2740 882 3040 952 proﬁcuum
3095 881 3211 938 fore
3257 891 3511 953 putatum

1923 982 2024 1027 est.
2061 992 2078 1024 ι
2107 973 2181 1026 lta
2199 972 2467 1042 Rotgerus
2493 971 2747 1027 laudatus
2776 973 2829 1026 in
2857 972 2914 1027 S.
2937 973 3204 1028 Brunonis
3220 974 3342 1029 Vita
3357 989 3509 1028 num.

1923 1064 2013 1130 54,
2041 1065 2131 1119 ubi
2159 1064 2320 1118 aliam
2363 1078 2579 1134 quoque
2629 1064 2977 1119 illustriorem
3024 1065 3184 1135 hujus
3231 1065 3514 1121 electionis

1924 1154 2189 1208 rationem
2237 1153 2407 1219 addit,
2441 1169 2559 1223 qua:
2607 1154 2853 1210 Ratherii
2902 1155 3225 1226 probitatem
3270 1157 3513 1213 Brunoni

1926 1247 2115 1301 intima
2139 1247 2511 1303 familiaritate
2536 1257 2873 1318 perspectam
2890 1250 3124 1304 maxime
3150 1250 3509 1305 demonstrat.

1931 1356 1949 1390 ‹
1992 1337 2163 1392 Simul
2207 1340 2353 1408 quia,
2407 1340 2604 1410 inquit,
2645 1341 2696 1395 in
2744 1340 2849 1395 illis
2874 1342 3117 1411 partibus
3142 1358 3241 1411 per
3261 1342 3435 1399 zelum
3460 1351 3518 1397 et

1923 1430 2371 1485 contentionem.
2451 1470 2466 1485 .
2546 1469 2561 1484 .
2639 1470 2654 1485 .
2733 1471 2747 1485 .
2826 1470 2842 1485 .
2920 1431 3516 1500 quidametiamsaecr-

1924 1518 2079 1573 dotes
2105 1518 2316 1573 Domini
2354 1519 2687 1590 plerumque,
2728 1522 2872 1590 quod
2897 1520 3044 1575 dictu
3076 1521 3228 1577 nefas
3256 1531 3360 1587 est,
3409 1532 3519 1577 ler-

1929 1625 2079 1665 renaa
2100 1610 2222 1679 plus
2243 1608 2391 1677 justo
2422 1611 2612 1665 conﬁsi
2637 1612 2911 1681 potentiae,
2932 1612 3187 1682 populum
3203 1613 3515 1683 imperitum

244 1708 260 1775 (
286 1706 465 1760 eodem
484 1714 671 1759 tamen
691 1719 834 1759 anno
866 1701 885 1774 )
915 1703 1249 1757 Ratberiusa
1276 1701 1527 1757 Brunone
1549 1710 1825 1766 evocatus,
1859 1704 1903 1762 Β
1932 1700 2401 1766 scandalizabant,
2432 1717 2577 1772 smpe
2620 1702 2798 1757 dictus
2848 1702 3100 1757 dominus
3146 1702 3328 1759 Bruno
3357 1703 3517 1758 Colo-

246 1814 303 1852 ac
339 1798 478 1851 inter
499 1797 777 1866 palatinos
816 1795 1106 1864 magistros
1141 1801 1389 1863 receptus
1422 1792 1681 1848 dicendus
1709 1803 1821 1847 est:

242 1889 369 1957 quod
413 1888 655 1941 maxime
687 1885 1225 1940 animadvertendum
1255 1893 1357 1950 est,
1392 1901 1461 1939 ne
1493 1884 1614 1953 quis
1643 1883 1824 1938 minus

246 1989 377 2035 recte
401 1978 716 2049 intelligens
759 1978 981 2032 verbum
1015 1977 1361 2046 imperitasse,
1390 1975 1595 2030 erroris
1641 1984 1825 2029 notam

243 2068 491 2123 Fulcuino
522 2068 809 2139 appingat,
845 2082 907 2121 ac
930 2067 973 2121 si
1004 2067 1118 2121 hazc
1141 2067 1207 2121 ad
1240 2066 1368 2119 illud
1392 2066 1663 2136 posterius
1687 2074 1825 2119 tem-

244 2174 333 2228 pus
378 2158 654 2222 retulerit,
703 2173 811 2226 quo
862 2155 987 2211 Otto
1032 2171 1175 2211 anno
1216 2156 1313 2210 96!
1359 2156 1742 2225 Berengarium
1773 2164 1826 2210 et

245 2248 577 2303 Adalbertum
616 2263 681 2302 ex
712 2246 879 2302 Italia:
907 2261 1072 2317 regno
1101 2246 1323 2299 omnino
1352 2244 1604 2309 exclusit,
1657 2245 1825 2315 impe-

247 2340 529 2410 ratorisque
592 2339 812 2393 titulum
860 2356 889 2394 a
943 2339 1188 2394 Romana
1234 2338 1362 2393 sede
1403 2336 1640 2392 obtinuit
1684 2352 1826 2391 anno

248 2432 358 2488 96?.

308 2523 390 2577 55.
436 2524 663 2578 Annum
716 2523 940 2579 circiter
984 2523 1277 2578 Ratherius
1310 2522 1361 2576 in
1391 2520 1663 2576 Brunonis
1703 2519 1825 2575 aula

249 2613 548 2671 immoratus
568 2624 694 2680 est;
716 2630 858 2669 anno
877 2614 1142 2684 siquidem
1161 2613 1265 2669 955
1287 2630 1409 2669 cum
1433 2614 1550 2668 dure
1566 2612 1825 2667 Ecclesia:

248 2713 514 2760 vacassent
542 2745 559 2770 ,
619 2704 961 2760 Coloniensis
1011 2713 1066 2759 et
1116 2703 1485 2767 Leodicensis,
1532 2701 1713 2756 Bruno
1755 2700 1823 2756 ad

249 2794 641 2859 Coloniensem,
672 2794 969 2849 Ratherius
1010 2809 1138 2849 vero
1180 2794 1247 2847 ad
1274 2792 1660 2849 Leodicensem
1709 2806 1828 2861 pro-

249 2893 411 2940 motus
433 2885 553 2940 fuit.
584 2885 916 2939 Batherium
943 2884 1159 2953 quidem
1189 2884 1379 2939 eodem
1413 2882 1608 2937 nedum
1658 2896 1825 2947 anno,

247 2980 328 3033 sed
352 2979 509 3033 etiam
565 2978 662 3033 die
733 2978 799 3031 ad
874 2977 1260 3031 Lcodiccusem
1330 2975 1647 3030 cathedram
1698 2988 1827 3042 pro-

1930 1793 2137 1847 niensis
2160 1793 2619 1863 archiepiscopus,
2655 1795 2741 1849 cui
2767 1791 2881 1861 jam
2919 1795 3083 1849 totius
3112 1795 3263 1865 regni
3288 1793 3525 1865 (Lotha-

1931 1886 2125 1941 ricnsis
2154 1885 2531 1957 )dispensandi
2559 1902 2690 1941 cura
2720 1887 3058 1953 imminebat,
3094 1896 3243 1942 ratus
3266 1887 3340 1952 id,
3375 1885 3522 1957 quod

1929 1990 2117 2029 verum
2153 1976 2277 2042 fuit,
2304 1977 2449 2032 hunc
2480 1976 2712 2046 ejectum
2745 1978 2975 2032 antehac
3007 1986 3059 2033 ct
3088 1976 3391 2047 neglectum
3418 1976 3522 2045 hoc

1931 2075 2082 2120 tanto
2109 2066 2374 2122 beneﬁcio
2409 2068 2476 2123 ad
2523 2067 2654 2122 illud
2689 2067 2812 2123 ﬁdei
2847 2076 2901 2122 et
2945 2068 3193 2122 veritatis
3219 2066 3396 2122 facilus
3426 2066 3522 2120 ad-

1929 2160 2069 2223 duci,
2103 2169 2160 2213 ut
2206 2175 2237 2213 a
2264 2161 2479 2217 nemine
2514 2170 2696 2231 posset
2723 2160 2941 2223 reduci;
2995 2160 3067 2214 ita
3100 2160 3315 2214 demum
3345 2174 3408 2213 os
3432 2158 3515 2212 lo-

1930 2248 2212 2318 quentium
2265 2250 2448 2319 iniqua
2476 2250 2759 2304 obstruere
2806 2265 2965 2319 posse
2995 2248 3243 2313 credidit,
3298 2248 3343 2303 si
3375 2248 3521 2302 nulla

1928 2340 2142 2394 occasio
2172 2339 2410 2394 scandali
2436 2348 2622 2408 posset
2654 2338 2705 2392 iu
2733 2353 2920 2393 eorum
2944 2337 3196 2406 episcopo
3220 2335 3469 2405 reperiri.
3497 2354 3516 2386 ι

1931 2431 2009 2485 Ita
2065 2430 2321 2484 nimirum
2373 2428 2757 2484 ecclesiasticae
2813 2427 3107 2498 disciplina:
3165 2426 3347 2481 studio
3398 2440 3519 2479 mo-

1930 2536 2159 2592 rumque
2202 2520 2512 2592 integritate
2560 2519 2879 2574 Ratherium
2924 2529 3188 2588 praestare
3213 2516 3399 2571 Bruno
3428 2531 3525 2571 ex-

1928 2621 2114 2685 pertus
2162 2612 2360 2678 fuerat,
2386 2620 2445 2666 ut
2473 2610 2675 2666 nullam
2715 2611 2770 2673 in
2803 2625 2870 2665 eo
2899 2608 3139 2665 scandali
3173 2608 3535 2663 occasionem»

1930 2703 2159 2758 inveniri
2190 2701 2425 2775 [Lxxvu]
2451 2716 2608 2771 posse
2636 2700 2939 2756 certissime
2967 2698 3233 2753 crederet.
3263 2696 3373 2751 Has
3404 2710 3531 2752 eas-

1930 2794 2050 2849 dem
2082 2793 2315 2862 eligendi
2346 2792 2590 2846 Ratherii
2636 2807 2833 2846 causas
2860 2806 2928 2844 ex
2966 2789 3204 2860 Rotgero
3230 2786 3526 2843 Fuleuiuus

1932 2886 2146 2956 repetit.
2180 2886 2251 2938 Ea
2286 2900 2412 2940 vero
2437 2885 2595 2950 ratio,
2633 2900 2793 2954 quam
2826 2882 2871 2938 is
2901 2897 2968 2937 ex
3005 2896 3105 2937 suo
3135 2880 3340 2935 addidit
3374 2880 3515 2934 scri-

1931 2979 2084 3042 bens,
2150 2976 2464 3030 Ratherium
2531 2974 2801 3029 Brunonis
2867 2973 3133 3027 industria
3204 2968 3526 3025 Leodicensi

247 3079 455 3138 motum,
486 3087 600 3140 quo
624 3069 807 3125 Bruno
836 3078 1188 3124 consecratus
1240 3067 1341 3122 fuit
1383 3066 1823 3135 archiepiscopus
1849 3077 1895 3139 ρ
1931 3068 2183 3123 Ecclesia:
2234 3068 2635 3123 incardinatum
2698 3084 2715 3117 ι
2765 3067 2820 3121 in
2853 3064 3275 3121 emolumentum
3355 3061 3529 3133 magi-

247 3159 581 3225 Coloniensis,
620 3170 850 3215 testatur
881 3161 1023 3215 idem
1062 3158 1357 3213 Ratberius
1412 3157 1465 3211 in
1518 3174 1535 3207 ι
1601 3154 1824 3210 conclu-

247 3250 382 3305 sione
419 3252 777 3307 deliberativa
813 3270 830 3302 ι
874 3266 1023 3305 num.
1072 3251 1165 3305 25.
1209 3249 1322 3303 Hac
1372 3250 1438 3303 de
1484 3262 1648 3303 causa
1694 3246 1827 3301 Bru—

248 3355 473 3396 nonem:
514 3343 565 3396 in
604 3343 741 3412 ipsis
771 3341 1060 3397 sacerdotii
1086 3341 1169 3396 sui
1193 3340 1504 3409 primordiis
1551 3358 1569 3392 ι
1607 3353 1827 3410 promo-

251 3429 378 3485 visse
402 3431 748 3496 Ratberium,
778 3431 1046 3502 Rotgerus
1088 3431 1252 3486 tradit
1282 3428 1419 3502 (Vit.
1448 3428 1506 3484 S.
1543 3428 1735 3494 Brun.,
1768 3446 1824 3483 n.

253 3517 352 3589 5i).
396 3519 563 3576 Porro
584 3520 805 3593 [Lxxvi]
828 3522 1134 3577 Brunonem
1159 3536 1304 3576 anno
1328 3520 1433 3576 955
1452 3519 1827 3576 Coloniensem

253 3609 710 3682 archiepiscopum
734 3611 902 3668 fuisse
924 3612 1230 3667 ordinatum
1262 3620 1467 3666 certum
1499 3617 1673 3665 estex
1696 3609 1828 3665 Fro-

253 3697 435 3755 doardo
487 3716 677 3758 cozcvo
729 3702 997 3772 scriptore
1056 3701 1108 3756 in
1172 3700 1463 3764 Chronico,
1529 3714 1690 3768 quem
1736 3698 1826 3753 alii

254 3804 423 3846 omnes
445 3793 617 3848 secuti
642 3802 792 3848 sunt.
824 3792 959 3848 Hinc
979 3802 1127 3849 recte
1141 3793 1194 3847 in
1217 3791 1491 3847 Chronico
1508 3790 1825 3845 Leodicensi

254 3881 376 3947 apud
400 3880 681 3937 Labbeum
738 3883 756 3954 (
790 3882 876 3936 t.l
926 3882 1065 3936 Bibl.
1115 3899 1237 3937 mss.
1263 3897 1314 3951 p.
1351 3881 1454 3935 558
1480 3881 1522 3951 ),
1550 3882 1680 3935 etin
1720 3880 1828 3934 alio

256 3970 482 4027 Lobiensi
530 3973 676 4044 apud
706 3974 1005 4028 Martenem
1057 3982 1218 4042 atque
1268 3973 1578 4027 Durandum
1638 3972 1721 4042 (t.
1761 3971 1826 4026 lll

257 4059 392 4116 Thes.
420 4064 577 4119 Anec.
606 4080 661 4134 p.
698 4065 845 4136 145),
901 4074 954 4119 et
984 4066 1037 4119 in
1058 4065 1239 4121 Gestis
1276 4068 1653 4138 episcoporum
1694 4070 1827 4127 Leo-

252 4149 532 4208 dicensiqu
555 4154 763 4223 zEgidii
792 4154 1106 4211 Leodiensis
1132 4173 1181 4211 c.
1209 4157 1311 4230 45(
1338 4168 1375 4213 t.
1402 4159 1421 4213 l
1459 4159 1819 4217 Cunnum.

252 4256 299 4308 ι).
342 4245 500 4316 ὶῗϋ).
554 4248 806 4303 Ratherii
858 4252 1126 4318 promotio
1177 4251 1410 4322 afligitur
1481 4270 1626 4309 anno
1679 4256 1823 4323 955;

254 4343 454 4388 econtra
496 4351 628 4392 vero
656 4353 940 4408 perperam
969 4339 1285 4411 Sigebertus
1307 4351 1362 4396 et
1391 4343 1477 4397 alii
1501 4359 1624 4399 eum
1654 4348 1823 4401 secuti

256 4420 409 4489 ipsam
422 4426 702 4497 assignant
730 4444 877 4483 anno
899 4429 1025 4483 954.

316 4511 397 4568 54.
428 4515 754 4574 Ratherium
781 4521 1053 4576 Brunonis
1080 4538 1270 4592 opera,
1323 4541 1441 4591 seu,
1471 4538 1529 4582 ut
1561 4529 1612 4583 in
1655 4528 1826 4586 Phre—

255 4606 356 4659 nesi
381 4612 612 4665 traditur
637 4629 788 4667 num.
818 4614 870 4677 l,
899 4632 916 4664 ε
952 4616 1256 4672 interventu
1298 4638 1313 4670 ι
1343 4621 1406 4673 ad
1442 4621 1824 4679 Leodicenscm

257 4698 420 4753 sedem
476 4705 794 4771 pervenisse
849 4714 960 4759 tum
1014 4707 1281 4777 Rotgerus
1341 4710 1562 4781 (Bora.
1635 4711 1822 4769 νέμε.

256 4785 430 4855 Brun.,
457 4809 509 4846 n.
540 4793 655 4877 54),
694 4804 810 4849 tum
862 4795 1155 4854 Fulcuiuus
1202 4801 1541 4857 tradiderunt
1570 4805 1743 4876 (Fulc.
1771 4822 1822 4861 c.

255 4878 354 4949 25).
402 4884 643 4941 Lotharii
697 4904 948 4959 regnum,
980 4905 1074 4944 seu
1112 4892 1486 4966 Lotharingia,
1534 4912 1653 4967 quae
1705 4897 1823 4952 llil-

257 4970 387 5027 duini
415 4986 469 5029 et
500 4978 742 5034 Ricbarii
776 4990 1018 5051 tempore
1047 4983 1343 5038 Galliarum
1368 5001 1535 5056 regno
1568 5004 1826 5045 accense-

258 5060 420 5129 batur,
448 5083 553 5121 non
577 5071 746 5124 multo
768 5081 889 5139 post
906 5073 970 5126 ad
996 5072 1377 5130 Germanicum
1395 5092 1619 5145 regnum
1648 5095 1828 5136 acces-

258 5162 407 5207 serat.
453 5156 591 5214 Hinc
646 5162 919 5228 Conrado,
969 5179 1124 5234 quem
1174 5167 1414 5237 ejusdem
1461 5168 1828 5242 Lotharingiae

259 5241 430 5358 dilectu
468 5248 596 5358 atto
622 5252 930 5327 Gennanize
969 5274 1060 5314 rex
1092 5261 1471 5325 constituerat,
1508 5279 1651 5318 anno
1697 5241 1824 5327 955,

1935 3160 2107 3224 sterii,
2157 3177 2176 3212 ι
2214 3159 2316 3213 nisi
2348 3158 2633 3229 benignius
2687 3157 3007 3227 explicetur,
3054 3154 3325 3210 Brunonis
3371 3167 3529 3209 sanc-

1933 3253 2085 3308 titate
2121 3251 2337 3321 indigna
2362 3250 2597 3306 videtur.

2002 3342 2091 3397 55.
2133 3341 2411 3409 Quomodo
2442 3351 2623 3396 autem
2654 3341 2769 3397 iure
2803 3340 3048 3398 Ratberli
3081 3343 3352 3414 promotio
3386 3344 3528 3399 Bru-

1932 3448 2073 3487 none
2118 3441 2310 3503 agente
2350 3442 2571 3502 peracta
2621 3431 2821 3497 fuerit,
2870 3433 3069 3502 partim
3118 3450 3183 3489 ex
3230 3434 3525 3501 Pltrenesi,

1931 3525 2126 3593 partim
2154 3540 2221 3580 ex
2253 3543 2271 3575 ι
2306 3523 2652 3578 conclusione
2680 3523 3031 3578 deliberativa
3069 3543 3088 3577 ι
3119 3528 3523 3597 cognoscimus.

1932 3615 2045 3670 Mos
2077 3614 2236 3683 hujus
2281 3614 2378 3669 :evi
2419 3622 2537 3668 erat
2577 3613 2860 3683 episc0pos
2902 3629 3025 3669 cum
3070 3616 3216 3686 regis
3256 3631 3528 3673 consensu

1930 3707 2145 3777 eligere.
2177 3706 2291 3761 Nisi
2320 3716 2500 3760 autem
2546 3705 2647 3769 vis,
2680 3704 2761 3759 vel
2789 3704 2940 3760 fraus
2964 3706 3142 3776 aliqua
3188 3707 3529 3763 intercessis-

1931 3807 2037 3862 set,
2067 3796 2194 3851 cleri
2226 3804 2278 3852 et
2305 3796 2483 3866 populi
2514 3795 2708 3850 electio
2738 3795 3034 3850 secundum
3074 3811 3313 3852 canones
3345 3799 3527 3867 requi-

1930 3890 2169 3942 rebatur.
2217 3886 2274 3942 S.
2319 3888 2501 3941 Bruno
2548 3887 2682 3941 nihil
2726 3887 2827 3941 nisi
2866 3887 2988 3956 jure
3038 3889 3304 3958 agendum
3349 3890 3523 3946 duxit.

1931 3982 2069 4037 llinc
2094 3981 2363 4051 Rotgerus
2390 3981 2454 4035 de
2487 3980 2749 4034 Ratberio
2779 3980 2857 4033 ait
2887 3998 2899 4033 :
2941 3998 2959 4030 ι
2991 3979 3309 4035 Leodicensi
3340 3981 3525 4037 cathe-

1930 4072 2040 4127 dra:
2068 4072 2305 4136 vacanti,
2334 4085 2525 4140 magna
2552 4068 2668 4137 ejus
2698 4068 3011 4139 (Brunonis)
3044 4069 3307 4123 industria
3333 4084 3527 4125 secun-

1929 4164 2055 4218 dum
2084 4170 2284 4218 statuta
2314 4176 2580 4217 canonum
2610 4160 2979 4215 incardinatus
3007 4169 3111 4215 est.
3150 4180 3169 4212 ι
3204 4160 3521 4225 Fulcuinus,

1929 4258 2019 4328 qui
2064 4258 2210 4311 hunc
2259 4255 2437 4310 locum
2480 4270 2547 4309 ex
2595 4253 2831 4323 Rotgero
2877 4253 3255 4322 transcripsit,
3305 4252 3525 4318 omissis

1930 4350 2113 4406 verbis
2140 4370 2157 4401 ‹
2193 4347 2491 4403 secundum
2525 4354 2726 4401 statuta
2764 4360 3065 4409 cariosum,
3097 4344 3185 4398 illa
3222 4345 3276 4398 in
3317 4344 3526 4399 emolu-

1861 4434 1911 4494 D
1941 4450 2178 4498 mentum
2202 4440 2497 4511 magisterii
2518 4459 2537 4491 ι
2559 4437 2856 4494 substituit.
2879 4437 2936 4491 lu
2960 4435 3242 4493 Phrenesis
3262 4439 3525 4509 prooemio

1936 4549 2087 4589 num.
2124 4534 2179 4596 1,
2211 4532 2330 4587 duae
2359 4530 2601 4586 Ratherii
2642 4528 2933 4584 electiones
2962 4528 3390 4598 distingmmtur,
3418 4543 3523 4583 una

1936 4627 1988 4681 in
2011 4624 2337 4695 Aquisgrani
2364 4624 2562 4693 palatio
2588 4642 2606 4673 ε
2630 4620 2764 4677 feria
2785 4621 2818 4674 4
2840 4620 3096 4676 solemnis
3108 4620 3301 4689 jejunii
3325 4621 3528 4673 mensis

1936 4715 2173 4786 septimi,
2207 4736 2224 4768 ι
2264 4732 2383 4787 qua:
2413 4729 2556 4771 anno
2583 4712 2689 4767 955
2716 4712 2904 4766 incidit
2933 4712 2986 4765 in
3013 4712 3152 4766 diem
3182 4710 3245 4763 2|
3279 4710 3538 4777 Septemm

1934 4810 2047 4863 bris
2075 4806 2134 4861 S.
2181 4807 2416 4865 Matthxi
2458 4808 2677 4872 festum,
2719 4806 2884 4861 altera
2926 4805 3158 4861 Colonia:
3197 4822 3218 4854 ‹
3250 4803 3529 4858 Dominica

1931 4899 2202 4968 sequenti,
2237 4920 2253 4952 ι
2289 4899 2544 4955 nimirum
2572 4897 2657 4952 die
2679 4896 2750 4949 25
2770 4896 3009 4968 ejusdem
3036 4892 3257 4950 mensis.
3284 4890 3539 4945 Priorem-

1930 4989 2249 5045 eleetionem
2294 5010 2313 5042 ‹
2346 4991 2414 5045 ab
2456 4992 2552 5057 iis,
2602 5002 2833 5057 quorum
2864 4986 3148 5057 specialius
3179 4982 3470 5046 intererat,
3505 5001 3526 5032 ι

1929 5090 2204 5152 peractam
2249 5082 2445 5137 ibidem
2476 5087 2668 5138 auctor
2707 5080 2888 5133 tradit.
2921 5078 3052 5133 Cum
3096 5087 3258 5141 porro
3299 5069 3531 5126 alteram

1936 5171 2258 5227 electionem
2291 5192 2309 5224 ι
2340 5174 2407 5229 ab
2433 5174 2646 5233 eodem,
2673 5168 2777 5223 hoc
2802 5177 2881 5223 est
2904 5162 3248 5221 Leodicensis
3273 5160 3534 5217 Ecclesia:

1930 5261 2126 5332 populo
2164 5283 2181 5315 ι
2213 5264 2413 5319 factam
2444 5264 2713 5323 afﬁrmet;
2772 5272 2864 5312 eos
2918 5276 2937 5307 ι
2981 5267 3209 5322 quorum
3266 5253 3532 5306 intererat
