4038 5388
514 342 581 399 67
1510 334 1913 392 RATllElllUS
1955 322 2391 389 VERONENSIS
2430 322 2827 389 EPISCOPUS.
3709 335 3780 393 63

518 455 765 525 Brimone
811 440 1006 532 iactam
1052 445 1367 519 pronuntiat
1414 466 1431 497 ι
1460 444 1559 501 sub
1605 444 1888 516 prmscntia
1938 444 2103 498 totius
2130 444 2177 504 Λ
2208 441 2437 529 decretis
2469 444 2816 512 pontiﬁcum,
2851 451 2905 500 et
2935 444 3281 516 antiquorum
3321 447 3582 520 exemplis
3606 491 3619 515 ,
3660 466 3792 507 con-

514 542 795 607 Ecclesize,
825 549 878 596 et
903 555 1195 605 consensu,
1232 538 1322 607 qui
1353 538 1535 607 utique
1563 544 1619 591 ct
1647 535 1939 607 requiritur
1970 534 2099 605 legi-

512 616 636 707 bus,
660 633 1004 692 clericorum.
1050 650 1069 683 ι
1098 630 1262 685 Addit
1299 630 1353 683 in
1402 627 1651 705 Phrenesi
1679 643 1739 683 se
1773 625 2096 696 Aquisgrani

499 710 623 784 'nnn
646 726 821 790 solum
849 724 1080 780 electum
1128 738 1157 776 a
1188 720 1629 785 Leodicensibus,
1669 734 1898 790 quorum
1928 719 2095 772 inter-

514 794 664 889 erat,
710 816 805 873 sed
841 824 899 872 et
940 833 957 866 ι
996 812 1292 883 expetitum
1340 811 1408 890 ab
1452 810 1740 880 episcopis,
1788 807 2095 872 abbatibus,

511 909 832 981 comitibus,
861 906 1133 976 totiusque
1169 901 1317 974 regni
1356 900 1717 973 primoribus,
1744 920 1762 953 ι
1801 900 2094 975 quinimi-

512 1018 632 1069 rum
659 1009 817 1058 erant
857 1000 912 1055 in
942 996 1197 1069 comitatu
1218 1035 1234 1061 ,
1262 1001 1319 1047 et
1349 993 1417 1047 ad
1434 992 1838 1071 ordinationem
1875 990 1935 1046 S.
1963 990 2097 1073 Bru-

511 1096 671 1159 nonis
689 1089 1022 1154 Coloniensis
1042 1084 1433 1157 archiepiscopi
1460 1082 1880 1161 frequentissimi
1895 1097 2093 1143 conve-

511 1196 726 1255 nerant.
765 1181 1008 1238 llatberii
1052 1178 1245 1253 electio
1270 1192 1301 1232 a
1337 1176 1593 1231 Brunone
1634 1175 1959 1241 constituta,
2000 1188 2094 1229 seu

509 1275 803 1347 approbata
832 1292 850 1325 ι
885 1271 1075 1328 eodem
1097 1268 1185 1326 die
1207 1287 1227 1323 ι
1258 1276 1382 1341 post
1401 1283 1554 1322 suam
1581 1265 2008 1331 ordinationem,
2041 1273 2095 1318 et

513 1386 543 1437 ιε
558 1374 677 1439 post
703 1363 1094 1436 professionem
1119 1376 1148 1416 a
1171 1375 1252 1429 se,
1279 1358 1339 1415 ut
1359 1360 1524 1414 moris
1551 1366 1652 1424 est,
1678 1356 1900 1424 factam,
1925 1372 2109 1413 cano-.

493 1447 649 1517 'nicis
673 1456 815 1528 quod
845 1469 1059 1525 semper
1081 1451 1337 1508 obediens
1352 1449 1489 1505 foret
1509 1448 1843 1520 prmecptiS,»
1866 1447 2095 1501 traditur

509 1552 562 1606 in
577 1549 790 1604 laudata
816 1543 1219 1602 «conclusione»
1236 1556 1388 1596 num.
1408 1539 1497 1595 26.
1515 1538 1653 1594 Hinc
1664 1539 1898 1610 primum
1913 1537 2093 1591 Bruno

505 1642 592 1707 die
620 1620 693 1697 2t
721 1636 1058 1709 Septembris
1092 1642 1442 1692 consecratus
1460 1672 1476 1699 ,
1504 1632 1628 1688 dein
1658 1631 1946 1686 Ratherius
1984 1630 2093 1686 ele-

506 1744 645 1789 ctus.
687 1732 804 1788 Non
843 1729 1017 1786 solum
1059 1726 1147 1784 ille
1174 1726 1286 1798 iam
1329 1733 1680 1782 consecratus
1716 1721 1968 1797 [Lxxvm]
2003 1739 2093 1777 ar-

506 1827 914 1896 chiepiscopus,
944 1822 1041 1878 sed
1076 1821 1168 1876 alii
1196 1834 1410 1890 quoque
1440 1818 1677 1890 episcopi
1707 1817 1848 1873 hanc
1870 1816 2090 1873 electio-

507 1934 629 1979 nem
659 1919 953 1991 legitimam
978 1914 1433 1986 comprobarunt,
1464 1912 1704 1985 nihilque
1729 1912 1785 1966 in
1811 1927 1876 1971 ea
1902 1920 2089 1967 contra

505 2025 741 2065 canones
778 2018 987 2079 gestum
1012 2004 1344 2076 iudicarunt.
1384 2002 1523 2059 Hine
1552 2011 1743 2058 auctor
1776 2002 1829 2056 in
1864 1999 2091 2058 Conclu—

504 2102 649 2155 sione
686 2116 833 2154 num.
870 2100 962 2163 2|,
1008 2096 1313 2169 «judicium
1344 2092 1673 2165 pmsulum,
1716 2091 2088 2149 testimonium

503 2193 868 2254 decretorum,
900 2188 1236 2247 sanctionem
1263 2200 1532 2242 canonum
1564 2204 1593 2276 i
1614 2192 1951 2276 memorat...
1982 2181 2092 2236 Ad-

502 2283 580 2338 dit
606 2297 753 2336 num.
786 2280 877 2348 22,
908 2299 926 2332 ι
959 2278 1100 2350 regis
1125 2290 1466 2342 concessum,
1491 2294 1511 2328 ι
1543 2274 1599 2330 id
1622 2274 1706 2328 est
1725 2286 2084 2337 consensum;

500 2379 554 2425 et
584 2385 734 2425 num.
860 2408 876 2434 ,
907 2366 1139 2437 diploma
1173 2364 1390 2435 aliquod
1422 2362 1567 2434 regia
1613 2378 1776 2416 manu
1819 2363 2088 2433 signatum

501 2462 701 2516 innuit.
739 2461 820 2517 Ita
855 2459 1020 2516 etiam
1061 2458 1115 2512 in
1153 2456 1416 2513 electione
1456 2454 1516 2509 S.
1565 2452 1802 2509 L'dalrici
1849 2452 2087 2524 episcopi

499 2550 801 2622 Augustam
844 2568 864 2601 ι
897 2549 1134 2605 edictum
1166 2547 1307 2618 regis
1334 2565 1352 2598 ι
1395 2545 1577 2600 laudat
1608 2546 1660 2600 in
1690 2543 1806 2615 ejus
1836 2546 1957 2601 Vita
1984 2544 2088 2601 Ge-

501 2636 696 2703 rardus
748 2640 1031 2712 presbyter
1057 2654 1107 2695 c.
1139 2637 1193 2706 2,
1220 2655 1276 2694 n.
1307 2639 1338 2693 7
1367 2636 1520 2710 (tom.
1576 2636 1664 2693 Vll
1699 2639 1815 2692 Act.
1848 2638 1956 2694 SS.
1986 2635 2087 2692 Be-

504 2735 647 2800 ned.,
689 2749 812 2807 pag.
856 2732 1006 2806 420).
1052 2732 1321 2793 Brunonis
1361 2730 1703 2788 ordinatione
1746 2747 1776 2786 a
1827 2732 2087 2788 Rotberto

502 2825 811 2883 Trevirensi
871 2824 1281 2896 archiepiscopo
1331 2823 1658 2896 Aquisgrani
1719 2822 1936 2890 laudato
1998 2822 2088 2879 die

500 2915 567 2969 2t
611 2913 948 2986 Septembris
992 2922 1252 2985 paracta,
1286 2912 1514 2984 publica
1559 2911 1678 2982 ejus
1720 2911 1987 2983 institutio
2031 2912 2084 2967 in

502 3006 807 3066 Coloniensi
845 3005 1083 3062 Ecclesia
1120 3005 1174 3062 iu
1217 3012 1534 3076 sequentem
1572 3003 1910 3060 Dominicum
1942 3003 2085 3060 diem

502 3100 575 3156 25
614 3098 948 3171 Septembris
992 3096 1190 3166 reiecta
1232 3096 1468 3152 videtur.
1512 3094 1626 3151 Hac
1667 3095 1885 3165 quidem
1928 3109 2083 3151 occa-

2200 532 2308 587 cilii
2333 524 2537 602 judicio
2578 545 2837 591 statutum
2877 536 3011 601 fuit,
3053 536 3185 592 nihil
3223 554 3556 609 repugnare,
3597 541 3705 597 imo
3733 552 3789 597 et

2200 626 2434 681 decretis
2458 667 2473 691 ,
2507 636 2561 682 et
2607 629 2867 697 exemplis
2912 630 3297 698 antiquorum,
3354 649 3373 681 ‹
3406 631 3605 700 quibus
3644 642 3698 686 et
3736 633 3787 686 id

2200 720 2522 788 contigerat,
2551 739 2570 772 ›
2604 722 2867 792 ejusmodi
2898 722 3306 778 translationem
3335 722 3538 776 licitam
3574 722 3788 796 [una]

2202 810 2512 878 approbari.
2578 812 2710 867 Vide
2790 830 2807 862 ι
2846 811 3245 867 conclusionem
3316 811 3721 869 deliberativam
3761 834 3781 865 ι

2200 915 2351 953 num.
2392 899 2482 954 40.
3698 954 3701 957 λ

2271 991 2356 1046 56.
2424 992 2694 1050 Solemnis
2745 993 2860 1049 haec
2914 974 3262 1049 intronizatio
3302 991 3544 1049 Ratherii
3596 992 3648 1048 in
3695 1010 3789 1049 ca-

2199 1081 2427 1136 thedrali
2455 1082 2761 1138 Coloniensi
2792 1094 2911 1138 acta
2940 1092 3053 1149 est,
3083 1083 3279 1139 tradita
3306 1083 3479 1139 eidem
3506 1098 3537 1138 a
3561 1081 3618 1139 S.
3648 1081 3787 1138 Bru-

2197 1184 2341 1226 none
2402 1171 2745 1242 metropolita
2808 1171 3155 1229 Lcodiccnsis
3213 1172 3467 1228 Ecclesia:
3529 1172 3786 1243 pastorali

2198 1250 2349 1333 virga
2381 1270 2506 1317 ante
2548 1254 2718 1319 altare
2755 1262 2809 1320 S.
2846 1263 2989 1319 Petri
3026 1261 3292 1336 (Condus.
3329 1281 3381 1318 n.
3415 1264 3505 1336 ὅθ)
3539 1284 3552 1318 :
3591 1264 3681 1335 qui
3715 1265 3790 1318 ι’ἰ-

2199 1360 2285 1405 tus
2327 1353 2798 1409 animadversione
2842 1355 3036 1425 dignus
3075 1365 3178 1410 est.
3226 1353 3348 1409 Mox
3390 1356 3704 1411 concionem
3754 1368 3787 1408 e

2195 1455 2445 1517 suggestu
2479 1457 2744 1518 prmscnte
2777 1447 3217 1519 frequentissimo
3247 1451 3446 1520 populo
3479 1451 3787 1507 Rodbertus

2194 1528 2634 1608 archiepiScOpus
2673 1539 2893 1605 habuit,
2926 1556 3030 1611 qua
3063 1540 3384 1596 Ratherium
3418 1560 3437 1593 ‹
3474 1557 3634 1612 supra
3662 1558 3785 1597 am‘

2193 1625 2388 1681 bonem
2416 1627 2673 1685 Ecclesia:
2700 1628 3034 1687 Coloniensis
3058 1640 3336 1703 spectante
3355 1643 3552 1693 cuncto
3579 1631 3787 1705 Specia-

2194 1716 2299 1772 lius
2329 1718 2652 1774 collaudavit
2677 1721 2874 1793 populo
2907 1719 3183 1795 (Plzrenes.
3219 1740 3274 1778 n.
3312 1723 3382 1795 l).
3414 1743 3432 1777 ι
3469 1722 3786 1779 Ξυὺερειιιεη

2123 1809 2323 1870 Bsunt
2371 1809 2789 1867 acclamationes
2848 1813 3029 1883 populi
3083 1826 3246 1884 atque
3298 1813 3593 1880 nobilium,
3651 1814 3783 1870 cieri

2166 1910 2412 1966 cautus,
2455 1910 2511 1957 et
2557 1901 2768 1957 sonitus
2802 1904 3102 1974 signarunt,
3135 1919 3254 1974 quae
3290 1918 3583 1974 campanas
3624 1919 3785 1960 voca-

2189 2006 2328 2047 mus.
2383 1992 2598 2063 Scripta
2639 2003 2903 2065 praeterea
2951 1995 3050 2050 fuit
3084 1997 3335 2068 synodica
3375 1999 3441 2052 ad
3486 1996 3784 2052 Lcodiccns

2189 2094 2303 2136 sem
2332 2080 2537 2137 clerum
2566 2092 2621 2138 et
2646 2085 2903 2155 populum
2933 2086 2999 2142 de
3029 2085 3273 2143 Ratherii
3300 2089 3660 2157 promotione,
3692 2090 3781 2143 cui

2189 2173 2631 2244 subscripserunt
2679 2185 2887 2247 septem
2934 2178 3221 2248 prtesnles,
3264 2194 3399 2249 quos
3444 2179 3603 2250 paulo
3655 2190 3781 2235 ante

2188 2267 2628 2324 memoravimus.
2661 2268 2741 2324 Ex
2781 2269 2866 2324 his
2904 2270 3121 2340 quidam
3161 2286 3283 2325 cum
3319 2271 3435 2341 ipso
3469 2271 3719 2326 Brunone
3749 2288 3780 2325 a

2186 2354 2414 2410 concilio
2444 2354 2622 2428 legati,
2654 2358 2744 2428 qui
2776 2358 3095 2414 Ratherium
3140 2360 3436 2418 Leodicum
3476 2363 3734 2417 ducerent
3762 2397 3778 2427 .

2186 2455 2241 2500 et
2288 2455 2411 2516 post
2451 2457 2726 2517 gestorum
2774 2450 3114 2519 relationem,
3158 2467 3278 2522 qua:
3315 2457 3593 2507 assensum
3637 2452 3781 2523 regis

2185 2536 2533 2606 praeferebat,
2582 2539 2756 2610 ipsum
2792 2541 2939 2598 clero
2970 2550 3029 2598 et
3068 2543 3264 2613 populo
3301 2543 3612 2599 Leodicensi
3655 2530 3779 2599 a'ctn

2187 2630 2587 2698 praeﬁdentes,
2637 2630 2693 2685 in
2741 2632 3031 2704 episcOpali
3080 2633 3208 2689 sede
3257 2633 3517 2689 locarent.
3565 2633 3799 2701 Quanta.

2190 2730 2373 2775 autem
2406 2735 2529 2776 cum
2561 2723 2934 2780 universorum
2964 2724 3375 2782 Leodiccnsium
3408 2727 3594 2783 laetitia
3620 2713 3781 2785 exec-

2185 2820 2311 2883 ptus
2365 2811 2569 2880 fuerit,
2626 2822 2818 2870 auctor
2870 2814 3139 2889 signiﬁcat
3191 2832 3340 2871 num.
3389 2804 3498 2884 '59,
3550 2817 3781 2875 laudatas

2190 2922 2210 2957 ι
2241 2903 2607 2961 conclusionis
2636 2925 2655 2959 ι
2708 2906 2799 2961 tibi
2839 2921 2897 2963 se
2925 2922 3044 2964 eam
3087 2907 3385 2964 Ecclesiam
3425 2909 3568 2965 nolle
3600 2909 3782 2965 dimit-

2188 3004 2301 3050 tere
2332 2992 2597 3062 aﬂirmat,
2634 3014 2653 3048 ι
2682 3011 2749 3051 nc
2794 2997 3190 3068 susceptionem
3232 3006 3339 3054 tam
3386 3009 3736 3069 spontaneam
3762 3039 3779 3067 ,

2186 3094 2299 3142 tam
2336 3086 2563 3144 hilarem
2584 3127 2602 3155 ,
2633 3097 2741 3142 tam
2773 3088 3055 3155 devotam,
3086 3100 3196 3146 tam
3225 3090 3558 3161 populosam,
3602 3091 3779 3146 laudi-

504 3194 658 3251 sione
682 3189 871 3247 eodem
901 3189 986 3244 die
1010 3188 1101 3267 25,
1130 3202 1267 3244 nova
1294 3196 1351 3242 et
1376 3186 1667 3243 solemnior
1704 3185 1947 3240 Batherii
1974 3185 2086 3242 elc-
2113 3179 2160 3241 C
2190 3177 2290 3232 bus
2336 3186 2416 3233 tot
2452 3175 2600 3248 (quia
2648 3178 2808 3235 datus
2829 3182 2904 3235 'ei
2953 3180 3184 3253 fueram)
3230 3182 3428 3238 Christi
3480 3181 3733 3238 refertam
3763 3222 3780 3246 ς

504 3285 613 3340 ctio
640 3291 695 3339 et
728 3266 1085 3337 incartlinatio
1116 3266 1313 3335 ibidem
1342 3279 1615 3336 celebrata
1642 3289 1726 3334 est
1750 3319 1766 3342 ,
1793 3287 1850 3332 ut
1878 3293 1944 3334 cx
1975 3293 2088 3333 me-

504 3383 715 3431 morato
760 3370 1034 3428 Pltreuais
1072 3370 1336 3441 protentio
1381 3369 1672 3433 discimus,
1714 3368 1805 3423 ubi
1831 3368 1962 3441 .ltaec
2007 3368 2083 3422 lc-

503 3474 703 3538 guntur
746 3480 898 3523 num.
943 3464 964 3517 l
1006 3481 1019 3517 :
1064 3481 1083 3514 ι
1116 3461 1351 3515 Rursum
1396 3458 1648 3531 sequenti
1696 3458 1973 3515 Dominica
2020 3459 2088 3515 ab

502 3560 717 3624 eodem,
744 3558 848 3614 hoc
871 3565 975 3623 est,
1005 3554 1351 3611 Lcodiccnsis
1370 3552 1620 3608 Ecclesiae
1639 3550 1834 3623 populo
1862 3551 2084 3614 electus,

502 3661 708 3722 septem
746 3663 778 3702 a
819 3646 1175 3718 coepiscOpis,
1219 3645 1326 3701 duo
1368 3659 1598 3714 quorum
1642 3642 1861 3699 fuerunt
1903 3643 2087 3717 archi-

502 3739 791 3812 praesules,
836 3736 1015 3791 caeteri
1065 3735 1341 3805 praesules,
1379 3735 1656 3804 praelibato
1703 3734 1911 3790 scilicet
1946 3734 2085 3789 Bru-

503 3845 678 3896 none,
718 3826 992 3883 Rodberto
1021 3865 1035 3890 ,
1063 3823 1343 3889 Baldrico,
1383 3823 1728 3890 llildebaldo,
1769 3823 2083 3894 Druogonc,

500 3908 831 3992 Bercngario
888 3928 1050 3987 atque
1098 3914 1350 3971 Folberto
1378 3954 1393 3982 ,
1449 3913 1792 3969 eonniventia
1843 3914 2087 3968 decreto-

505 4031 649 4081 rum,
678 4026 944 4069 consensu
973 4016 1133 4078 atque
1162 4006 1428 4078 exemplis
1449 4004 1825 4062 nonnullorum
1844 4045 1858 4070 ,
1890 4005 2086 4075 quibus

503 4112 558 4157 et
595 4103 650 4159 id
685 4102 1030 4171 contigerat,
1068 4096 1446 4166 antiquorum,
1486 4110 1696 4151 summo
1741 4095 1935 4162 totius,
1967 4111 2088 4166 qum

504 4193 729 4259 aderat,
775 4193 993 4255 favore,
1030 4188 1330 4244 destinatus
1367 4186 1542 4242 eidem
1576 4194 1737 4257 atque
1773 4186 2088 4242 solemniter

475 4280 859 4343 ‘intronizatus
918 4280 1194 4338 Ecclesiae.
1253 4298 1272 4332 ι
1327 4280 1441 4334 Duo
1484 4279 1894 4349 archipraasules
1933 4290 2090 4336 erant

502 4379 686 4434 Bruno
705 4375 1140 4446 archiepiscopus
1163 4370 1501 4429 Coloniensis
1551 4380 1606 4427 et
1629 4370 1934 4429 Rodbertus
1955 4372 2088 4428 Tre-

502 4469 769 4536 vircnsis;
808 4467 1086 4524 Baldricus
1125 4472 1243 4520 erat
1280 4463 1564 4535 episcopus
1605 4461 1984 4533 Ultrajectinus
2017 4465 2084 4519 ad

2185 3269 2357 3340 plebis
2400 3284 2525 3343 erga
2576 3286 2662 3327 me
2713 3272 3110 3349 devotissimm,
3158 3274 3433 3345 accepisse
3480 3274 3781 3331 calumnicr

2187 3363 2414 3435 ingrate.
2448 3384 2465 3416 ι
3248 3436 3255 3441 ο

2257 3455 2346 3509 57.
2389 3453 2511 3511 lltec
2553 3466 2731 3512 autem
2771 3466 2876 3512 tam
2908 3457 3027 3512 beta
3059 3458 3214 3515 initia
3250 3460 3402 3516 brevi
3437 3461 3488 3515 in
3524 3470 3770 3532 apertam

2187 3546 2507 3617 tristemque
2553 3546 2900 3602 rebellionem
2936 3548 3294 3614 transierunt.
3324 3548 3429 3603 Pro
3466 3551 3641 3607 salute
3680 3566 3779 3621 po-

2185 3636 2297 3706 puli
2329 3636 2430 3690 sibi
2461 3636 2654 3691 crediti
2685 3652 2858 3693 novus
2886 3638 3171 3708 episcopus
3200 3636 3442 3707 pluribus
3472 3638 3795 3711 laboravit,

2187 3729 2347 3800 idque
2376 3728 2691 3800 aliquandiu
2720 3729 2818 3800 ipsi
2850 3730 2985 3786 bene
3014 3729 3263 3795 cessisse,
3295 3730 3536 3785 indicare
3566 3732 3797 3799 videtur,

2186 3823 2433 3892 quaedam
2483 3822 2736 3895 allegoria
2792 3823 2847 3877 in
2906 3823 3103 3878 librum
3156 3819 3509 3891 Confessionis
3572 3823 3777 3881 inserta

2188 3929 2341 3969 num.
2372 3912 2472 3980 '58,
2506 3914 2559 3969 in
2600 3930 2761 3984 quam
2793 3915 2917 3969 vide
2949 3923 3063 3969 not.
3092 3914 3178 3969 79.
3218 3914 3288 3968 At
3324 3930 3428 3970 non
3459 3915 3628 3972 multo
3656 3925 3780 3987 po.~t

2185 4017 2312 4072 pars
2340 4004 2584 4071 quzcdam
2612 4005 2998 4074 praepotentior
3026 4006 3081 4059 in
3110 4021 3234 4061 eum
3266 4006 3406 4062 male
3433 4004 3623 4077 aﬂccta
3656 4027 3674 4059 ι
3706 4010 3791 4063 ad.

2186 4094 2267 4148 sui
2306 4094 2595 4164 perniciem
2626 4094 2922 4165 prmvalnit,
2947 4095 3122 4165 inquit
3151 4115 3168 4145 ι
3202 4094 3514 4152 Fulcuinus.
3554 4115 3574 4148 ι
3613 4098 3788 4169 ρυίιιε

2187 4185 2317 4256 quid
2340 4199 2438 4255 pro
2468 4184 2640 4243 salute
2679 4202 2865 4241 eorum
2893 4195 3102 4259 gestum
3141 4200 3258 4254 est,
3297 4190 3399 4244 hoc
3427 4190 3527 4245 sibi
3558 4192 3793 4259 pestife-,

2188 4293 2307 4331 rum
2336 4276 2740 4333 existimabant.
2771 4278 2908 4346 Quid
2944 4279 3111 4334 multa
3136 4282 3159 4334 ?
3190 4279 3442 4339 Erratum
3478 4293 3580 4345 est,
3613 4284 3773 4338 szeri-

2188 4379 2303 4426 tum
2336 4380 2455 4437 est,
2491 4387 2591 4427 nec
2632 4380 2900 4427 cessatum
2943 4380 3058 4439 est,
3102 4372 3276 4428 donec
3314 4373 3625 4445 expulsione
3659 4358 3792 4441 ejus

2187 4462 2489 4519 crudelitati
2530 4478 2641 4519 sua:
2678 4472 2733 4519 et
2778 4465 3031 4535 nequitia:
3074 4462 3471 4521 satislacerent.
3502 4482 3521 4518 ι
3565 4464 3789 4525 Recens.

503 4530 793 4624 ltltcnum',
850 4554 1193 4611 llildebaldns
1246 4530 1532 4626 episcopus
1584 4530 2043 4610 Transrhenensis
2066 4596 2081 4620 ,
2116 4530 2162 4589 ί)
2188 4560 2378 4607 auctor
2400 4567 2496 4623 pro
2529 4570 2548 4604 ε
2582 4561 2821 4607 erratum
2844 4530 2946 4608 est.
2988 4530 3322 4624 ilegendum
3350 4555 3524 4610 credit
3555 4575 3573 4619 ς
3599 4566 3775 4611 certa-

503 4664 600 4707 seu
634 4644 1090 4718 Mimigardensis,
1123 4644 1340 4716 Druogo
1380 4644 1840 4716 Osnabrngensis,
1878 4645 2082 4701 Beren-

502 4738 686 4809 gat'ius
713 4735 1096 4802 Virdunensis,
1134 4743 1190 4789 et
1222 4733 1508 4790 Folbertus
1544 4732 1970 4792 Cameracensis.
2010 4737 2085 4792 De

501 4830 606 4884 bac
643 4820 914 4893 secunda,
959 4824 1073 4904 sive
1109 4823 1273 4879 etiam
1307 4824 1373 4879 de
1399 4825 1573 4896 prima
1608 4823 1873 4879 electione
1911 4826 2082 4904 accipi

502 4926 709 4992 queunt
734 4917 821 4973 illa
851 4900 1038 4989 primae
1072 4915 1239 4985 partis
1274 4935 1291 4967 ι
1322 4915 1387 4971 de
1422 4924 1729 4986 contemptu
1761 4900 2024 4971 canonum
2057 4937 2075 4968 ι

502 5027 650 5067 num.
689 5010 764 5077 9,
808 5009 898 5064 ubi
948 5008 1014 5064 de
1060 5023 1156 5063 sua
1205 5006 1541 5078 promotionc
1580 5006 1647 5061 ad
1694 5007 2078 5062 Leudiccnst‘m

502 5101 800 5159 Ecclesiam
848 5099 1155 5157 consultum
1204 5098 1369 5154 fuisse
1420 5105 1652 5152 testatur
1705 5115 1723 5147 ι
1751 5097 2078 5169 gloriosissi-

503 5208 652 5249 mum
688 5190 972 5263 pracsulum
1016 5190 1326 5256 concilium,
1356 5188 1474 5243 illos
1502 5204 1631 5244 vero
1661 5188 2082 5245 misericorditer

504 5296 594 5346 me
621 5281 868 5350 elegisse,
903 5292 958 5336 et
992 5280 1172 5353 populi
1210 5295 1433 5336 assensu
1472 5280 1763 5350 conjuncto
1808 5266 2095 5361 fraterna?

2189 4651 2301 4698 tum
2332 4652 2445 4707 est;
2476 4662 2495 4694 ι
2547 4641 3009 4713 Ratheriumque,
3051 4652 3110 4697 ut
3158 4659 3277 4699 sese
3314 4657 3501 4700 contra
3547 4646 3775 4703 rebelles

2189 4744 2450 4800 tueretur,
2478 4736 2644 4790 armis
2665 4745 2905 4792 certasse
2930 4738 3257 4807 suspicatur.
3284 4737 3430 4793 lianc
3452 4753 3579 4793 vero
3600 4755 3662 4794 su
3694 4741 3773 4807 pi-

2189 4830 2399 4903 cionem
2446 4829 2661 4899 penitus
2695 4830 2935 4884 extrudit
2978 4830 3122 4885 idem
3169 4828 3460 4887 Ratlterius
3502 4832 3554 4886 in
3593 4831 3783 4893 libello

2194 4918 2505 4986 Phrenssis,
2558 4935 2725 4991 quem.
2767 4929 2893 4976 ante
2940 4920 3079 4989 hanc
3130 4922 3420 4976 editionem
3468 4922 3768 4987 ineditum,

2187 5020 2377 5065 auctor
2408 5011 2495 5066 ille
2523 5012 2706 5067 videre
2732 5027 2837 5065 non
2882 5010 3074 5081 potuit.
3106 5010 3162 5066 ln
3190 5012 3454 5082 promtnlo
3481 5014 3624 5068 enim
3654 5028 3685 5069 e
3706 5030 3770 5067 lli

2188 5103 2431 5173 opusculi
2458 5118 2607 5157 num.
2636 5104 2691 5169 2,
2719 5118 2777 5158 se
2800 5100 2955 5172 juxta
2988 5102 3419 5158 adversariorum
3446 5104 3768 5160 sententiain

2195 5212 2212 5244 ι
2247 5193 2617 5263 phreneticum
2652 5211 2669 5244 ι
2705 5206 2813 5246 ηοιι
2862 5190 3141 5258 dilIitctur,
3196 5193 3393 5263 quippe
3441 5191 3628 5265 [Lxxx]
3677 5195 3769 5264 qui

2196 5304 2214 5336 ι
2250 5283 2505 5338 inusitato
2536 5294 2645 5335 tum
2688 5282 2946 5350 temporis
2971 5295 3142 5346 more,
3172 5296 3279 5337 non
3302 5281 3369 5335 ad
3400 5296 3649 5336 nummos
3681 5284 3789 5343 tali,
