4038 5388
203 314 273 375 69
1258 312 1798 372 rnocsconcxs.
1837 338 1908 352 σ-
1947 309 2272 365 RATllEltll
2321 307 2493 365 VITA.
3423 317 3492 372 το

209 444 386 487 solum
419 425 672 483 Fulcuini
712 425 877 482 editio
912 424 1072 480 habet
1117 443 1137 475 ι
1169 432 1408 480 erratum
1439 432 1542 485 est,
1577 443 1594 474 ι
1623 437 1807 476 verum
1842 424 1885 483 Λ
1915 419 2208 474 \‘cronensi
2258 419 2383 474 sede
2426 417 2491 472 ad
2541 417 2920 474 Leodicensem
2963 419 3138 478 fuerat
3174 427 3488 495 translatus,

213 521 376 576 etiam
393 520 672 589 Rotgerus
687 518 736 572 in
757 516 814 571 S.
836 515 1100 570 Brunonis
1120 515 1257 578 Vita,
1272 531 1332 569 cx
1352 531 1455 584 qua
1481 515 1618 567 lnmc
1634 512 1807 566 locum

216 612 517 668 Fulcuinus
566 608 949 678 transcripsit:
990 615 1045 663 et
1091 607 1280 678 duplex
1320 607 1536 676 quidem
1587 603 1805 674 Rotgcri

213 707 380 762 editio
433 704 585 759 Surii
639 714 800 773 atque
862 702 1110 758 Leibnitii
1162 717 1227 756 ex
1276 701 1484 756 duobus
1534 700 1809 755 codicibus

214 806 428 867 sumpta
460 797 709 852 eamdem
739 795 1020 850 lectionem
1050 793 1286 864 prtefert,
1317 794 1456 848 sicut
1483 802 1535 848 et
1564 793 1650 848 ille
1678 792 1808 846 Rot-

213 889 324 958 geri
371 888 550 942 codex
583 886 844 940 Ratherio
879 900 1114 948 eoa-vus,
1162 899 1320 953 quem
1361 883 1655 937 Fulcninus
1695 898 1807 952 pra:

212 976 386 1032 oculis
438 977 652 1031 habuit.
687 975 744 1029 In
792 983 936 1028 tanta
985 989 1116 1045 ergo
1154 975 1400 1028 codicmn
1447 974 1805 1027 consensione

214 1065 344 1122 nihil
375 1066 801 1122 emendandum.
842 1065 1074 1120 Verbum
1109 1073 1292 1119 autem
1334 1084 1352 1116 ι
1386 1073 1624 1118 erratum
1664 1072 1746 1119 est
1781 1085 1799 1116 ι

213 1160 278 1213 ad
326 1158 696 1230 praecedentia
746 1155 1000 1222 refertur,
1061 1155 1256 1226 quibus
1306 1155 1574 1224 Rotgerns
1615 1171 1798 1209 narra-

211 1260 367 1306 verat
418 1251 478 1306 S.
511 1251 841 1315 Brunonem,
883 1264 1006 1304 cum
1058 1249 1377 1302 ltatherium
1408 1250 1474 1302 ad
1509 1247 1806 1303 Leodicen-

212 1357 323 1398 sem
379 1341 569 1397 sedem
619 1341 923 1410 promovit,
974 1339 1278 1408 spcravisse
1331 1339 1446 1394 fore
1497 1349 1556 1394 ut
1586 1359 1604 1390 t
1659 1338 1803 1393 nulla

209 1432 427 1487 occasio
450 1430 693 1486 scandali
722 1437 903 1500 posset
930 1429 982 1484 in
1012 1445 1200 1485 eorum
1227 1429 1480 1499 episc0po
1506 1428 1750 1498 reperiri.
1778 1449 1798 1482 ι

211 1522 370 1578 Parte
400 1531 584 1578 autem
615 1523 841 1576 adversa
871 1520 1197 1590 praevalente
1219 1536 1340 1577 cum
1371 1536 1625 1591 magnum
1649 1536 1807 1575 scan-

209 1616 390 1672 dalum
429 1616 597 1670 fuerit
636 1615 861 1670 subinde
886 1615 1179 1670 excitatum
1205 1653 1220 1679 ,
1267 1627 1326 1668 se
1361 1628 1572 1668 errasse
1610 1613 1803 1683 deprc-

214 1708 421 1762 hendit.
464 1707 786 1776 Quanquam
839 1705 939 1760 etsi
977 1705 1118 1774 apud
1167 1703 1486 1759 Fulcuinum
1535 1703 1807 1775 legeretur

1920 519 2258 576 accusantes,
2288 520 2658 580 opposuerunt
2681 527 2866 566 sacros
2903 528 3137 570 canones
3167 518 3256 587 qui
3283 521 3492 589 episco-

1912 616 2101 671 porum
2119 603 2500 657 translattones
2513 612 2630 657 vcta
2640 613 2758 656 runt
2778 603 2877 676 (De
2889 618 3183 679 contemptu
3204 627 3414 678 cauom,
3433 630 3490 685 p.

1912 693 1965 757 l,
2017 709 2072 746 n.
2112 693 2188 763 9).
2233 693 2322 748 llle
2354 708 2479 748 vero
2510 709 2628 749 sese
2669 695 2904 751 defendit
2967 707 3078 753 tum
3126 699 3345 758 decreto
3379 707 3494 760 An-

1913 786 2046 839 tlteri
2088 801 2260 856 papm,
2287 788 2429 856 quod
2463 796 2590 842 tunc
2618 788 2685 842 ab
2726 789 2977 844 omnibus
3019 790 3291 847 sincerum
3323 794 3490 852 habe-

1910 879 2089 943 batur,
2117 889 2225 932 tum
2258 879 2558 949 praesertim
2590 889 2898 936 sanctorum
2924 883 3270 953 antiquorum
3304 901 3494 942 exem—

1910 969 2032 1038 plis,
2065 970 2156 1038 qui
2183 985 2249 1024 ex
2293 985 2397 1024 una
2437 971 2563 1026 sede
2611 973 2678 1026 ad
2718 972 2878 1028 aliam
2919 975 3183 1031 transiere
3214 976 3486 1049 (Condus.

1909 1075 1964 1113 n.
1998 1058 2112 1128 40).
2169 1060 2389 1114 Addidit
2435 1076 2513 1127 se,
2563 1077 2684 1116 cum
2726 1064 2910 1134 pulsus
2950 1078 2980 1118 e
3021 1065 3316 1124 Veronensi
3363 1071 3493 1125 sede

1907 1150 2214 1220 episcopatu
2248 1161 2482 1219 careret,
2523 1168 2649 1208 vere
2688 1169 2791 1208 non
2825 1169 2981 1226 posse
3008 1157 3111 1212 dici
3141 1159 3206 1212 de
3230 1174 3336 1214 una
3361 1161 3490 1215 sede

1907 1242 1974 1296 ad
2033 1241 2194 1297 aliam
2249 1244 2591 1310 traductum;
2639 1261 2869 1317 cumque
2920 1249 3062 1319 ipsas
3113 1253 3499 1310 translationes

1908 1335 2302 1404 reprehendere
2350 1337 2524 1407 possit
2578 1353 2758 1403 nemo,
2811 1338 2855 1393 si
2901 1355 3006 1394 non
3035 1341 3269 1396 humana
3311 1343 3494 1414 aliqua

1907 1423 2138 1489 ratione,
2170 1426 2263 1480 sed
2291 1426 2614 1482 necessitate
2656 1426 2740 1482 vel
2769 1427 2999 1484 utilitate
3030 1429 3285 1486 Ecclesia:
3316 1432 3444 1487 flant
3475 1450 3492 1500 ;

1909 1516 2118 1570 monuit
2165 1535 2184 1568 ‹
2217 1532 2317 1572 nec
2363 1519 2606 1573 avaritiae
2647 1535 2830 1586 causa,
2875 1520 2962 1575 vel
3019 1524 3285 1592 superbiae
3323 1541 3380 1581 se
3412 1527 3496 1580 in-

1909 1605 2254 1671 tronizatnm,
2305 1607 2397 1661 sed
2423 1608 2637 1678 pulsum
2669 1625 2697 1661 a
2728 1609 2949 1680 propria
2978 1612 3123 1678 sede,
3169 1616 3496 1671 necessitate

1907 1706 2155 1753 coactum
2205 1699 2404 1755 adiisse
2448 1710 2576 1756 tunc
2626 1703 2888 1773 temporis
2933 1703 3237 1774 piissimum
3284 1722 3493 1778 regem,

209 1809 464 1856 certatum
493 1809 604 1862 est,
639 1775 762 1853 cum
801 1805 979 1852 tamen
1015 1797 1069 1852 id
1106 1797 1172 1852 de
1213 1796 1500 1862 Ratherio,
1540 1811 1703 1866 quem
1734 1797 1802 1852 ab
1837 1775 1880 1832 Β
1911 1805 2054 1845 nunc
2097 1789 2367 1846 Caesarem
2416 1793 2869 1864 gloriosissimum
2916 1795 3065 1850 illum
3091 1837 3106 1864 ,
3162 1801 3497 1857 consuluisse

207 1890 376 1943 armis
409 1889 742 1943 abstinuisse
785 1889 1046 1953 vidimus,
1091 1888 1260 1959 accipi
1302 1899 1565 1958 nequeat,
1609 1889 1676 1942 ad
1718 1905 1801 1942 rc-

205 1981 372 2036 belles
411 1980 600 2050 procul
627 1980 792 2035 dubio
823 1979 1162 2035 referendum
1187 1987 1350 2044 esset,
1378 1979 1520 2035 sicut
1559 1979 1626 2033 ad
1658 1979 1802 2050 ipsos

204 2080 454 2142 spectant
476 2072 758 2140 sequentia
781 2073 1016 2126 strvitnm
1049 2082 1145 2136 est,
1177 2087 1270 2126 nec
1295 2081 1551 2126 cessatum
1581 2082 1677 2135 est,
1707 2073 1802 2126 do-

207 2179 296 2217 nec
317 2163 629 2234 expulsione
655 2163 770 2232 ejus
793 2163 1091 2218 crudelitati
1117 2180 1226 2218 sua:
1255 2173 1303 2217 et
1327 2164 1569 2237 nequitia:
1592 2165 1805 2234 satisfa-

204 2263 398 2307 cerent.
449 2251 522 2307 Sc
551 2253 694 2307 enim
725 2253 772 2307 vi
807 2252 1014 2322 publica
1051 2253 1368 2322 expulsum,
1413 2262 1468 2310 et
1495 2252 1800 2308 Baldricum

207 2343 476 2400 intrusum
517 2343 572 2398 in
605 2343 795 2399 eodem
832 2343 1095 2414 prooemio
1126 2351 1374 2398 testatur.

270 2436 365 2492 58.
401 2436 676 2505 Antiquus
707 2444 896 2491 auctor
921 2435 988 2490 de
1031 2435 1208 2492 Gestis
1244 2436 1619 2506 episcoporum
1658 2436 1803 2492 Tun-

207 2528 488 2597 grensium
519 2543 550 2583 a
583 2527 826 2583 Martene
853 2537 910 2584 et
943 2527 1197 2584 Durando
1233 2530 1410 2585 editus
1433 2527 1592 2599 hujus
1630 2530 1803 2585 rebel-

207 2618 366 2674 lionis
408 2633 633 2674 causam
685 2618 855 2674 refert
900 2619 953 2674 in
1002 2619 1270 2676 acriorem
1319 2635 1606 2689 censuram
1635 2661 1650 2688 ,
1693 2636 1800 2690 qua

207 2708 504 2766 Ratherins
543 2711 865 2781 depravatos
899 2711 1062 2768 etiam
1093 2713 1392 2781 potentium
1440 2729 1618 2769 mores
1653 2729 1801 2770 acer-

204 2802 324 2858 hius
370 2802 716 2872 perstrinxit.
763 2822 782 2856 ι
819 2801 954 2859 Nam
999 2805 1124 2860 dum
1170 2806 1223 2860 in
1263 2821 1442 2864 mor-es
1481 2807 1758 2864 hominum
1783 2849 1800 2872 ,

206 2891 405 2962 inquit,
440 2900 550 2946 tam
581 2893 831 2963 scriptis,
875 2908 1036 2963 quam
1069 2893 1229 2950 dictis
1269 2895 1614 2952 inveheretur
1648 2912 1804 2967 aequo

205 2985 544 3050 mordacius,
577 2986 680 3040 hoc
706 3002 811 3040 non
845 2984 1052 3042 ferente
1081 2988 1381 3057 potentium
1420 2990 1738 3056 insolentia,
1771 3008 1802 3048 a

206 3083 392 3128 nostra
445 3075 574 3129 sede
621 3074 971 3131 nihilominus
1043 3077 1293 3146 dejicitur
1341 3077 1360 3149 (
1387 3087 1426 3133 t.
1473 3078 1540 3133 IV
1586 3079 1801 3136 Collect.

1909 1883 2202 1952 prmsulum
2230 1885 2516 1940 concilium
2558 1905 2571 1941 :
2614 1887 2733 1943 illos
2776 1903 2906 1943 vero
2949 1891 3378 1949 misericorditer
3409 1911 3497 1950 me

1904 1973 2153 2044 elegisse,
2199 1985 2253 2030 et
2289 1976 2469 2047 populi
2514 1993 2737 2034 assensu
2795 1978 3084 2049 conjuncto
3123 1981 3500 2040 fraternaliter

1905 2065 2284 2132 intronizasse,
2325 2087 2342 2118 ι
2378 2068 2456 2122 lta
2489 2068 2778 2125 Rathcrius
2821 2083 2974 2142 parte
3002 2074 3179 2144 prima
3215 2093 3234 2127 ε
3271 2077 3338 2131 de
3362 2092 3494 2132 con-

1908 2167 2111 2228 temptu
2137 2173 2402 2213 canonum
2436 2179 2455 2211 ›
2512 2177 2663 2216 num.
2714 2162 2768 2227 9,
2797 2165 2886 2220 ubi
2938 2166 3354 2236 disputationem
3388 2171 3494 2226 hac

1905 2263 2068 2318 super
2095 2264 2153 2304 re
2181 2264 2301 2304 cum
2325 2250 2580 2320 quopiam
2608 2253 2975 2310 ecclesiastico
3001 2257 3215 2314 Leodici
3243 2261 3487 2315 habitam

1906 2339 2092 2395 refert.
2121 2339 2263 2394 Nihil
2300 2351 2479 2396 autem
2510 2342 2777 2412 proﬁcere
2807 2355 3060 2414 poterant
3106 2349 3370 2415 rationes,
3398 2351 3490 2405 ubi

1906 2444 2010 2484 non
2051 2430 2212 2495 ratio,
2262 2431 2356 2486 sed
2400 2430 2483 2486 vis
2512 2433 2854 2502 prtevalebat.
2887 2433 3064 2490 Cessit
3109 2447 3291 2492 autem
3327 2439 3506 2494 tanta!

1904 2523 2173 2578 violentiae
2195 2523 2400 2590 Bruno,
2430 2526 2518 2580 cui
2547 2526 2710 2581 totius
2734 2527 2885 2597 regni
2917 2525 3292 2586 Lothariensis
3314 2532 3494 2602 dispo-

1906 2616 2030 2672 sitio
2056 2657 2072 2682 ,
2102 2627 2160 2670 ut
2189 2615 2447 2684 diximus,
2495 2616 2693 2672 tradita
2745 2617 2942 2678 fuerat.
2989 2637 3008 2669 c
3034 2619 3210 2675 Cessit
3253 2621 3436 2694 igitur,
3467 2641 3487 2676 ι

1907 2707 2081 2777 inquit
2127 2707 2392 2779 Rotgerus
2417 2749 2432 2773 ,
2491 2719 2544 2762 et
2600 2724 2664 2762 ex
2699 2725 2765 2764 eo
2804 2710 2966 2763 etiam
3005 2709 3319 2777 Fulcuinus,
3370 2732 3388 2766 ι
3425 2728 3496 2770 ne

1907 2799 2214 2854 vinceretur
2243 2815 2274 2853 a
2320 2798 2485 2864 malo,
2528 2798 2620 2854 sed
2669 2799 2909 2856 vinceret
2963 2800 3014 2854 in
3063 2800 3204 2857 bono
3236 2801 3436 2857 malum
3473 2821 3489 2858 :

1907 2890 2073 2946 cessit
2120 2891 2524 2946 adversantium
2572 2891 2855 2957 voluntati,
2880 2899 2939 2947 ut
2970 2907 3067 2948 suo
3094 2908 3186 2948 eos
3211 2892 3388 2965 gladio
3405 2893 3495 2964 ju-

1907 2982 2114 3052 gularet
2141 2982 2337 3055 (Rom.
2374 2982 2478 3038 Vit.
2501 2983 2668 3038 Brun.
2692 3001 2748 3039 n.
2781 2985 2882 3051 ὄις
2909 2985 3074 3040 FULc.
3099 3002 3149 3041 c.
3179 2986 3295 3059 25).
3327 3007 3344 3041 ι
3372 2987 3494 3042 Βαι-

1908 3072 2090 3130 dricus
2136 3075 2316 3145 itaque
2360 3073 2547 3143 jnnior
2584 3087 2938 3132 consecratur
2983 3080 3304 3148 episcopus,
3345 3088 3401 3134 et
3444 3081 3492 3135 vi

217 3161 388 3218 rem.
439 3162 632 3234 script.
665 3179 786 3234 pag.
823 3165 966 3230 859,
1009 3182 1064 3220 η,
1107 3166 1219 3238 20).
1256 3187 1274 3220 ο
1325 3169 1532 3224 Similia
1581 3172 1798 3226 [radunt
1831 3152 1875 3214 C
1909 3163 2117 3236 publica
2147 3166 2199 3220 in
2251 3165 2562 3234 Leodicensi
2612 3167 2740 3222 sede
2791 3167 3158 3223 constituitur.
3193 3167 3330 3224 Hinc
3359 3185 3485 3225 eum

205 3253 498 3308 Anselmus
526 3255 820 3311 canonicus
857 3253 1174 3313 Leodiensis
1201 3273 1320 3328 cap.
1353 3259 1444 3325 35,
1471 3269 1526 3316 et
1550 3261 1798 3334 Egidius

205 3341 334 3396 item
385 3341 704 3399 Leodiensis
746 3358 867 3414 cap.
919 3344 1013 3410 45,
1061 3346 1154 3416 qui
1203 3347 1592 3417 Chapeauvillii
1631 3368 1795 3422 Opera

205 3435 546 3504 prodierunt.
578 3433 752 3504 Ipsam
785 3435 1154 3506 expulsionem
1189 3457 1207 3489 ι
1245 3439 1457 3508 ingenio
1481 3442 1736 3508 Baldrici,
1773 3465 1791 3496 ι

208 3524 550 3596 Ultrajectini
600 3528 886 3598 episcopi,
941 3547 960 3580 ι
990 3541 1209 3600 patratu
1258 3531 1501 3590 Rotbcrti
1551 3556 1572 3588 ι
1619 3537 1797 3592 archi-

204 3618 445 3688 episcopi
476 3619 838 3685 Trevircnsis,
869 3640 888 3672 ι
916 3630 971 3676 et
997 3622 1050 3676 vi
1081 3623 1296 3693 publica
1333 3627 1591 3682 comitum
1618 3628 1793 3697 Rege-

205 3710 318 3764 ncri
365 3720 536 3780 atque
584 3710 866 3768 Buodvolti
897 3732 914 3765 ι
965 3725 1240 3783 peractam
1288 3730 1473 3774 noster
1508 3729 1698 3776 auctor
1740 3722 1795 3776 in

205 3797 423 3853 laudato
455 3795 734 3855 Phrenesis
759 3804 1024 3871 prooemio
1051 3821 1200 3860 num.
1232 3807 1280 3871 1,
1309 3809 1562 3878 prodidit.
1589 3810 1800 3868 Baldri-

207 3908 298 3948 cus
323 3894 586 3948 nimirum
619 3895 906 3966 episcOpus
936 3896 1323 3967 Ultrajectinus
1345 3916 1505 3971 quem
1534 3902 1796 3962 Rotberto

207 3982 516 4039 Trevirensi
580 4002 598 4035 t
657 3985 711 4038 in
767 3987 850 4041 sui
908 3986 1266 4046 debellatione
1318 3992 1738 4063 consigniferum
1770 4015 1788 4049 ι

206 4073 343 4128 idem
369 4083 565 4129 auctor
589 4084 750 4132 vocat
774 4076 1049 4146 (Pltrertes.
1079 4094 1306 4149 prooem.
1341 4099 1396 4136 n.
1426 4083 1503 4154 2),
1530 4084 1798 4154 aliumju-

204 4166 414 4222 niorem
461 4167 769 4224 Baldricum
815 4168 1000 4225 fratris
1037 4171 1244 4238 lilium,
1292 4173 1417 4230 licet
1459 4178 1614 4234 valde
1645 4179 1798 4249 juve—

205 4275 328 4315 nem
352 4259 591 4333 [cuxt],
621 4278 751 4331 puer
771 4261 1040 4332 siquidem
1077 4264 1295 4330 dicitur,
1322 4267 1390 4322 ad
1411 4267 1796 4328 Leodicensem

206 4356 388 4411 sedem
442 4357 676 4411 evehere
716 4356 1017 4412 contendit.
1051 4357 1413 4416 Accesserunt
1441 4362 1548 4418 duo
1585 4377 1792 4419 memo-

207 4447 307 4500 rati
346 4446 575 4501 comites
598 4445 915 4516 Regenerus
947 4456 1003 4505 et
1039 4447 1372 4506 Ruodvoltus
1401 4451 1456 4507 in
1489 4452 1595 4509 illis
1622 4456 1798 4526 regio-

1906 3272 1924 3304 ‹
1970 3253 2142 3310 furem
2174 3266 2228 3310 et
2250 3255 2514 3311 latronem
2550 3276 2568 3308 ι
2597 3258 2873 3328 appellans
2894 3257 3189 3314 Ratherius
3214 3259 3267 3314 in
3301 3280 3319 3312 ι
3357 3261 3506 3316 con-'

1899 3345 2139 3400 clusione
2169 3344 2399 3419 [Lxxxtt]
2427 3347 2772 3403 deliberativa
2817 3368 2834 3400 ι
2903 3364 3051 3403 num.
3099 3349 3172 3404 2:
3215 3369 3234 3402 ι
3273 3349 3490 3416 Furem,

1902 3437 2099 3507 inquit,
2135 3438 2256 3508 quia
2313 3437 2456 3493 furto
2501 3439 2722 3494 abstulit
2755 3440 2886 3494 mihi
2941 3442 3146 3506 sedem,
3196 3441 3485 3507 latronem,

1900 3529 2023 3598 quia
2073 3529 2122 3582 vi
2166 3537 2219 3583 et
2264 3539 2532 3599 potestate
2571 3529 2783 3600 publica
2816 3551 2834 3582 ›
2866 3531 3102 3596 abstulit,
3134 3547 3198 3586 ea
3228 3532 3484 3587 nimirum

1905 3641 1922 3672 ι
1955 3623 2002 3675 vi
2022 3619 2255 3691 publica,
2286 3642 2303 3674 ι
2326 3639 2430 3693 qua
2454 3639 2483 3676 a
2503 3623 2789 3678 comitibus
2806 3624 3084 3692 Regenero
3105 3633 3159 3678 et
3183 3623 3491 3679 liuodvolto

1899 3713 2014 3782 ipse
2059 3712 2311 3768 exclusus
2342 3712 2460 3779 fuit,
2508 3731 2526 3764 ε
2579 3721 2629 3767 ιιι
2668 3713 3042 3770 institueretur
3091 3729 3258 3786 nepos
3298 3731 3488 3772 eorum

1899 3801 2176 3857 Baldricus
2211 3799 2431 3870 (l’ltren.
2469 3818 2525 3856 n.
2556 3802 2627 3871 i).
2665 3821 2684 3854 ι

1969 3893 2056 3949 59.
2096 3894 2338 3949 Rebellio
2386 3895 2499 3950 lucc
2529 3906 2718 3951 contra
2775 3895 3093 3953 Ratltcrium
3143 3899 3228 3953 die
3273 3896 3485 3956 Natalis

1899 3986 2109 4041 Domini
2143 3987 2371 4056 etcpisse
2397 4003 2426 4042 a
2463 3987 2724 4043 Fulcuino
2756 3990 3006 4055 traditur,
3033 3989 3159 4045 dun
3189 3991 3330 4046 idem
3360 3994 3478 4062 cpi-

1899 4092 2093 4148 scopus
2147 4077 2370 4134 Laubiis
2400 4089 2722 4133 moraretur.
2759 4099 2776 4130 ι
2813 4079 2946 4136 Cum
2974 4083 3115 4151 apud
3147 4099 3280 4148 nos,
3306 4083 3481 4154 inquit

1898 4168 1991 4224 ille
2018 4184 2066 4226 c.
2090 4169 2180 4235 25,
2214 4168 2560 4224 Nativitatem
2608 4170 2817 4225 Domini
2845 4169 3034 4226 festive
3064 4182 3118 4226 et
3139 4174 3361 4244 epipare
3391 4190 3484 4230 ce-

1898 4261 2154 4328 lebraret,
2201 4259 2342 4316 facta
2386 4270 2470 4315 est
2511 4259 2728 4316 Leodici
2771 4271 2958 4317 contra
2997 4279 3118 4316 eum
3159 4266 3484 4332 gravissima

1899 4353 2249 4426 conspiratio.
2291 4374 2308 4407 ι
2345 4353 2458 4409 lloe
2513 4351 2819 4410 rebellionis
2863 4356 3072 4410 initium
3103 4358 3493 4430 assignandum

1899 4455 1987 4501 est
2029 4445 2201 4501 Natali
2235 4445 2514 4500 Dominico
2557 4445 2685 4499 anni
2724 4445 2862 4509 954.
2898 4446 2972 4500 ita
3020 4455 3079 4501 ut
3115 4449 3361 4518 expulsio
3385 4449 3493 4504 Ra—

207 4536 366 4590 nibus
392 4545 782 4607 prmpotentes,
825 4553 1060 4607 quorum
1103 4556 1272 4610 nepos
1305 4550 1424 4598 erat
1451 4544 1591 4600 idem
1609 4521 1795 4613 junior
1824 4521 1874 4580 Ῑ)
1901 4537 2084 4604 therii,
2113 4551 2275 4608 qttam
2306 4535 2582 4606 aliquanto
2626 4545 2752 4606 post
2789 4537 3134 4593 subsecutam
3163 4541 3491 4604 videbinms,

209 4628 502 4691 Baldricus,
541 4648 559 4681 ι
593 4629 721 4684 talia
746 4639 810 4684 ut
843 4629 970 4700 quid
1002 4633 1350 4704 contigerint,
1385 4651 1452 4691 ne
1479 4637 1694 4694 dillicile
1724 4641 1795 4695 sit

208 4720 496 4789 coniectari
534 4720 819 4793 (Pltrenes.
878 4737 1107 4792 promtu.
1142 4741 1196 4780 n.
1249 4727 1323 4796 1).
1361 4747 1379 4780 ι
1433 4729 1642 4796 Brnno,
1699 4734 1792 4802 qui

210 4812 520 4868 Ratherium
554 4814 782 4868 maximi
814 4811 1067 4880 faciebat,
1112 4817 1289 4887 ipsum
1320 4819 1372 4874 in
1405 4835 1500 4877 sua
1533 4823 1791 4878 cathedra

212 4909 508 4960 sustentare
537 4905 919 4974 concupisset;
955 4907 1048 4961 sed
1079 4908 1286 4964 nullum
1323 4910 1437 4966 sive
1457 4925 1525 4966 ex
1556 4914 1792 4983 episcopi

213 4995 411 5060 amicis,
444 4997 560 5052 sive
600 5012 664 5052 ex
715 4994 1002 5061 militibus,
1049 5013 1143 5053 seu
1199 5002 1541 5071 magnatibus
1577 5002 1792 5072 adjuto-

217 5103 322 5138 rem
346 5098 550 5138 nactus-
579 5104 644 5136 ac.
666 5095 938 5138 nrmterea
956 5098 1203 5138 metuens
1232 5105 1298 5138 ne
1323 5090 1522 5138 laudati
1545 5093 1786 5138 mmilne.

1898 4629 2057 4684 cadat
2105 4627 2158 4682 in
2191 4642 2394 4682 annum
2433 4627 2560 4692 955,
2587 4627 2672 4683 cui
2698 4627 2917 4698 quidem
2947 4629 3094 4684 illam
3120 4628 3344 4703 adigunt
3365 4648 3490 4687 cum

1899 4725 2114 4796 tEgidio
2143 4723 2428 4781 Leodiensi
2457 4725 2564 4780 duo
2602 4725 2826 4796 antiqua
2847 4725 3118 4782 Chronica
3139 4726 3406 4784 Lobiense
3437 4737 3492 4781 et

1897 4815 2248 4882 Leodicense,
2279 4816 2474 4887 quibus
2502 4816 2555 4871 in
2589 4831 2648 4870 re
2668 4820 2737 4872 ad
2769 4815 3156 4876 Leodicensem
3187 4816 3488 4874 Ecclesium

1901 4910 2208 4981 pertinente
2259 4907 2430 4979 magis
2481 4907 2832 4962 deferendum
2878 4917 2981 4975 est,
3009 4924 3171 4978 quam
3207 4908 3498 4980 Sigeberto

1903 5002 2134 5073 aliisque
2176 5000 2523 5072 chronologis
2552 5000 2893 5070 Sigcbertum
2935 5003 3158 5068 secutis,
3185 5005 3280 5073 qui
3330 5001 3497 5058 sicuti

1901 5100 2157 5138 errarunt
2191 5090 2434 5138 Ratherii
2482 5092 2874 5138 nmmntinnem
2915 5093 2982 5138 ad
3033 5092 3282 5138 eamdem
3310 5093 3494 5138 sedem
