  <div class='ocr_page' id='page_1' title='image "/cluster/home/n/w/nwhite01/storage/ocr_20150623/136/hvd.32044015471766/041.png"; bbox 0 0 4038 5388; ppageno 0'>
   <div class='ocr_carea' id='block_1_1' title="bbox 550 297 2103 373">
    <p class='ocr_par' dir='ltr' id='par_1_1' title="bbox 550 297 2103 362">
     <span class='ocr_line' id='line_1_1' title="bbox 550 297 2103 362; baseline 0 -2"><span class='ocrx_word' id='word_1_1' title='bbox 550 297 634 361; x_wconf 47' lang='grc'><strong>71’</strong></span> <span class='ocrx_word' id='word_1_2' title='bbox 1507 305 1904 362; x_wconf 72' lang='grc' dir='ltr'><strong>ΒΛΤΗΕΙΗΗΒ</strong></span> <span class='ocrx_word' id='word_1_3' title='bbox 1950 305 2103 360; x_wconf 58' lang='grc' dir='ltr'><strong>νειμ</strong></span> 
     </span>
    </p>
   </div>
   <div class='ocr_carea' id='block_1_2' title="bbox 2207 297 3810 373">
    <p class='ocr_par' dir='ltr' id='par_1_2' title="bbox 2207 306 3810 373">
     <span class='ocr_line' id='line_1_2' title="bbox 2207 306 3810 373; baseline 0.007 -13"><span class='ocrx_word' id='word_1_4' title='bbox 2207 306 2382 363; x_wconf 70' lang='grc' dir='ltr'><strong>ΞΝΒΙΞ</strong></span> <span class='ocrx_word' id='word_1_5' title='bbox 2421 309 2818 367; x_wconf 79' lang='lat' dir='ltr'><strong>EPISCOPUS.</strong></span> <span class='ocrx_word' id='word_1_6' title='bbox 3740 317 3810 373; x_wconf 66' lang='lat'><strong>72</strong></span> 
     </span>
    </p>
   </div>
   <div class='ocr_carea' id='block_1_3' title="bbox 549 419 3810 496">
    <p class='ocr_par' dir='ltr' id='par_1_3' title="bbox 549 419 3810 496">
     <span class='ocr_line' id='line_1_3' title="bbox 549 419 3810 496; baseline 0.001 -17"><span class='ocrx_word' id='word_1_7' title='bbox 549 428 668 495; x_wconf 91' lang='lat' dir='ltr'><strong>ipso</strong></span> <span class='ocrx_word' id='word_1_8' title='bbox 694 437 819 493; x_wconf 87' lang='lat' dir='ltr'><strong>rege</strong></span> <span class='ocrx_word' id='word_1_9' title='bbox 847 420 1072 478; x_wconf 85' lang='lat' dir='ltr'><strong>subinde</strong></span> <span class='ocrx_word' id='word_1_10' title='bbox 1099 420 1434 485; x_wconf 78' lang='lat' dir='ltr'><strong>conciliatus,</strong></span> <span class='ocrx_word' id='word_1_11' title='bbox 1467 431 1651 476; x_wconf 89' lang='lat' dir='ltr'><strong>contra</strong></span> <span class='ocrx_word' id='word_1_12' title='bbox 1695 421 1977 492; x_wconf 77' lang='lat' dir='ltr'><strong>llungaros</strong></span> <span class='ocrx_word' id='word_1_13' title='bbox 2026 437 2120 490; x_wconf 85' lang='lat' dir='ltr'><strong>pu—</strong></span> <span class='ocrx_word' id='word_1_14' title='bbox 2154 422 2202 481; x_wconf 76' lang='grc' dir='ltr'>Α</span> <span class='ocrx_word' id='word_1_15' title='bbox 2230 420 2402 474; x_wconf 88' lang='lat' dir='ltr'><strong>dicata</strong></span> <span class='ocrx_word' id='word_1_16' title='bbox 2439 419 2490 474; x_wconf 93' lang='lat' dir='ltr'><strong>in</strong></span> <span class='ocrx_word' id='word_1_17' title='bbox 2520 421 2778 476; x_wconf 82' lang='lat' dir='ltr'><strong>Phrenesi</strong></span> <span class='ocrx_word' id='word_1_18' title='bbox 2820 437 2966 486; x_wconf 88' lang='lat' dir='ltr'><strong>num.</strong></span> <span class='ocrx_word' id='word_1_19' title='bbox 3007 421 3068 476; x_wconf 83' lang='lat'><strong>16</strong></span> <span class='ocrx_word' id='word_1_20' title='bbox 3118 421 3259 493; x_wconf 87' lang='lat' dir='ltr'><strong>(eam</strong></span> <span class='ocrx_word' id='word_1_21' title='bbox 3312 422 3507 479; x_wconf 80' lang='lat' dir='ltr'><strong>ibidem</strong></span> <span class='ocrx_word' id='word_1_22' title='bbox 3538 426 3810 496; x_wconf 79' lang='lat' dir='ltr'><strong>explicare</strong></span> 
     </span>
    </p>
   </div>
   <div class='ocr_carea' id='block_1_4' title="bbox 549 513 2119 588">
    <p class='ocr_par' dir='ltr' id='par_1_4' title="bbox 549 513 2119 588">
     <span class='ocr_line' id='line_1_4' title="bbox 549 513 2119 588; baseline 0 -19"><span class='ocrx_word' id='word_1_23' title='bbox 549 517 750 588; x_wconf 87' lang='lat' dir='ltr'><strong>gnabat</strong></span> <span class='ocrx_word' id='word_1_24' title='bbox 798 529 982 569; x_wconf 84' lang='lat' dir='ltr'><strong>mense</strong></span> <span class='ocrx_word' id='word_1_25' title='bbox 1023 513 1264 582; x_wconf 86' lang='lat' dir='ltr'><strong>Augusto</strong></span> <span class='ocrx_word' id='word_1_26' title='bbox 1303 514 1428 568; x_wconf 87' lang='lat' dir='ltr'><strong>anni</strong></span> <span class='ocrx_word' id='word_1_27' title='bbox 1471 514 1574 568; x_wconf 83' lang='lat'><strong>955</strong></span> <span class='ocrx_word' id='word_1_28' title='bbox 1619 513 1925 586; x_wconf 78' lang='lat' dir='ltr'><strong>(Necrolog.</strong></span> <span class='ocrx_word' id='word_1_29' title='bbox 1957 515 2119 569; x_wconf 86' lang='lat' dir='ltr'><strong>Fuld.</strong></span> 
     </span>
    </p>
   </div>
   <div class='ocr_carea' id='block_1_5' title="bbox 547 605 2123 679">
    <p class='ocr_par' dir='ltr' id='par_1_5' title="bbox 547 605 2123 679">
     <span class='ocr_line' id='line_1_5' title="bbox 547 605 2123 679; baseline -0.002 -16"><span class='ocrx_word' id='word_1_30' title='bbox 547 612 686 679; x_wconf 91' lang='lat' dir='ltr'><strong>apud</strong></span> <span class='ocrx_word' id='word_1_31' title='bbox 707 608 938 663; x_wconf 88' lang='lat' dir='ltr'><strong>Leibnit.</strong></span> <span class='ocrx_word' id='word_1_32' title='bbox 964 617 1003 661; x_wconf 88' lang='grc' dir='ltr'><strong>ι.</strong></span> <span class='ocrx_word' id='word_1_33' title='bbox 1029 606 1094 660; x_wconf 85' lang='lat' dir='ltr'><strong>V.</strong></span> <span class='ocrx_word' id='word_1_34' title='bbox 1117 606 1314 660; x_wconf 74' lang='lat' dir='ltr'><strong>Rerum</strong></span> <span class='ocrx_word' id='word_1_35' title='bbox 1345 605 1665 674; x_wconf 75' lang='lat' dir='ltr'><strong>Brunsvic.).</strong></span> <span class='ocrx_word' id='word_1_36' title='bbox 1700 606 1832 661; x_wconf 87' lang='lat' dir='ltr'><strong>Hinc</strong></span> <span class='ocrx_word' id='word_1_37' title='bbox 1861 608 1949 660; x_wconf 87' lang='lat' dir='ltr'><strong>ubi</strong></span> <span class='ocrx_word' id='word_1_38' title='bbox 1973 606 2123 677; x_wconf 67' lang='lat' dir='ltr'><strong>Aigi-</strong></span> 
     </span>
    </p>
   </div>
   <div class='ocr_carea' id='block_1_6' title="bbox 545 696 2122 767">
    <p class='ocr_par' dir='ltr' id='par_1_6' title="bbox 545 696 2122 767">
     <span class='ocr_line' id='line_1_6' title="bbox 545 696 2122 767; baseline -0.001 -15"><span class='ocrx_word' id='word_1_39' title='bbox 545 699 666 752; x_wconf 90' lang='lat' dir='ltr'><strong>dius</strong></span> <span class='ocrx_word' id='word_1_40' title='bbox 690 707 1021 753; x_wconf 90' lang='lat' dir='ltr'><strong>memoratus</strong></span> <span class='ocrx_word' id='word_1_41' title='bbox 1049 697 1434 752; x_wconf 90' lang='lat' dir='ltr'><strong>Leodicensem</strong></span> <span class='ocrx_word' id='word_1_42' title='bbox 1480 696 1722 751; x_wconf 82' lang='lat' dir='ltr'><strong>Ratherii</strong></span> <span class='ocrx_word' id='word_1_43' title='bbox 1752 697 2122 767; x_wconf 90' lang='lat' dir='ltr'><strong>episcopatum</strong></span> 
     </span>
    </p>
   </div>
   <div class='ocr_carea' id='block_1_7' title="bbox 549 787 2120 858">
    <p class='ocr_par' dir='ltr' id='par_1_7' title="bbox 549 787 2120 858">
     <span class='ocr_line' id='line_1_7' title="bbox 549 787 2120 858; baseline -0.002 -15"><span class='ocrx_word' id='word_1_44' title='bbox 549 809 569 843; x_wconf 71' lang='grc' dir='ltr'>ι</span> <span class='ocrx_word' id='word_1_45' title='bbox 598 790 712 844; x_wconf 81' lang='lat' dir='ltr'><strong>fere</strong></span> <span class='ocrx_word' id='word_1_46' title='bbox 735 790 906 845; x_wconf 89' lang='lat' dir='ltr'><strong>tribus</strong></span> <span class='ocrx_word' id='word_1_47' title='bbox 929 790 1089 844; x_wconf 90' lang='lat' dir='ltr'><strong>annis</strong></span> <span class='ocrx_word' id='word_1_48' title='bbox 1124 809 1142 840; x_wconf 74' lang='grc' dir='ltr'><strong><em>ι</em></strong></span> <span class='ocrx_word' id='word_1_49' title='bbox 1174 796 1352 843; x_wconf 90' lang='lat' dir='ltr'><strong>actum</strong></span> <span class='ocrx_word' id='word_1_50' title='bbox 1383 787 1596 852; x_wconf 89' lang='lat' dir='ltr'><strong>scribit,</strong></span> <span class='ocrx_word' id='word_1_51' title='bbox 1627 787 1817 842; x_wconf 90' lang='lat' dir='ltr'><strong>melius</strong></span> <span class='ocrx_word' id='word_1_52' title='bbox 1839 787 2120 858; x_wconf 84' lang='lat' dir='ltr'><strong>legendum</strong></span> 
     </span>
    </p>
   </div>
   <div class='ocr_carea' id='block_1_8' title="bbox 549 877 2118 948">
    <p class='ocr_par' dir='ltr' id='par_1_8' title="bbox 549 877 2118 948">
     <span class='ocr_line' id='line_1_8' title="bbox 549 877 2118 948; baseline -0.002 -16"><span class='ocrx_word' id='word_1_53' title='bbox 549 901 566 932; x_wconf 76' lang='grc' dir='ltr'>ι</span> <span class='ocrx_word' id='word_1_54' title='bbox 605 881 718 936; x_wconf 90' lang='lat' dir='ltr'><strong>fere</strong></span> <span class='ocrx_word' id='word_1_55' title='bbox 743 881 950 936; x_wconf 87' lang='lat' dir='ltr'><strong>duobus</strong></span> <span class='ocrx_word' id='word_1_56' title='bbox 1001 879 1176 942; x_wconf 88' lang='lat' dir='ltr'><strong>annis,</strong></span> <span class='ocrx_word' id='word_1_57' title='bbox 1217 878 1375 932; x_wconf 90' lang='lat' dir='ltr'><strong>sicuti</strong></span> <span class='ocrx_word' id='word_1_58' title='bbox 1410 877 1581 932; x_wconf 84' lang='lat' dir='ltr'><strong>ferme</strong></span> <span class='ocrx_word' id='word_1_59' title='bbox 1618 879 1894 932; x_wconf 87' lang='lat' dir='ltr'><strong>biennium</strong></span> <span class='ocrx_word' id='word_1_60' title='bbox 1933 899 1951 930; x_wconf 73' lang='grc' dir='ltr'><strong><em>ι</em></strong></span> <span class='ocrx_word' id='word_1_61' title='bbox 1986 877 2118 948; x_wconf 83' lang='lat' dir='ltr'><strong>legi-</strong></span> 
     </span>
    </p>
   </div>
   <div class='ocr_carea' id='block_1_9' title="bbox 541 969 2120 1040">
    <p class='ocr_par' dir='ltr' id='par_1_9' title="bbox 541 969 2120 1040">
     <span class='ocr_line' id='line_1_9' title="bbox 541 969 2120 1040; baseline -0.002 -16"><span class='ocrx_word' id='word_1_62' title='bbox 541 981 630 1026; x_wconf 85' lang='lat' dir='ltr'><strong>tur</strong></span> <span class='ocrx_word' id='word_1_63' title='bbox 649 971 787 1040; x_wconf 91' lang='lat' dir='ltr'><strong>apud</strong></span> <span class='ocrx_word' id='word_1_64' title='bbox 816 969 1154 1036; x_wconf 83' lang='lat' dir='ltr'><strong>Fulcuinum,</strong></span> <span class='ocrx_word' id='word_1_65' title='bbox 1190 978 1247 1023; x_wconf 91' lang='lat' dir='ltr'><strong>ut</strong></span> <span class='ocrx_word' id='word_1_66' title='bbox 1266 984 1329 1023; x_wconf 84' lang='lat' dir='ltr'><strong>ex</strong></span> <span class='ocrx_word' id='word_1_67' title='bbox 1365 977 1533 1033; x_wconf 83' lang='lat' dir='ltr'><strong>textu,</strong></span> <span class='ocrx_word' id='word_1_68' title='bbox 1558 984 1717 1038; x_wconf 87' lang='lat' dir='ltr'><strong>quem</strong></span> <span class='ocrx_word' id='word_1_69' title='bbox 1746 969 1899 1022; x_wconf 90' lang='lat' dir='ltr'><strong>initio</strong></span> <span class='ocrx_word' id='word_1_70' title='bbox 1927 969 2120 1024; x_wconf 88' lang='lat' dir='ltr'><strong>decimi</strong></span> 
     </span>
    </p>
   </div>
   <div class='ocr_carea' id='block_1_10' title="bbox 542 1059 2120 1131">
    <p class='ocr_par' dir='ltr' id='par_1_10' title="bbox 542 1059 2120 1131">
     <span class='ocr_line' id='line_1_10' title="bbox 542 1059 2120 1131; baseline 0 -16"><span class='ocrx_word' id='word_1_71' title='bbox 542 1062 685 1115; x_wconf 82' lang='lat' dir='ltr'><strong>tertii</strong></span> <span class='ocrx_word' id='word_1_72' title='bbox 748 1061 1069 1131; x_wconf 90' lang='lat' dir='ltr'><strong>paragraphi</strong></span> <span class='ocrx_word' id='word_1_73' title='bbox 1128 1060 1518 1130; x_wconf 76' lang='lat' dir='ltr'><strong>explicabimus</strong></span> <span class='ocrx_word' id='word_1_74' title='bbox 1551 1100 1566 1125; x_wconf 91' lang='lat'><strong>,</strong></span> <span class='ocrx_word' id='word_1_75' title='bbox 1612 1059 1787 1129; x_wconf 92' lang='lat' dir='ltr'><strong>palam</strong></span> <span class='ocrx_word' id='word_1_76' title='bbox 1837 1060 1947 1114; x_wconf 89' lang='lat' dir='ltr'><strong>ﬁet.</strong></span> <span class='ocrx_word' id='word_1_77' title='bbox 2007 1059 2120 1115; x_wconf 84' lang='lat' dir='ltr'><strong>[ioc</strong></span> 
     </span>
    </p>
   </div>
   <div class='ocr_carea' id='block_1_11' title="bbox 541 1151 2120 1221">
    <p class='ocr_par' dir='ltr' id='par_1_11' title="bbox 541 1151 2120 1221">
     <span class='ocr_line' id='line_1_11' title="bbox 541 1151 2120 1221; baseline 0.002 -18"><span class='ocrx_word' id='word_1_78' title='bbox 541 1171 562 1203; x_wconf 84' lang='grc'><strong><em>‹</em></strong></span> <span class='ocrx_word' id='word_1_79' title='bbox 594 1151 762 1206; x_wconf 90' lang='lat' dir='ltr'><strong>ferme</strong></span> <span class='ocrx_word' id='word_1_80' title='bbox 816 1152 1092 1206; x_wconf 87' lang='lat' dir='ltr'><strong>biennium</strong></span> <span class='ocrx_word' id='word_1_81' title='bbox 1127 1170 1146 1202; x_wconf 84' lang='grc'><strong>›</strong></span> <span class='ocrx_word' id='word_1_82' title='bbox 1197 1151 1541 1221; x_wconf 89' lang='lat' dir='ltr'><strong>episcopatus</strong></span> <span class='ocrx_word' id='word_1_83' title='bbox 1583 1151 1844 1211; x_wconf 83' lang='lat' dir='ltr'><strong>Ratherii,</strong></span> <span class='ocrx_word' id='word_1_84' title='bbox 1877 1152 2018 1221; x_wconf 88' lang='lat' dir='ltr'><strong>quod</strong></span> <span class='ocrx_word' id='word_1_85' title='bbox 2052 1151 2120 1206; x_wconf 88' lang='lat' dir='ltr'><strong>ab</strong></span> 
     </span>
    </p>
   </div>
   <div class='ocr_carea' id='block_1_12' title="bbox 535 1239 2118 1311">
    <p class='ocr_par' dir='ltr' id='par_1_12' title="bbox 535 1239 2118 1311">
     <span class='ocr_line' id='line_1_12' title="bbox 535 1239 2118 1311; baseline 0.001 -16"><span class='ocrx_word' id='word_1_86' title='bbox 535 1239 651 1309; x_wconf 85' lang='lat' dir='ltr'><strong>ejus</strong></span> <span class='ocrx_word' id='word_1_87' title='bbox 685 1241 1018 1311; x_wconf 89' lang='lat' dir='ltr'><strong>promotione</strong></span> <span class='ocrx_word' id='word_1_88' title='bbox 1041 1240 1128 1294; x_wconf 91' lang='lat' dir='ltr'><strong>die</strong></span> <span class='ocrx_word' id='word_1_89' title='bbox 1148 1241 1212 1294; x_wconf 72' lang='lat'><strong>21</strong></span> <span class='ocrx_word' id='word_1_90' title='bbox 1263 1239 1594 1310; x_wconf 85' lang='lat' dir='ltr'><strong>Septembris</strong></span> <span class='ocrx_word' id='word_1_91' title='bbox 1621 1241 1746 1295; x_wconf 91' lang='lat' dir='ltr'><strong>anni</strong></span> <span class='ocrx_word' id='word_1_92' title='bbox 1775 1241 1880 1297; x_wconf 77' lang='lat'><strong>953</strong></span> <span class='ocrx_word' id='word_1_93' title='bbox 1907 1241 2118 1296; x_wconf 90' lang='lat' dir='ltr'><strong>initium</strong></span> 
     </span>
    </p>
   </div>
   <div class='ocr_carea' id='block_1_13' title="bbox 533 1328 2116 1400">
    <p class='ocr_par' dir='ltr' id='par_1_13' title="bbox 533 1328 2116 1400">
     <span class='ocr_line' id='line_1_13' title="bbox 533 1328 2116 1400; baseline -0.001 -17"><span class='ocrx_word' id='word_1_94' title='bbox 533 1331 721 1394; x_wconf 84' lang='lat' dir='ltr'><strong>sumit,</strong></span> <span class='ocrx_word' id='word_1_95' title='bbox 750 1329 917 1400; x_wconf 82' lang='lat' dir='ltr'><strong>exigit</strong></span> <span class='ocrx_word' id='word_1_96' title='bbox 939 1330 1187 1398; x_wconf 90' lang='lat' dir='ltr'><strong>utipsum</strong></span> <span class='ocrx_word' id='word_1_97' title='bbox 1220 1328 1504 1398; x_wconf 70' lang='lat' dir='ltr'><strong>expulsum</strong></span> <span class='ocrx_word' id='word_1_98' title='bbox 1537 1329 1780 1384; x_wconf 79' lang='lat' dir='ltr'><strong>dicamus</strong></span> <span class='ocrx_word' id='word_1_99' title='bbox 1801 1345 1906 1384; x_wconf 93' lang='lat' dir='ltr'><strong>non</strong></span> <span class='ocrx_word' id='word_1_100' title='bbox 1935 1330 2116 1384; x_wconf 81' lang='lat' dir='ltr'><strong>statim</strong></span> 
     </span>
    </p>
   </div>
   <div class='ocr_carea' id='block_1_14' title="bbox 532 1409 2114 1492">
    <p class='ocr_par' dir='ltr' id='par_1_14' title="bbox 532 1409 2114 1492">
     <span class='ocr_line' id='line_1_14' title="bbox 532 1409 2114 1492; baseline -0.001 -16"><span class='ocrx_word' id='word_1_101' title='bbox 532 1409 655 1492; x_wconf 84' lang='lat' dir='ltr'><strong>post</strong></span> <span class='ocrx_word' id='word_1_102' title='bbox 679 1431 922 1477; x_wconf 83' lang='lat' dir='ltr'><strong>exortam</strong></span> <span class='ocrx_word' id='word_1_103' title='bbox 949 1421 1292 1477; x_wconf 89' lang='lat' dir='ltr'><strong>rebellionem</strong></span> <span class='ocrx_word' id='word_1_104' title='bbox 1319 1422 1404 1476; x_wconf 92' lang='lat' dir='ltr'><strong>die</strong></span> <span class='ocrx_word' id='word_1_105' title='bbox 1425 1422 1494 1476; x_wconf 70' lang='lat'><strong>25</strong></span> <span class='ocrx_word' id='word_1_106' title='bbox 1519 1423 1828 1478; x_wconf 84' lang='lat' dir='ltr'><strong>Decembris</strong></span> <span class='ocrx_word' id='word_1_107' title='bbox 1848 1423 1971 1477; x_wconf 92' lang='lat' dir='ltr'><strong>anni</strong></span> <span class='ocrx_word' id='word_1_108' title='bbox 1988 1421 2114 1487; x_wconf 68' lang='lat'><strong>954,</strong></span> 
     </span>
    </p>
   </div>
   <div class='ocr_carea' id='block_1_15' title="bbox 531 1509 2114 1582">
    <p class='ocr_par' dir='ltr' id='par_1_15' title="bbox 531 1509 2114 1582">
     <span class='ocr_line' id='line_1_15' title="bbox 531 1509 2114 1582; baseline -0.001 -17"><span class='ocrx_word' id='word_1_109' title='bbox 531 1511 625 1565; x_wconf 86' lang='lat' dir='ltr'><strong>sed</strong></span> <span class='ocrx_word' id='word_1_110' title='bbox 666 1510 872 1580; x_wconf 82' lang='lat' dir='ltr'><strong>aliquot</strong></span> <span class='ocrx_word' id='word_1_111' title='bbox 895 1526 1110 1566; x_wconf 89' lang='lat' dir='ltr'><strong>menses</strong></span> <span class='ocrx_word' id='word_1_112' title='bbox 1135 1509 1398 1580; x_wconf 85' lang='lat' dir='ltr'><strong>post.Non</strong></span> <span class='ocrx_word' id='word_1_113' title='bbox 1419 1527 1589 1580; x_wconf 90' lang='lat' dir='ltr'><strong>pauca</strong></span> <span class='ocrx_word' id='word_1_114' title='bbox 1615 1513 1757 1564; x_wconf 88' lang='lat' dir='ltr'><strong>enim</strong></span> <span class='ocrx_word' id='word_1_115' title='bbox 1787 1521 1910 1582; x_wconf 89' lang='lat' dir='ltr'><strong>post</strong></span> <span class='ocrx_word' id='word_1_116' title='bbox 1939 1511 2114 1566; x_wconf 85' lang='lat' dir='ltr'><strong>rebel-</strong></span> 
     </span>
    </p>
   </div>
   <div class='ocr_carea' id='block_1_16' title="bbox 531 1600 2113 1671">
    <p class='ocr_par' dir='ltr' id='par_1_16' title="bbox 531 1600 2113 1671">
     <span class='ocr_line' id='line_1_16' title="bbox 531 1600 2113 1671; baseline 0 -17"><span class='ocrx_word' id='word_1_117' title='bbox 531 1601 691 1657; x_wconf 90' lang='lat' dir='ltr'><strong>lionis</strong></span> <span class='ocrx_word' id='word_1_118' title='bbox 721 1602 930 1655; x_wconf 90' lang='lat' dir='ltr'><strong>initium</strong></span> <span class='ocrx_word' id='word_1_119' title='bbox 977 1609 1125 1671; x_wconf 88' lang='lat' dir='ltr'><strong>gesta</strong></span> <span class='ocrx_word' id='word_1_120' title='bbox 1154 1602 1527 1666; x_wconf 87' lang='lat' dir='ltr'><strong>intercessere,</strong></span> <span class='ocrx_word' id='word_1_121' title='bbox 1553 1610 1839 1671; x_wconf 84' lang='lat' dir='ltr'><strong>antequam</strong></span> <span class='ocrx_word' id='word_1_122' title='bbox 1875 1600 1992 1669; x_wconf 88' lang='lat' dir='ltr'><strong>ejus</strong></span> <span class='ocrx_word' id='word_1_123' title='bbox 2016 1616 2113 1654; x_wconf 82' lang='lat' dir='ltr'><strong>ex-</strong></span> 
     </span>
    </p>
   </div>
   <div class='ocr_carea' id='block_1_17' title="bbox 527 1683 2111 1764">
    <p class='ocr_par' dir='ltr' id='par_1_17' title="bbox 527 1683 2111 1764">
     <span class='ocr_line' id='line_1_17' title="bbox 527 1683 2111 1764; baseline 0 -18"><span class='ocrx_word' id='word_1_124' title='bbox 527 1696 705 1764; x_wconf 88' lang='lat' dir='ltr'><strong>pulsio</strong></span> <span class='ocrx_word' id='word_1_125' title='bbox 733 1683 788 1749; x_wconf 87' lang='lat' dir='ltr'><strong>et</strong></span> <span class='ocrx_word' id='word_1_126' title='bbox 817 1693 1047 1748; x_wconf 89' lang='lat' dir='ltr'><strong>Baldrici</strong></span> <span class='ocrx_word' id='word_1_127' title='bbox 1074 1693 1346 1749; x_wconf 86' lang='lat' dir='ltr'><strong>ordinatio</strong></span> <span class='ocrx_word' id='word_1_128' title='bbox 1387 1694 1559 1750; x_wconf 88' lang='lat' dir='ltr'><strong>ﬁeret.</strong></span> <span class='ocrx_word' id='word_1_129' title='bbox 1609 1692 1749 1748; x_wconf 85' lang='lat' dir='ltr'><strong>Nihil</strong></span> <span class='ocrx_word' id='word_1_130' title='bbox 1796 1693 1980 1762; x_wconf 83' lang='lat' dir='ltr'><strong>perﬁci</strong></span> <span class='ocrx_word' id='word_1_131' title='bbox 2014 1708 2111 1762; x_wconf 91' lang='lat' dir='ltr'><strong>po-</strong></span> 
     </span>
    </p>
   </div>
   <div class='ocr_carea' id='block_1_18' title="bbox 2227 512 3808 588">
    <p class='ocr_par' dir='ltr' id='par_1_18' title="bbox 2227 512 3808 588">
     <span class='ocr_line' id='line_1_18' title="bbox 2227 512 3808 588; baseline 0.005 -23"><span class='ocrx_word' id='word_1_132' title='bbox 2227 512 2528 566; x_wconf 89' lang='lat' dir='ltr'><strong>studuimus</strong></span> <span class='ocrx_word' id='word_1_133' title='bbox 2567 513 2708 566; x_wconf 90' lang='lat' dir='ltr'><strong>notis</strong></span> <span class='ocrx_word' id='word_1_134' title='bbox 2737 512 2804 567; x_wconf 81' lang='lat'><strong>50</strong></span> <span class='ocrx_word' id='word_1_135' title='bbox 2847 521 2901 568; x_wconf 91' lang='lat' dir='ltr'><strong>et</strong></span> <span class='ocrx_word' id='word_1_136' title='bbox 2929 513 3038 583; x_wconf 82' lang='lat'><strong>5|),</strong></span> <span class='ocrx_word' id='word_1_137' title='bbox 3074 524 3197 568; x_wconf 87' lang='lat' dir='ltr'><strong>ante</strong></span> <span class='ocrx_word' id='word_1_138' title='bbox 3249 515 3418 584; x_wconf 87' lang='lat' dir='ltr'><strong>ipsam</strong></span> <span class='ocrx_word' id='word_1_139' title='bbox 3468 515 3582 586; x_wconf 86' lang='lat' dir='ltr'><strong>ejus</strong></span> <span class='ocrx_word' id='word_1_140' title='bbox 3620 520 3808 588; x_wconf 77' lang='lat' dir='ltr'><strong>expul-</strong></span> 
     </span>
    </p>
   </div>
   <div class='ocr_carea' id='block_1_19' title="bbox 2226 601 3809 679">
    <p class='ocr_par' dir='ltr' id='par_1_19' title="bbox 2226 601 3809 679">
     <span class='ocr_line' id='line_1_19' title="bbox 2226 601 3809 679; baseline 0.006 -25"><span class='ocrx_word' id='word_1_141' title='bbox 2226 601 2433 655; x_wconf 88' lang='lat' dir='ltr'><strong>sionem</strong></span> <span class='ocrx_word' id='word_1_142' title='bbox 2459 602 2604 656; x_wconf 85' lang='lat' dir='ltr'><strong>illata</strong></span> <span class='ocrx_word' id='word_1_143' title='bbox 2641 603 2760 667; x_wconf 83' lang='lat' dir='ltr'><strong>fuit,</strong></span> <span class='ocrx_word' id='word_1_144' title='bbox 2797 613 2855 656; x_wconf 89' lang='lat' dir='ltr'><strong>ut</strong></span> <span class='ocrx_word' id='word_1_145' title='bbox 2883 604 3213 672; x_wconf 88' lang='lat' dir='ltr'><strong>probabilius</strong></span> <span class='ocrx_word' id='word_1_146' title='bbox 3243 605 3491 672; x_wconf 80' lang='lat' dir='ltr'><strong>videtur;</strong></span> <span class='ocrx_word' id='word_1_147' title='bbox 3530 608 3643 662; x_wconf 81' lang='lat' dir='ltr'><strong>haec</strong></span> <span class='ocrx_word' id='word_1_148' title='bbox 3683 625 3809 679; x_wconf 87' lang='lat' dir='ltr'><strong>pro-</strong></span> 
     </span>
    </p>
   </div>
   <div class='ocr_carea' id='block_1_20' title="bbox 2225 689 3808 766">
    <p class='ocr_par' dir='ltr' id='par_1_20' title="bbox 2225 689 3808 766">
     <span class='ocr_line' id='line_1_20' title="bbox 2225 689 3808 766; baseline 0.005 -24"><span class='ocrx_word' id='word_1_149' title='bbox 2225 689 2366 744; x_wconf 88' lang='lat' dir='ltr'><strong>fecto</strong></span> <span class='ocrx_word' id='word_1_150' title='bbox 2398 690 2638 745; x_wconf 78' lang='lat' dir='ltr'><strong>Ratherii</strong></span> <span class='ocrx_word' id='word_1_151' title='bbox 2683 691 2949 761; x_wconf 75' lang='lat' dir='ltr'><strong>expulsio,</strong></span> <span class='ocrx_word' id='word_1_152' title='bbox 2999 694 3154 747; x_wconf 90' lang='lat' dir='ltr'><strong>sicuti</strong></span> <span class='ocrx_word' id='word_1_153' title='bbox 3198 703 3251 748; x_wconf 88' lang='lat' dir='ltr'><strong>et</strong></span> <span class='ocrx_word' id='word_1_154' title='bbox 3283 693 3476 749; x_wconf 86' lang='lat' dir='ltr'><strong>electio</strong></span> <span class='ocrx_word' id='word_1_155' title='bbox 3521 705 3684 766; x_wconf 87' lang='lat' dir='ltr'><strong>atque</strong></span> <span class='ocrx_word' id='word_1_156' title='bbox 3719 714 3808 752; x_wconf 82' lang='lat' dir='ltr'><strong>or-</strong></span> 
     </span>
    </p>
   </div>
   <div class='ocr_carea' id='block_1_21' title="bbox 2224 782 3808 856">
    <p class='ocr_par' dir='ltr' id='par_1_21' title="bbox 2224 782 3808 856">
     <span class='ocr_line' id='line_1_21' title="bbox 2224 782 3808 856; baseline 0.003 -19"><span class='ocrx_word' id='word_1_157' title='bbox 2224 782 2428 837; x_wconf 85' lang='lat' dir='ltr'><strong>dinatio</strong></span> <span class='ocrx_word' id='word_1_158' title='bbox 2463 783 2714 845; x_wconf 79' lang='lat' dir='ltr'><strong>Baldrici,</strong></span> <span class='ocrx_word' id='word_1_159' title='bbox 2777 783 3067 851; x_wconf 85' lang='lat' dir='ltr'><strong>rejicicnda</strong></span> <span class='ocrx_word' id='word_1_160' title='bbox 3115 786 3220 838; x_wconf 84' lang='lat' dir='ltr'><strong>erit</strong></span> <span class='ocrx_word' id='word_1_161' title='bbox 3260 794 3379 854; x_wconf 88' lang='lat' dir='ltr'><strong>post</strong></span> <span class='ocrx_word' id='word_1_162' title='bbox 3409 785 3638 850; x_wconf 81' lang='lat' dir='ltr'><strong>Pascha,</strong></span> <span class='ocrx_word' id='word_1_163' title='bbox 3665 789 3808 856; x_wconf 89' lang='lat' dir='ltr'><strong>quod</strong></span> 
     </span>
    </p>
   </div>
   <div class='ocr_carea' id='block_1_22' title="bbox 2223 875 3804 945">
    <p class='ocr_par' dir='ltr' id='par_1_22' title="bbox 2223 875 3804 945">
     <span class='ocr_line' id='line_1_22' title="bbox 2223 875 3804 945; baseline 0.003 -19"><span class='ocrx_word' id='word_1_164' title='bbox 2223 887 2288 926; x_wconf 94' lang='lat' dir='ltr'><strong>eo</strong></span> <span class='ocrx_word' id='word_1_165' title='bbox 2310 889 2458 927; x_wconf 85' lang='lat' dir='ltr'><strong>anno</strong></span> <span class='ocrx_word' id='word_1_166' title='bbox 2489 875 2540 928; x_wconf 92' lang='lat' dir='ltr'><strong>in</strong></span> <span class='ocrx_word' id='word_1_167' title='bbox 2575 875 2714 928; x_wconf 89' lang='lat' dir='ltr'><strong>diem</strong></span> <span class='ocrx_word' id='word_1_168' title='bbox 2746 875 3009 928; x_wconf 85' lang='lat' dir='ltr'><strong>decimam</strong></span> <span class='ocrx_word' id='word_1_169' title='bbox 3053 875 3294 944; x_wconf 89' lang='lat' dir='ltr'><strong>quintam</strong></span> <span class='ocrx_word' id='word_1_170' title='bbox 3331 875 3528 945; x_wconf 82' lang='lat' dir='ltr'><strong>Aprilis</strong></span> <span class='ocrx_word' id='word_1_171' title='bbox 3555 877 3804 931; x_wconf 85' lang='lat' dir='ltr'><strong>incurrit.</strong></span> 
     </span>
    </p>
   </div>
   <div class='ocr_carea' id='block_1_23' title="bbox 2221 965 3805 1037">
    <p class='ocr_par' dir='ltr' id='par_1_23' title="bbox 2221 965 3805 1037">
     <span class='ocr_line' id='line_1_23' title="bbox 2221 965 3805 1037; baseline 0.001 -19"><span class='ocrx_word' id='word_1_172' title='bbox 2221 965 2395 1019; x_wconf 90' lang='lat' dir='ltr'><strong>Erunt</strong></span> <span class='ocrx_word' id='word_1_173' title='bbox 2418 965 2664 1020; x_wconf 78' lang='lat' dir='ltr'><strong>fortassis</strong></span> <span class='ocrx_word' id='word_1_174' title='bbox 2699 968 2787 1035; x_wconf 91' lang='lat' dir='ltr'><strong>qui</strong></span> <span class='ocrx_word' id='word_1_175' title='bbox 2815 977 3090 1035; x_wconf 89' lang='lat' dir='ltr'><strong>opponent</strong></span> <span class='ocrx_word' id='word_1_176' title='bbox 3115 966 3421 1021; x_wconf 89' lang='lat' dir='ltr'><strong>Conradum</strong></span> <span class='ocrx_word' id='word_1_177' title='bbox 3451 967 3665 1034; x_wconf 89' lang='lat' dir='ltr'><strong>ducem,</strong></span> <span class='ocrx_word' id='word_1_178' title='bbox 3696 983 3805 1037; x_wconf 87' lang='lat' dir='ltr'><strong>quo</strong></span> 
     </span>
    </p>
   </div>
   <div class='ocr_carea' id='block_1_24' title="bbox 2221 1057 3805 1128">
    <p class='ocr_par' dir='ltr' id='par_1_24' title="bbox 2221 1057 3805 1128">
     <span class='ocr_line' id='line_1_24' title="bbox 2221 1057 3805 1128; baseline 0.001 -17"><span class='ocrx_word' id='word_1_179' title='bbox 2221 1067 2413 1127; x_wconf 80' lang='lat' dir='ltr'><strong>agente</strong></span> <span class='ocrx_word' id='word_1_180' title='bbox 2441 1067 2627 1112; x_wconf 85' lang='lat' dir='ltr'><strong>contra</strong></span> <span class='ocrx_word' id='word_1_181' title='bbox 2651 1057 2902 1113; x_wconf 89' lang='lat' dir='ltr'><strong>Ottonem</strong></span> <span class='ocrx_word' id='word_1_182' title='bbox 2934 1057 3226 1113; x_wconf 81' lang='lat' dir='ltr'><strong>Ratherius</strong></span> <span class='ocrx_word' id='word_1_183' title='bbox 3244 1059 3500 1128; x_wconf 77' lang='lat' dir='ltr'><strong>expulsus</strong></span> <span class='ocrx_word' id='word_1_184' title='bbox 3519 1059 3637 1122; x_wconf 88' lang='lat' dir='ltr'><strong>fuit,</strong></span> <span class='ocrx_word' id='word_1_185' title='bbox 3662 1059 3805 1128; x_wconf 88' lang='lat' dir='ltr'><strong>jam-</strong></span> 
     </span>
    </p>
   </div>
   <div class='ocr_carea' id='block_1_25' title="bbox 2221 1131 3801 1221">
    <p class='ocr_par' dir='ltr' id='par_1_25' title="bbox 2221 1131 3801 1221">
     <span class='ocr_line' id='line_1_25' title="bbox 2221 1131 3801 1221; baseline 0 -20"><span class='ocrx_word' id='word_1_186' title='bbox 2221 1147 2310 1201; x_wconf 91' lang='lat' dir='ltr'><strong>diu</strong></span> <span class='ocrx_word' id='word_1_187' title='bbox 2329 1158 2451 1202; x_wconf 81' lang='lat' dir='ltr'><strong>ante</strong></span> <span class='ocrx_word' id='word_1_188' title='bbox 2473 1149 2573 1204; x_wconf 89' lang='lat' dir='ltr'><strong>hoc</strong></span> <span class='ocrx_word' id='word_1_189' title='bbox 2603 1159 2814 1220; x_wconf 82' lang='lat' dir='ltr'><strong>tempus</strong></span> <span class='ocrx_word' id='word_1_190' title='bbox 2837 1150 3182 1205; x_wconf 88' lang='lat' dir='ltr'><strong>conciliatum</strong></span> <span class='ocrx_word' id='word_1_191' title='bbox 3210 1147 3374 1204; x_wconf 87' lang='lat' dir='ltr'><strong>fuisse</strong></span> <span class='ocrx_word' id='word_1_192' title='bbox 3403 1166 3523 1202; x_wconf 90' lang='lat' dir='ltr'><strong>cum</strong></span> <span class='ocrx_word' id='word_1_193' title='bbox 3550 1131 3801 1221; x_wconf 64' lang='grc' dir='ltr'><strong>[ιικχιν]</strong></span> 
     </span>
    </p>
   </div>
   <div class='ocr_carea' id='block_1_26' title="bbox 2221 1237 3803 1308">
    <p class='ocr_par' dir='ltr' id='par_1_26' title="bbox 2221 1237 3803 1308">
     <span class='ocr_line' id='line_1_26' title="bbox 2221 1237 3803 1308; baseline 0.002 -19"><span class='ocrx_word' id='word_1_194' title='bbox 2221 1251 2365 1307; x_wconf 86' lang='lat' dir='ltr'><strong>rege.</strong></span> <span class='ocrx_word' id='word_1_195' title='bbox 2400 1237 2550 1292; x_wconf 87' lang='lat' dir='ltr'><strong>Hanc</strong></span> <span class='ocrx_word' id='word_1_196' title='bbox 2596 1239 2741 1293; x_wconf 88' lang='lat' dir='ltr'><strong>enim</strong></span> <span class='ocrx_word' id='word_1_197' title='bbox 2796 1238 2963 1308; x_wconf 89' lang='lat' dir='ltr'><strong>ipsius</strong></span> <span class='ocrx_word' id='word_1_198' title='bbox 3013 1237 3506 1293; x_wconf 87' lang='lat' dir='ltr'><strong>reconciliationem</strong></span> <span class='ocrx_word' id='word_1_199' title='bbox 3556 1238 3803 1307; x_wconf 79' lang='lat' dir='ltr'><strong>plerique</strong></span> 
     </span>
    </p>
   </div>
   <div class='ocr_carea' id='block_1_27' title="bbox 2218 1327 3799 1400">
    <p class='ocr_par' dir='ltr' id='par_1_27' title="bbox 2218 1327 3799 1400">
     <span class='ocr_line' id='line_1_27' title="bbox 2218 1327 3799 1400; baseline 0 -18"><span class='ocrx_word' id='word_1_200' title='bbox 2218 1327 2550 1400; x_wconf 86' lang='lat' dir='ltr'><strong>conjungunt</strong></span> <span class='ocrx_word' id='word_1_201' title='bbox 2591 1345 2712 1384; x_wconf 92' lang='lat' dir='ltr'><strong>cum</strong></span> <span class='ocrx_word' id='word_1_202' title='bbox 2768 1329 2876 1392; x_wconf 91' lang='lat' dir='ltr'><strong>illa,</strong></span> <span class='ocrx_word' id='word_1_203' title='bbox 2911 1345 3016 1399; x_wconf 90' lang='lat' dir='ltr'><strong>qua</strong></span> <span class='ocrx_word' id='word_1_204' title='bbox 3073 1328 3343 1383; x_wconf 80' lang='lat' dir='ltr'><strong>Liutull‘us</strong></span> <span class='ocrx_word' id='word_1_205' title='bbox 3387 1331 3528 1400; x_wconf 84' lang='lat' dir='ltr'><strong>regis</strong></span> <span class='ocrx_word' id='word_1_206' title='bbox 3581 1329 3742 1395; x_wconf 90' lang='lat' dir='ltr'><strong>ﬁlius,</strong></span> <span class='ocrx_word' id='word_1_207' title='bbox 3769 1345 3799 1382; x_wconf 90' lang='lat' dir='ltr'><strong>a</strong></span> 
     </span>
    </p>
   </div>
   <div class='ocr_carea' id='block_1_28' title="bbox 2217 1417 3802 1491">
    <p class='ocr_par' dir='ltr' id='par_1_28' title="bbox 2217 1417 3802 1491">
     <span class='ocr_line' id='line_1_28' title="bbox 2217 1417 3802 1491; baseline 0.001 -18"><span class='ocrx_word' id='word_1_208' title='bbox 2217 1417 2465 1474; x_wconf 83' lang='lat' dir='ltr'><strong>Conrado</strong></span> <span class='ocrx_word' id='word_1_209' title='bbox 2487 1429 2672 1473; x_wconf 91' lang='lat' dir='ltr'><strong>contra</strong></span> <span class='ocrx_word' id='word_1_210' title='bbox 2695 1430 2903 1489; x_wconf 89' lang='lat' dir='ltr'><strong>patrem</strong></span> <span class='ocrx_word' id='word_1_211' title='bbox 2924 1420 3176 1474; x_wconf 91' lang='lat' dir='ltr'><strong>incitatus</strong></span> <span class='ocrx_word' id='word_1_212' title='bbox 3198 1429 3251 1474; x_wconf 92' lang='lat' dir='ltr'><strong>et</strong></span> <span class='ocrx_word' id='word_1_213' title='bbox 3267 1419 3527 1484; x_wconf 87' lang='lat' dir='ltr'><strong>infensus,</strong></span> <span class='ocrx_word' id='word_1_214' title='bbox 3551 1421 3602 1473; x_wconf 91' lang='lat' dir='ltr'><strong>in</strong></span> <span class='ocrx_word' id='word_1_215' title='bbox 3631 1421 3802 1491; x_wconf 89' lang='lat' dir='ltr'><strong>ipsius</strong></span> 
     </span>
    </p>
   </div>
   <div class='ocr_carea' id='block_1_29' title="bbox 2217 1509 3798 1577">
    <p class='ocr_par' dir='ltr' id='par_1_29' title="bbox 2217 1509 3798 1577">
     <span class='ocr_line' id='line_1_29' title="bbox 2217 1509 3798 1577; baseline 0.002 -16"><span class='ocrx_word' id='word_1_216' title='bbox 2217 1509 2446 1577; x_wconf 78' lang='lat' dir='ltr'><strong>gratiam</strong></span> <span class='ocrx_word' id='word_1_217' title='bbox 2484 1511 2644 1565; x_wconf 91' lang='lat' dir='ltr'><strong>rediit</strong></span> <span class='ocrx_word' id='word_1_218' title='bbox 2671 1511 2758 1565; x_wconf 87' lang='lat' dir='ltr'><strong>die</strong></span> <span class='ocrx_word' id='word_1_219' title='bbox 2793 1510 2858 1563; x_wconf 83' lang='grc'>17</span> <span class='ocrx_word' id='word_1_220' title='bbox 2908 1509 3220 1564; x_wconf 87' lang='lat' dir='ltr'><strong>Decembris</strong></span> <span class='ocrx_word' id='word_1_221' title='bbox 3266 1525 3354 1564; x_wconf 85' lang='lat' dir='ltr'><strong>an.</strong></span> <span class='ocrx_word' id='word_1_222' title='bbox 3393 1509 3517 1564; x_wconf 70' lang='grc'><strong>954.</strong></span> <span class='ocrx_word' id='word_1_223' title='bbox 3550 1509 3798 1564; x_wconf 89' lang='lat' dir='ltr'><strong>Innitun-</strong></span> 
     </span>
    </p>
   </div>
   <div class='ocr_carea' id='block_1_30' title="bbox 2217 1602 3800 1672">
    <p class='ocr_par' dir='ltr' id='par_1_30' title="bbox 2217 1602 3800 1672">
     <span class='ocr_line' id='line_1_30' title="bbox 2217 1602 3800 1672; baseline 0.001 -16"><span class='ocrx_word' id='word_1_224' title='bbox 2217 1611 2304 1656; x_wconf 89' lang='lat' dir='ltr'><strong>tur</strong></span> <span class='ocrx_word' id='word_1_225' title='bbox 2361 1603 2668 1658; x_wconf 90' lang='lat' dir='ltr'><strong>testimonio</strong></span> <span class='ocrx_word' id='word_1_226' title='bbox 2719 1602 3069 1666; x_wconf 89' lang='lat' dir='ltr'><strong>Witichindi,</strong></span> <span class='ocrx_word' id='word_1_227' title='bbox 3135 1604 3226 1672; x_wconf 89' lang='lat' dir='ltr'><strong>qui</strong></span> <span class='ocrx_word' id='word_1_228' title='bbox 3280 1602 3416 1658; x_wconf 89' lang='lat' dir='ltr'><strong>libro</strong></span> <span class='ocrx_word' id='word_1_229' title='bbox 3472 1603 3634 1657; x_wconf 86' lang='lat' dir='ltr'><strong>tertio</strong></span> <span class='ocrx_word' id='word_1_230' title='bbox 3689 1618 3800 1658; x_wconf 87' lang='lat' dir='ltr'><strong>uno</strong></span> 
     </span>
    </p>
   </div>
   <div class='ocr_carea' id='block_1_31' title="bbox 2215 1693 3797 1764">
    <p class='ocr_par' dir='ltr' id='par_1_31' title="bbox 2215 1693 3797 1764">
     <span class='ocr_line' id='line_1_31' title="bbox 2215 1693 3797 1764; baseline -0.001 -15"><span class='ocrx_word' id='word_1_231' title='bbox 2215 1703 2468 1750; x_wconf 65' lang='lat' dir='ltr'><strong>contextu</strong></span> <span class='ocrx_word' id='word_1_232' title='bbox 2497 1694 2670 1763; x_wconf 78' lang='lat' dir='ltr'><strong>ﬁlium</strong></span> <span class='ocrx_word' id='word_1_233' title='bbox 2713 1693 3009 1748; x_wconf 87' lang='lat' dir='ltr'><strong>Liutull&#39;um</strong></span> <span class='ocrx_word' id='word_1_234' title='bbox 3037 1702 3091 1764; x_wconf 86' lang='lat' dir='ltr'><strong>et</strong></span> <span class='ocrx_word' id='word_1_235' title='bbox 3119 1693 3425 1749; x_wconf 87' lang='lat' dir='ltr'><strong>Conradum</strong></span> <span class='ocrx_word' id='word_1_236' title='bbox 3452 1710 3698 1764; x_wconf 84' lang='lat' dir='ltr'><strong>generum</strong></span> <span class='ocrx_word' id='word_1_237' title='bbox 3728 1695 3797 1748; x_wconf 90' lang='lat' dir='ltr'><strong>ab</strong></span> 
     </span>
    </p>
   </div>
   <div class='ocr_carea' id='block_1_32' title="bbox 532 1781 3795 1856">
    <p class='ocr_par' dir='ltr' id='par_1_32' title="bbox 532 1781 3795 1856">
     <span class='ocr_line' id='line_1_32' title="bbox 532 1781 3795 1856; baseline -0 -16"><span class='ocrx_word' id='word_1_238' title='bbox 532 1794 668 1840; x_wconf 91' lang='lat' dir='ltr'><strong>terat</strong></span> <span class='ocrx_word' id='word_1_239' title='bbox 703 1785 817 1840; x_wconf 87' lang='lat' dir='ltr'><strong>sine</strong></span> <span class='ocrx_word' id='word_1_240' title='bbox 867 1784 1136 1839; x_wconf 79' lang='lat' dir='ltr'><strong>Brunonis</strong></span> <span class='ocrx_word' id='word_1_241' title='bbox 1185 1799 1433 1850; x_wconf 88' lang='lat' dir='ltr'><strong>assensu,</strong></span> <span class='ocrx_word' id='word_1_242' title='bbox 1491 1785 1581 1854; x_wconf 90' lang='lat' dir='ltr'><strong>qui</strong></span> <span class='ocrx_word' id='word_1_243' title='bbox 1618 1800 1725 1838; x_wconf 89' lang='lat' dir='ltr'><strong>non</strong></span> <span class='ocrx_word' id='word_1_244' title='bbox 1778 1784 1950 1838; x_wconf 90' lang='lat' dir='ltr'><strong>solum</strong></span> <span class='ocrx_word' id='word_1_245' title='bbox 1989 1792 2109 1837; x_wconf 90' lang='lat' dir='ltr'><strong>erat</strong></span> <span class='ocrx_word' id='word_1_246' title='bbox 2140 1781 2186 1842; x_wconf 85' lang='lat' dir='ltr'><strong>B</strong></span> <span class='ocrx_word' id='word_1_247' title='bbox 2215 1784 2410 1841; x_wconf 89' lang='lat' dir='ltr'><strong>Ottone</strong></span> <span class='ocrx_word' id='word_1_248' title='bbox 2451 1787 2503 1841; x_wconf 91' lang='lat' dir='ltr'><strong>in</strong></span> <span class='ocrx_word' id='word_1_249' title='bbox 2555 1787 2786 1856; x_wconf 78' lang='lat' dir='ltr'><strong>gratiam</strong></span> <span class='ocrx_word' id='word_1_250' title='bbox 2839 1794 3119 1856; x_wconf 89' lang='lat' dir='ltr'><strong>susceptos</strong></span> <span class='ocrx_word' id='word_1_251' title='bbox 3168 1794 3417 1841; x_wconf 89' lang='lat' dir='ltr'><strong>testatur.</strong></span> <span class='ocrx_word' id='word_1_252' title='bbox 3464 1784 3795 1840; x_wconf 84' lang='lat' dir='ltr'><strong>AtConradi</strong></span> 
     </span>
    </p>
   </div>
   <div class='ocr_carea' id='block_1_33' title="bbox 533 1872 2111 1944">
    <p class='ocr_par' dir='ltr' id='par_1_33' title="bbox 533 1872 2111 1944">
     <span class='ocr_line' id='line_1_33' title="bbox 533 1872 2111 1944; baseline -0.001 -16"><span class='ocrx_word' id='word_1_253' title='bbox 533 1873 974 1944; x_wconf 82' lang='lat' dir='ltr'><strong>archicpisc0pus</strong></span> <span class='ocrx_word' id='word_1_254' title='bbox 1000 1872 1362 1939; x_wconf 90' lang='lat' dir='ltr'><strong>Coloniensis,</strong></span> <span class='ocrx_word' id='word_1_255' title='bbox 1393 1873 1458 1928; x_wconf 89' lang='lat' dir='ltr'><strong>ad</strong></span> <span class='ocrx_word' id='word_1_256' title='bbox 1482 1888 1640 1942; x_wconf 87' lang='lat' dir='ltr'><strong>quem</strong></span> <span class='ocrx_word' id='word_1_257' title='bbox 1665 1875 1790 1928; x_wconf 79' lang='lat' dir='ltr'><strong>novi</strong></span> <span class='ocrx_word' id='word_1_258' title='bbox 1812 1873 2111 1928; x_wconf 90' lang='lat' dir='ltr'><strong>Leodicen-</strong></span> 
     </span>
    </p>
   </div>
   <div class='ocr_carea' id='block_1_34' title="bbox 527 1963 2112 2034">
    <p class='ocr_par' dir='ltr' id='par_1_34' title="bbox 527 1963 2112 2034">
     <span class='ocr_line' id='line_1_34' title="bbox 527 1963 2112 2034; baseline 0.001 -17"><span class='ocrx_word' id='word_1_259' title='bbox 527 1963 603 2018; x_wconf 86' lang='lat' dir='ltr'><strong>sis</strong></span> <span class='ocrx_word' id='word_1_260' title='bbox 641 1963 877 2034; x_wconf 89' lang='lat' dir='ltr'><strong>episc0pi</strong></span> <span class='ocrx_word' id='word_1_261' title='bbox 928 1963 1201 2019; x_wconf 89' lang='lat' dir='ltr'><strong>ordinatio</strong></span> <span class='ocrx_word' id='word_1_262' title='bbox 1255 1965 1555 2034; x_wconf 87' lang='lat' dir='ltr'><strong>spectabat,</strong></span> <span class='ocrx_word' id='word_1_263' title='bbox 1597 1980 1782 2019; x_wconf 81' lang='lat' dir='ltr'><strong>verum</strong></span> <span class='ocrx_word' id='word_1_264' title='bbox 1817 1965 1982 2018; x_wconf 90' lang='lat' dir='ltr'><strong>etiam</strong></span> <span class='ocrx_word' id='word_1_265' title='bbox 2009 1964 2112 2019; x_wconf 90' lang='lat' dir='ltr'><strong>Lo-</strong></span> 
     </span>
    </p>
   </div>
   <div class='ocr_carea' id='block_1_35' title="bbox 526 2052 2158 2128">
    <p class='ocr_par' dir='ltr' id='par_1_35' title="bbox 526 2052 2158 2128">
     <span class='ocr_line' id='line_1_35' title="bbox 526 2052 2158 2128; baseline 0.002 -22"><span class='ocrx_word' id='word_1_266' title='bbox 526 2053 813 2123; x_wconf 75' lang='lat' dir='ltr'><strong>tharingia:</strong></span> <span class='ocrx_word' id='word_1_267' title='bbox 839 2052 943 2107; x_wconf 76' lang='lat' dir='ltr'><strong>dux</strong></span> <span class='ocrx_word' id='word_1_268' title='bbox 988 2060 1152 2107; x_wconf 89' lang='lat' dir='ltr'><strong>totam</strong></span> <span class='ocrx_word' id='word_1_269' title='bbox 1193 2068 1312 2108; x_wconf 90' lang='lat' dir='ltr'><strong>eam</strong></span> <span class='ocrx_word' id='word_1_270' title='bbox 1355 2054 1629 2124; x_wconf 81' lang='lat' dir='ltr'><strong>regionem</strong></span> <span class='ocrx_word' id='word_1_271' title='bbox 1675 2055 2107 2110; x_wconf 88' lang='lat' dir='ltr'><strong>administrabat.</strong></span> <span class='ocrx_word' id='word_1_272' title='bbox 2149 2123 2158 2128; x_wconf 89' lang='lat'>_</span> 
     </span>
    </p>
   </div>
   <div class='ocr_carea' id='block_1_36' title="bbox 532 2145 2110 2218">
    <p class='ocr_par' dir='ltr' id='par_1_36' title="bbox 532 2145 2110 2218">
     <span class='ocr_line' id='line_1_36' title="bbox 532 2145 2110 2218; baseline 0.004 -20"><span class='ocrx_word' id='word_1_273' title='bbox 532 2145 634 2200; x_wconf 83' lang='lat' dir='ltr'><strong>llic</strong></span> <span class='ocrx_word' id='word_1_274' title='bbox 680 2157 858 2200; x_wconf 90' lang='lat' dir='ltr'><strong>autem</strong></span> <span class='ocrx_word' id='word_1_275' title='bbox 919 2162 1145 2216; x_wconf 87' lang='lat' dir='ltr'><strong>magnus</strong></span> <span class='ocrx_word' id='word_1_276' title='bbox 1179 2146 1424 2202; x_wconf 82' lang='lat' dir='ltr'><strong>Ratherii</strong></span> <span class='ocrx_word' id='word_1_277' title='bbox 1475 2158 1733 2218; x_wconf 89' lang='lat' dir='ltr'><strong>patronus</strong></span> <span class='ocrx_word' id='word_1_278' title='bbox 1772 2150 1914 2204; x_wconf 89' lang='lat' dir='ltr'><strong>haud</strong></span> <span class='ocrx_word' id='word_1_279' title='bbox 1955 2149 2110 2205; x_wconf 81' lang='lat' dir='ltr'><strong>facile</strong></span> 
     </span>
    </p>
   </div>
   <div class='ocr_carea' id='block_1_37' title="bbox 523 2237 2106 2307">
    <p class='ocr_par' dir='ltr' id='par_1_37' title="bbox 523 2237 2106 2307">
     <span class='ocr_line' id='line_1_37' title="bbox 523 2237 2106 2307; baseline 0.004 -17"><span class='ocrx_word' id='word_1_280' title='bbox 523 2237 795 2292; x_wconf 88' lang='lat' dir='ltr'><strong>seditiosis</strong></span> <span class='ocrx_word' id='word_1_281' title='bbox 830 2239 1011 2293; x_wconf 82' lang='lat' dir='ltr'><strong>cessit.</strong></span> <span class='ocrx_word' id='word_1_282' title='bbox 1064 2237 1152 2298; x_wconf 86' lang='lat' dir='ltr'><strong>lJla</strong></span> <span class='ocrx_word' id='word_1_283' title='bbox 1180 2238 1444 2305; x_wconf 80' lang='lat' dir='ltr'><strong>Fuleuini,</strong></span> <span class='ocrx_word' id='word_1_284' title='bbox 1488 2259 1507 2292; x_wconf 87' lang='grc'><strong><em>‹</em></strong></span> <span class='ocrx_word' id='word_1_285' title='bbox 1545 2240 1682 2307; x_wconf 89' lang='lat' dir='ltr'><strong>Quid</strong></span> <span class='ocrx_word' id='word_1_286' title='bbox 1715 2241 1914 2296; x_wconf 86' lang='lat' dir='ltr'><strong>multa?</strong></span> <span class='ocrx_word' id='word_1_287' title='bbox 1938 2243 2106 2297; x_wconf 81' lang='lat' dir='ltr'><strong>Erra-</strong></span> 
     </span>
    </p>
   </div>
   <div class='ocr_carea' id='block_1_38' title="bbox 522 2326 2106 2400">
    <p class='ocr_par' dir='ltr' id='par_1_38' title="bbox 522 2326 2106 2400">
     <span class='ocr_line' id='line_1_38' title="bbox 522 2326 2106 2400; baseline 0.003 -20"><span class='ocrx_word' id='word_1_288' title='bbox 522 2338 634 2380; x_wconf 88' lang='lat' dir='ltr'><strong>tum</strong></span> <span class='ocrx_word' id='word_1_289' title='bbox 667 2326 917 2400; x_wconf 74' lang='lat' dir='ltr'><strong>[uxxm]</strong></span> <span class='ocrx_word' id='word_1_290' title='bbox 952 2338 1054 2393; x_wconf 90' lang='lat' dir='ltr'><strong>est,</strong></span> <span class='ocrx_word' id='word_1_291' title='bbox 1090 2329 1332 2384; x_wconf 81' lang='lat' dir='ltr'><strong>saevitum</strong></span> <span class='ocrx_word' id='word_1_292' title='bbox 1380 2339 1500 2395; x_wconf 90' lang='lat' dir='ltr'><strong>est,</strong></span> <span class='ocrx_word' id='word_1_293' title='bbox 1550 2347 1649 2386; x_wconf 72' lang='lat' dir='ltr'><strong>nec</strong></span> <span class='ocrx_word' id='word_1_294' title='bbox 1705 2347 1977 2387; x_wconf 70' lang='lat' dir='ltr'><strong>CESSATUI</strong></span> <span class='ocrx_word' id='word_1_295' title='bbox 2003 2340 2106 2397; x_wconf 90' lang='lat' dir='ltr'><strong>est,</strong></span> 
     </span>
    </p>
   </div>
   <div class='ocr_carea' id='block_1_39' title="bbox 527 2417 2105 2492">
    <p class='ocr_par' dir='ltr' id='par_1_39' title="bbox 527 2417 2105 2492">
     <span class='ocr_line' id='line_1_39' title="bbox 527 2417 2105 2492; baseline 0.004 -20"><span class='ocrx_word' id='word_1_296' title='bbox 527 2417 702 2473; x_wconf 90' lang='lat' dir='ltr'><strong>donec</strong></span> <span class='ocrx_word' id='word_1_297' title='bbox 745 2418 1060 2488; x_wconf 78' lang='lat' dir='ltr'><strong>expulsione</strong></span> <span class='ocrx_word' id='word_1_298' title='bbox 1115 2419 1230 2486; x_wconf 87' lang='lat' dir='ltr'><strong>ejus</strong></span> <span class='ocrx_word' id='word_1_299' title='bbox 1263 2420 1569 2475; x_wconf 90' lang='lat' dir='ltr'><strong>crudelitati</strong></span> <span class='ocrx_word' id='word_1_300' title='bbox 1618 2437 1730 2476; x_wconf 82' lang='lat' dir='ltr'><strong>sua:</strong></span> <span class='ocrx_word' id='word_1_301' title='bbox 1766 2431 1821 2477; x_wconf 91' lang='lat' dir='ltr'><strong>et</strong></span> <span class='ocrx_word' id='word_1_302' title='bbox 1850 2423 2105 2492; x_wconf 64' lang='lat' dir='ltr'><strong>nequitiae</strong></span> 
     </span>
    </p>
   </div>
   <div class='ocr_carea' id='block_1_40' title="bbox 525 2507 2108 2580">
    <p class='ocr_par' dir='ltr' id='par_1_40' title="bbox 525 2507 2108 2580">
     <span class='ocr_line' id='line_1_40' title="bbox 525 2507 2108 2580; baseline 0.003 -17"><span class='ocrx_word' id='word_1_303' title='bbox 525 2507 927 2572; x_wconf 74' lang='lat' dir='ltr'><strong>satisfacerent,</strong></span> <span class='ocrx_word' id='word_1_304' title='bbox 963 2529 982 2561; x_wconf 73' lang='grc' dir='ltr'><strong><em>ι</em></strong></span> <span class='ocrx_word' id='word_1_305' title='bbox 1015 2508 1230 2578; x_wconf 88' lang='lat' dir='ltr'><strong>aliquod</strong></span> <span class='ocrx_word' id='word_1_306' title='bbox 1255 2526 1359 2563; x_wconf 92' lang='lat' dir='ltr'><strong>non</strong></span> <span class='ocrx_word' id='word_1_307' title='bbox 1386 2511 1550 2565; x_wconf 81' lang='lat' dir='ltr'><strong>breve</strong></span> <span class='ocrx_word' id='word_1_308' title='bbox 1580 2521 1791 2580; x_wconf 85' lang='lat' dir='ltr'><strong>tempus</strong></span> <span class='ocrx_word' id='word_1_309' title='bbox 1824 2513 1874 2564; x_wconf 90' lang='lat' dir='ltr'><strong>in</strong></span> <span class='ocrx_word' id='word_1_310' title='bbox 1900 2512 2001 2567; x_wconf 83' lang='lat' dir='ltr'><strong>hac</strong></span> <span class='ocrx_word' id='word_1_311' title='bbox 2025 2529 2108 2568; x_wconf 87' lang='lat' dir='ltr'><strong>se-</strong></span> 
     </span>
    </p>
   </div>
   <div class='ocr_carea' id='block_1_41' title="bbox 523 2597 2102 2670">
    <p class='ocr_par' dir='ltr' id='par_1_41' title="bbox 523 2597 2102 2670">
     <span class='ocr_line' id='line_1_41' title="bbox 523 2597 2102 2670; baseline 0.004 -20"><span class='ocrx_word' id='word_1_312' title='bbox 523 2597 726 2652; x_wconf 91' lang='lat' dir='ltr'><strong>ditione</strong></span> <span class='ocrx_word' id='word_1_313' title='bbox 753 2606 1004 2652; x_wconf 87' lang='lat' dir='ltr'><strong>exactum</strong></span> <span class='ocrx_word' id='word_1_314' title='bbox 1035 2597 1297 2664; x_wconf 90' lang='lat' dir='ltr'><strong>indica’ut,</strong></span> <span class='ocrx_word' id='word_1_315' title='bbox 1333 2599 1648 2670; x_wconf 86' lang='lat' dir='ltr'><strong>priusquam</strong></span> <span class='ocrx_word' id='word_1_316' title='bbox 1698 2599 1879 2655; x_wconf 88' lang='lat' dir='ltr'><strong>Bruno</strong></span> <span class='ocrx_word' id='word_1_317' title='bbox 1916 2603 1984 2656; x_wconf 91' lang='lat' dir='ltr'><strong>ad</strong></span> <span class='ocrx_word' id='word_1_318' title='bbox 2011 2617 2102 2656; x_wconf 86' lang='lat' dir='ltr'><strong>ce-</strong></span> 
     </span>
    </p>
   </div>
   <div class='ocr_carea' id='block_1_42' title="bbox 519 2687 2108 2764">
    <p class='ocr_par' dir='ltr' id='par_1_42' title="bbox 519 2687 2108 2764">
     <span class='ocr_line' id='line_1_42' title="bbox 519 2687 2108 2764; baseline 0.005 -22"><span class='ocrx_word' id='word_1_319' title='bbox 519 2687 750 2742; x_wconf 89' lang='lat' dir='ltr'><strong>dendum</strong></span> <span class='ocrx_word' id='word_1_320' title='bbox 800 2688 1164 2744; x_wconf 90' lang='lat' dir='ltr'><strong>induceretur.</strong></span> <span class='ocrx_word' id='word_1_321' title='bbox 1210 2691 1324 2745; x_wconf 88' lang='lat' dir='ltr'><strong>Duo</strong></span> <span class='ocrx_word' id='word_1_322' title='bbox 1357 2691 1429 2747; x_wconf 86' lang='lat' dir='ltr'><strong>illi</strong></span> <span class='ocrx_word' id='word_1_323' title='bbox 1463 2693 1690 2749; x_wconf 85' lang='lat' dir='ltr'><strong>comites</strong></span> <span class='ocrx_word' id='word_1_324' title='bbox 1721 2693 2036 2764; x_wconf 80' lang='lat' dir='ltr'><strong>Regeuerus</strong></span> <span class='ocrx_word' id='word_1_325' title='bbox 2053 2703 2108 2750; x_wconf 90' lang='lat' dir='ltr'><strong>et</strong></span> 
     </span>
    </p>
   </div>
   <div class='ocr_carea' id='block_1_43' title="bbox 517 2778 2102 2855">
    <p class='ocr_par' dir='ltr' id='par_1_43' title="bbox 517 2778 2102 2855">
     <span class='ocr_line' id='line_1_43' title="bbox 517 2778 2102 2855; baseline 0.005 -22"><span class='ocrx_word' id='word_1_326' title='bbox 517 2778 850 2836; x_wconf 80' lang='lat' dir='ltr'><strong>Ruodvoltus</strong></span> <span class='ocrx_word' id='word_1_327' title='bbox 878 2781 930 2834; x_wconf 91' lang='lat' dir='ltr'><strong>in</strong></span> <span class='ocrx_word' id='word_1_328' title='bbox 974 2796 1036 2836; x_wconf 90' lang='lat' dir='ltr'><strong>ea</strong></span> <span class='ocrx_word' id='word_1_329' title='bbox 1074 2783 1289 2853; x_wconf 85' lang='lat' dir='ltr'><strong>regione</strong></span> <span class='ocrx_word' id='word_1_330' title='bbox 1329 2794 1711 2855; x_wconf 64' lang='lat' dir='ltr'><strong>praepotentes,</strong></span> <span class='ocrx_word' id='word_1_331' title='bbox 1741 2799 1970 2854; x_wconf 89' lang='lat' dir='ltr'><strong>quorum</strong></span> <span class='ocrx_word' id='word_1_332' title='bbox 2009 2800 2102 2841; x_wconf 86' lang='lat' dir='ltr'><strong>ne-</strong></span> 
     </span>
    </p>
   </div>
   <div class='ocr_carea' id='block_1_44' title="bbox 515 2871 2103 2946">
    <p class='ocr_par' dir='ltr' id='par_1_44' title="bbox 515 2871 2103 2946">
     <span class='ocr_line' id='line_1_44' title="bbox 515 2871 2103 2946; baseline 0.003 -20"><span class='ocrx_word' id='word_1_333' title='bbox 515 2887 617 2942; x_wconf 86' lang='lat' dir='ltr'><strong>pos</strong></span> <span class='ocrx_word' id='word_1_334' title='bbox 642 2879 760 2926; x_wconf 88' lang='lat' dir='ltr'><strong>erat</strong></span> <span class='ocrx_word' id='word_1_335' title='bbox 786 2871 1088 2939; x_wconf 87' lang='lat' dir='ltr'><strong>Baldricus,</strong></span> <span class='ocrx_word' id='word_1_336' title='bbox 1119 2889 1215 2943; x_wconf 93' lang='lat' dir='ltr'><strong>pro</strong></span> <span class='ocrx_word' id='word_1_337' title='bbox 1239 2873 1436 2930; x_wconf 90' lang='lat' dir='ltr'><strong>Ottone</strong></span> <span class='ocrx_word' id='word_1_338' title='bbox 1463 2891 1586 2946; x_wconf 89' lang='lat' dir='ltr'><strong>rege</strong></span> <span class='ocrx_word' id='word_1_339' title='bbox 1613 2875 1888 2930; x_wconf 87' lang='lat' dir='ltr'><strong>Brunonis</strong></span> <span class='ocrx_word' id='word_1_340' title='bbox 1935 2875 2103 2931; x_wconf 87' lang='lat' dir='ltr'><strong>fratre</strong></span> 
     </span>
    </p>
   </div>
   <div class='ocr_carea' id='block_1_45' title="bbox 516 2962 2099 3024">
    <p class='ocr_par' dir='ltr' id='par_1_45' title="bbox 516 2962 2099 3024">
     <span class='ocr_line' id='line_1_45' title="bbox 516 2962 2099 3024; baseline 0.004 -7"><span class='ocrx_word' id='word_1_341' title='bbox 516 2962 774 3018; x_wconf 87' lang='lat' dir='ltr'><strong>adversus</strong></span> <span class='ocrx_word' id='word_1_342' title='bbox 816 2964 1005 3019; x_wconf 91' lang='lat' dir='ltr'><strong>ducem</strong></span> <span class='ocrx_word' id='word_1_343' title='bbox 1063 2966 1372 3021; x_wconf 90' lang='lat' dir='ltr'><strong>Conradum</strong></span> <span class='ocrx_word' id='word_1_344' title='bbox 1412 2977 1697 3022; x_wconf 84' lang='lat' dir='ltr'><strong>steterant.</strong></span> <span class='ocrx_word' id='word_1_345' title='bbox 1729 2968 1788 3022; x_wconf 81' lang='lat' dir='ltr'><strong>in</strong></span> <span class='ocrx_word' id='word_1_346' title='bbox 1819 2983 1880 3024; x_wconf 90' lang='lat' dir='ltr'><strong>ea</strong></span> <span class='ocrx_word' id='word_1_347' title='bbox 1909 2977 2099 3024; x_wconf 88' lang='lat' dir='ltr'><strong>contra</strong></span> 
     </span>
    </p>
   </div>
   <div class='ocr_carea' id='block_1_46' title="bbox 517 3052 2095 3128">
    <p class='ocr_par' dir='ltr' id='par_1_46' title="bbox 517 3052 2095 3128">
     <span class='ocr_line' id='line_1_46' title="bbox 517 3052 2095 3128; baseline 0.004 -23"><span class='ocrx_word' id='word_1_348' title='bbox 517 3052 836 3108; x_wconf 76' lang='lat' dir='ltr'><strong>Ratherium</strong></span> <span class='ocrx_word' id='word_1_349' title='bbox 863 3054 1262 3124; x_wconf 85' lang='lat' dir='ltr'><strong>conspiratione</strong></span> <span class='ocrx_word' id='word_1_350' title='bbox 1293 3055 1362 3110; x_wconf 89' lang='lat' dir='ltr'><strong>ab</strong></span> <span class='ocrx_word' id='word_1_351' title='bbox 1401 3057 1485 3112; x_wconf 91' lang='lat' dir='ltr'><strong>his</strong></span> <span class='ocrx_word' id='word_1_352' title='bbox 1526 3059 1829 3128; x_wconf 70' lang='lat' dir='ltr'><strong>przesertim</strong></span> <span class='ocrx_word' id='word_1_353' title='bbox 1851 3059 2095 3113; x_wconf 69' lang='lat' dir='ltr'><strong>smvitum</strong></span> 
     </span>
    </p>
   </div>
   <div class='ocr_carea' id='block_1_47' title="bbox 2215 1873 3797 1946">
    <p class='ocr_par' dir='ltr' id='par_1_47' title="bbox 2215 1873 3797 1946">
     <span class='ocr_line' id='line_1_47' title="bbox 2215 1873 3797 1946; baseline -0.001 -15"><span class='ocrx_word' id='word_1_354' title='bbox 2215 1877 2709 1933; x_wconf 88' lang='lat' dir='ltr'><strong>reconciliationem</strong></span> <span class='ocrx_word' id='word_1_355' title='bbox 2725 1884 2846 1946; x_wconf 89' lang='lat' dir='ltr'><strong>post</strong></span> <span class='ocrx_word' id='word_1_356' title='bbox 2869 1875 3014 1930; x_wconf 93' lang='lat' dir='ltr'><strong>illam</strong></span> <span class='ocrx_word' id='word_1_357' title='bbox 3038 1875 3258 1929; x_wconf 89' lang='lat' dir='ltr'><strong>Liutulfi</strong></span> <span class='ocrx_word' id='word_1_358' title='bbox 3285 1874 3477 1929; x_wconf 87' lang='lat' dir='ltr'><strong>initam</strong></span> <span class='ocrx_word' id='word_1_359' title='bbox 3502 1873 3671 1929; x_wconf 90' lang='lat' dir='ltr'><strong>fuisse</strong></span> <span class='ocrx_word' id='word_1_360' title='bbox 3701 1891 3797 1929; x_wconf 88' lang='lat' dir='ltr'><strong>no-</strong></span> 
     </span>
    </p>
   </div>
   <div class='ocr_carea' id='block_1_48' title="bbox 2210 1961 3794 2021">
    <p class='ocr_par' dir='ltr' id='par_1_48' title="bbox 2210 1961 3794 2021">
     <span class='ocr_line' id='line_1_48' title="bbox 2210 1961 3794 2021; baseline 0 -2"><span class='ocrx_word' id='word_1_361' title='bbox 2210 1965 2294 2020; x_wconf 90' lang='lat' dir='ltr'><strong>bis</strong></span> <span class='ocrx_word' id='word_1_362' title='bbox 2319 1967 2683 2021; x_wconf 87' lang='lat' dir='ltr'><strong>certissimum</strong></span> <span class='ocrx_word' id='word_1_363' title='bbox 2715 1973 2817 2019; x_wconf 88' lang='lat' dir='ltr'><strong>est.</strong></span> <span class='ocrx_word' id='word_1_364' title='bbox 2843 1964 3039 2019; x_wconf 88' lang='lat' dir='ltr'><strong>Pacem</strong></span> <span class='ocrx_word' id='word_1_365' title='bbox 3062 1979 3184 2020; x_wconf 91' lang='lat' dir='ltr'><strong>cum</strong></span> <span class='ocrx_word' id='word_1_366' title='bbox 3229 1964 3338 2019; x_wconf 92' lang='lat' dir='ltr'><strong>ﬁlio</strong></span> <span class='ocrx_word' id='word_1_367' title='bbox 3361 1961 3557 2019; x_wconf 87' lang='lat' dir='ltr'><strong>factam</strong></span> <span class='ocrx_word' id='word_1_368' title='bbox 3583 1979 3794 2019; x_wconf 88' lang='lat' dir='ltr'><strong>memo-</strong></span> 
     </span>
    </p>
   </div>
   <div class='ocr_carea' id='block_1_49' title="bbox 2213 2053 3797 2123">
    <p class='ocr_par' dir='ltr' id='par_1_49' title="bbox 2213 2053 3797 2123">
     <span class='ocr_line' id='line_1_49' title="bbox 2213 2053 3797 2123; baseline 0.001 -14"><span class='ocrx_word' id='word_1_369' title='bbox 2213 2061 2332 2110; x_wconf 83' lang='lat' dir='ltr'><strong>rat‘o</strong></span> <span class='ocrx_word' id='word_1_370' title='bbox 2355 2055 2442 2109; x_wconf 91' lang='lat' dir='ltr'><strong>die</strong></span> <span class='ocrx_word' id='word_1_371' title='bbox 2468 2055 2533 2108; x_wconf 86' lang='grc'><strong>17</strong></span> <span class='ocrx_word' id='word_1_372' title='bbox 2561 2055 2874 2109; x_wconf 90' lang='lat' dir='ltr'><strong>Decembris</strong></span> <span class='ocrx_word' id='word_1_373' title='bbox 2907 2055 3036 2109; x_wconf 88' lang='lat' dir='ltr'><strong>anni</strong></span> <span class='ocrx_word' id='word_1_374' title='bbox 3069 2054 3197 2120; x_wconf 68' lang='lat'><strong>954,</strong></span> <span class='ocrx_word' id='word_1_375' title='bbox 3229 2053 3399 2123; x_wconf 90' lang='lat' dir='ltr'><strong>liquet</strong></span> <span class='ocrx_word' id='word_1_376' title='bbox 3426 2068 3490 2108; x_wconf 80' lang='lat' dir='ltr'><strong>ex</strong></span> <span class='ocrx_word' id='word_1_377' title='bbox 3517 2055 3797 2110; x_wconf 86' lang='lat' dir='ltr'><strong>notatione</strong></span> 
     </span>
    </p>
   </div>
   <div class='ocr_carea' id='block_1_50' title="bbox 2209 2144 3792 2215">
    <p class='ocr_par' dir='ltr' id='par_1_50' title="bbox 2209 2144 3792 2215">
     <span class='ocr_line' id='line_1_50' title="bbox 2209 2144 3792 2215; baseline -0.001 -15"><span class='ocrx_word' id='word_1_378' title='bbox 2209 2144 2480 2200; x_wconf 85' lang='lat' dir='ltr'><strong>Guillelmi</strong></span> <span class='ocrx_word' id='word_1_379' title='bbox 2510 2144 2902 2215; x_wconf 88' lang='lat' dir='ltr'><strong>archiepiscopi</strong></span> <span class='ocrx_word' id='word_1_380' title='bbox 2929 2145 3226 2215; x_wconf 80' lang='lat' dir='ltr'><strong>Moguntini</strong></span> <span class='ocrx_word' id='word_1_381' title='bbox 3265 2144 3536 2200; x_wconf 88' lang='lat' dir='ltr'><strong>Chronico</strong></span> <span class='ocrx_word' id='word_1_382' title='bbox 3566 2144 3792 2198; x_wconf 80' lang='lat' dir='ltr'><strong>Mariani</strong></span> 
     </span>
    </p>
   </div>
   <div class='ocr_carea' id='block_1_51' title="bbox 2210 2231 3822 2304">
    <p class='ocr_par' dir='ltr' id='par_1_51' title="bbox 2210 2231 3822 2304">
     <span class='ocr_line' id='line_1_51' title="bbox 2210 2231 3822 2304; baseline 0.001 -17"><span class='ocrx_word' id='word_1_383' title='bbox 2210 2231 2359 2287; x_wconf 90' lang='lat' dir='ltr'><strong>Scoti</strong></span> <span class='ocrx_word' id='word_1_384' title='bbox 2414 2233 2638 2288; x_wconf 91' lang='lat' dir='ltr'><strong>inserta.</strong></span> <span class='ocrx_word' id='word_1_385' title='bbox 2691 2232 2791 2300; x_wconf 86' lang='lat' dir='ltr'><strong>Qui</strong></span> <span class='ocrx_word' id='word_1_386' title='bbox 2829 2242 3010 2287; x_wconf 91' lang='lat' dir='ltr'><strong>autem</strong></span> <span class='ocrx_word' id='word_1_387' title='bbox 3061 2233 3179 2288; x_wconf 90' lang='lat' dir='ltr'><strong>ﬁeri</strong></span> <span class='ocrx_word' id='word_1_388' title='bbox 3226 2234 3426 2304; x_wconf 90' lang='lat' dir='ltr'><strong>potuit,</strong></span> <span class='ocrx_word' id='word_1_389' title='bbox 3492 2243 3552 2288; x_wconf 89' lang='lat' dir='ltr'><strong>ut</strong></span> <span class='ocrx_word' id='word_1_390' title='bbox 3601 2234 3822 2290; x_wconf 89' lang='lat' dir='ltr'><strong>eodem-</strong></span> 
     </span>
    </p>
   </div>
   <div class='ocr_carea' id='block_1_52' title="bbox 2208 2325 3818 2396">
    <p class='ocr_par' dir='ltr' id='par_1_52' title="bbox 2208 2325 3818 2396">
     <span class='ocr_line' id='line_1_52' title="bbox 2208 2325 3818 2396; baseline 0.002 -18"><span class='ocrx_word' id='word_1_391' title='bbox 2208 2341 2423 2395; x_wconf 89' lang='lat' dir='ltr'><strong>quoque</strong></span> <span class='ocrx_word' id='word_1_392' title='bbox 2472 2326 2559 2380; x_wconf 90' lang='lat' dir='ltr'><strong>die</strong></span> <span class='ocrx_word' id='word_1_393' title='bbox 2610 2325 2890 2380; x_wconf 90' lang='lat' dir='ltr'><strong>Conradus</strong></span> <span class='ocrx_word' id='word_1_394' title='bbox 2939 2341 3061 2380; x_wconf 89' lang='lat' dir='ltr'><strong>cum</strong></span> <span class='ocrx_word' id='word_1_395' title='bbox 3112 2341 3237 2396; x_wconf 83' lang='lat' dir='ltr'><strong>rege</strong></span> <span class='ocrx_word' id='word_1_396' title='bbox 3287 2342 3474 2396; x_wconf 87' lang='lat' dir='ltr'><strong>pacem</strong></span> <span class='ocrx_word' id='word_1_397' title='bbox 3505 2326 3709 2392; x_wconf 85' lang='lat' dir='ltr'><strong>inierit,</strong></span> <span class='ocrx_word' id='word_1_398' title='bbox 3743 2328 3818 2383; x_wconf 90' lang='lat' dir='ltr'><strong>si-</strong></span> 
     </span>
    </p>
   </div>
   <div class='ocr_carea' id='block_1_53' title="bbox 2207 2415 3791 2486">
    <p class='ocr_par' dir='ltr' id='par_1_53' title="bbox 2207 2415 3791 2486">
     <span class='ocr_line' id='line_1_53' title="bbox 2207 2415 3791 2486; baseline 0.001 -17"><span class='ocrx_word' id='word_1_399' title='bbox 2207 2415 2469 2470; x_wconf 84' lang='lat' dir='ltr'><strong>Fulcnino</strong></span> <span class='ocrx_word' id='word_1_400' title='bbox 2505 2424 2638 2470; x_wconf 90' lang='lat' dir='ltr'><strong>teste</strong></span> <span class='ocrx_word' id='word_1_401' title='bbox 2687 2415 2910 2470; x_wconf 90' lang='lat' dir='ltr'><strong>rebellio</strong></span> <span class='ocrx_word' id='word_1_402' title='bbox 2957 2417 3010 2470; x_wconf 91' lang='lat' dir='ltr'><strong>in</strong></span> <span class='ocrx_word' id='word_1_403' title='bbox 3046 2416 3362 2471; x_wconf 85' lang='lat' dir='ltr'><strong>Ratherium</strong></span> <span class='ocrx_word' id='word_1_404' title='bbox 3394 2417 3665 2486; x_wconf 88' lang='lat' dir='ltr'><strong>posterius</strong></span> <span class='ocrx_word' id='word_1_405' title='bbox 3691 2431 3791 2471; x_wconf 82' lang='lat' dir='ltr'><strong>ex-</strong></span> 
     </span>
    </p>
   </div>
   <div class='ocr_carea' id='block_1_54' title="bbox 2207 2499 3818 2576">
    <p class='ocr_par' dir='ltr' id='par_1_54' title="bbox 2207 2499 3818 2576">
     <span class='ocr_line' id='line_1_54' title="bbox 2207 2499 3818 2576; baseline 0.004 -18"><span class='ocrx_word' id='word_1_406' title='bbox 2207 2515 2325 2558; x_wconf 84' lang='lat' dir='ltr'><strong>orta</strong></span> <span class='ocrx_word' id='word_1_407' title='bbox 2357 2504 2456 2558; x_wconf 88' lang='lat' dir='ltr'><strong>fuit</strong></span> <span class='ocrx_word' id='word_1_408' title='bbox 2479 2505 2565 2560; x_wconf 91' lang='lat' dir='ltr'><strong>die</strong></span> <span class='ocrx_word' id='word_1_409' title='bbox 2595 2504 2768 2559; x_wconf 86' lang='lat' dir='ltr'><strong>Natali</strong></span> <span class='ocrx_word' id='word_1_410' title='bbox 2797 2506 2923 2559; x_wconf 91' lang='lat' dir='ltr'><strong>anni</strong></span> <span class='ocrx_word' id='word_1_411' title='bbox 2955 2507 3219 2576; x_wconf 84' lang='lat' dir='ltr'><strong>ejusdem;</strong></span> <span class='ocrx_word' id='word_1_412' title='bbox 3247 2515 3302 2562; x_wconf 90' lang='lat' dir='ltr'><strong>et</strong></span> <span class='ocrx_word' id='word_1_413' title='bbox 3325 2507 3604 2576; x_wconf 85' lang='lat' dir='ltr'><strong>aliquanto</strong></span> <span class='ocrx_word' id='word_1_414' title='bbox 3625 2499 3790 2562; x_wconf 81' lang='lat' dir='ltr'><strong>etiam</strong></span> <span class='ocrx_word' id='word_1_415' title='bbox 3815 2561 3818 2564; x_wconf 83' lang='lat'><strong>.</strong></span> 
     </span>
    </p>
   </div>
   <div class='ocr_carea' id='block_1_55' title="bbox 2203 2595 3794 2667">
    <p class='ocr_par' dir='ltr' id='par_1_55' title="bbox 2203 2595 3794 2667">
     <span class='ocr_line' id='line_1_55' title="bbox 2203 2595 3794 2667; baseline 0.002 -20"><span class='ocrx_word' id='word_1_416' title='bbox 2203 2605 2327 2664; x_wconf 88' lang='lat' dir='ltr'><strong>post</strong></span> <span class='ocrx_word' id='word_1_417' title='bbox 2358 2595 2445 2650; x_wconf 91' lang='lat' dir='ltr'><strong>ille</strong></span> <span class='ocrx_word' id='word_1_418' title='bbox 2479 2611 2511 2651; x_wconf 91' lang='lat' dir='ltr'><strong>e</strong></span> <span class='ocrx_word' id='word_1_419' title='bbox 2551 2595 2866 2650; x_wconf 89' lang='lat' dir='ltr'><strong>Leodicensi</strong></span> <span class='ocrx_word' id='word_1_420' title='bbox 2897 2597 3024 2650; x_wconf 89' lang='lat' dir='ltr'><strong>sede</strong></span> <span class='ocrx_word' id='word_1_421' title='bbox 3055 2596 3156 2650; x_wconf 85' lang='lat' dir='ltr'><strong>fuit</strong></span> <span class='ocrx_word' id='word_1_422' title='bbox 3183 2597 3458 2667; x_wconf 78' lang='lat' dir='ltr'><strong>expulsus,</strong></span> <span class='ocrx_word' id='word_1_423' title='bbox 3491 2598 3616 2652; x_wconf 90' lang='lat' dir='ltr'><strong>dum</strong></span> <span class='ocrx_word' id='word_1_424' title='bbox 3644 2597 3794 2652; x_wconf 86' lang='lat' dir='ltr'><strong>Gon-</strong></span> 
     </span>
    </p>
   </div>
   <div class='ocr_carea' id='block_1_56' title="bbox 2206 2685 3794 2755">
    <p class='ocr_par' dir='ltr' id='par_1_56' title="bbox 2206 2685 3794 2755">
     <span class='ocr_line' id='line_1_56' title="bbox 2206 2685 3794 2755; baseline 0.002 -15"><span class='ocrx_word' id='word_1_425' title='bbox 2206 2685 2369 2741; x_wconf 83' lang='lat' dir='ltr'><strong>radus</strong></span> <span class='ocrx_word' id='word_1_426' title='bbox 2396 2687 2524 2750; x_wconf 82' lang='lat' dir='ltr'><strong>dux,</strong></span> <span class='ocrx_word' id='word_1_427' title='bbox 2554 2687 2670 2755; x_wconf 90' lang='lat' dir='ltr'><strong>ipso</strong></span> <span class='ocrx_word' id='word_1_428' title='bbox 2698 2695 2928 2741; x_wconf 75' lang='lat' dir='ltr'><strong>testante</strong></span> <span class='ocrx_word' id='word_1_429' title='bbox 2968 2686 3249 2752; x_wconf 82' lang='lat' dir='ltr'><strong>Ratherio,</strong></span> <span class='ocrx_word' id='word_1_430' title='bbox 3278 2689 3454 2744; x_wconf 91' lang='lat' dir='ltr'><strong>adhuc</strong></span> <span class='ocrx_word' id='word_1_431' title='bbox 3475 2697 3664 2744; x_wconf 89' lang='lat' dir='ltr'><strong>contra</strong></span> <span class='ocrx_word' id='word_1_432' title='bbox 3702 2703 3794 2743; x_wconf 69' lang='lat' dir='ltr'><strong>reo</strong></span> 
     </span>
    </p>
   </div>
   <div class='ocr_carea' id='block_1_57' title="bbox 2204 2775 3785 2849">
    <p class='ocr_par' dir='ltr' id='par_1_57' title="bbox 2204 2775 3785 2849">
     <span class='ocr_line' id='line_1_57' title="bbox 2204 2775 3785 2849; baseline 0.001 -19"><span class='ocrx_word' id='word_1_433' title='bbox 2204 2791 2326 2847; x_wconf 89' lang='lat' dir='ltr'><strong>gem</strong></span> <span class='ocrx_word' id='word_1_434' title='bbox 2354 2775 2590 2844; x_wconf 84' lang='lat' dir='ltr'><strong>agebat?</strong></span> <span class='ocrx_word' id='word_1_435' title='bbox 2619 2775 2802 2830; x_wconf 86' lang='lat' dir='ltr'><strong>Palam</strong></span> <span class='ocrx_word' id='word_1_436' title='bbox 2828 2776 2995 2848; x_wconf 84' lang='lat' dir='ltr'><strong>igitur</strong></span> <span class='ocrx_word' id='word_1_437' title='bbox 3026 2775 3086 2830; x_wconf 87' lang='lat' dir='ltr'><strong>ﬁt</strong></span> <span class='ocrx_word' id='word_1_438' title='bbox 3120 2776 3426 2832; x_wconf 90' lang='lat' dir='ltr'><strong>Conradum</strong></span> <span class='ocrx_word' id='word_1_439' title='bbox 3451 2789 3571 2849; x_wconf 90' lang='lat' dir='ltr'><strong>post</strong></span> <span class='ocrx_word' id='word_1_440' title='bbox 3592 2779 3785 2834; x_wconf 74' lang='lat' dir='ltr'><strong>initam</strong></span> 
     </span>
    </p>
   </div>
   <div class='ocr_carea' id='block_1_58' title="bbox 2202 2867 3817 2938">
    <p class='ocr_par' dir='ltr' id='par_1_58' title="bbox 2202 2867 3817 2938">
     <span class='ocr_line' id='line_1_58' title="bbox 2202 2867 3817 2938; baseline 0.001 -16"><span class='ocrx_word' id='word_1_441' title='bbox 2202 2867 2425 2923; x_wconf 86' lang='lat' dir='ltr'><strong>Liutulﬁ</strong></span> <span class='ocrx_word' id='word_1_442' title='bbox 2478 2883 2662 2938; x_wconf 86' lang='lat' dir='ltr'><strong>pacem</strong></span> <span class='ocrx_word' id='word_1_443' title='bbox 2704 2883 2824 2922; x_wconf 90' lang='lat' dir='ltr'><strong>cum</strong></span> <span class='ocrx_word' id='word_1_444' title='bbox 2871 2878 3025 2938; x_wconf 90' lang='lat' dir='ltr'><strong>patre</strong></span> <span class='ocrx_word' id='word_1_445' title='bbox 3071 2871 3160 2924; x_wconf 86' lang='lat' dir='ltr'><strong>die</strong></span> <span class='ocrx_word' id='word_1_446' title='bbox 3206 2871 3271 2924; x_wconf 81' lang='lat' dir='ltr'><strong>l7</strong></span> <span class='ocrx_word' id='word_1_447' title='bbox 3301 2870 3614 2926; x_wconf 88' lang='lat' dir='ltr'><strong>Decembris</strong></span> <span class='ocrx_word' id='word_1_448' title='bbox 3643 2885 3817 2925; x_wconf 87' lang='lat' dir='ltr'><strong>anno.</strong></span> 
     </span>
    </p>
   </div>
   <div class='ocr_carea' id='block_1_59' title="bbox 2203 2958 3786 3029">
    <p class='ocr_par' dir='ltr' id='par_1_59' title="bbox 2203 2958 3786 3029">
     <span class='ocr_line' id='line_1_59' title="bbox 2203 2958 3786 3029; baseline 0.001 -15"><span class='ocrx_word' id='word_1_449' title='bbox 2203 2958 2326 3024; x_wconf 62' lang='lat'><strong>954,</strong></span> <span class='ocrx_word' id='word_1_450' title='bbox 2360 2959 2619 3014; x_wconf 87' lang='lat' dir='ltr'><strong>adversus</strong></span> <span class='ocrx_word' id='word_1_451' title='bbox 2644 2974 2822 3029; x_wconf 84' lang='lat' dir='ltr'><strong>regem</strong></span> <span class='ocrx_word' id='word_1_452' title='bbox 2867 2959 3179 3029; x_wconf 86' lang='lat' dir='ltr'><strong>aliquandiu</strong></span> <span class='ocrx_word' id='word_1_453' title='bbox 3229 2961 3466 3026; x_wconf 87' lang='lat' dir='ltr'><strong>stetisse,</strong></span> <span class='ocrx_word' id='word_1_454' title='bbox 3515 2973 3565 3016; x_wconf 89' lang='lat' dir='ltr'><strong>et</strong></span> <span class='ocrx_word' id='word_1_455' title='bbox 3611 2961 3786 3016; x_wconf 88' lang='lat' dir='ltr'><strong>solum</strong></span> 
     </span>
    </p>
   </div>
   <div class='ocr_carea' id='block_1_60' title="bbox 2200 3050 3789 3125">
    <p class='ocr_par' dir='ltr' id='par_1_60' title="bbox 2200 3050 3789 3125">
     <span class='ocr_line' id='line_1_60' title="bbox 2200 3050 3789 3125; baseline 0.003 -21"><span class='ocrx_word' id='word_1_456' title='bbox 2200 3061 2388 3120; x_wconf 86' lang='lat' dir='ltr'><strong>postea</strong></span> <span class='ocrx_word' id='word_1_457' title='bbox 2416 3066 2558 3106; x_wconf 92' lang='lat' dir='ltr'><strong>anno</strong></span> <span class='ocrx_word' id='word_1_458' title='bbox 2585 3050 2690 3105; x_wconf 80' lang='lat'><strong>955</strong></span> <span class='ocrx_word' id='word_1_459' title='bbox 2713 3052 2873 3122; x_wconf 88' lang='lat' dir='ltr'><strong>paulo</strong></span> <span class='ocrx_word' id='word_1_460' title='bbox 2899 3061 3025 3108; x_wconf 88' lang='lat' dir='ltr'><strong>ante</strong></span> <span class='ocrx_word' id='word_1_461' title='bbox 3048 3067 3279 3123; x_wconf 86' lang='lat' dir='ltr'><strong>pugnam</strong></span> <span class='ocrx_word' id='word_1_462' title='bbox 3309 3068 3409 3123; x_wconf 90' lang='lat' dir='ltr'><strong>pro</strong></span> <span class='ocrx_word' id='word_1_463' title='bbox 3438 3054 3624 3111; x_wconf 88' lang='lat' dir='ltr'><strong>eodem</strong></span> <span class='ocrx_word' id='word_1_464' title='bbox 3660 3070 3789 3125; x_wconf 87' lang='lat' dir='ltr'><strong>rege</strong></span> 
     </span>
    </p>
   </div>
   <div class='ocr_carea' id='block_1_61' title="bbox 514 3127 3790 3216">
    <p class='ocr_par' dir='ltr' id='par_1_61' title="bbox 514 3127 3790 3216">
     <span class='ocr_line' id='line_1_61' title="bbox 514 3127 3790 3216; baseline 0.002 -14"><span class='ocrx_word' id='word_1_465' title='bbox 514 3148 640 3214; x_wconf 83' lang='lat' dir='ltr'><strong>fuit,</strong></span> <span class='ocrx_word' id='word_1_466' title='bbox 686 3168 704 3199; x_wconf 87' lang='grc'><strong>‹</strong></span> <span class='ocrx_word' id='word_1_467' title='bbox 738 3165 837 3205; x_wconf 89' lang='lat' dir='ltr'><strong>nec</strong></span> <span class='ocrx_word' id='word_1_468' title='bbox 886 3159 1174 3216; x_wconf 88' lang='lat' dir='ltr'><strong>cessatum,</strong></span> <span class='ocrx_word' id='word_1_469' title='bbox 1212 3170 1230 3203; x_wconf 73' lang='grc' dir='ltr'><strong>ι</strong></span> <span class='ocrx_word' id='word_1_470' title='bbox 1284 3152 1455 3207; x_wconf 90' lang='lat' dir='ltr'><strong>donec</strong></span> <span class='ocrx_word' id='word_1_471' title='bbox 1492 3152 1763 3207; x_wconf 70' lang='lat' dir='ltr'><strong>Brunonis</strong></span> <span class='ocrx_word' id='word_1_472' title='bbox 1814 3168 2094 3208; x_wconf 83' lang='lat' dir='ltr'><strong>assensum</strong></span> <span class='ocrx_word' id='word_1_473' title='bbox 2125 3127 2170 3188; x_wconf 65' lang='grc' dir='ltr'><strong>(ἶ</strong></span> <span class='ocrx_word' id='word_1_474' title='bbox 2203 3141 2271 3196; x_wconf 77' lang='lat' dir='ltr'><strong>ab</strong></span> <span class='ocrx_word' id='word_1_475' title='bbox 2293 3155 2357 3195; x_wconf 79' lang='lat' dir='ltr'><strong>eo</strong></span> <span class='ocrx_word' id='word_1_476' title='bbox 2388 3149 2692 3211; x_wconf 76' lang='lat' dir='ltr'><strong>susceptam</strong></span> <span class='ocrx_word' id='word_1_477' title='bbox 2723 3151 2910 3196; x_wconf 73' lang='lat' dir='ltr'><strong>contra</strong></span> <span class='ocrx_word' id='word_1_478' title='bbox 2944 3142 3252 3214; x_wconf 75' lang='lat' dir='ltr'><strong>HungarOS.</strong></span> <span class='ocrx_word' id='word_1_479' title='bbox 3302 3159 3423 3199; x_wconf 87' lang='lat' dir='ltr'><strong>cum</strong></span> <span class='ocrx_word' id='word_1_480' title='bbox 3453 3145 3571 3214; x_wconf 87' lang='lat' dir='ltr'><strong>ipso</strong></span> <span class='ocrx_word' id='word_1_481' title='bbox 3616 3144 3790 3200; x_wconf 76' lang='lat' dir='ltr'><strong>fuisse</strong></span> 
     </span>
    </p>
   </div>
   <div class='ocr_carea' id='block_1_62' title="bbox 511 3241 2098 3316">
    <p class='ocr_par' dir='ltr' id='par_1_62' title="bbox 511 3241 2098 3316">
     <span class='ocr_line' id='line_1_62' title="bbox 511 3241 2098 3316; baseline 0.003 -20"><span class='ocrx_word' id='word_1_482' title='bbox 511 3248 916 3311; x_wconf 82' lang='lat' dir='ltr'><strong>extorquerent.</strong></span> <span class='ocrx_word' id='word_1_483' title='bbox 944 3261 962 3294; x_wconf 82' lang='lat'><strong>(</strong></span> <span class='ocrx_word' id='word_1_484' title='bbox 991 3241 1359 3314; x_wconf 87' lang='lat' dir='ltr'><strong>Tempestates</strong></span> <span class='ocrx_word' id='word_1_485' title='bbox 1383 3245 1617 3316; x_wconf 88' lang='lat' dir='ltr'><strong>undique</strong></span> <span class='ocrx_word' id='word_1_486' title='bbox 1642 3245 1941 3301; x_wconf 85' lang='lat' dir='ltr'><strong>innumerae</strong></span> <span class='ocrx_word' id='word_1_487' title='bbox 1971 3262 2098 3302; x_wconf 82' lang='lat' dir='ltr'><strong>con-</strong></span> 
     </span>
    </p>
   </div>
   <div class='ocr_carea' id='block_1_63' title="bbox 511 3329 2100 3401">
    <p class='ocr_par' dir='ltr' id='par_1_63' title="bbox 511 3329 2100 3401">
     <span class='ocr_line' id='line_1_63' title="bbox 511 3329 2100 3401; baseline 0.005 -17"><span class='ocrx_word' id='word_1_488' title='bbox 511 3329 804 3398; x_wconf 79' lang='lat' dir='ltr'><strong>ﬂuxerunt,</strong></span> <span class='ocrx_word' id='word_1_489' title='bbox 832 3349 851 3383; x_wconf 78' lang='grc' dir='ltr'>ι</span> <span class='ocrx_word' id='word_1_490' title='bbox 869 3331 944 3386; x_wconf 91' lang='lat' dir='ltr'><strong>ait</strong></span> <span class='ocrx_word' id='word_1_491' title='bbox 958 3332 1074 3388; x_wconf 91' lang='lat' dir='ltr'><strong>loco</strong></span> <span class='ocrx_word' id='word_1_492' title='bbox 1087 3335 1276 3389; x_wconf 89' lang='lat' dir='ltr'><strong>eodem</strong></span> <span class='ocrx_word' id='word_1_493' title='bbox 1291 3333 1608 3401; x_wconf 87' lang='lat' dir='ltr'><strong>Fuleuinus,</strong></span> <span class='ocrx_word' id='word_1_494' title='bbox 1628 3355 1646 3387; x_wconf 75' lang='grc' dir='ltr'><strong><em>ι</em></strong></span> <span class='ocrx_word' id='word_1_495' title='bbox 1669 3337 1824 3392; x_wconf 86' lang='lat' dir='ltr'><strong>navis</strong></span> <span class='ocrx_word' id='word_1_496' title='bbox 1845 3336 2100 3392; x_wconf 71' lang='lat' dir='ltr'><strong>Ecclesiae</strong></span> 
     </span>
    </p>
   </div>
   <div class='ocr_carea' id='block_1_64' title="bbox 512 3419 2096 3497">
    <p class='ocr_par' dir='ltr' id='par_1_64' title="bbox 512 3419 2096 3497">
     <span class='ocr_line' id='line_1_64' title="bbox 512 3419 2096 3497; baseline 0.005 -24"><span class='ocrx_word' id='word_1_497' title='bbox 512 3419 792 3476; x_wconf 88' lang='lat' dir='ltr'><strong>laborante</strong></span> <span class='ocrx_word' id='word_1_498' title='bbox 839 3423 1043 3493; x_wconf 84' lang='lat' dir='ltr'><strong>remige</strong></span> <span class='ocrx_word' id='word_1_499' title='bbox 1082 3422 1384 3490; x_wconf 83' lang='lat' dir='ltr'><strong>ﬂuctuavit,</strong></span> <span class='ocrx_word' id='word_1_500' title='bbox 1436 3424 1770 3497; x_wconf 87' lang='lat' dir='ltr'><strong>gubernator</strong></span> <span class='ocrx_word' id='word_1_501' title='bbox 1817 3425 1934 3497; x_wconf 88' lang='lat' dir='ltr'><strong>ipse</strong></span> <span class='ocrx_word' id='word_1_502' title='bbox 1971 3441 2096 3496; x_wconf 85' lang='lat' dir='ltr'><strong>pro-</strong></span> 
     </span>
    </p>
   </div>
   <div class='ocr_carea' id='block_1_65' title="bbox 509 3511 2097 3589">
    <p class='ocr_par' dir='ltr' id='par_1_65' title="bbox 509 3511 2097 3589">
     <span class='ocr_line' id='line_1_65' title="bbox 509 3511 2097 3589; baseline 0.006 -23"><span class='ocrx_word' id='word_1_503' title='bbox 509 3511 721 3568; x_wconf 68' lang='lat' dir='ltr'><strong>cellosae</strong></span> <span class='ocrx_word' id='word_1_504' title='bbox 748 3515 1086 3585; x_wconf 87' lang='lat' dir='ltr'><strong>tempestatis</strong></span> <span class='ocrx_word' id='word_1_505' title='bbox 1108 3515 1365 3586; x_wconf 90' lang='lat' dir='ltr'><strong>impetum</strong></span> <span class='ocrx_word' id='word_1_506' title='bbox 1393 3517 1537 3574; x_wconf 85' lang='lat' dir='ltr'><strong>ferre</strong></span> <span class='ocrx_word' id='word_1_507' title='bbox 1563 3533 1670 3573; x_wconf 90' lang='lat' dir='ltr'><strong>non</strong></span> <span class='ocrx_word' id='word_1_508' title='bbox 1697 3519 1894 3589; x_wconf 90' lang='lat' dir='ltr'><strong>potuit.</strong></span> <span class='ocrx_word' id='word_1_509' title='bbox 1919 3519 2097 3575; x_wconf 85' lang='lat' dir='ltr'><strong>Cessit</strong></span> 
     </span>
    </p>
   </div>
   <div class='ocr_carea' id='block_1_66' title="bbox 510 3600 2095 3674">
    <p class='ocr_par' dir='ltr' id='par_1_66' title="bbox 510 3600 2095 3674">
     <span class='ocr_line' id='line_1_66' title="bbox 510 3600 2095 3674; baseline 0.004 -19"><span class='ocrx_word' id='word_1_510' title='bbox 510 3600 857 3672; x_wconf 87' lang='lat' dir='ltr'><strong>igitur,</strong></span> <span class='ocrx_word' id='word_1_511' title='bbox 908 3603 1075 3658; x_wconf 89' lang='lat' dir='ltr'><strong>cessit</strong></span> <span class='ocrx_word' id='word_1_512' title='bbox 1107 3606 1510 3662; x_wconf 85' lang='lat' dir='ltr'><strong>adversantium</strong></span> <span class='ocrx_word' id='word_1_513' title='bbox 1560 3605 1846 3674; x_wconf 79' lang='lat' dir='ltr'><strong>voluntati,</strong></span> <span class='ocrx_word' id='word_1_514' title='bbox 1895 3615 1954 3662; x_wconf 93' lang='lat' dir='ltr'><strong>ut</strong></span> <span class='ocrx_word' id='word_1_515' title='bbox 1996 3623 2095 3662; x_wconf 91' lang='lat' dir='ltr'><strong>suo</strong></span> 
     </span>
    </p>
   </div>
   <div class='ocr_carea' id='block_1_67' title="bbox 514 3692 2096 3764">
    <p class='ocr_par' dir='ltr' id='par_1_67' title="bbox 514 3692 2096 3764">
     <span class='ocr_line' id='line_1_67' title="bbox 514 3692 2096 3764; baseline 0.004 -18"><span class='ocrx_word' id='word_1_516' title='bbox 514 3708 611 3746; x_wconf 89' lang='lat' dir='ltr'><strong>eos</strong></span> <span class='ocrx_word' id='word_1_517' title='bbox 641 3693 819 3762; x_wconf 87' lang='lat' dir='ltr'><strong>gladio</strong></span> <span class='ocrx_word' id='word_1_518' title='bbox 855 3692 1149 3764; x_wconf 84' lang='lat' dir='ltr'><strong>jugularet.</strong></span> <span class='ocrx_word' id='word_1_519' title='bbox 1181 3695 1298 3751; x_wconf 90' lang='lat' dir='ltr'><strong>Sibi</strong></span> <span class='ocrx_word' id='word_1_520' title='bbox 1342 3696 1591 3752; x_wconf 91' lang='lat' dir='ltr'><strong>obstricti</strong></span> <span class='ocrx_word' id='word_1_521' title='bbox 1633 3706 1760 3753; x_wconf 90' lang='lat' dir='ltr'><strong>sunt</strong></span> <span class='ocrx_word' id='word_1_522' title='bbox 1782 3713 2096 3753; x_wconf 83' lang='lat' dir='ltr'><strong>sacramen-</strong></span> 
     </span>
    </p>
   </div>
   <div class='ocr_carea' id='block_1_68' title="bbox 512 3781 2097 3854">
    <p class='ocr_par' dir='ltr' id='par_1_68' title="bbox 512 3781 2097 3854">
     <span class='ocr_line' id='line_1_68' title="bbox 512 3781 2097 3854; baseline 0.005 -22"><span class='ocrx_word' id='word_1_523' title='bbox 512 3790 688 3834; x_wconf 87' lang='lat' dir='ltr'><strong>torum</strong></span> <span class='ocrx_word' id='word_1_524' title='bbox 723 3781 829 3836; x_wconf 82' lang='lat' dir='ltr'><strong>ﬁde</strong></span> <span class='ocrx_word' id='word_1_525' title='bbox 852 3783 1158 3851; x_wconf 88' lang='lat' dir='ltr'><strong>spontanei,</strong></span> <span class='ocrx_word' id='word_1_526' title='bbox 1187 3795 1246 3840; x_wconf 90' lang='lat' dir='ltr'><strong>ut</strong></span> <span class='ocrx_word' id='word_1_527' title='bbox 1273 3785 1318 3839; x_wconf 89' lang='lat' dir='ltr'><strong>si</strong></span> <span class='ocrx_word' id='word_1_528' title='bbox 1341 3785 1589 3854; x_wconf 91' lang='lat' dir='ltr'><strong>accipere</strong></span> <span class='ocrx_word' id='word_1_529' title='bbox 1613 3793 1955 3840; x_wconf 88' lang='lat' dir='ltr'><strong>mererentur</strong></span> <span class='ocrx_word' id='word_1_530' title='bbox 1982 3787 2097 3854; x_wconf 87' lang='lat' dir='ltr'><strong>epi-</strong></span> 
     </span>
    </p>
   </div>
   <div class='ocr_carea' id='block_1_69' title="bbox 509 3873 2096 3941">
    <p class='ocr_par' dir='ltr' id='par_1_69' title="bbox 509 3873 2096 3941">
     <span class='ocr_line' id='line_1_69' title="bbox 509 3873 2096 3941; baseline 0.003 -17"><span class='ocrx_word' id='word_1_531' title='bbox 509 3885 729 3939; x_wconf 84' lang='lat' dir='ltr'><strong>scopum</strong></span> <span class='ocrx_word' id='word_1_532' title='bbox 777 3886 936 3940; x_wconf 89' lang='lat' dir='ltr'><strong>quem</strong></span> <span class='ocrx_word' id='word_1_533' title='bbox 981 3873 1283 3941; x_wconf 89' lang='lat' dir='ltr'><strong>petebant,</strong></span> <span class='ocrx_word' id='word_1_534' title='bbox 1337 3873 1538 3928; x_wconf 87' lang='lat' dir='ltr'><strong>invicta</strong></span> <span class='ocrx_word' id='word_1_535' title='bbox 1590 3875 1785 3928; x_wconf 79' lang='lat' dir='ltr'><strong>exinde</strong></span> <span class='ocrx_word' id='word_1_536' title='bbox 1839 3874 2096 3929; x_wconf 88' lang='lat' dir='ltr'><strong>ﬁrmitate</strong></span> 
     </span>
    </p>
   </div>
   <div class='ocr_carea' id='block_1_70' title="bbox 510 3962 2095 4035">
    <p class='ocr_par' dir='ltr' id='par_1_70' title="bbox 510 3962 2095 4035">
     <span class='ocr_line' id='line_1_70' title="bbox 510 3962 2095 4035; baseline 0.005 -21"><span class='ocrx_word' id='word_1_537' title='bbox 510 3962 891 4016; x_wconf 88' lang='lat' dir='ltr'><strong>auctoritatem</strong></span> <span class='ocrx_word' id='word_1_538' title='bbox 926 3963 1182 4019; x_wconf 79' lang='lat' dir='ltr'><strong>Ecclesia:</strong></span> <span class='ocrx_word' id='word_1_539' title='bbox 1211 3972 1267 4018; x_wconf 93' lang='lat' dir='ltr'><strong>et</strong></span> <span class='ocrx_word' id='word_1_540' title='bbox 1300 3964 1388 4034; x_wconf 90' lang='lat' dir='ltr'><strong>jus</strong></span> <span class='ocrx_word' id='word_1_541' title='bbox 1426 3965 1830 4035; x_wconf 86' lang='lat' dir='ltr'><strong>imperatorium</strong></span> <span class='ocrx_word' id='word_1_542' title='bbox 1878 3976 2095 4022; x_wconf 62' lang='lat' dir='ltr'><strong>tuerenc</strong></span> 
     </span>
    </p>
   </div>
   <div class='ocr_carea' id='block_1_71' title="bbox 511 4050 2096 4121">
    <p class='ocr_par' dir='ltr' id='par_1_71' title="bbox 511 4050 2096 4121">
     <span class='ocr_line' id='line_1_71' title="bbox 511 4050 2096 4121; baseline 0.005 -18"><span class='ocrx_word' id='word_1_543' title='bbox 511 4058 618 4103; x_wconf 88' lang='lat' dir='ltr'><strong>tur.</strong></span> <span class='ocrx_word' id='word_1_544' title='bbox 656 4069 674 4101; x_wconf 71' lang='grc' dir='ltr'><strong><em>ι</em></strong></span> <span class='ocrx_word' id='word_1_545' title='bbox 731 4050 971 4107; x_wconf 86' lang='lat' dir='ltr'><strong>Metuens</strong></span> <span class='ocrx_word' id='word_1_546' title='bbox 1027 4053 1281 4107; x_wconf 88' lang='lat' dir='ltr'><strong>nimirum</strong></span> <span class='ocrx_word' id='word_1_547' title='bbox 1339 4052 1545 4121; x_wconf 89' lang='lat' dir='ltr'><strong>Bruno,</strong></span> <span class='ocrx_word' id='word_1_548' title='bbox 1598 4069 1665 4109; x_wconf 90' lang='lat' dir='ltr'><strong>ne</strong></span> <span class='ocrx_word' id='word_1_549' title='bbox 1710 4055 1755 4110; x_wconf 90' lang='lat' dir='ltr'><strong>si</strong></span> <span class='ocrx_word' id='word_1_550' title='bbox 1803 4055 2006 4111; x_wconf 90' lang='lat' dir='ltr'><strong>diutius</strong></span> <span class='ocrx_word' id='word_1_551' title='bbox 2031 4072 2096 4111; x_wconf 89' lang='lat' dir='ltr'><strong>ac</strong></span> 
     </span>
    </p>
   </div>
   <div class='ocr_carea' id='block_1_72' title="bbox 509 4142 2091 4217">
    <p class='ocr_par' dir='ltr' id='par_1_72' title="bbox 509 4142 2091 4217">
     <span class='ocr_line' id='line_1_72' title="bbox 509 4142 2091 4217; baseline 0.004 -21"><span class='ocrx_word' id='word_1_552' title='bbox 509 4142 706 4198; x_wconf 82' lang='lat' dir='ltr'><strong>fortius</strong></span> <span class='ocrx_word' id='word_1_553' title='bbox 739 4145 1036 4210; x_wconf 89' lang='lat' dir='ltr'><strong>resisteret,</strong></span> <span class='ocrx_word' id='word_1_554' title='bbox 1062 4145 1168 4200; x_wconf 92' lang='lat' dir='ltr'><strong>duo</strong></span> <span class='ocrx_word' id='word_1_555' title='bbox 1215 4145 1289 4200; x_wconf 90' lang='lat' dir='ltr'><strong>illi</strong></span> <span class='ocrx_word' id='word_1_556' title='bbox 1336 4147 1564 4202; x_wconf 90' lang='lat' dir='ltr'><strong>comites</strong></span> <span class='ocrx_word' id='word_1_557' title='bbox 1595 4161 1624 4201; x_wconf 89' lang='lat' dir='ltr'><strong>a</strong></span> <span class='ocrx_word' id='word_1_558' title='bbox 1652 4162 1778 4217; x_wconf 85' lang='lat' dir='ltr'><strong>rege</strong></span> <span class='ocrx_word' id='word_1_559' title='bbox 1802 4147 2091 4204; x_wconf 88' lang='lat' dir='ltr'><strong>deﬁcerent</strong></span> 
     </span>
    </p>
   </div>
   <div class='ocr_carea' id='block_1_73' title="bbox 508 4234 2091 4310">
    <p class='ocr_par' dir='ltr' id='par_1_73' title="bbox 508 4234 2091 4310">
     <span class='ocr_line' id='line_1_73' title="bbox 508 4234 2091 4310; baseline 0.004 -24"><span class='ocrx_word' id='word_1_560' title='bbox 508 4241 566 4286; x_wconf 91' lang='lat' dir='ltr'><strong>et</strong></span> <span class='ocrx_word' id='word_1_561' title='bbox 593 4235 970 4290; x_wconf 87' lang='lat' dir='ltr'><strong>transirentad</strong></span> <span class='ocrx_word' id='word_1_562' title='bbox 1001 4234 1326 4298; x_wconf 90' lang='lat' dir='ltr'><strong>Conradum,</strong></span> <span class='ocrx_word' id='word_1_563' title='bbox 1368 4255 1387 4288; x_wconf 85' lang='grc'><strong><em>‹</em></strong></span> <span class='ocrx_word' id='word_1_564' title='bbox 1412 4238 1503 4306; x_wconf 91' lang='lat' dir='ltr'><strong>qui</strong></span> <span class='ocrx_word' id='word_1_565' title='bbox 1531 4245 1660 4294; x_wconf 90' lang='lat' dir='ltr'><strong>tunc</strong></span> <span class='ocrx_word' id='word_1_566' title='bbox 1691 4248 1878 4294; x_wconf 87' lang='lat' dir='ltr'><strong>contra</strong></span> <span class='ocrx_word' id='word_1_567' title='bbox 1909 4254 2091 4310; x_wconf 87' lang='lat' dir='ltr'><strong>regem</strong></span> 
     </span>
    </p>
   </div>
   <div class='ocr_carea' id='block_1_74' title="bbox 511 4321 2087 4398">
    <p class='ocr_par' dir='ltr' id='par_1_74' title="bbox 511 4321 2087 4398">
     <span class='ocr_line' id='line_1_74' title="bbox 511 4321 2087 4398; baseline 0.006 -24"><span class='ocrx_word' id='word_1_568' title='bbox 511 4321 706 4390; x_wconf 84' lang='lat' dir='ltr'><strong>agebat</strong></span> <span class='ocrx_word' id='word_1_569' title='bbox 735 4321 1012 4390; x_wconf 76' lang='lat' dir='ltr'><strong>(Phrenes.</strong></span> <span class='ocrx_word' id='word_1_570' title='bbox 1047 4341 1102 4378; x_wconf 91' lang='lat' dir='ltr'><strong>n.</strong></span> <span class='ocrx_word' id='word_1_571' title='bbox 1135 4327 1211 4394; x_wconf 81' lang='grc'><strong>1),</strong></span> <span class='ocrx_word' id='word_1_572' title='bbox 1244 4345 1260 4377; x_wconf 74' lang='grc' dir='ltr'><strong><em>ι</em></strong></span> <span class='ocrx_word' id='word_1_573' title='bbox 1305 4326 1409 4381; x_wconf 88' lang='lat' dir='ltr'><strong>illis</strong></span> <span class='ocrx_word' id='word_1_574' title='bbox 1435 4326 1786 4397; x_wconf 87' lang='lat' dir='ltr'><strong>jurejurando</strong></span> <span class='ocrx_word' id='word_1_575' title='bbox 1815 4328 2087 4398; x_wconf 85' lang='lat' dir='ltr'><strong>obligatis,</strong></span> 
     </span>
    </p>
   </div>
   <div class='ocr_carea' id='block_1_75' title="bbox 510 4412 2090 4487">
    <p class='ocr_par' dir='ltr' id='par_1_75' title="bbox 510 4412 2090 4487">
     <span class='ocr_line' id='line_1_75' title="bbox 510 4412 2090 4487; baseline 0.004 -21"><span class='ocrx_word' id='word_1_576' title='bbox 510 4412 828 4468; x_wconf 82' lang='lat' dir='ltr'><strong>Ratherium</strong></span> <span class='ocrx_word' id='word_1_577' title='bbox 881 4417 1094 4472; x_wconf 90' lang='lat' dir='ltr'><strong>tandem</strong></span> <span class='ocrx_word' id='word_1_578' title='bbox 1143 4417 1545 4484; x_wconf 89' lang='lat' dir='ltr'><strong>dimittendum,</strong></span> <span class='ocrx_word' id='word_1_579' title='bbox 1579 4419 1884 4474; x_wconf 87' lang='lat' dir='ltr'><strong>Baldricum</strong></span> <span class='ocrx_word' id='word_1_580' title='bbox 1911 4418 2090 4487; x_wconf 91' lang='lat' dir='ltr'><strong>junio-</strong></span> 
     </span>
    </p>
   </div>
   <div class='ocr_carea' id='block_1_76' title="bbox 511 4507 2089 4580">
    <p class='ocr_par' dir='ltr' id='par_1_76' title="bbox 511 4507 2089 4580">
     <span class='ocr_line' id='line_1_76' title="bbox 511 4507 2089 4580; baseline 0.006 -24"><span class='ocrx_word' id='word_1_581' title='bbox 511 4519 626 4557; x_wconf 90' lang='lat' dir='ltr'><strong>rem</strong></span> <span class='ocrx_word' id='word_1_582' title='bbox 663 4507 1084 4561; x_wconf 90' lang='lat' dir='ltr'><strong>consecrandum</strong></span> <span class='ocrx_word' id='word_1_583' title='bbox 1113 4510 1342 4564; x_wconf 86' lang='lat' dir='ltr'><strong>censuit.</strong></span> <span class='ocrx_word' id='word_1_584' title='bbox 1383 4511 1464 4564; x_wconf 87' lang='lat' dir='ltr'><strong>Ad</strong></span> <span class='ocrx_word' id='word_1_585' title='bbox 1496 4512 1611 4565; x_wconf 79' lang='lat' dir='ltr'><strong>hzec</strong></span> <span class='ocrx_word' id='word_1_586' title='bbox 1648 4511 1894 4580; x_wconf 89' lang='lat' dir='ltr'><strong>producti</strong></span> <span class='ocrx_word' id='word_1_587' title='bbox 1925 4526 2089 4566; x_wconf 84' lang='lat' dir='ltr'><strong>cano-</strong></span> 
     </span>
    </p>
   </div>
   <div class='ocr_carea' id='block_1_77' title="bbox 509 4594 2088 4669">
    <p class='ocr_par' dir='ltr' id='par_1_77' title="bbox 509 4594 2088 4669">
     <span class='ocr_line' id='line_1_77' title="bbox 509 4594 2088 4669; baseline 0.004 -21"><span class='ocrx_word' id='word_1_588' title='bbox 509 4611 607 4650; x_wconf 86' lang='lat' dir='ltr'><strong>nes</strong></span> <span class='ocrx_word' id='word_1_589' title='bbox 633 4594 699 4650; x_wconf 91' lang='lat' dir='ltr'><strong>de</strong></span> <span class='ocrx_word' id='word_1_590' title='bbox 727 4597 906 4650; x_wconf 82' lang='lat' dir='ltr'><strong>vetitis</strong></span> <span class='ocrx_word' id='word_1_591' title='bbox 933 4598 1306 4669; x_wconf 89' lang='lat' dir='ltr'><strong>episcoporum</strong></span> <span class='ocrx_word' id='word_1_592' title='bbox 1357 4602 1824 4667; x_wconf 89' lang='lat' dir='ltr'><strong>translationibus,</strong></span> <span class='ocrx_word' id='word_1_593' title='bbox 1872 4610 1924 4657; x_wconf 90' lang='lat' dir='ltr'><strong>et</strong></span> <span class='ocrx_word' id='word_1_594' title='bbox 1957 4618 2088 4656; x_wconf 88' lang='lat' dir='ltr'><strong>con-</strong></span> 
     </span>
    </p>
   </div>
   <div class='ocr_carea' id='block_1_78' title="bbox 507 4685 2088 4746">
    <p class='ocr_par' dir='ltr' id='par_1_78' title="bbox 507 4685 2088 4746">
     <span class='ocr_line' id='line_1_78' title="bbox 507 4685 2088 4746; baseline 0.005 -10"><span class='ocrx_word' id='word_1_595' title='bbox 507 4685 737 4739; x_wconf 70' lang='lat' dir='ltr'><strong>certatio</strong></span> <span class='ocrx_word' id='word_1_596' title='bbox 771 4686 872 4740; x_wconf 88' lang='lat' dir='ltr'><strong>hac</strong></span> <span class='ocrx_word' id='word_1_597' title='bbox 915 4687 980 4741; x_wconf 90' lang='lat' dir='ltr'><strong>de</strong></span> <span class='ocrx_word' id='word_1_598' title='bbox 1037 4703 1093 4743; x_wconf 90' lang='lat' dir='ltr'><strong>re</strong></span> <span class='ocrx_word' id='word_1_599' title='bbox 1145 4688 1328 4744; x_wconf 90' lang='lat' dir='ltr'><strong>habita</strong></span> <span class='ocrx_word' id='word_1_600' title='bbox 1377 4707 1406 4744; x_wconf 91' lang='lat' dir='ltr'><strong>a</strong></span> <span class='ocrx_word' id='word_1_601' title='bbox 1464 4691 1724 4746; x_wconf 82' lang='lat' dir='ltr'><strong>Ratherio</strong></span> <span class='ocrx_word' id='word_1_602' title='bbox 1761 4692 2006 4746; x_wconf 80' lang='lat' dir='ltr'><strong>fortassis</strong></span> <span class='ocrx_word' id='word_1_603' title='bbox 2034 4692 2088 4744; x_wconf 91' lang='lat' dir='ltr'><strong>in</strong></span> 
     </span>
    </p>
   </div>
   <div class='ocr_carea' id='block_1_79' title="bbox 507 4777 2084 4854">
    <p class='ocr_par' dir='ltr' id='par_1_79' title="bbox 507 4777 2084 4854">
     <span class='ocr_line' id='line_1_79' title="bbox 507 4777 2084 4854; baseline 0.005 -25"><span class='ocrx_word' id='word_1_604' title='bbox 507 4777 687 4846; x_wconf 83' lang='lat' dir='ltr'><strong>aliquo</strong></span> <span class='ocrx_word' id='word_1_605' title='bbox 709 4777 1082 4847; x_wconf 86' lang='lat' dir='ltr'><strong>episcoporum</strong></span> <span class='ocrx_word' id='word_1_606' title='bbox 1112 4795 1400 4852; x_wconf 87' lang='lat' dir='ltr'><strong>congressu</strong></span> <span class='ocrx_word' id='word_1_607' title='bbox 1428 4803 1440 4837; x_wconf 91' lang='lat'><strong>:</strong></span> <span class='ocrx_word' id='word_1_608' title='bbox 1466 4786 1589 4839; x_wconf 88' lang='lat' dir='ltr'><strong>novi</strong></span> <span class='ocrx_word' id='word_1_609' title='bbox 1613 4786 1849 4854; x_wconf 90' lang='lat' dir='ltr'><strong>episcopi</strong></span> <span class='ocrx_word' id='word_1_610' title='bbox 1869 4786 2084 4851; x_wconf 86' lang='lat' dir='ltr'><strong>electio,</strong></span> 
     </span>
    </p>
   </div>
   <div class='ocr_carea' id='block_1_80' title="bbox 499 4868 2096 4946">
    <p class='ocr_par' dir='ltr' id='par_1_80' title="bbox 499 4868 2096 4946">
     <span class='ocr_line' id='line_1_80' title="bbox 499 4868 2096 4946; baseline 0.006 -26"><span class='ocrx_word' id='word_1_611' title='bbox 499 4868 812 4935; x_wconf 78' lang='lat' dir='ltr'><strong>petentibus</strong></span> <span class='ocrx_word' id='word_1_612' title='bbox 861 4869 1007 4925; x_wconf 90' lang='lat' dir='ltr'><strong>clero</strong></span> <span class='ocrx_word' id='word_1_613' title='bbox 1051 4881 1104 4924; x_wconf 92' lang='lat' dir='ltr'><strong>et</strong></span> <span class='ocrx_word' id='word_1_614' title='bbox 1132 4873 1359 4941; x_wconf 88' lang='lat' dir='ltr'><strong>populo,</strong></span> <span class='ocrx_word' id='word_1_615' title='bbox 1401 4877 1543 4945; x_wconf 85' lang='lat' dir='ltr'><strong>regis</strong></span> <span class='ocrx_word' id='word_1_616' title='bbox 1577 4891 1854 4940; x_wconf 82' lang='lat' dir='ltr'><strong>assensus,</strong></span> <span class='ocrx_word' id='word_1_617' title='bbox 1880 4877 2096 4946; x_wconf 67' lang='lat' dir='ltr'><strong>episco—</strong></span> 
     </span>
    </p>
   </div>
   <div class='ocr_carea' id='block_1_81' title="bbox 507 4963 2085 5038">
    <p class='ocr_par' dir='ltr' id='par_1_81' title="bbox 507 4963 2085 5038">
     <span class='ocr_line' id='line_1_81' title="bbox 507 4963 2085 5038; baseline 0.008 -28"><span class='ocrx_word' id='word_1_618' title='bbox 507 4967 694 5026; x_wconf 83' lang='lat' dir='ltr'><strong>poru‘m</strong></span> <span class='ocrx_word' id='word_1_619' title='bbox 725 4963 1065 5028; x_wconf 78' lang='lat' dir='ltr'><strong>convocatio,</strong></span> <span class='ocrx_word' id='word_1_620' title='bbox 1095 4973 1148 5018; x_wconf 90' lang='lat' dir='ltr'><strong>et</strong></span> <span class='ocrx_word' id='word_1_621' title='bbox 1177 4965 1280 5018; x_wconf 91' lang='lat' dir='ltr'><strong>alia</strong></span> <span class='ocrx_word' id='word_1_622' title='bbox 1331 4965 1382 5020; x_wconf 91' lang='lat' dir='ltr'><strong>id</strong></span> <span class='ocrx_word' id='word_1_623' title='bbox 1421 4982 1588 5035; x_wconf 84' lang='lat' dir='ltr'><strong>genus</strong></span> <span class='ocrx_word' id='word_1_624' title='bbox 1632 4969 1893 5036; x_wconf 88' lang='lat' dir='ltr'><strong>requisita</strong></span> <span class='ocrx_word' id='word_1_625' title='bbox 1920 4986 1934 5035; x_wconf 92' lang='lat'><strong>;</strong></span> <span class='ocrx_word' id='word_1_626' title='bbox 1967 4984 2085 5038; x_wconf 71' lang='lat' dir='ltr'><strong>qua:</strong></span> 
     </span>
    </p>
   </div>
   <div class='ocr_carea' id='block_1_82' title="bbox 504 5050 2084 5127">
    <p class='ocr_par' dir='ltr' id='par_1_82' title="bbox 504 5050 2084 5127">
     <span class='ocr_line' id='line_1_82' title="bbox 504 5050 2084 5127; baseline 0.009 -27"><span class='ocrx_word' id='word_1_627' title='bbox 504 5050 686 5102; x_wconf 85' lang='lat' dir='ltr'><strong>omnia</strong></span> <span class='ocrx_word' id='word_1_628' title='bbox 718 5053 1086 5121; x_wconf 83' lang='lat' dir='ltr'><strong>cxpulsionem</strong></span> <span class='ocrx_word' id='word_1_629' title='bbox 1118 5055 1359 5110; x_wconf 81' lang='lat' dir='ltr'><strong>Ratherii</strong></span> <span class='ocrx_word' id='word_1_630' title='bbox 1388 5057 1453 5110; x_wconf 91' lang='lat' dir='ltr'><strong>ad</strong></span> <span class='ocrx_word' id='word_1_631' title='bbox 1481 5056 1686 5127; x_wconf 90' lang='lat' dir='ltr'><strong>aliquot</strong></span> <span class='ocrx_word' id='word_1_632' title='bbox 1715 5075 1930 5116; x_wconf 89' lang='lat' dir='ltr'><strong>menses</strong></span> <span class='ocrx_word' id='word_1_633' title='bbox 1957 5061 2084 5114; x_wconf 89' lang='lat' dir='ltr'><strong>anni</strong></span> 
     </span>
    </p>
   </div>
   <div class='ocr_carea' id='block_1_83' title="bbox 508 5137 2079 5186">
    <p class='ocr_par' dir='ltr' id='par_1_83' title="bbox 508 5137 2079 5186">
     <span class='ocr_line' id='line_1_83' title="bbox 508 5137 2079 5186; baseline 0 0"><span class='ocrx_word' id='word_1_634' title='bbox 508 5137 612 5186; x_wconf 66' lang='lat'><strong>955</strong></span> <span class='ocrx_word' id='word_1_635' title='bbox 641 5139 710 5186; x_wconf 85' lang='lat' dir='ltr'><strong>ita</strong></span> <span class='ocrx_word' id='word_1_636' title='bbox 746 5146 1069 5186; x_wconf 72' lang='lat' dir='ltr'><strong>nrnlrnlmnl</strong></span> <span class='ocrx_word' id='word_1_637' title='bbox 1142 5154 1198 5186; x_wconf 86' lang='lat' dir='ltr'><strong>nl</strong></span> <span class='ocrx_word' id='word_1_638' title='bbox 1233 5147 1297 5186; x_wconf 77' lang='lat' dir='ltr'><strong>nh</strong></span> <span class='ocrx_word' id='word_1_639' title='bbox 1321 5145 1582 5186; x_wconf 71' lang='lat' dir='ltr'><strong>nlnminnn</strong></span> <span class='ocrx_word' id='word_1_640' title='bbox 1609 5148 1775 5186; x_wconf 73' lang='lat' dir='ltr'><strong>inci-uc</strong></span> <span class='ocrx_word' id='word_1_641' title='bbox 1806 5151 1868 5186; x_wconf 68' lang='lat' dir='ltr'><strong>ml</strong></span> <span class='ocrx_word' id='word_1_642' title='bbox 1895 5150 2079 5186; x_wconf 74' lang='lat' dir='ltr'><strong>nnmL</strong></span> 
     </span>
    </p>
   </div>
   <div class='ocr_carea' id='block_1_84' title="bbox 2200 3233 3810 3306">
    <p class='ocr_par' dir='ltr' id='par_1_84' title="bbox 2200 3233 3810 3306">
     <span class='ocr_line' id='line_1_84' title="bbox 2200 3233 3810 3306; baseline 0.002 -18"><span class='ocrx_word' id='word_1_643' title='bbox 2200 3233 2565 3288; x_wconf 89' lang='lat' dir='ltr'><strong>conciliatum.</strong></span> <span class='ocrx_word' id='word_1_644' title='bbox 2601 3233 2737 3289; x_wconf 84' lang='lat' dir='ltr'><strong>Hinc</strong></span> <span class='ocrx_word' id='word_1_645' title='bbox 2764 3249 2895 3290; x_wconf 90' lang='lat' dir='ltr'><strong>sane</strong></span> <span class='ocrx_word' id='word_1_646' title='bbox 2937 3235 3228 3290; x_wconf 81' lang='lat' dir='ltr'><strong>Fulcuinus</strong></span> <span class='ocrx_word' id='word_1_647' title='bbox 3266 3250 3383 3306; x_wconf 89' lang='lat' dir='ltr'><strong>cap.</strong></span> <span class='ocrx_word' id='word_1_648' title='bbox 3424 3235 3519 3298; x_wconf 73' lang='lat'><strong>25,</strong></span> <span class='ocrx_word' id='word_1_649' title='bbox 3549 3237 3810 3291; x_wconf 89' lang='lat' dir='ltr'><strong>narratis-</strong></span> 
     </span>
    </p>
   </div>
   <div class='ocr_carea' id='block_1_85' title="bbox 2200 3322 3810 3396">
    <p class='ocr_par' dir='ltr' id='par_1_85' title="bbox 2200 3322 3810 3396">
     <span class='ocr_line' id='line_1_85' title="bbox 2200 3322 3810 3396; baseline 0.002 -20"><span class='ocrx_word' id='word_1_650' title='bbox 2200 3322 2574 3394; x_wconf 81' lang='lat' dir='ltr'><strong>llungarorum</strong></span> <span class='ocrx_word' id='word_1_651' title='bbox 2612 3324 2779 3394; x_wconf 84' lang='lat' dir='ltr'><strong>gestis</strong></span> <span class='ocrx_word' id='word_1_652' title='bbox 2826 3325 2953 3380; x_wconf 91' lang='lat' dir='ltr'><strong>anui</strong></span> <span class='ocrx_word' id='word_1_653' title='bbox 2996 3324 3120 3389; x_wconf 64' lang='lat'><strong>954,</strong></span> <span class='ocrx_word' id='word_1_654' title='bbox 3153 3326 3495 3395; x_wconf 77' lang='lat' dir='ltr'><strong>expositurus</strong></span> <span class='ocrx_word' id='word_1_655' title='bbox 3539 3326 3810 3396; x_wconf 63' lang='lat' dir='ltr'><strong>praelium-</strong></span> 
     </span>
    </p>
   </div>
   <div class='ocr_carea' id='block_1_86' title="bbox 2199 3412 3787 3486">
    <p class='ocr_par' dir='ltr' id='par_1_86' title="bbox 2199 3412 3787 3486">
     <span class='ocr_line' id='line_1_86' title="bbox 2199 3412 3787 3486; baseline 0.001 -19"><span class='ocrx_word' id='word_1_656' title='bbox 2199 3412 2327 3467; x_wconf 89' lang='lat' dir='ltr'><strong>anni</strong></span> <span class='ocrx_word' id='word_1_657' title='bbox 2355 3413 2483 3480; x_wconf 86' lang='lat'><strong>955,</strong></span> <span class='ocrx_word' id='word_1_658' title='bbox 2511 3415 2654 3484; x_wconf 77' lang='lat' dir='ltr'><strong>quod</strong></span> <span class='ocrx_word' id='word_1_659' title='bbox 2684 3415 2772 3468; x_wconf 88' lang='lat' dir='ltr'><strong>illa</strong></span> <span class='ocrx_word' id='word_1_660' title='bbox 2796 3429 2927 3486; x_wconf 86' lang='lat' dir='ltr'><strong>gens</strong></span> <span class='ocrx_word' id='word_1_661' title='bbox 2957 3435 2974 3467; x_wconf 75' lang='grc' dir='ltr'>ι</span> <span class='ocrx_word' id='word_1_662' title='bbox 3003 3415 3244 3482; x_wconf 82' lang='lat' dir='ltr'><strong>seducta,</strong></span> <span class='ocrx_word' id='word_1_663' title='bbox 3276 3417 3460 3481; x_wconf 89' lang='lat' dir='ltr'><strong>credo,</strong></span> <span class='ocrx_word' id='word_1_664' title='bbox 3485 3416 3787 3486; x_wconf 86' lang='lat' dir='ltr'><strong>superioris</strong></span> 
     </span>
    </p>
   </div>
   <div class='ocr_carea' id='block_1_87' title="bbox 2199 3503 3800 3572">
    <p class='ocr_par' dir='ltr' id='par_1_87' title="bbox 2199 3503 3800 3572">
     <span class='ocr_line' id='line_1_87' title="bbox 2199 3503 3800 3572; baseline 0.001 -16"><span class='ocrx_word' id='word_1_665' title='bbox 2199 3503 2327 3557; x_wconf 91' lang='lat' dir='ltr'><strong>anni</strong></span> <span class='ocrx_word' id='word_1_666' title='bbox 2365 3517 2616 3558; x_wconf 87' lang='lat' dir='ltr'><strong>successu</strong></span> <span class='ocrx_word' id='word_1_667' title='bbox 2651 3521 2671 3555; x_wconf 73' lang='grc' dir='ltr'><strong><em>ι</em></strong></span> <span class='ocrx_word' id='word_1_668' title='bbox 2705 3503 2960 3572; x_wconf 83' lang='lat' dir='ltr'><strong>suscepit,</strong></span> <span class='ocrx_word' id='word_1_669' title='bbox 3005 3512 3062 3558; x_wconf 90' lang='lat' dir='ltr'><strong>et</strong></span> <span class='ocrx_word' id='word_1_670' title='bbox 3111 3503 3380 3567; x_wconf 87' lang='lat' dir='ltr'><strong>Conrado,</strong></span> <span class='ocrx_word' id='word_1_671' title='bbox 3432 3519 3526 3559; x_wconf 87' lang='lat' dir='ltr'><strong>seu</strong></span> <span class='ocrx_word' id='word_1_672' title='bbox 3565 3503 3800 3559; x_wconf 76' lang='lat' dir='ltr'><strong>Conone-</strong></span> 
     </span>
    </p>
   </div>
   <div class='ocr_carea' id='block_1_88' title="bbox 2198 3591 3807 3659">
    <p class='ocr_par' dir='ltr' id='par_1_88' title="bbox 2198 3591 3807 3659">
     <span class='ocr_line' id='line_1_88' title="bbox 2198 3591 3807 3659; baseline -0.002 -11"><span class='ocrx_word' id='word_1_673' title='bbox 2198 3602 2419 3648; x_wconf 90' lang='lat' dir='ltr'><strong>strenue</strong></span> <span class='ocrx_word' id='word_1_674' title='bbox 2453 3594 2746 3649; x_wconf 89' lang='lat' dir='ltr'><strong>dimicante</strong></span> <span class='ocrx_word' id='word_1_675' title='bbox 2769 3594 2980 3648; x_wconf 85' lang='lat' dir='ltr'><strong>devicta</strong></span> <span class='ocrx_word' id='word_1_676' title='bbox 3021 3591 3151 3659; x_wconf 83' lang='lat' dir='ltr'><strong>fuit;</strong></span> <span class='ocrx_word' id='word_1_677' title='bbox 3193 3610 3213 3644; x_wconf 71' lang='grc' dir='ltr'>ι</span> <span class='ocrx_word' id='word_1_678' title='bbox 3241 3593 3446 3648; x_wconf 80' lang='lat' dir='ltr'><strong>Aderat</strong></span> <span class='ocrx_word' id='word_1_679' title='bbox 3475 3595 3546 3649; x_wconf 90' lang='lat' dir='ltr'><strong>ibi</strong></span> <span class='ocrx_word' id='word_1_680' title='bbox 3573 3594 3807 3658; x_wconf 86' lang='lat' dir='ltr'><strong>Conon,-</strong></span> 
     </span>
    </p>
   </div>
   <div class='ocr_carea' id='block_1_89' title="bbox 2199 3681 3785 3752">
    <p class='ocr_par' dir='ltr' id='par_1_89' title="bbox 2199 3681 3785 3752">
     <span class='ocr_line' id='line_1_89' title="bbox 2199 3681 3785 3752; baseline 0.001 -18"><span class='ocrx_word' id='word_1_681' title='bbox 2199 3682 2395 3752; x_wconf 89' lang='lat' dir='ltr'><strong>inquit,</strong></span> <span class='ocrx_word' id='word_1_682' title='bbox 2426 3699 2530 3738; x_wconf 87' lang='lat' dir='ltr'><strong>non</strong></span> <span class='ocrx_word' id='word_1_683' title='bbox 2556 3683 2668 3751; x_wconf 88' lang='lat' dir='ltr'><strong>jam</strong></span> <span class='ocrx_word' id='word_1_684' title='bbox 2698 3683 2824 3747; x_wconf 74' lang='lat' dir='ltr'><strong>dux,</strong></span> <span class='ocrx_word' id='word_1_685' title='bbox 2873 3684 2966 3737; x_wconf 92' lang='lat' dir='ltr'><strong>scd</strong></span> <span class='ocrx_word' id='word_1_686' title='bbox 3015 3681 3188 3746; x_wconf 89' lang='lat' dir='ltr'><strong>miles,</strong></span> <span class='ocrx_word' id='word_1_687' title='bbox 3235 3690 3346 3737; x_wconf 92' lang='lat' dir='ltr'><strong>toto</strong></span> <span class='ocrx_word' id='word_1_688' title='bbox 3390 3691 3449 3736; x_wconf 91' lang='lat' dir='ltr'><strong>ut</strong></span> <span class='ocrx_word' id='word_1_689' title='bbox 3488 3686 3785 3752; x_wconf 85' lang='lat' dir='ltr'><strong>putabatur</strong></span> 
     </span>
    </p>
   </div>
   <div class='ocr_carea' id='block_1_90' title="bbox 2196 3773 3782 3846">
    <p class='ocr_par' dir='ltr' id='par_1_90' title="bbox 2196 3773 3782 3846">
     <span class='ocr_line' id='line_1_90' title="bbox 2196 3773 3782 3846; baseline 0.001 -18"><span class='ocrx_word' id='word_1_690' title='bbox 2196 3775 2378 3829; x_wconf 89' lang='lat' dir='ltr'><strong>animo</strong></span> <span class='ocrx_word' id='word_1_691' title='bbox 2419 3789 2714 3830; x_wconf 80' lang='lat' dir='ltr'><strong>conversus</strong></span> <span class='ocrx_word' id='word_1_692' title='bbox 2767 3774 2833 3828; x_wconf 89' lang='lat' dir='ltr'><strong>ad</strong></span> <span class='ocrx_word' id='word_1_693' title='bbox 2886 3788 3096 3844; x_wconf 91' lang='lat' dir='ltr'><strong>pacem,</strong></span> <span class='ocrx_word' id='word_1_694' title='bbox 3129 3788 3291 3842; x_wconf 89' lang='lat' dir='ltr'><strong>quam</strong></span> <span class='ocrx_word' id='word_1_695' title='bbox 3321 3773 3481 3843; x_wconf 90' lang='lat' dir='ltr'><strong>paulo</strong></span> <span class='ocrx_word' id='word_1_696' title='bbox 3509 3783 3640 3829; x_wconf 89' lang='lat' dir='ltr'><strong>ante</strong></span> <span class='ocrx_word' id='word_1_697' title='bbox 3660 3776 3782 3846; x_wconf 85' lang='lat' dir='ltr'><strong>(no-</strong></span> 
     </span>
    </p>
   </div>
   <div class='ocr_carea' id='block_1_91' title="bbox 2199 3866 3772 3940">
    <p class='ocr_par' dir='ltr' id='par_1_91' title="bbox 2199 3866 3772 3940">
     <span class='ocr_line' id='line_1_91' title="bbox 2199 3866 3772 3940; baseline -0.001 -20"><span class='ocrx_word' id='word_1_698' title='bbox 2199 3876 2380 3921; x_wconf 88' lang='lat' dir='ltr'><strong>tentur</strong></span> <span class='ocrx_word' id='word_1_699' title='bbox 2435 3882 2596 3922; x_wconf 81' lang='lat' dir='ltr'><strong>voces</strong></span> <span class='ocrx_word' id='word_1_700' title='bbox 2640 3867 2798 3937; x_wconf 83' lang='lat' dir='ltr'><strong>paulo</strong></span> <span class='ocrx_word' id='word_1_701' title='bbox 2847 3867 2990 3940; x_wconf 83' lang='lat' dir='ltr'><strong>ante)</strong></span> <span class='ocrx_word' id='word_1_702' title='bbox 3042 3868 3302 3922; x_wconf 87' lang='lat' dir='ltr'><strong>atrociter</strong></span> <span class='ocrx_word' id='word_1_703' title='bbox 3350 3866 3722 3937; x_wconf 88' lang='lat' dir='ltr'><strong>impugnabat.</strong></span> <span class='ocrx_word' id='word_1_704' title='bbox 3755 3886 3772 3918; x_wconf 75' lang='grc' dir='ltr'><strong>ο</strong></span> 
     </span>
    </p>
   </div>
   <div class='ocr_carea' id='block_1_92' title="bbox 2199 3960 3778 4032">
    <p class='ocr_par' dir='ltr' id='par_1_92' title="bbox 2199 3960 3778 4032">
     <span class='ocr_line' id='line_1_92' title="bbox 2199 3960 3778 4032; baseline 0.002 -18"><span class='ocrx_word' id='word_1_705' title='bbox 2199 3960 2376 4014; x_wconf 89' lang='lat' dir='ltr'><strong>Solius</strong></span> <span class='ocrx_word' id='word_1_706' title='bbox 2401 3961 2618 4028; x_wconf 89' lang='lat' dir='ltr'><strong>quidem</strong></span> <span class='ocrx_word' id='word_1_707' title='bbox 2643 3960 2861 4014; x_wconf 90' lang='lat' dir='ltr'><strong>Lintulﬁ</strong></span> <span class='ocrx_word' id='word_1_708' title='bbox 2912 3977 3100 4032; x_wconf 88' lang='lat' dir='ltr'><strong>pacem</strong></span> <span class='ocrx_word' id='word_1_709' title='bbox 3125 3961 3315 4016; x_wconf 90' lang='lat' dir='ltr'><strong>initam</strong></span> <span class='ocrx_word' id='word_1_710' title='bbox 3349 3963 3434 4016; x_wconf 91' lang='lat' dir='ltr'><strong>die</strong></span> <span class='ocrx_word' id='word_1_711' title='bbox 3467 3961 3533 4016; x_wconf 81' lang='lat' dir='ltr'><strong>l7</strong></span> <span class='ocrx_word' id='word_1_712' title='bbox 3561 3963 3778 4018; x_wconf 83' lang='lat' dir='ltr'><strong>Decem-</strong></span> 
     </span>
    </p>
   </div>
   <div class='ocr_carea' id='block_1_93' title="bbox 2194 4049 3778 4124">
    <p class='ocr_par' dir='ltr' id='par_1_93' title="bbox 2194 4049 3778 4124">
     <span class='ocr_line' id='line_1_93' title="bbox 2194 4049 3778 4124; baseline 0.003 -22"><span class='ocrx_word' id='word_1_713' title='bbox 2194 4049 2308 4104; x_wconf 89' lang='lat' dir='ltr'><strong>bris</strong></span> <span class='ocrx_word' id='word_1_714' title='bbox 2337 4065 2422 4103; x_wconf 90' lang='lat' dir='ltr'><strong>an.</strong></span> <span class='ocrx_word' id='word_1_715' title='bbox 2450 4049 2555 4105; x_wconf 68' lang='lat'><strong>954</strong></span> <span class='ocrx_word' id='word_1_716' title='bbox 2603 4057 2904 4104; x_wconf 87' lang='lat' dir='ltr'><strong>memorant</strong></span> <span class='ocrx_word' id='word_1_717' title='bbox 2937 4063 3047 4105; x_wconf 88' lang='lat' dir='ltr'><strong>tum</strong></span> <span class='ocrx_word' id='word_1_718' title='bbox 3077 4051 3393 4108; x_wconf 86' lang='lat' dir='ltr'><strong>Guillelmus</strong></span> <span class='ocrx_word' id='word_1_719' title='bbox 3434 4053 3778 4124; x_wconf 76' lang='lat' dir='ltr'><strong>Moguntiuus</strong></span> 
     </span>
    </p>
   </div>
   <div class='ocr_carea' id='block_1_94' title="bbox 2194 4141 3777 4216">
    <p class='ocr_par' dir='ltr' id='par_1_94' title="bbox 2194 4141 3777 4216">
     <span class='ocr_line' id='line_1_94' title="bbox 2194 4141 3777 4216; baseline 0 -20"><span class='ocrx_word' id='word_1_720' title='bbox 2194 4143 2247 4196; x_wconf 90' lang='lat' dir='ltr'><strong>in</strong></span> <span class='ocrx_word' id='word_1_721' title='bbox 2297 4141 2572 4196; x_wconf 88' lang='lat' dir='ltr'><strong>notatione</strong></span> <span class='ocrx_word' id='word_1_722' title='bbox 2591 4141 2828 4207; x_wconf 89' lang='lat' dir='ltr'><strong>laudata,</strong></span> <span class='ocrx_word' id='word_1_723' title='bbox 2855 4151 2965 4195; x_wconf 90' lang='lat' dir='ltr'><strong>tum</strong></span> <span class='ocrx_word' id='word_1_724' title='bbox 2993 4141 3264 4196; x_wconf 87' lang='lat' dir='ltr'><strong>Gcrardus</strong></span> <span class='ocrx_word' id='word_1_725' title='bbox 3292 4143 3343 4196; x_wconf 93' lang='lat' dir='ltr'><strong>in</strong></span> <span class='ocrx_word' id='word_1_726' title='bbox 3375 4143 3496 4197; x_wconf 82' lang='lat' dir='ltr'><strong>Vita</strong></span> <span class='ocrx_word' id='word_1_727' title='bbox 3530 4141 3586 4198; x_wconf 92' lang='lat' dir='ltr'><strong>S.</strong></span> <span class='ocrx_word' id='word_1_728' title='bbox 3616 4143 3777 4216; x_wconf 85' lang='lat' dir='ltr'><strong>Udal-</strong></span> 
     </span>
    </p>
   </div>
   <div class='ocr_carea' id='block_1_95' title="bbox 2193 4233 3776 4305">
    <p class='ocr_par' dir='ltr' id='par_1_95' title="bbox 2193 4233 3776 4305">
     <span class='ocr_line' id='line_1_95' title="bbox 2193 4233 3776 4305; baseline 0 -17"><span class='ocrx_word' id='word_1_729' title='bbox 2193 4235 2291 4290; x_wconf 82' lang='lat' dir='ltr'><strong>rici</strong></span> <span class='ocrx_word' id='word_1_730' title='bbox 2319 4235 2555 4304; x_wconf 88' lang='lat' dir='ltr'><strong>episc0pi</strong></span> <span class='ocrx_word' id='word_1_731' title='bbox 2601 4235 2921 4305; x_wconf 81' lang='lat' dir='ltr'><strong>Augustaui,</strong></span> <span class='ocrx_word' id='word_1_732' title='bbox 2973 4235 3061 4304; x_wconf 89' lang='lat' dir='ltr'><strong>qui</strong></span> <span class='ocrx_word' id='word_1_733' title='bbox 3105 4233 3222 4302; x_wconf 93' lang='lat' dir='ltr'><strong>ejus</strong></span> <span class='ocrx_word' id='word_1_734' title='bbox 3268 4235 3418 4305; x_wconf 89' lang='lat' dir='ltr'><strong>pacis</strong></span> <span class='ocrx_word' id='word_1_735' title='bbox 3455 4235 3776 4290; x_wconf 83' lang='lat' dir='ltr'><strong>conciliator</strong></span> 
     </span>
    </p>
   </div>
   <div class='ocr_carea' id='block_1_96' title="bbox 2191 4325 3795 4389">
    <p class='ocr_par' dir='ltr' id='par_1_96' title="bbox 2191 4325 3795 4389">
     <span class='ocr_line' id='line_1_96' title="bbox 2191 4325 3795 4389; baseline -0.003 -8"><span class='ocrx_word' id='word_1_736' title='bbox 2191 4327 2310 4382; x_wconf 85' lang='lat' dir='ltr'><strong>fuit.</strong></span> <span class='ocrx_word' id='word_1_737' title='bbox 2341 4328 2396 4381; x_wconf 91' lang='lat' dir='ltr'><strong>Si</strong></span> <span class='ocrx_word' id='word_1_738' title='bbox 2429 4336 2606 4382; x_wconf 90' lang='lat' dir='ltr'><strong>autem</strong></span> <span class='ocrx_word' id='word_1_739' title='bbox 2642 4325 3009 4380; x_wconf 90' lang='lat' dir='ltr'><strong>reconciliatio</strong></span> <span class='ocrx_word' id='word_1_740' title='bbox 3043 4325 3277 4389; x_wconf 85' lang='lat' dir='ltr'><strong>Conradi</strong></span> <span class='ocrx_word' id='word_1_741' title='bbox 3327 4325 3379 4379; x_wconf 92' lang='lat' dir='ltr'><strong>in</strong></span> <span class='ocrx_word' id='word_1_742' title='bbox 3424 4341 3625 4380; x_wconf 91' lang='lat' dir='ltr'><strong>annum</strong></span> <span class='ocrx_word' id='word_1_743' title='bbox 3669 4326 3795 4383; x_wconf 83' lang='lat'><strong>955.</strong></span> 
     </span>
    </p>
   </div>
   <div class='ocr_carea' id='block_1_97' title="bbox 2194 4416 3793 4488">
    <p class='ocr_par' dir='ltr' id='par_1_97' title="bbox 2194 4416 3793 4488">
     <span class='ocr_line' id='line_1_97' title="bbox 2194 4416 3793 4488; baseline -0.002 -17"><span class='ocrx_word' id='word_1_744' title='bbox 2194 4419 2484 4488; x_wconf 84' lang='lat' dir='ltr'><strong>rejicienda</strong></span> <span class='ocrx_word' id='word_1_745' title='bbox 2525 4426 2625 4482; x_wconf 88' lang='lat' dir='ltr'><strong>est,</strong></span> <span class='ocrx_word' id='word_1_746' title='bbox 2679 4417 2813 4472; x_wconf 88' lang='lat' dir='ltr'><strong>nihil</strong></span> <span class='ocrx_word' id='word_1_747' title='bbox 2860 4418 3085 4487; x_wconf 74' lang='lat' dir='ltr'><strong>impedit</strong></span> <span class='ocrx_word' id='word_1_748' title='bbox 3134 4418 3262 4488; x_wconf 90' lang='lat' dir='ltr'><strong>quin</strong></span> <span class='ocrx_word' id='word_1_749' title='bbox 3317 4417 3460 4472; x_wconf 90' lang='lat' dir='ltr'><strong>idem</strong></span> <span class='ocrx_word' id='word_1_750' title='bbox 3487 4416 3793 4471; x_wconf 84' lang='lat' dir='ltr'><strong>Conradus.</strong></span> 
     </span>
    </p>
   </div>
   <div class='ocr_carea' id='block_1_98' title="bbox 2193 4509 3774 4578">
    <p class='ocr_par' dir='ltr' id='par_1_98' title="bbox 2193 4509 3774 4578">
     <span class='ocr_line' id='line_1_98' title="bbox 2193 4509 3774 4578; baseline -0.001 -15"><span class='ocrx_word' id='word_1_751' title='bbox 2193 4525 2335 4564; x_wconf 90' lang='lat' dir='ltr'><strong>anno</strong></span> <span class='ocrx_word' id='word_1_752' title='bbox 2369 4510 2558 4564; x_wconf 90' lang='lat' dir='ltr'><strong>eodem</strong></span> <span class='ocrx_word' id='word_1_753' title='bbox 2589 4509 2865 4578; x_wconf 69' lang='lat' dir='ltr'><strong>ali-quanto</strong></span> <span class='ocrx_word' id='word_1_754' title='bbox 2907 4517 3034 4563; x_wconf 90' lang='lat' dir='ltr'><strong>ante</strong></span> <span class='ocrx_word' id='word_1_755' title='bbox 3072 4509 3561 4564; x_wconf 88' lang='lat' dir='ltr'><strong>reconciliationem</strong></span> <span class='ocrx_word' id='word_1_756' title='bbox 3583 4517 3774 4563; x_wconf 84' lang='lat' dir='ltr'><strong>contra</strong></span> 
     </span>
    </p>
   </div>
   <div class='ocr_carea' id='block_1_99' title="bbox 2191 4597 3773 4671">
    <p class='ocr_par' dir='ltr' id='par_1_99' title="bbox 2191 4597 3773 4671">
     <span class='ocr_line' id='line_1_99' title="bbox 2191 4597 3773 4671; baseline -0.004 -15"><span class='ocrx_word' id='word_1_757' title='bbox 2191 4600 2444 4657; x_wconf 90' lang='lat' dir='ltr'><strong>Ottonem</strong></span> <span class='ocrx_word' id='word_1_758' title='bbox 2477 4609 2677 4671; x_wconf 85' lang='lat' dir='ltr'><strong>ageret,</strong></span> <span class='ocrx_word' id='word_1_759' title='bbox 2723 4597 2868 4654; x_wconf 86' lang='lat' dir='ltr'><strong>adeo</strong></span> <span class='ocrx_word' id='word_1_760' title='bbox 2895 4606 2953 4651; x_wconf 90' lang='lat' dir='ltr'><strong>ut</strong></span> <span class='ocrx_word' id='word_1_761' title='bbox 2989 4611 3054 4653; x_wconf 83' lang='lat' dir='ltr'><strong>eo</strong></span> <span class='ocrx_word' id='word_1_762' title='bbox 3101 4608 3291 4653; x_wconf 88' lang='lat' dir='ltr'><strong>contra</strong></span> <span class='ocrx_word' id='word_1_763' title='bbox 3345 4612 3525 4668; x_wconf 87' lang='lat' dir='ltr'><strong>regem</strong></span> <span class='ocrx_word' id='word_1_764' title='bbox 3581 4607 3773 4667; x_wconf 85' lang='lat' dir='ltr'><strong>agente</strong></span> 
     </span>
    </p>
   </div>
   <div class='ocr_carea' id='block_1_100' title="bbox 2192 4687 3771 4758">
    <p class='ocr_par' dir='ltr' id='par_1_100' title="bbox 2192 4687 3771 4758">
     <span class='ocr_line' id='line_1_100' title="bbox 2192 4687 3771 4758; baseline -0.001 -15"><span class='ocrx_word' id='word_1_765' title='bbox 2192 4689 2486 4744; x_wconf 86' lang='lat' dir='ltr'><strong>Ratherius</strong></span> <span class='ocrx_word' id='word_1_766' title='bbox 2515 4689 2699 4758; x_wconf 89' lang='lat' dir='ltr'><strong>pulsus</strong></span> <span class='ocrx_word' id='word_1_767' title='bbox 2737 4689 2900 4742; x_wconf 79' lang='lat' dir='ltr'><strong>fuerit</strong></span> <span class='ocrx_word' id='word_1_768' title='bbox 2924 4703 3066 4742; x_wconf 90' lang='lat' dir='ltr'><strong>anno</strong></span> <span class='ocrx_word' id='word_1_769' title='bbox 3095 4687 3221 4753; x_wconf 89' lang='lat'><strong>955,</strong></span> <span class='ocrx_word' id='word_1_770' title='bbox 3259 4695 3317 4741; x_wconf 90' lang='lat' dir='ltr'><strong>ut</strong></span> <span class='ocrx_word' id='word_1_771' title='bbox 3342 4703 3407 4742; x_wconf 80' lang='lat' dir='ltr'><strong>ex</strong></span> <span class='ocrx_word' id='word_1_772' title='bbox 3431 4687 3771 4744; x_wconf 80' lang='lat' dir='ltr'><strong>documentis</strong></span> 
     </span>
    </p>
   </div>
   <div class='ocr_carea' id='block_1_101' title="bbox 2193 4780 3094 4851">
    <p class='ocr_par' dir='ltr' id='par_1_101' title="bbox 2193 4780 3094 4851">
     <span class='ocr_line' id='line_1_101' title="bbox 2193 4780 3094 4851; baseline -0.003 -15"><span class='ocrx_word' id='word_1_773' title='bbox 2193 4793 2351 4837; x_wconf 89' lang='lat' dir='ltr'><strong>antea</strong></span> <span class='ocrx_word' id='word_1_774' title='bbox 2382 4783 2739 4837; x_wconf 77' lang='lat' dir='ltr'><strong>coasideratis</strong></span> <span class='ocrx_word' id='word_1_775' title='bbox 2764 4780 3094 4851; x_wconf 89' lang='lat' dir='ltr'><strong>collegimus.</strong></span> 
     </span>
    </p>
   </div>
   <div class='ocr_carea' id='block_1_102' title="bbox 2261 4869 3786 4939">
    <p class='ocr_par' dir='ltr' id='par_1_102' title="bbox 2261 4869 3786 4939">
     <span class='ocr_line' id='line_1_102' title="bbox 2261 4869 3786 4939; baseline -0.003 -12"><span class='ocrx_word' id='word_1_776' title='bbox 2261 4873 2347 4927; x_wconf 88' lang='lat'><strong>60.</strong></span> <span class='ocrx_word' id='word_1_777' title='bbox 2387 4872 2582 4926; x_wconf 88' lang='lat' dir='ltr'><strong>Pulsus</strong></span> <span class='ocrx_word' id='word_1_778' title='bbox 2637 4886 2668 4926; x_wconf 92' lang='lat' dir='ltr'><strong>e</strong></span> <span class='ocrx_word' id='word_1_779' title='bbox 2717 4869 3029 4925; x_wconf 88' lang='lat' dir='ltr'><strong>Leodicensi</strong></span> <span class='ocrx_word' id='word_1_780' title='bbox 3081 4870 3208 4924; x_wconf 89' lang='lat' dir='ltr'><strong>sede</strong></span> <span class='ocrx_word' id='word_1_781' title='bbox 3263 4878 3448 4924; x_wconf 89' lang='lat' dir='ltr'><strong>noster</strong></span> <span class='ocrx_word' id='word_1_782' title='bbox 3483 4869 3786 4939; x_wconf 78' lang='lat' dir='ltr'><strong>episcopus.</strong></span> 
     </span>
    </p>
   </div>
   <div class='ocr_carea' id='block_1_103' title="bbox 2188 4957 3783 5034">
    <p class='ocr_par' dir='ltr' id='par_1_103' title="bbox 2188 4957 3783 5034">
     <span class='ocr_line' id='line_1_103' title="bbox 2188 4957 3783 5034; baseline -0.006 -15"><span class='ocrx_word' id='word_1_783' title='bbox 2188 4973 2311 5034; x_wconf 90' lang='lat' dir='ltr'><strong>post</strong></span> <span class='ocrx_word' id='word_1_784' title='bbox 2346 4963 2701 5018; x_wconf 89' lang='lat' dir='ltr'><strong>intrusionem</strong></span> <span class='ocrx_word' id='word_1_785' title='bbox 2720 4960 2953 5028; x_wconf 90' lang='lat' dir='ltr'><strong>junioris</strong></span> <span class='ocrx_word' id='word_1_786' title='bbox 2974 4959 3228 5024; x_wconf 81' lang='lat' dir='ltr'><strong>Baldrici,</strong></span> <span class='ocrx_word' id='word_1_787' title='bbox 3253 4959 3378 5012; x_wconf 88' lang='lat' dir='ltr'><strong>dum</strong></span> <span class='ocrx_word' id='word_1_788' title='bbox 3410 4957 3625 5014; x_wconf 86' lang='lat' dir='ltr'><strong>Leodici</strong></span> <span class='ocrx_word' id='word_1_789' title='bbox 3651 4973 3783 5010; x_wconf 82' lang='lat' dir='ltr'><strong>mo—.</strong></span> 
     </span>
    </p>
   </div>
   <div class='ocr_carea' id='block_1_104' title="bbox 2189 5049 3768 5122">
    <p class='ocr_par' dir='ltr' id='par_1_104' title="bbox 2189 5049 3768 5122">
     <span class='ocr_line' id='line_1_104' title="bbox 2189 5049 3768 5122; baseline -0.006 -12"><span class='ocrx_word' id='word_1_790' title='bbox 2189 5064 2421 5121; x_wconf 80' lang='lat' dir='ltr'><strong>raretur,</strong></span> <span class='ocrx_word' id='word_1_791' title='bbox 2470 5053 2655 5108; x_wconf 88' lang='lat' dir='ltr'><strong>multis</strong></span> <span class='ocrx_word' id='word_1_792' title='bbox 2705 5053 3008 5122; x_wconf 90' lang='lat' dir='ltr'><strong>importune</strong></span> <span class='ocrx_word' id='word_1_793' title='bbox 3053 5052 3387 5112; x_wconf 84' lang='lat' dir='ltr'><strong>curantibus,</strong></span> <span class='ocrx_word' id='word_1_794' title='bbox 3443 5060 3500 5102; x_wconf 91' lang='lat' dir='ltr'><strong>ut</strong></span> <span class='ocrx_word' id='word_1_795' title='bbox 3543 5049 3625 5104; x_wconf 81' lang='lat' dir='ltr'><strong>vel</strong></span> <span class='ocrx_word' id='word_1_796' title='bbox 3654 5049 3768 5118; x_wconf 85' lang='lat' dir='ltr'><strong>ipse.</strong></span> 
     </span>
    </p>
   </div>
   <div class='ocr_carea' id='block_1_105' title="bbox 2192 5140 3767 5186">
    <p class='ocr_par' dir='ltr' id='par_1_105' title="bbox 2192 5140 3767 5186">
     <span class='ocr_line' id='line_1_105' title="bbox 2192 5140 3767 5186; baseline 0 0"><span class='ocrx_word' id='word_1_797' title='bbox 2192 5147 2424 5186; x_wconf 61' lang='lat' dir='ltr'><strong>invocari</strong></span> <span class='ocrx_word' id='word_1_798' title='bbox 2457 5147 2826 5186; x_wconf 67' lang='lat' dir='ltr'><strong>nnicnnnnlnm</strong></span> <span class='ocrx_word' id='word_1_799' title='bbox 2851 5143 3164 5186; x_wconf 65' lang='grc' dir='ltr'><strong>ιέἰιηίιιριιρι</strong></span> <span class='ocrx_word' id='word_1_800' title='bbox 3202 5142 3400 5186; x_wconf 63' lang='lat' dir='ltr'><strong>restiti!</strong></span> <span class='ocrx_word' id='word_1_801' title='bbox 3435 5140 3667 5186; x_wconf 62' lang='lat' dir='ltr'><strong>farther-</strong></span> <span class='ocrx_word' id='word_1_802' title='bbox 3713 5151 3767 5186; x_wconf 74' lang='lat' dir='ltr'><strong>et</strong></span> 
     </span>
    </p>
   </div>
  </div>
