4038 5388
213 209 276 271 73
1217 210 1751 269 PROLEGOMENA.
1790 242 1860 251 —
1899 207 2230 266 RATHERH
2270 199 2453 264 Vl’l‘A.
3411 211 3479 264 75

211 329 274 386 de
297 345 470 385 causa
501 345 561 384 se
589 329 843 385 assentiri
873 343 975 382 non
1003 341 1162 398 posse
1191 327 1267 380 ait
1306 341 1458 380 num.
1508 325 1612 378 H’:
1652 343 1670 376 ι
1708 323 1805 389 Ne,
1838 332 1885 391 Α
1914 325 2077 380 oemio
2109 324 2304 393 saepius
2333 321 2571 386 laudato,
2603 335 2750 374 num.
2799 320 2850 391 6)
2878 321 3220 384 ,liomanam
3267 321 3496 394 fatigare

211 422 429 476 dimitte
461 437 550 477 me
575 423 643 476 ad
678 437 836 475 unam
867 431 1073 490 partem
1103 418 1515 482 sacerdotalem,
1553 427 1610 469 ut
1631 430 1814 470 come-

215 509 334 566 dam
379 511 655 566 bucellam
706 512 862 581 panis
902 550 916 565 .
962 551 975 564 .
1021 550 1034 563 .
1065 510 1266 564 dixisse
1314 509 1462 578 prior
1507 509 1618 576 ipse
1658 505 1813 560 dill‘a-

215 616 328 655 nter
364 618 379 655 :
411 620 430 651 ι
468 610 586 654 ιιιιη
613 615 739 655 vero
768 599 1003 670 aliquam
1053 600 1155 653 hac
1204 598 1256 651 in
1303 612 1361 651 re
1399 595 1812 650 conventionem

213 706 306 745 seu
341 691 683 745 oblationem
707 691 810 745 sibi
839 690 1194 760 propositam,
1232 688 1324 742 sed
1347 687 1444 741 abs
1469 701 1526 740 se
1557 685 1812 753 reiectam

217 783 443 846 indicat,
473 783 604 836 dum
634 783 688 836 in
725 784 828 836 line
870 783 1098 836 scribit:
1137 799 1154 830 ι
1185 780 1296 850 Ego
1331 795 1361 833 a
1404 778 1643 850 quolibet
1683 779 1814 832 ntihi

219 872 658 942 indigentissimo
687 873 792 926 vim
817 873 930 927 fieri
965 871 1126 935 tnalo,
1153 887 1315 940 quam
1346 871 1615 940 pepigisse
1641 867 1816 924 fcedus

216 978 337 1017 cum
360 974 562 1028 morte,
607 973 661 1018 et
712 978 834 1018 cum
883 962 1092 1017 inferno
1124 976 1312 1031 pacem
1341 961 1557 1030 judicer
1597 959 1811 1014 fecisse.

217 1053 590 1126 Eleemosynan
653 1055 870 1124 aliquod
915 1051 1231 1124 sull'ragium
1282 1052 1580 1122 porrigenti
1626 1050 1811 1115 alicui,

218 1145 427 1201 latrone
481 1146 573 1200 illo
615 1146 1000 1216 cxceptissimo
1038 1164 1056 1195 ι
1099 1145 1266 1216 (sedis
1308 1144 1518 1198 scilicet
1565 1144 1816 1196 invasore

219 1246 482 1307 excepto,
544 1253 574 1291 a
630 1252 740 1307 quo
792 1251 889 1291 nec
935 1236 1330 1304 eleemosynam
1382 1233 1629 1302 accipere
1680 1233 1814 1303 vult)

218 1348 241 1379 ς
279 1345 503 1384 manum
540 1330 785 1400 ingratus
823 1344 928 1383 non
987 1330 1228 1384 retraho.
1268 1348 1286 1380 ›
1338 1326 1450 1382 Hoc
1476 1326 1812 1396 opusculum,

219 1420 360 1488 quod
397 1420 465 1473 de
511 1419 618 1472 ritu
648 1419 930 1473 electionis
953 1420 1329 1489 cpisc0porum
1363 1417 1529 1471 multa
1553 1425 1813 1482 contmet,

218 1509 440 1564 Leodici
466 1511 735 1580 scriptum
767 1526 832 1565 ex
863 1511 976 1582 ipsa
1024 1511 1373 1581 inscriptione
1416 1509 1681 1564 conclusio
1721 1511 1813 1563 de-

221 1600 494 1655 liberativa
547 1599 762 1655 Leodici
810 1612 928 1655 acta
994 1600 1341 1656 manifestum
1393 1609 1492 1655 est.
1541 1601 1815 1688 Scriptum

1915 414 2150 483 querelis
2203 429 2308 466 non
2352 413 2550 468 desiuit
2591 413 2798 477 sedem,
2846 413 3286 484 coepiscoporum
3319 414 3490 469 altera

1915 519 2172 572 gregem;
2212 522 2229 552 ι
2266 519 2370 556 una
2405 503 2610 556 scilicet
2663 503 2866 558 directa
2915 513 3032 558 erat
3077 505 3142 557 ad
3193 505 3493 560 Romanum

1917 594 2252 662 poutdicem,
2285 595 2352 648 ad
2383 612 2572 649 omnes
2603 596 2884 665 episcopos
2912 596 3103 650 altera.
3134 597 3188 650 lu
3243 597 3494 654 Lobieusi

1918 687 2133 753 quidem
2172 687 2539 755 ntanuseripto
2585 696 2705 756 post
2760 688 2879 740 lidei
2922 687 3312 756 professionem
3370 692 3498 745 sub-

1919 776 2118 829 duntur
2153 777 2394 846 epistola:
2439 788 2568 843 tres,
2616 794 2718 832 una
2770 782 2835 833 ad
2864 780 3125 834 Joannem
3161 781 3496 850 pontiﬁcem,

1918 867 1985 921 ad
2021 883 2214 921 ormes
2241 867 2426 922 ﬁdeles
2448 870 2703 934 secunda,
2733 881 2787 924 et
2815 872 2969 926 tertia
3001 873 3063 925 ad
3093 888 3282 929 onmes
3310 874 3497 943 Italiae,

1917 954 2123 1022 Galliae,
2165 966 2218 1011 et
2247 956 2553 1013 Germania:
2594 960 2892 1031 episcopos.
2931 961 3001 1016 At
3042 963 3123 1017 ha:
3155 980 3275 1018 cum
3303 964 3370 1018 ad
3399 981 3500 1020 ex-

1917 1047 2215 1116 pulsioucm
2266 1063 2298 1102 e
2348 1047 2676 1115 Veronensi,
2732 1069 2836 1106 non
2892 1063 3070 1107 autem
3115 1071 3143 1108 e
3183 1055 3500 1112 Leodiccnsi

1918 1138 2044 1192 sede
2076 1139 2408 1204 referantur,
2457 1141 2524 1196 ad
2571 1141 2856 1198 Phrenesis
2908 1146 3174 1199 volumina
3225 1157 3500 1216 nequeunt

1918 1229 2212 1297 pertinere,
2247 1247 2365 1300 qua:
2393 1232 2457 1285 de
2493 1235 2708 1303 negotio
2740 1233 3051 1290 Leodiccnsi
3091 1238 3265 1307 egisse
3308 1256 3372 1293 ex
3407 1257 3497 1294 ar-

1918 1321 2188 1386 gumentis
2235 1322 2378 1375 tertii
2430 1338 2491 1376 ac
2537 1326 2876 1392 sequentium
2927 1327 3258 1382 voluminum
3309 1329 3497 1399 liquet.

1919 1411 2131 1466 Etenim
2160 1413 2298 1468 liber
2357 1459 2360 1463 .

1923 1501 2128 1558 Tertius
2168 1505 2280 1576 (ita
2330 1505 2381 1560 in
2423 1517 2725 1562 memorato
2769 1510 3082 1579 protentio)
3123 1512 3502 1582 querimoniam

1989 1595 2298 1664 quibusdam
2330 1613 2447 1650 cum
2476 1599 2706 1668 epistolis
2733 1600 2885 1653 habet
2912 1602 3018 1671 regi
3049 1601 3299 1656 delatam.

218 1706 436 1760 quoque
481 1691 650 1747 fuisse
692 1702 813 1761 post
861 1693 1217 1750 imwsionem
1272 1692 1504 1747 Baldrici
1553 1702 1700 1762 μειιει
1745 1684 1812 1747 ξεί
1844 1697 1890 1757 Β
1921 1684 2153 1750 Quartus
2191 1687 2326 1741 duas
2353 1689 2576 1743 continet
2607 1699 2833 1755 tantum,
2857 1690 3092 1745 Brunoni
3123 1693 3500 1757 brevissimam,

217 1798 372 1836 num.
396 1784 458 1848 2,
478 1783 584 1840 col.
609 1783 735 1839 205.

288 1874 378 1929 6!.
406 1874 644 1930 Leodieo
670 1892 793 1930 cum
823 1879 955 1932 abiit
993 1879 1305 1942 Rathertus,
1334 1893 1454 1933 sese
1486 1877 1815 1950 Moguntiam

227 1965 461 2034 recepit,
488 1980 520 2019 a
548 1966 834 2021 Guillelmo
862 1967 1268 2039 archiepiscopo
1291 1967 1504 2024 Ottonis
1535 1969 1676 2039 regis
1707 1969 1815 2024 lilio

222 2056 726 2124 perhumanissime
770 2066 827 2112 et
853 2059 1353 2115 ntunilieentissime
1393 2070 1669 2128 exceptus.
1704 2059 1816 2116 Hae

219 2144 272 2196 in
297 2145 435 2200 urbe
471 2163 489 2195 ‹
525 2145 645 2200 data
675 2146 769 2201 otii
793 2149 1076 2203 occasione
1102 2151 1336 2215 curavit,
1365 2166 1487 2219 qua:
1519 2152 1664 2205 circa
1693 2167 1817 2206 eum

219 2240 338 2287 acta
363 2233 605 2299 fuerant,
661 2237 714 2288 in
758 2235 924 2290 libros
956 2238 1222 2307 digerere,
1256 2239 1490 2308 qualitas
1532 2239 1818 2296 elaborans

219 2338 288 2377 ne
338 2323 428 2378 vel
475 2325 708 2380 curiosis
759 2325 952 2381 lateret
995 2328 1078 2382 sui
1131 2330 1409 2398 temporis.
1467 2330 1665 2400 Utique
1715 2332 1819 2386 hoc

218 2414 511 2470 audientes
542 2415 644 2470 duo
676 2415 751 2470 illi
779 2417 896 2487 ejus
917 2417 1206 2486 specialius
1237 2420 1465 2486 inimici,
1513 2421 1820 2477 Rodbertus

225 2505 500 2572 videlicet,
529 2517 584 2561 et
629 2506 935 2574 Baldricus,
973 2510 1227 2564 dixerunt
1270 2527 1393 2566 eum
1443 2513 1818 2583 phrenetieum

230 2608 348 2650 esse
364 2594 645 2666 (Phrenes.
666 2614 721 2651 n.
740 2597 812 2666 Ι).
845 2617 863 2648 ι
892 2599 1024 2654 llinc
1043 2599 1437 2670 librum,quem
1464 2613 1651 2658 contra
1675 2605 1820 2675 ipsos

223 2688 467 2756 scripsit,
487 2686 795 2743 Phrenesim
819 2691 1126 2762 appellavit.
1154 2693 1271 2748 Alia
1301 2693 1463 2763 hujus
1499 2697 1642 2750 tituli
1677 2699 1816 2754 ratio

222 2776 454 2833 a'ﬂ'ertur
476 2779 530 2831 in
559 2779 811 2847 prommii
855 2780 1148 2851 epigraphe
1183 2782 1268 2837 his
1308 2785 1487 2840 verbis
1522 2801 1772 2854 expressa
1803 2806 1815 2840 :

225 2887 246 2918 ι
267 2868 462 2939 Incipit
483 2871 804 2938 prooemium
825 2872 1067 2927 liatherii
1093 2875 1326 2946 episcopi
1348 2876 1401 2930 in
1425 2877 1618 2932 librum
1659 2895 1817 2948 quem

221 2957 544 3016 Phrenesim
563 2963 882 3031 nominavit,
898 2982 996 3036 pro
1017 2983 1082 3022 eo
1095 2970 1236 3037 quod
1255 2969 1418 3024 nimis
1444 2971 1496 3024 in
1519 2986 1585 3025 eo
1604 2982 1818 3027 austere

1988 1773 2249 1830 Rodberto
2277 1778 2406 1832 satis
2429 1778 2719 1848 prolixam,
2747 1781 2993 1849 epistolas
3032 1782 3366 1850 prmsulibus.

1919 1867 2145 1933 Quintus
2176 1870 2559 1936 querimoniam
2583 1868 2820 1923 Brunoni
2845 1871 3145 1940 specialius,
3183 1872 3502 1940 generalita-

1940 1991 1953 2006 .
1987 1969 2088 2012 tem
2123 1958 2241 2011 licet
2274 1961 2556 2025 contineat,
2581 1961 2871 2014 dedicatam
2909 1963 3317 2033 archiepiscopo.

1872 2049 1887 2066 ⁸
1917 2047 2132 2114 Sextus,
2165 2051 2414 2120 septimus
2449 2061 2603 2120 atque
2649 2061 2859 2106 octavus
2905 2054 3005 2123 ipsi
3047 2056 3149 2106 sint
3191 2050 3308 2107 licet
3353 2056 3503 2109 iuva--

1986 2141 2097 2193 sori
2152 2140 2309 2210 legati
2358 2143 2631 2212 (inscripti
2669 2144 2917 2199 videlicet
2960 2144 3208 2201 Baldrieo
3239 2146 3502 2218 juniori),

1987 2241 2208 2300 carpunt
2253 2242 2426 2285 tamen
2455 2233 2758 2287 multimode
2795 2234 3060 2301 Rodberti,
3111 2238 3426 2290 mordaciter
3447 2251 3500 2292 et

1990 2322 2208 2376 breviter
2231 2324 2433 2392 factum
2479 2325 2694 2394 majoris
2735 2325 2994 2382 Baldrici.

1922 2414 2110 2468 Nonus
2157 2415 2414 2484 satisfacit
2463 2416 2773 2471 humilitatis
2823 2422 2917 2472 sub
2968 2420 3130 2489 pallio
3188 2423 3493 2490 inuectione,

1988 2505 2113 2558 satis
2157 2504 2394 2559 Brunoni
2439 2523 2724 2576 propensus
2757 2511 2976 2579 scriptor
3004 2512 3093 2579 qui
3127 2513 3340 2580 fuerat,
3385 2531 3499 2568 ser-

1991 2610 2139 2647 mone
2173 2597 2540 2664 conqueritans
2569 2596 2797 2666 lugubri.

1921 2683 2164 2738 Decimus
2200 2688 2614 2756 deceptissimum
2653 2691 2937 2761 alloquitur
2975 2711 3200 2764 gregem,
3243 2708 3500 2766 praeten-

1990 2778 2077 2831 tia:
2106 2778 2338 2833 indicens
2382 2779 2614 2836 levante):

1922 2863 2239 2921 Undecimus
2280 2870 2542 2923 conclusio
2587 2883 2662 2925 est
2705 2874 3038 2941 deliberatam
3087 2880 3351 2934 sententiis
3392 2899 3506 2935 ma-

1986 2977 2116 3028 gna,
2163 2961 2488 3015 sermonibus
2536 2981 2718 3031 parva.

224 3051 279 3104 in
306 3043 575 3120 quosdam
619 3055 991 3112 inveheretur.
1023 3079 1040 3111 ι
1078 3059 1258 3115 Multis
1286 3061 1501 3130 quidem
1531 3064 1642 3133 agit
1682 3080 1814 3118 con-

1925 3047 2216 3119 [Lxxxvtt]
2275 3048 2622 3106 Duodecimus
2673 3064 2746 3107 est
2794 3055 3036 3126 dialogus
3085 3061 3359 3128 cujusdam
3410 3082 3506 3134 pro

223 3151 308 3197 tra
335 3143 678 3202 Rodbertum
707 3149 1175 3222 archiepiscopum
1218 3152 1620 3221 Trevireusem,
1659 3170 1818 3224 quem

222 3251 338 3289 sua:
373 3238 712 3306 expulsionis
738 3250 1016 3296 auctorem
1061 3245 1390 3316 praecipuum
1426 3247 1476 3300 in
1522 3247 1638 3318 ipso
1684 3264 1818 3317 opu-

223 3329 379 3382 sculo
409 3331 744 3400 alloquitur;
781 3335 1052 3390 nonnullis
1083 3337 1246 3391 etiam
1277 3348 1466 3393 contra
1507 3340 1818 3396 Baldricnnt

220 3418 491 3486 juniorem
517 3422 869 3480 Leodiccnsis
890 3427 1034 3482 sedis
1052 3425 1358 3484 invasorem
1379 3431 1473 3485 :de
1497 3432 1616 3486 aliis
1639 3443 1819 3486 autem

225 3511 329 3564 sibi
379 3511 606 3566 infensis
649 3514 898 3583 quaedam
952 3518 1138 3585 paucis
1182 3519 1476 3575 interserit.
1516 3521 1572 3574 In
1608 3521 1822 3575 laudato

228 3603 522 3670 procemio,
553 3621 703 3659 num.
734 3605 788 3671 6,
813 3607 1094 3663 duodecim
1121 3609 1472 3678 voluminum,
1495 3629 1614 3680 quae
1643 3613 1742 3666 hae
1769 3613 1820 3666 in

229 3709 288 3746 re
317 3693 648 3760 lncubravit,
695 3706 1009 3765 argumenta
1057 3709 1448 3770 preponuntur.
1496 3702 1610 3758 Non
1643 3705 1820 3757 omnia

229 3789 408 3836 tamen
457 3782 680 3852 digessit
707 3784 1012 3855 Moguntize.
1044 3786 1204 3843 Certe
1237 3787 1636 3844 Conclusionem
1685 3792 1820 3846 deli—

228 3872 539 3938 berativam,
569 3874 656 3929 cui
704 3877 976 3932 undecimi
1023 3878 1312 3934 voluminis
1343 3879 1518 3934 locum
1549 3881 1820 3949 attribuit,

227 3963 405 4018 adhuc
448 3963 665 4019 Leodici
693 3965 896 4036 degens
925 3969 1247 4038 scripserat;
1280 3979 1335 4025 et
1378 3970 1627 4026 fortassis
1655 3973 1820 4026 etiam

227 4053 438 4122 aliquot
470 4055 602 4110 alios
631 4054 869 4122 libellos,
915 4073 1011 4112 seu
1041 4047 1296 4129 epistolas
1324 4061 1380 4114 in
1427 4061 1615 4116 iisdem
1666 4079 1824 4134 argu-

230 4144 433 4198 mentis
479 4145 745 4201 indicatas
777 4147 1044 4218 (quaedam
1077 4151 1222 4204 enim
1255 4151 1517 4218 ejusmodi
1551 4153 1823 4209 volumina

231 4231 484 4303 [exuri]
515 4249 579 4288 ex
611 4237 857 4307 epistolis
903 4245 1189 4310 constant)
1240 4250 1366 4295 ante
1411 4243 1778 4311 expulsionem
1807 4286 1820 4308 ,

231 4336 289 4379 ut
313 4341 436 4380 sese
482 4326 539 4380 iu
569 4342 666 4381 sua
693 4329 825 4384 sede
857 4337 1119 4394 tueretur,
1165 4334 1430 4396 exaravit,
1466 4349 1602 4402 quas
1633 4344 1819 4404 postea

229 4417 520 4489 Moguntina
555 4435 659 4474 una
685 4433 809 4475 eum
841 4421 1054 4476 exteris
1091 4423 1165 4476 ibi
1206 4422 1507 4480 lucubratis
1544 4426 1820 4493 opusculis

231 4507 283 4561 in
312 4507 598 4562 duodecim
627 4509 796 4564 libros
828 4510 1125 4566 distribuit.
1155 4511 1213 4566 Si
1259 4513 1312 4566 hi
1353 4529 1544 4568 omnes
1574 4514 1694 4569 libri
1726 4531 1818 4569 su-

229 4606 533 4664 peressent,
576 4614 683 4653 non
710 4599 1026 4654 dubitamus
1055 4602 1184 4671 quin
1212 4601 1318 4657 alia
1359 4604 1525 4657 multa
1557 4606 1622 4658 ad
1656 4606 1820 4660 hocce

231 4685 435 4741 factum
477 4689 868 4744 illustrandum
899 4701 1248 4760 suppeterent
1282 4711 1294 4746 :
1329 4695 1422 4747 sed
1447 4705 1640 4764 praeter
1677 4694 1818 4748 Con-

233 4775 518 4834 clusionem
570 4779 989 4847 deliberativam,
1036 4796 1196 4850 quam
1234 4793 1510 4853 postremo
1543 4781 1818 4840 Veron'en-

233 4867 308 4922 sis
332 4869 676 4940 episcopatus
709 4881 958 4940 tempore
1003 4874 1068 4926 ab
1102 4882 1324 4929 auctore
1355 4877 1424 4930 ob
1453 4892 1557 4930 non
1587 4877 1822 4932 dissimi-

255 4960 781 5015 escircumstantias
823 4976 946 5014 eum
988 4963 1172 5030 paucis
1210 4965 1596 5021 additamentis
1626 4968 1819 5022 iterum

234 5049 432 5105 editam
487 5053 736 5108 exhibuit
779 5052 950 5106 codex
1004 5052 1413 5123 Laudunensis,
1466 5075 1530 5113 ex
1575 5061 1695 5115 aliis
1724 5077 1855 5129 un-_

236 5137 409 5195 decim
461 5145 697 5200 laudatis
747 5143 904 5196 libris
955 5144 1102 5199 solus
1128 5151 1335 5217 primus
1357 5133 1498 5205 liber
1545 5151 1823 5206 Phrenesis

237 5229 526 5303 inscriptus
563 5235 616 5288 in
648 5232 910 5287 Lobieusi
941 5235 1125 5291 codice
1177 5239 1430 5296 inventus
1473 5250 1575 5305 est,
1608 5243 1692 5296 cui
1727 5241 1824 5294 ibi-

236 5319 358 5374 dem
383 5324 430 5377 in
475 5325 582 5379 [ine
620 5324 849 5378 additur
875 5325 1140 5388 professio
1173 5328 1319 5388 ﬁdei.
1361 5345 1480 5388 ante
1527 5332 1592 5385 ad
1626 5332 1823 5386 librum

1996 3141 2198 3208 negotio
2253 3137 2419 3194 ’ac'tus
2445 3180 2461 3206 ,
2501 3143 2563 3195 ab
2599 3144 2709 3214 ipso
2753 3155 2923 3200 tamen
2975 3165 3078 3202 non
3116 3153 3322 3220 penitus
3372 3155 3503 3209 alie-

1995 3243 2114 3280 nus.

1924 3318 2050 3373 Haec
2102 3320 2366 3376 indicasse
2424 3323 2673 3391 sufliciat,
2727 3335 2781 3379 ut
2831 3344 2948 3396 qua:
2999 3332 3391 3399 desiderantur,
3439 3354 3505 3392 ex

1925 3410 2072 3464 hisee
2121 3413 2455 3480 argumentis
2505 3416 2862 3470 innotescunt.
2903 3418 3073 3473 Unum
3118 3438 3278 3490 porro
3313 3427 3503 3480 hacin

1926 3516 1983 3552 re
2012 3516 2115 3555 non
2143 3502 2521 3566 omittendum,
2567 3506 2856 3561 Auctorem
2889 3510 2940 3561 in
2971 3510 3223 3566 Phrenesi
3256 3533 3402 3571 num.
3434 3518 3501 3572 ’16

1924 3592 2154 3662 allegare
2183 3593 2245 3645 de
2272 3594 2375 3647 hoe
2401 3594 2717 3650 Leodiccnsi
2768 3601 2983 3670 negotio
3029 3602 3296 3658 decimum
3350 3611 3506 3676 quin-

1926 3691 2035 3735 tum
2068 3682 2353 3748 volumen;
2401 3694 2456 3738 at
2487 3703 2635 3740 unm.
2671 3688 2735 3743 l8
2765 3692 2952 3745 testari
3003 3709 3061 3747 se
3085 3695 3261 3763 primo
3291 3700 3505 3766 quidem

1926 3775 2027 3827 hac
2060 3774 2113 3826 in
2161 3790 2218 3828 re
2244 3775 2532 3844 digessisse
2559 3778 2747 3848 viginti
2785 3782 3078 3849 volumina,
3105 3787 3196 3841 sed
3224 3797 3409 3855 postea
3441 3809 3507 3846 ea

1926 3866 1990 3918 ad
2017 3866 2300 3920 duodecim
2337 3870 2698 3925 restrinxisse.
2744 3872 2941 3929 Confer
2981 3877 3417 3938 Admonitionem
3449 3886 3505 3940 in

1927 3957 2259 4025 Phrenesim,
2294 3977 2440 4014 nunt.
2471 3961 2526 4026 2,
2553 3963 2656 4018 col.
2684 3965 2809 4019 913.

1944 4049 1948 4054 ’
1995 4053 2083 4107 62.
2112 4055 2380 4122 Antiqnus
2419 4066 2609 4113 auctor
2636 4060 2700 4114 de
2750 4059 2917 4117 Gestis
2970 4067 3330 4136 episcoporum
3365 4071 3507 4127 Tuu-

1924 4145 2212 4212 grensium,
2249 4163 2394 4200 rnnn.
2429 4148 2479 4212 ἓ,
2518 4151 2721 4214 tradit,
2773 4151 3017 4208 Ratherii
3072 4158 3258 4225 victui,
3311 4178 3431 4218 eum
3476 4183 3508 4221 e

1925 4233 2240 4290 Leodiccnsi
2272 4226 2399 4292 sede
2440 4238 2644 4305 ejectus
2692 4241 2812 4308 fuit,
2862 4247 2998 4299 satis
3037 4246 3204 4304 fuisse
3227 4256 3502 4320 provisum

1931 4346 1948 4376 ι
1990 4327 2211 4381 indultis
2240 4329 2530 4398 aliquantis
2575 4333 2830 4404 episcopii
2880 4337 2944 4390 ad
2981 4355 3134 4395 usum
3169 4345 3290 4398 vitae
3321 4348 3511 4416 agellis

1853 4391 1900 4450 θ
1927 4417 2198 4487 (ΜΑητΕΝ.
2221 4431 2276 4474 et
2305 4391 2543 4476 [inrisam
2579 4391 2622 4478 t:
2640 4423 2706 4477 lV
2727 4391 2862 4479 (foll.

1927 4523 1974 4560 e.
2003 4507 2124 4577 53);
2164 4529 2181 4559 ο
2218 4525 2335 4574 seu,
2366 4521 2422 4563 ut
2451 4513 2525 4564 ait
2549 4513 2834 4569 Ansclmus
2851 4515 3199 4587 Leodiensis,
3232 4541 3248 4573 ι
3285 4524 3508 4581 indultis

1927 4599 1975 4653 ei
2022 4601 2508 4670 quantulisennque
2555 4605 2900 4674 epiSCOpatus
2963 4612 3264 4668 redditibus
3321 4615 3508 4685 (apud.

1927 4689 2284 4745 ΟῐιΑΡεΑυνιι.
2331 4703 2368 4745 t.
2410 4693 2446 4757 l,
2473 4712 2525 4764 p.
2561 4696 2702 4766 l78).
2758 4716 2775 4747 ι
2820 4699 2893 4752 Ex
2945 4700 3311 4759 Confessionis
3354 4706 3512 4770 libro,

1927 4796 2086 4849 quem
2119 4781 2405 4837 Ratherius
2435 4795 2555 4853 post
2596 4786 2965 4854 expulsionent
2997 4791 3231 4860 scripsit,
3257 4793 3478 4862 explora
3499 4825 3511 4835 -

1929 4879 2041 4924 tum
2072 4871 2147 4937 lit,
2181 4873 2607 4942 ipsum,cuidam
2639 4877 2865 4932 abbatite
2893 4879 3236 4936 Lcodieensis
3258 4882 3516 4940 dioecesis

1929 4961 2096 5014 fuisse
2132 4965 2503 5034 prtepositutn,
2544 4972 2602 5022 ut
2637 4968 2880 5035 sequenti
2924 4972 3261 5039 paragrapho
3303 4971 3519 5039 plenius

1929 5053 2440 5110 demonstrabimus.
2473 5058 2612 5114 lline
2634 5058 2980 5114 Leodiccnsis
3016 5061 3354 5130 episcopatus
3396 5068 3520 5121 red—

1930 5145 2096 5209 ditus,
2128 5145 2221 5213 qui
2267 5147 2367 5216 ipsi
2395 5148 2460 5200 ad
2505 5153 2711 5206 vietum
2741 5148 3000 5204 dicuntur
3037 5150 3315 5219 assignati,
3349 5152 3522 5214 fuisse

1931 5237 2185 5292 videntur
2208 5242 2455 5297 redditus
2479 5246 2598 5315 ejus
2627 5242 2878 5305 abbatire,
2915 5244 3002 5295 cui
3033 5243 3349 5312 prmposilus
3397 5247 3523 5306 fuit.

1935 5327 2062 5383 Haec
2083 5329 2337 5388 nimirum
2352 5332 2571 5388 abbatia
2602 5347 2724 5388 eum
2755 5332 2804 5384 in
2826 5330 2946 5388 jure
2969 5341 3117 5388 esset
3145 5333 3524 5388 eniscouorum
