4038 5388
548 249 615 302 7;
1488 218 1907 299 'nA'rnEmus
1950 244 2380 305 vsuoususrs
2420 248 2823 309 EPISCOPUS.
3744 259 3818 315 τε

548 363 578 438 §
610 363 783 438 X‘i.—-
811 362 937 438 Post
967 359 1321 432 expulsionem
1354 375 1381 438 ς
1419 360 1536 412 sede
1583 333 1886 438 beauit-ensi
1928 358 2124 438 thIie-
2153 370 2200 429 Α
2229 363 2479 417 coenobio
2507 381 2525 414 ι
2566 373 2882 419 extraneum
2913 374 2968 419 et
3010 365 3271 421 advenam
3308 385 3328 419 ι
3372 366 3621 438 praefert;
3653 383 3812 425 econ-

618 433 728 487 rius
781 428 1042 502 cuipiam'
1085 431 1405 502 monasterio
1480 428 1808 502 pra’ﬁcitur._
1844 428 2124 502 Quodnam

617 505 775 573 fuerit
821 497 918 555 hoc
944 500 1338 573 monasterium.
1364 498 1719 565 Confessionis
1750 497 1966 573 librum_
1989 500 2125 551 scri-

615 568 710 627 bit.
737 572 1007 638 Quatenus
1031 571 1086 622 in
1118 586 1176 623 eo
1206 571 1375 622 vivens
1412 583 1548 638 cum?
1575 568 1864 627 monachis,
1898 568 1966 620 ad
2014 585 2128 621 mo-

617 637 872 697 nasticam
894 641 1340 709 propositumen
1365 637 1590 695 redierit.
1625 648 1670 690 et
1696 655 1807 690 cur.
1837 638 2126 709 Ejus-totam

614 713 711 766 sub
750 707 999 781 Agapito
1034 709 1094 762 Il
1146 708 1394 762 scriotam
1434 716 1479 760 et
1522 722 1851 775 suppressam
1892 707 2125 761 inscribit

612 779 812 836 ἔστιηηί
848 779 985 833 ΧΗ.

615 910 703 966 65.
748 908 1064 964 ltatberium
1091 922 1122 962 e
1159 904 1476 961 Leodicensi
1508 904 1635 961 sede
1687 904 1942 982 ejectum)
1974 914 2124 977 post-

549 1008 706 1073 quam
736 998 1049 1071 aliquandiu
1092 998 1230 1068 apud
1259 996 1630 1068 Moguntinum
1659 998 2127 1068 archiepiscOpnm

544 1096 848 1148 diversatus
889 1098 1005 1155 est,
1037 1088 1337 1159 cujuspiam
1381 1089 1695 1143 monasterii
1748 1087 2127 1158 praefecturam

543 1184 843 1253 suscepisse
864 1189 1070 1237 certum
1102 1180 1163 1234 fit
1190 1196 1255 1236 ex
1282 1178 1636 1248 Confessionis
1659 1180 1798 1234 libro
1816 1221 1831 1243 ,
1876 1197 2037 1251 quem
2070 1182 2123 1235 in

543 1274 771 1343 alicujus
818 1273 1135 1330 monasterii
1193 1288 1407 1329 recessu
1451 1274 1687 1343 scripsit.
1740 1274 1815 1329 lbi
1856 1275 2124 1345 siquidem

543 1380 601 1419 se
637 1363 919 1419 monachis
939 1362 1253 1434 praefectum
1280 1363 1501 1418 exhibet
1550 1379 1672 1419 cum
1717 1379 1867 1417 num.
1902 1364 1973 1419 ΞΩ
2005 1380 2122 1419 mo-

537 1457 746 1513 nachos
770 1455 1048 1525 alloquens
1084 1453 1473 1527 ait[t.xxxvm]
1501 1472 1512 1507 :
1544 1474 1561 1506 ‹
1603 1454 1705 1510 Mei
1741 1455 1911 1525 ipsius
1934 1470 2123 1510 curam

541 1564 758 1620 gerens,
784 1547 1025 1616 aliosque
1070 1545 1365 1617 negligens,
1394 1546 1660 1616 praecipue
1700 1560 1799 1600 vos
1822 1587 1837 1608 ,
1870 1546 2001 1601 mihi
2032 1546 2124 1615 qui

539 1642 673 1696 estis
713 1641 1018 1703 commissi,
1057 1659 1075 1690 ι
1110 1648 1215 1694 etc.
1247 1638 1480 1708 ldipsum
1510 1640 1798 1693 confirmat
1832 1654 1983 1692 num.
2024 1638 2118 1703 Ἡ,

2232 462 2311 507 tra
2361 469 2488 509 vero
2536 454 2683 510 illum
2728 477 2747 507 ‹
2792 472 3006 511 servum
3055 457 3293 529 ejusdem
3335 459 3590 515 Ecclesia:
3623 480 3642 513 ι
3678 462 3815 533 (seu

2229 540 2831 617 [Lxxx1x]inouasterii)
2851 565 2869 597 ι
2891 544 3184 617 legitimum
3210 566 3228 600 ι
3257 558 3436 613 vocat,
3471 567 3488 599 ι
3516 550 3642 619 quia
3667 551 3817 621 lega-

2228 633 2352 688 liter
2381 637 2628 705 traditus,
2672 648 2728 692 et
2758 639 2842 693 sui
2887 639 3055 708 ipsius
3080 654 3240 693 manu
3276 647 3330 694 et
3370 638 3712 709 professione
3757 643 3814 697 in

2227 725 2503 779 servitium
2528 736 2788 795 perpetuo
2811 729 3171 800 mancipatus.
3194 750 3212 782 ι
3243 729 3298 784 Si
3322 745 3502 786 sermo
3531 731 3724 788 fuisset.
3746 734 3816 788 de

2227 816 2561 869 monasterio
2583 815 2856 881 Lobiensi,
2884 834 2943 874 se
2967 834 3066 874 nec
3093 838 3111 870 ί
3150 829 3493 888 extraneum,
3526 837 3630 877 nec
3650 823 3815 877 adve-

2226 919 2352 958 nam
2392 923 2410 956 ι
2442 906 2707 975 potuisset
2747 909 3037 979 appellare,
3074 910 3272 982 quippe
3292 912 3382 982 qui
3408 913 3581 969 eidem
3613 932 3632 965 ι
3669 916 3816 986 lega-

2227 992 2349 1048 liter
2377 995 2628 1061 traditus,
2651 1005 2705 1051 et
2727 1012 2822 1052 sua
2852 998 3023 1069 ipsius
3079 1014 3240 1054 manu
3289 1009 3344 1056 et
3383 1001 3723 1071 professione
3752 1005 3810 1060 in

2227 1082 2506 1137 servitium
2549 1094 2811 1156 perpetuo
2871 1086 3049 1143 fuerat
3096 1088 3436 1159 mancipatus
3466 1091 3592 1162 (vid.
3638 1109 3815 1162 supr.,

2230 1191 2283 1228 π.
2311 1173 2389 1244 6),
2428 1194 2446 1228 ι
2482 1175 2617 1230 adeo
2647 1186 2703 1231 ut
2734 1178 2801 1232 ad
2828 1179 3159 1234 redeundum
3210 1180 3261 1234 in
3316 1180 3457 1235 idem
3506 1182 3815 1248 servitium,

2225 1266 2369 1335 quod
2399 1265 2508 1321 Deo
2536 1267 2733 1323 ibidem
2782 1270 3128 1339 promiserat,
3156 1272 3430 1326 continuis
3456 1272 3695 1327 stimulis
3722 1288 3812 1327 se-

2225 1370 2283 1410 sc
2312 1356 2596 1412 incitatum
2627 1368 2681 1413 et
2723 1361 2943 1416 anxium
2978 1362 3221 1431 pluribus
3276 1364 3329 1416 in
3388 1362 3522 1419 locis
3565 1362 3816 1433 ejusdem

2223 1447 2404 1516 operis
2423 1447 2675 1502 fateatur.
2698 1450 2925 1504 Accedit
2946 1451 3089 1520 quod
3112 1466 3209 1520 per
3234 1451 3285 1504 id
3304 1460 3513 1522 tempus
3528 1452 3817 1509 Lobiensis

2225 1541 2540 1594 monasterii
2562 1540 2831 1596 abbatiam
2852 1543 3067 1598 tenebat
3095 1543 3420 1614 Reginorus,
3443 1545 3668 1616 ejusque
3693 1546 3818 1602 loco

2221 1629 2490 1699 praepositi
2528 1630 2680 1685 titulo
2712 1631 2965 1687 Erlninns
3004 1635 3327 1702 prmsidebat
3349 1635 3563 1706 (Fusa,
3591 1654 3639 1692 c.
3666 1638 3757 1711 26)
3796 1655 3811 1692 :

538 1717 631 1788 “bj
662 1732 728 1786 de
759 1729 1010 1785 Oderado
1043 1730 1342 1793 monacho,
1373 1731 1483 1799 qui,
1510 1738 1692 1800 empta
1752 1728 1889 1784 alius
1938 1745 2123 1785 mgna.
2153 1737 2200 1796 B
2228 1720 2369 1774 unde
2391 1719 2701 1787 Ratberius,
2735 1725 2825 1794 qui
2856 1734 2976 1779 crat
3015 1726 3180 1781 veluti
3211 1727 3404 1795 abbas,
3434 1730 3524 1784 alii
3542 1728 3813 1787 ἐωιιοὺίο

538 1821 691 1876 sterii
747 1820 1063 1890 pra-latura,
1122 1834 1278 1874 suum
1325 1820 1711 1873 monasterium
1764 1819 2118 1884 deseruerat,

541 1926 563 1960 1
596 1908 842 1973 Noveris,
873 1908 1079 1976 inquit,
1112 1910 1254 1977 quod
1284 1909 1488 1979 absque
1519 1908 1621 1962 mei
1666 1917 1749 1963 est
1782 1908 2002 1964 licentia
2037 1908 2121 1963 fa-

535 2008 717 2064 ctum;
767 2018 785 2050 ι
841 2007 894 2051 et
943 2014 1093 2052 num.
1124 1997 1217 2063 54,
1264 1998 1389 2052 dum
1444 1999 1691 2069 queritur
1727 1997 1891 2052 alium
1935 2014 2122 2053 mona-

536 2091 698 2145 chum
731 2108 749 2141 ι
781 2090 956 2144 lanam
978 2089 1133 2160 jussu
1181 2090 1396 2158 absque
1447 2104 1566 2146 meo
1597 2090 1976 2160 diSpensasse;
2015 2108 2033 2141 ι
2067 2099 2123 2144 et

541 2182 670 2236 dum
696 2197 846 2235 num.
879 2180 948 2235 2-4
978 2181 1214 2251 seipsum
1245 2189 1485 2246 accusat,
1515 2182 1657 2250 quod
1704 2181 1756 2235 in
1798 2196 1861 2235 ea
1888 2176 2119 2237 Oderadi

535 2272 848 2341 emptione,
886 2289 905 2323 ι
951 2272 1075 2326 licet
1116 2280 1174 2325 ut
1219 2270 1374 2327 fieret
1401 2311 1415 2335 ,
1467 2285 1569 2326 nec
1620 2272 1969 2341 prteceperim
2020 2285 2119 2326 nec

533 2362 835 2429 voluerim;
875 2361 995 2417 dedi
1054 2370 1233 2416 tamen
1283 2376 1408 2419 mea
1433 2362 1589 2431 culpa
1635 2361 1814 2431 locum
1859 2372 1917 2416 ut
1946 2362 2117 2426 fieret,

533 2469 640 2507 non
674 2452 1011 2522 prohibendo
1035 2453 1127 2521 (ut
1153 2452 1345 2506 saltem
1379 2450 1570 2523 quivi)
1604 2450 1672 2508 ne
1708 2451 1883 2507 fieret.
1920 2471 1938 2504 ι
1984 2453 2120 2506 Hinc
2154 2514 2169 2523 δ

535 2561 595 2602 se
619 2547 759 2600 inter
798 2545 1018 2600 abbates
1046 2544 1213 2599 refert
1242 2560 1391 2599 num.
1434 2545 1524 2609 21,
1549 2559 1673 2600 cum
1697 2546 1932 2616 episcopi
1963 2544 2123 2599 simul

534 2646 593 2692 et
619 2637 831 2691 abbatis
854 2636 1069 2690 nomina
1094 2634 1197 2690 sibi
1222 2635 1481 2691 attributa
1509 2635 1712 2690 indicat
1737 2653 1751 2701 ;
1777 2645 1832 2690 et
1864 2651 2013 2690 num.
2030 2635 2120 2702 54,

535 2727 629 2784 ubi
680 2726 947 2796 quoddam
983 2724 1181 2798 regulae
1211 2726 1487 2781 decretum
1520 2718 1827 2794 memorans
1854 2768 1869 2791 ,
1915 2747 1933 2778 ι
1970 2726 2124 2793 Quod

536 2817 744 2886 utique,
798 2817 1002 2886 inquit,
1050 2825 1334 2886 tantOpere
1387 2831 1517 2880 nos,
1564 2816 1830 2889 peculiari
1863 2831 1991 2872 vero
2029 2817 2122 2871 illo

538 2909 735 2973 nostri,
766 2923 869 2962 non
904 2908 999 2962 Dei
1028 2922 1233 2971 amore,
1259 2906 1644 2976 amplectimur
1678 2906 1916 2962 abbatuli
1947 2926 1959 2960 :
1993 2906 2124 2963 Siue

530 2998 775 3066 jussioue
827 2998 1039 3052 abbatis
1087 2996 1217 3051 nihil
1266 2995 1451 3052 faciat.
1508 3018 1526 3050 ι
1563 2999 1653 3064 Ει,
1704 3009 1764 3053 ιιι
1808 3000 1912 3053 alia
1966 3000 2121 3069 plura

2226 1812 2503 1881 praefuisse
2525 1816 2785 1872 dicemlus
2806 1827 2908 1870 est.
2940 1817 3057 1871 Alia
3079 1834 3242 1887 porro
3270 1822 3518 1876 carnobia
3552 1823 3814 1879 dimcesis

2222 1903 2570 1959 Leodicensis
2598 1905 2650 1959 in
2679 1906 2939 1961 honorem
2974 1908 3033 1961 S.
3065 1908 3211 1963 Petri
3261 1921 3419 1964 erant
3464 1924 3810 1968 consecrata.

2226 1992 2405 2048 Unum
2434 1981 2581 2049 inter
2612 1996 2735 2063 hsce.
2769 2005 2854 2051 est
2877 1996 3129 2063 Alnense,
3165 2010 3223 2054 ut
3248 2016 3311 2055 ex
3342 2000 3651 2057 Mabillonio
3675 2004 3816 2058 didi-

2164 2126 2183 2148 ,
2223 2083 2396 2140 cimus
2440 2086 2511 2156 (t.
2544 2085 2565 2140 1
2603 2086 2744 2141 Ann.
2792 2104 2910 2153 an.,
2963 2090 3087 2157 655,
3132 2107 3184 2145 η.
3218 2091 3310 2161 28)
3366 2091 3478 2146 Hoc
3508 2094 3725 2164 quidem
3754 2095 3814 2149 in

2227 2173 2568 2231 institutione
2606 2194 2636 2232 a
2684 2178 2743 2234 S.
2803 2178 3063 2235 Ursmaro
3106 2181 3379 2236 addictum
3433 2182 3532 2237 fuit
3580 2186 3814 2240 abbatia:

2225 2264 2477 2322 Lobiensi
2522 2268 2733 2340 (Fusa,
2763 2287 2808 2324 ε.
2841 2270 2920 2341 4).
2946 2270 3051 2326 Sed
3080 2287 3202 2326 cum
3249 2281 3434 2343 postea
3464 2272 3818 2331 Leodicensis

2230 2359 2516 2431 episcopus
2545 2361 2703 2415 simul
2734 2370 2880 2417 esset
2924 2362 3091 2418 abbas
3139 2361 3452 2430 Lobieusis,
3499 2366 3811 2421 etenobium

2223 2449 2460 2507 Alnense
2512 2467 2635 2507 cum
2666 2454 2877 2508 caeteris
2926 2454 3157 2507 laudatae
3199 2455 3429 2510 abbatize
3455 2453 3716 2524 subjectis
3742 2458 3815 2511 ad

2225 2538 2611 2599 Leodicensem
2659 2545 2971 2613 episcopum
3010 2546 3337 2614 pertinebat.
3364 2545 3418 2600 ld
3448 2556 3625 2601 autem
3648 2561 3817 2616 pecu-

2225 2640 2359 2694 liare
2390 2637 2551 2707 hujus
2576 2637 2890 2690 monasterii
2925 2636 3045 2702 fuit,
3070 2636 3213 2706 quod
3239 2637 3451 2692 caeteris
3470 2637 3816 2691 monasteriis

2225 2730 2479 2798 deinceps
2505 2726 2603 2781 sub
2636 2725 2894 2782 Everaelo
2920 2727 3177 2797 episcopo
3228 2728 3281 2781 in
3311 2727 3597 2798 pristinam
3634 2728 3809 2784 ratio-

2225 2835 2348 2875 nem
2402 2816 2670 2873 restitutis
2712 2816 2894 2871 abbati
2940 2815 3212 2883 Lobiensi,
3245 2817 3482 2873 Alnense
3532 2827 3812 2873 monaste-

2225 2913 2366 2967 rium
2416 2909 2654 2982 perstitit
2697 2909 2749 2963 in
2789 2907 2915 2977 jure
2957 2909 3300 2978 episcopatus
3334 2907 3712 2974 Leodicensis;
3744 2924 3813 2965 ac

2225 3010 2514 3073 propterea
2546 3015 2669 3055 cum
2696 2999 2985 3054 Ratherius
3012 3016 3153 3053 anno
3178 2999 3306 3065 968,
3351 2998 3570 3054 dimissa
3594 3000 3815 3068 penitus

537 3091 853 3145 omittamus
880 3130 895 3152 ,
947 3104 1007 3144 se
1044 3089 1294 3143 abbatem
1342 3088 1582 3157 apertius
1638 3089 1907 3160 significat
1930 3130 1946 3157 ,
1999 3106 2121 3146 cum
2151 3103 2196 3165 ο
2228 3094 2355 3150 sede
2375 3090 2692 3157 Veronensi,
2716 3090 2781 3146 ad
2804 3106 2933 3147 suos
2950 3105 3200 3145 reversus
3221 3089 3814 3153 est,abbasLohiensis

538 3195 690 3235 num.
720 3180 811 3243 35,
842 3193 1090 3233 sermone
1139 3177 1204 3231 ad
1243 3194 1301 3232 se
1338 3193 1625 3245 converso,
1657 3180 1733 3233 ait
1777 3197 1790 3232 :
1833 3200 1851 3231 ι
1883 3180 2120 3247 Gaudes,

537 3272 664 3342 quia
690 3271 808 3326 sine
827 3271 1072 3341 jnssione
1120 3278 1209 3323 tua
1257 3269 1391 3324 nihil
1430 3271 1489 3325 fit
1527 3289 1543 3325 :
1577 3271 1698 3325 vide
1741 3272 1871 3340 quid
1911 3260 2120 3342 jubeas.

534 3362 724 3434 Exigis
769 3361 1176 3417 obedientiam:
1211 3369 1396 3416 astruc
1421 3362 1565 3431 quod
1594 3362 1801 3433 exigis;
1852 3361 1929 3416 illi
1978 3364 2123 3418 enim

540 3453 660 3520 tibi,
694 3461 751 3508 tu
784 3452 982 3523 regula:
1023 3451 1237 3506 debitor
1276 3467 1337 3506 es
1362 3451 1604 3506 obedire.
1648 3451 1726 3505 llli
1773 3460 2033 3522 peccant,
2077 3453 2125 3508 si

538 3556 692 3599 extra
721 3544 1053 3598 voluntatem
1077 3552 1132 3594 et
1161 3541 1561 3595 ordinationem
1593 3549 1738 3595 tuam
1767 3542 1968 3596 faciant
1997 3560 2010 3595 :
2042 3550 2125 3616 tu,

538 3634 585 3688 si
616 3640 804 3687 contra
833 3630 1184 3685 constitutum
1207 3628 1405 3700 regula:
1432 3628 1697 3699 quidlibet
1739 3628 2001 3699 disponis,
2032 3639 2126 3685 aut

538 3724 809 3795 praecipis.
851 3742 871 3775 ›

610 3812 700 3867 64.
731 3811 1145 3875 Monasterium,
1175 3824 1258 3863 cu.
1298 3816 1564 3878 prmerat,
1622 3809 1690 3863 ad
1730 3809 2120 3865 Leodicensen

544 3905 845 3961 Ecclesium
873 3903 1050 3973 aliqua
1084 3902 1291 3956 ratione
1317 3900 1640 3970 pertinuisse
1678 3918 1745 3955 ex
1778 3918 1843 3957 eo
1870 3901 2124 3973 colligere

542 4000 688 4065 licet,
731 3998 857 4069 quia
886 4013 1035 4052 num.
1068 3995 1171 4061 54,
1209 4009 1239 4049 e
1272 3993 1506 4048 Leodico
1538 3991 1605 4047 ad
1654 3993 1803 4048 idem
1853 4003 2124 4047 monaste-

545 4090 708 4156 rium,
737 4088 1002 4158 insignem
1053 4086 1287 4154 aliquem
1317 4084 1774 4150 ecclesiasticum,
1804 4092 1863 4138 ut
1890 4084 2120 4149 videtur,

543 4179 742 4243 virum,
791 4192 912 4231 cum
944 4190 1136 4244 magno
1180 4174 1438 4229 comitatu
1474 4174 1756 4229 advenisse
1795 4188 2123 4228 commemo-

547 4278 652 4335 rat,
680 4268 766 4322 cui
799 4265 1024 4322 honoris
1052 4265 1227 4335 gratia
1280 4264 1529 4319 monachi
1576 4272 1631 4319 et
1662 4263 1845 4318 clerici
1887 4262 2124 4318 suaviter

546 4371 807 4419 canentes
831 4362 1043 4416 obviam
1072 4360 1307 4415 iverunt.
1340 4359 1473 4415 Vide
1501 4361 1553 4413 in
1586 4359 1783 4414 librum
1815 4357 2123 4413 Confessio-

2225 3200 2290 3241 ex
2323 3185 2437 3241 suis
2462 3185 2569 3239 duo
2598 3184 2699 3254 ipsi
2758 3184 3084 3238 monasteria
3140 3183 3308 3247 dedit,
3362 3182 3708 3238 Waslarense
3755 3192 3814 3238 ct

2226 3273 2285 3330 S.
2318 3273 2582 3338 Ursmari,
2615 3272 2909 3328 Everaclns
2938 3284 3119 3328 autem
3171 3288 3237 3327 ex
3294 3274 3549 3344 episcopii
3593 3271 3816 3341 juribus

2223 3356 2477 3418 Alnense‘
2502 3362 2739 3417 tradidit.
2774 3361 2944 3431 Ilujns
2974 3378 3103 3433 ergo
3135 3363 3367 3418 etenobii
3398 3363 3565 3417 abbas
3594 3362 3815 3418 videtur

2225 3453 2391 3509 fuisse
2414 3452 2712 3508 Ratherius
2739 3462 2867 3507 tunc
2889 3454 3110 3522 pariter,
3135 3468 3257 3507 cum
3282 3469 3313 3507 e
3334 3452 3652 3508 Leodiccnsi
3674 3454 3807 3509 sede

2224 3544 2475 3601 extrusns
2526 3543 2668 3609 fuit,
2720 3552 2777 3597 ut
2825 3543 3019 3597 exinde
3068 3542 3290 3597 haberet
3340 3543 3485 3597 unde
3541 3543 3807 3598 viveret:

2224 3650 2455 3705 cumque
2482 3634 2718 3704 ejusdem
2742 3631 2974 3686 eoenobii
3005 3631 3264 3693 redditus,
3292 3642 3518 3703 excepta
3551 3634 3808 3702 portione

2222 3726 2431 3781 alendis
2489 3723 2773 3779 monachis
2856 3720 3183 3784 constituta,
3242 3720 3495 3774 cederent
3551 3721 3813 3790 episcopo

2223 3813 2559 3876 Lcodicensi,
2618 3821 2674 3868 et
2726 3812 2929 3866 idcirco
2984 3812 3123 3865 inter
3167 3809 3408 3881 ejusdem
3458 3809 3808 3880 episcopatus

2227 3905 2469 3960 redditus
2495 3910 2885 3968 censerentur;
2938 3902 3040 3956 hoc
3093 3901 3344 3954 coenobio
3382 3910 3505 3969 post
3534 3901 3811 3970 expulsio-

2225 4007 2349 4046 ncm
2403 3992 2600 4046 tradito
2632 3992 2730 4060 ipsi
2775 3990 3057 4053 Ratberio,
3110 3988 3346 4044 indultos
3382 3990 3430 4043 ei
3481 3990 3548 4043 ad
3602 3991 3809 4044 victum

2225 4081 2722 4152 quantuloscuuque
2769 4080 3115 4135 Leodiceusis
3160 4081 3502 4150 episcopatus
3564 4082 3812 4136 redditus

2224 4172 2510 4227 Auselmus
2535 4171 2772 4241 prodidit
2804 4170 2989 4240 :unod
3028 4171 3414 4241 assignandum
3444 4188 3586 4227 anno
3609 4171 3714 4226 935
3737 4188 3807 4227 ex

2225 4265 2535 4319 constitutis
2570 4264 2737 4333 liquet
2779 4263 2906 4334 (vid.
2952 4280 3134 4333 supra,
3167 4280 3220 4317 η.
3255 4262 3367 4334 62).
3401 4264 3810 4320 Sammartbani

2226 4369 2289 4408 ex
2322 4352 2714 4408 recentioribus
2741 4352 3038 4407 Annalibus
3066 4352 3359 4423 provinciae
3395 4352 3661 4410 Armeniae
3694 4353 3808 4406 Ra-

546 4454 654 4520 nis,
679 4461 788 4509 not.
814 4453 903 4506 62.
924 4452 1058 4507 Cum
1086 4465 1214 4506 vero
1240 4465 1344 4506 non
1376 4449 1694 4504 absimiliter
1728 4449 1793 4504 ad
1822 4447 2124 4503 emnobium
2152 4444 2206 4504 D
2232 4442 2461 4497 thcrium
2486 4441 2585 4496 hoc
2607 4455 2747 4495 anno
2762 4440 2888 4507 955,
2907 4442 3220 4496 monasterii
3239 4441 3554 4507 Altiumntis
3570 4440 3628 4496 S.
3645 4440 3812 4497 Petro

549 4548 817 4604 Lobiense
844 4545 1162 4601 accessisset
1204 4542 1482 4599 Baldricus
1521 4542 1809 4614 episcopus
1834 4539 2126 4595 Lcodicen-

548 4639 626 4695 sis
667 4653 771 4692 uua
809 4652 931 4691 cum
965 4635 1234 4706 Raginero
1277 4634 1476 4689 comite
1526 4632 1792 4686 avunculo
1843 4646 1940 4686 suo
1971 4671 1985 4693 ,
2040 4630 2123 4701 cui

546 4729 692 4785 idem
731 4726 1012 4781 Baldricus
1040 4724 1363 4780 Lobiensem
1414 4723 1682 4779 abbatiam
1725 4720 2126 4776 commendata-

549 4808 636 4876 rio
680 4819 897 4873 nomine
928 4816 1229 4871 tradiderat
1256 4813 1468 4884 (Fulc.,
1498 4829 1549 4868 c.
1576 4813 1701 4882 26);
1725 4812 1851 4866 huic
1880 4810 2129 4864 ctenobio

547 4908 868 4965 Ratherium
910 4906 1078 4960 fuisse
1115 4904 1464 4975 praepositum
1519 4903 1673 4957 initio
1695 4901 2127 4970 suspicabamur,

551 5017 673 5056 cum
708 4996 1007 5070 przesertim
1053 4994 1170 5064 ejus
1204 4992 1437 5048 coenobii
1469 4991 1709 5046 Ecclesia
1741 4989 1799 5043 S.
1842 4988 1989 5044 Petri
2035 5002 2132 5042 no-

552 5089 697 5144 mine
724 5086 972 5141 dedicata
1016 5092 1181 5147 esset,
1213 5096 1363 5152 aeque
1393 5096 1456 5134 ac
1503 5080 1590 5134 illa
1635 5079 1752 5147 ejus
1793 5076 2128 5142 monasterii,

554 5177 699 5246 quod
761 5175 1053 5231 Ratberius
1109 5170 1523 5227 administrabat
1572 5168 1723 5239 (vid.
1773 5176 1886 5223 not.
1936 5166 2005 5220 ’54
2074 5167 2131 5221 in

555 5265 941 5300 Γηπΐοηδηκηη.
997 5262 1290 5300 αισι-ωνυηῖ
1349 5262 1544 5300 Vm-nm
1601 5257 1904 5300 rmnnhinm
1954 5272 1982 5300 εδ
2029 5256 2132 5300 Ln-

2230 4532 2391 4587 dicati
2438 4530 2688 4586 abbatem
2747 4530 3012 4586 referunt.
3063 4531 3197 4586 Cum
3228 4546 3359 4585 vero
3402 4531 3457 4584 in
3511 4531 3810 4586 novissima

2231 4622 2421 4677 Galliae
2443 4620 2763 4675 Christianae
2790 4621 3027 4676 editione
3054 4637 3118 4675 ex
3149 4620 3338 4676 iisdem
3372 4620 3670 4676 Annalibus
3700 4636 3812 4676 non

2231 4712 2402 4766 solum
2435 4711 2707 4764 abbatiam
2738 4710 3187 4773 Altimoutanam,
3227 4725 3414 4763 verum
3458 4711 3622 4764 etiam
3673 4708 3814 4764 alias

2233 4802 2367 4873 duas
2394 4801 2453 4854 S.
2480 4800 2733 4863 Amandi,
2762 4808 2817 4854 et
2841 4799 2899 4853 S.
2938 4798 3316 4871 [xc]’Dionysii
3344 4800 3518 4854 eidem
3549 4799 3609 4852 R:
3634 4800 3815 4856 therio

2235 4893 2301 4947 ad
2330 4893 2453 4945 vita:
2484 4892 2787 4946 necessaria
2818 4892 2971 4945 datas
3015 4893 3254 4946 scribant
3287 4906 3431 4946 anno
3456 4891 3591 4957 955;
3618 4893 3811 4947 harum

2235 4981 2583 5077 abbatiarum
2640 4980 2856 5035 nomina
2888 4995 2955 5035 ex
2984 4979 3247 5036 Fulcuino
3295 4981 3347 5034 in
3399 4982 3546 5050 ipsos
3572 4982 3814 5038 Annales

2236 5071 2479 5127 traducta
2508 5082 2836 5136 noscuntur;
2867 5072 2959 5141 qui
2983 5080 3160 5125 tamen
3184 5087 3277 5127 cas
3301 5071 3562 5126 llatherio
3586 5073 3813 5129 traditas

2235 5164 2422 5228 refert,
2450 5181 2554 5220 non
2581 5172 2707 5235 post
2728 5163 3099 5232 expulsiouem
3122 5176 3153 5217 e
3183 5162 3311 5218 sede
3341 5162 3685 5228 Leodiecnsi,
3718 5166 3814 5221 scd

2235 5263 2520 5300 nnslnuam
2549 5255 2914 5300 Veronensem
2942 5258 3217 5300 nostremo
3241 5252 3498 5300 deseruit.
3533 5269 3678 5300 anim
3710 5255 3814 5300 sni-
