  <div class='ocr_page' id='page_1' title='image "/cluster/home/n/w/nwhite01/storage/ocr_20150623/136/hvd.32044015471766/044.png"; bbox 0 0 4038 5388; ppageno 0'>
   <div class='ocr_carea' id='block_1_1' title="bbox 192 237 1795 334">
    <p class='ocr_par' dir='ltr' id='par_1_1' title="bbox 192 261 1795 334">
     <span class='ocr_line' id='line_1_1' title="bbox 192 261 1795 334; baseline -0.013 0"><span class='ocrx_word' id='word_1_1' title='bbox 192 277 256 334; x_wconf 82' lang='grc'>77</span> <span class='ocrx_word' id='word_1_2' title='bbox 1193 261 1723 321; x_wconf 70' lang='lat' dir='ltr'><strong>PROLEGOMENA.</strong></span> <span class='ocrx_word' id='word_1_3' title='bbox 1763 292 1795 300; x_wconf 92' lang='lat'><strong>—</strong></span> 
     </span>
    </p>
   </div>
   <div class='ocr_carea' id='block_1_2' title="bbox 1898 237 3450 334">
    <p class='ocr_par' dir='ltr' id='par_1_2' title="bbox 1898 237 3450 318">
     <span class='ocr_line' id='line_1_2' title="bbox 1898 237 3450 318; baseline 0.002 -4"><span class='ocrx_word' id='word_1_4' title='bbox 1898 237 2199 315; x_wconf 64' lang='lat' dir='ltr'><strong>tamen&quot;</strong></span> <span class='ocrx_word' id='word_1_5' title='bbox 2239 261 2421 315; x_wconf 78' lang='lat' dir='ltr'><strong>Vl’l‘A.</strong></span> <span class='ocrx_word' id='word_1_6' title='bbox 2833 295 2838 298; x_wconf 92' lang='grc'><strong>-</strong></span> <span class='ocrx_word' id='word_1_7' title='bbox 3381 265 3450 318; x_wconf 80' lang='lat' dir='ltr'><strong>7s</strong></span> 
     </span>
    </p>
   </div>
   <div class='ocr_carea' id='block_1_3' title="bbox 195 372 3454 458">
    <p class='ocr_par' dir='ltr' id='par_1_3' title="bbox 195 372 3454 458">
     <span class='ocr_line' id='line_1_3' title="bbox 195 372 3454 458; baseline -0.004 -14"><span class='ocrx_word' id='word_1_8' title='bbox 195 393 264 444; x_wconf 89' lang='lat' dir='ltr'><strong>ita</strong></span> <span class='ocrx_word' id='word_1_9' title='bbox 298 379 640 458; x_wconf 79' lang='lat' dir='ltr'><strong>pertinebat&#39;,</strong></span> <span class='ocrx_word' id='word_1_10' title='bbox 666 381 743 436; x_wconf 90' lang='lat' dir='ltr'><strong>uti</strong></span> <span class='ocrx_word' id='word_1_11' title='bbox 776 380 1065 435; x_wconf 82' lang='lat' dir='ltr'><strong>Alnensem</strong></span> <span class='ocrx_word' id='word_1_12' title='bbox 1110 385 1383 446; x_wconf 87' lang='lat' dir='ltr'><strong>spectasse</strong></span> <span class='ocrx_word' id='word_1_13' title='bbox 1411 373 1638 429; x_wconf 79' lang='lat' dir='ltr'><strong>&#39;ccrtum</strong></span> <span class='ocrx_word' id='word_1_14' title='bbox 1673 383 1774 429; x_wconf 90' lang='lat' dir='ltr'><strong>est.</strong></span> <span class='ocrx_word' id='word_1_15' title='bbox 1807 382 1852 441; x_wconf 80' lang='grc' dir='ltr'><strong>Α</strong></span> <span class='ocrx_word' id='word_1_16' title='bbox 1883 376 2062 437; x_wconf 83' lang='lat' dir='ltr'><strong>modo,</strong></span> <span class='ocrx_word' id='word_1_17' title='bbox 2085 376 2168 432; x_wconf 90' lang='lat' dir='ltr'><strong>vel</strong></span> <span class='ocrx_word' id='word_1_18' title='bbox 2198 377 2405 432; x_wconf 84' lang='lat' dir='ltr'><strong>ordine.</strong></span> <span class='ocrx_word' id='word_1_19' title='bbox 2439 396 2456 427; x_wconf 75' lang='grc' dir='ltr'><strong><em>ι</em></strong></span> <span class='ocrx_word' id='word_1_20' title='bbox 2488 376 2562 430; x_wconf 81' lang='lat' dir='ltr'><strong>Ex</strong></span> <span class='ocrx_word' id='word_1_21' title='bbox 2614 375 2698 431; x_wconf 98' lang='lat' dir='ltr'><strong>his</strong></span> <span class='ocrx_word' id='word_1_22' title='bbox 2749 372 3052 431; x_wconf 40' lang='lat' dir='ltr'><strong>Ratherius&#39;</strong></span> <span class='ocrx_word' id='word_1_23' title='bbox 3087 376 3298 430; x_wconf 91' lang='lat' dir='ltr'><strong>videtur</strong></span> <span class='ocrx_word' id='word_1_24' title='bbox 3324 392 3454 432; x_wconf 77' lang='lat' dir='ltr'><strong>sen-</strong></span> 
     </span>
    </p>
   </div>
   <div class='ocr_carea' id='block_1_4' title="bbox 196 465 1776 536">
    <p class='ocr_par' dir='ltr' id='par_1_4' title="bbox 196 465 1776 536">
     <span class='ocr_line' id='line_1_4' title="bbox 196 465 1776 536; baseline -0.01 -2"><span class='ocrx_word' id='word_1_25' title='bbox 196 482 316 534; x_wconf 68' lang='lat' dir='ltr'><strong>llaec</strong></span> <span class='ocrx_word' id='word_1_26' title='bbox 365 486 554 531; x_wconf 91' lang='lat' dir='ltr'><strong>autem</strong></span> <span class='ocrx_word' id='word_1_27' title='bbox 604 474 826 528; x_wconf 85' lang='lat' dir='ltr'><strong>forsitan</strong></span> <span class='ocrx_word' id='word_1_28' title='bbox 879 471 930 524; x_wconf 93' lang='lat' dir='ltr'><strong>in</strong></span> <span class='ocrx_word' id='word_1_29' title='bbox 988 469 1336 524; x_wconf 84' lang='lat' dir='ltr'><strong>Leodicensis</strong></span> <span class='ocrx_word' id='word_1_30' title='bbox 1387 466 1625 536; x_wconf 67' lang='grc' dir='ltr'><strong>θρίδαξ.ρί</strong></span> <span class='ocrx_word' id='word_1_31' title='bbox 1653 465 1776 533; x_wconf 91' lang='lat' dir='ltr'><strong>jure</strong></span> 
     </span>
    </p>
   </div>
   <div class='ocr_carea' id='block_1_5' title="bbox 193 557 1774 636">
    <p class='ocr_par' dir='ltr' id='par_1_5' title="bbox 193 557 1774 636">
     <span class='ocr_line' id='line_1_5' title="bbox 193 557 1774 636; baseline -0.009 -13"><span class='ocrx_word' id='word_1_32' title='bbox 193 570 396 623; x_wconf 84' lang='lat' dir='ltr'><strong>idcirco</strong></span> <span class='ocrx_word' id='word_1_33' title='bbox 448 565 710 636; x_wconf 91' lang='lat' dir='ltr'><strong>perstitit,</strong></span> <span class='ocrx_word' id='word_1_34' title='bbox 755 563 918 618; x_wconf 91' lang='lat' dir='ltr'><strong>etiam</strong></span> <span class='ocrx_word' id='word_1_35' title='bbox 963 570 1246 630; x_wconf 81' lang='lat' dir='ltr'><strong>postquam</strong></span> <span class='ocrx_word' id='word_1_36' title='bbox 1291 557 1576 613; x_wconf 87' lang='lat' dir='ltr'><strong>Lobiensis</strong></span> <span class='ocrx_word' id='word_1_37' title='bbox 1607 557 1774 610; x_wconf 90' lang='lat' dir='ltr'><strong>abbas</strong></span> 
     </span>
    </p>
   </div>
   <div class='ocr_carea' id='block_1_6' title="bbox 191 647 1774 720">
    <p class='ocr_par' dir='ltr' id='par_1_6' title="bbox 191 647 1774 720">
     <span class='ocr_line' id='line_1_6' title="bbox 191 647 1774 720; baseline -0.009 -7"><span class='ocrx_word' id='word_1_38' title='bbox 191 666 390 712; x_wconf 62' lang='lat' dir='ltr'><strong>caetera</strong></span> <span class='ocrx_word' id='word_1_39' title='bbox 420 653 752 710; x_wconf 90' lang='lat' dir='ltr'><strong>monasteria</strong></span> <span class='ocrx_word' id='word_1_40' title='bbox 801 658 1237 720; x_wconf 86' lang='lat' dir='ltr'><strong>recuperaverat,</strong></span> <span class='ocrx_word' id='word_1_41' title='bbox 1275 649 1387 702; x_wconf 83' lang='lat' dir='ltr'><strong>sive</strong></span> <span class='ocrx_word' id='word_1_42' title='bbox 1427 649 1552 716; x_wconf 83' lang='lat' dir='ltr'><strong>quia</strong></span> <span class='ocrx_word' id='word_1_43' title='bbox 1584 647 1774 702; x_wconf 89' lang='lat' dir='ltr'><strong>eadem</strong></span> 
     </span>
    </p>
   </div>
   <div class='ocr_carea' id='block_1_7' title="bbox 193 737 1780 816">
    <p class='ocr_par' dir='ltr' id='par_1_7' title="bbox 193 737 1780 816">
     <span class='ocr_line' id='line_1_7' title="bbox 193 737 1780 816; baseline -0.008 -13"><span class='ocrx_word' id='word_1_44' title='bbox 193 748 412 804; x_wconf 82' lang='lat' dir='ltr'><strong>abbatia</strong></span> <span class='ocrx_word' id='word_1_45' title='bbox 456 752 711 816; x_wconf 89' lang='lat' dir='ltr'><strong>separata</strong></span> <span class='ocrx_word' id='word_1_46' title='bbox 764 741 940 796; x_wconf 78' lang='lat' dir='ltr'><strong>fuerat</strong></span> <span class='ocrx_word' id='word_1_47' title='bbox 971 756 1003 794; x_wconf 86' lang='lat' dir='ltr'><strong>a</strong></span> <span class='ocrx_word' id='word_1_48' title='bbox 1032 739 1364 793; x_wconf 89' lang='lat' dir='ltr'><strong>monasterio</strong></span> <span class='ocrx_word' id='word_1_49' title='bbox 1397 737 1672 799; x_wconf 90' lang='lat' dir='ltr'><strong>Lobiensi,</strong></span> <span class='ocrx_word' id='word_1_50' title='bbox 1723 745 1780 790; x_wconf 87' lang='lat' dir='ltr'><strong>et</strong></span> 
     </span>
    </p>
   </div>
   <div class='ocr_carea' id='block_1_8' title="bbox 191 827 1782 908">
    <p class='ocr_par' dir='ltr' id='par_1_8' title="bbox 191 827 1782 908">
     <span class='ocr_line' id='line_1_8' title="bbox 191 827 1782 908; baseline -0.006 -17"><span class='ocrx_word' id='word_1_51' title='bbox 191 837 535 908; x_wconf 80' lang='lat' dir='ltr'><strong>episcopatui</strong></span> <span class='ocrx_word' id='word_1_52' title='bbox 597 833 912 888; x_wconf 86' lang='lat' dir='ltr'><strong>Leodicensi</strong></span> <span class='ocrx_word' id='word_1_53' title='bbox 969 831 1140 890; x_wconf 90' lang='lat' dir='ltr'><strong>unita,</strong></span> <span class='ocrx_word' id='word_1_54' title='bbox 1181 838 1468 899; x_wconf 89' lang='lat' dir='ltr'><strong>antequam</strong></span> <span class='ocrx_word' id='word_1_55' title='bbox 1501 827 1782 882; x_wconf 88' lang='lat' dir='ltr'><strong>Lobiensis</strong></span> 
     </span>
    </p>
   </div>
   <div class='ocr_carea' id='block_1_9' title="bbox 191 917 1783 992">
    <p class='ocr_par' dir='ltr' id='par_1_9' title="bbox 191 917 1783 992">
     <span class='ocr_line' id='line_1_9' title="bbox 191 917 1783 992; baseline -0.006 -11"><span class='ocrx_word' id='word_1_56' title='bbox 191 928 414 981; x_wconf 84' lang='lat' dir='ltr'><strong>abbatia</strong></span> <span class='ocrx_word' id='word_1_57' title='bbox 449 925 503 979; x_wconf 86' lang='lat' dir='ltr'><strong>in</strong></span> <span class='ocrx_word' id='word_1_58' title='bbox 531 923 774 992; x_wconf 80' lang='lat' dir='ltr'><strong>ejusdem</strong></span> <span class='ocrx_word' id='word_1_59' title='bbox 822 921 1166 991; x_wconf 84' lang='lat' dir='ltr'><strong>episcopatus</strong></span> <span class='ocrx_word' id='word_1_60' title='bbox 1200 917 1290 987; x_wconf 91' lang='lat' dir='ltr'><strong>jus</strong></span> <span class='ocrx_word' id='word_1_61' title='bbox 1343 919 1633 980; x_wconf 84' lang='lat' dir='ltr'><strong>transiret;</strong></span> <span class='ocrx_word' id='word_1_62' title='bbox 1667 917 1783 971; x_wconf 87' lang='lat' dir='ltr'><strong>sive</strong></span> 
     </span>
    </p>
   </div>
   <div class='ocr_carea' id='block_1_10' title="bbox 193 1004 1784 1084">
    <p class='ocr_par' dir='ltr' id='par_1_10' title="bbox 193 1004 1784 1084">
     <span class='ocr_line' id='line_1_10' title="bbox 193 1004 1784 1084; baseline -0.006 -18"><span class='ocrx_word' id='word_1_63' title='bbox 193 1017 324 1084; x_wconf 74' lang='lat' dir='ltr'><strong>quia</strong></span> <span class='ocrx_word' id='word_1_64' title='bbox 369 1014 499 1068; x_wconf 91' lang='lat' dir='ltr'><strong>dum</strong></span> <span class='ocrx_word' id='word_1_65' title='bbox 531 1028 594 1066; x_wconf 91' lang='lat' dir='ltr'><strong>ea</strong></span> <span class='ocrx_word' id='word_1_66' title='bbox 637 1010 908 1066; x_wconf 88' lang='lat' dir='ltr'><strong>restitutio</strong></span> <span class='ocrx_word' id='word_1_67' title='bbox 951 1007 1203 1061; x_wconf 87' lang='lat' dir='ltr'><strong>Lobiensi</strong></span> <span class='ocrx_word' id='word_1_68' title='bbox 1259 1006 1439 1060; x_wconf 83' lang='lat' dir='ltr'><strong>abbati</strong></span> <span class='ocrx_word' id='word_1_69' title='bbox 1491 1005 1632 1059; x_wconf 88' lang='lat' dir='ltr'><strong>facta</strong></span> <span class='ocrx_word' id='word_1_70' title='bbox 1685 1004 1784 1058; x_wconf 88' lang='lat' dir='ltr'><strong>fuit</strong></span> 
     </span>
    </p>
   </div>
   <div class='ocr_carea' id='block_1_11' title="bbox 199 1093 1786 1166">
    <p class='ocr_par' dir='ltr' id='par_1_11' title="bbox 199 1093 1786 1166">
     <span class='ocr_line' id='line_1_11' title="bbox 199 1093 1786 1166; baseline -0.006 -9"><span class='ocrx_word' id='word_1_71' title='bbox 199 1121 341 1159; x_wconf 84' lang='lat' dir='ltr'><strong>anno</strong></span> <span class='ocrx_word' id='word_1_72' title='bbox 370 1102 499 1166; x_wconf 87' lang='lat'><strong>960,</strong></span> <span class='ocrx_word' id='word_1_73' title='bbox 524 1099 820 1154; x_wconf 78' lang='lat' dir='ltr'><strong>Ratberius</strong></span> <span class='ocrx_word' id='word_1_74' title='bbox 863 1097 1040 1151; x_wconf 88' lang='lat' dir='ltr'><strong>adhuc</strong></span> <span class='ocrx_word' id='word_1_75' title='bbox 1065 1094 1306 1164; x_wconf 88' lang='lat' dir='ltr'><strong>ejusdem</strong></span> <span class='ocrx_word' id='word_1_76' title='bbox 1331 1095 1560 1150; x_wconf 76' lang='lat' dir='ltr'><strong>abbatia:</strong></span> <span class='ocrx_word' id='word_1_77' title='bbox 1583 1093 1786 1164; x_wconf 83' lang='lat' dir='ltr'><strong>profes-</strong></span> 
     </span>
    </p>
   </div>
   <div class='ocr_carea' id='block_1_12' title="bbox 200 1186 1785 1262">
    <p class='ocr_par' dir='ltr' id='par_1_12' title="bbox 200 1186 1785 1262">
     <span class='ocr_line' id='line_1_12' title="bbox 200 1186 1785 1262; baseline -0.006 -12"><span class='ocrx_word' id='word_1_78' title='bbox 200 1198 353 1250; x_wconf 82' lang='lat' dir='ltr'><strong>sione</strong></span> <span class='ocrx_word' id='word_1_79' title='bbox 381 1194 570 1248; x_wconf 87' lang='lat' dir='ltr'><strong>fruens</strong></span> <span class='ocrx_word' id='word_1_80' title='bbox 593 1191 813 1262; x_wconf 80' lang='lat' dir='ltr'><strong>spatiari</strong></span> <span class='ocrx_word' id='word_1_81' title='bbox 841 1205 946 1244; x_wconf 91' lang='lat' dir='ltr'><strong>non</strong></span> <span class='ocrx_word' id='word_1_82' title='bbox 965 1197 1205 1258; x_wconf 88' lang='lat' dir='ltr'><strong>poterat;</strong></span> <span class='ocrx_word' id='word_1_83' title='bbox 1223 1187 1324 1241; x_wconf 88' lang='lat' dir='ltr'><strong>hoc</strong></span> <span class='ocrx_word' id='word_1_84' title='bbox 1347 1197 1529 1242; x_wconf 91' lang='lat' dir='ltr'><strong>autem</strong></span> <span class='ocrx_word' id='word_1_85' title='bbox 1559 1186 1785 1240; x_wconf 76' lang='lat' dir='ltr'><strong>subinde</strong></span> 
     </span>
    </p>
   </div>
   <div class='ocr_carea' id='block_1_13' title="bbox 199 1279 1786 1358">
    <p class='ocr_par' dir='ltr' id='par_1_13' title="bbox 199 1279 1786 1358">
     <span class='ocr_line' id='line_1_13' title="bbox 199 1279 1786 1358; baseline -0.006 -16"><span class='ocrx_word' id='word_1_86' title='bbox 199 1287 448 1358; x_wconf 75' lang='lat' dir='ltr'><strong>profecto</strong></span> <span class='ocrx_word' id='word_1_87' title='bbox 471 1286 524 1340; x_wconf 91' lang='lat' dir='ltr'><strong>in</strong></span> <span class='ocrx_word' id='word_1_88' title='bbox 549 1285 785 1348; x_wconf 88' lang='lat' dir='ltr'><strong>Italiam,</strong></span> <span class='ocrx_word' id='word_1_89' title='bbox 800 1283 989 1337; x_wconf 89' lang='lat' dir='ltr'><strong>eadem</strong></span> <span class='ocrx_word' id='word_1_90' title='bbox 1013 1281 1230 1334; x_wconf 89' lang='lat' dir='ltr'><strong>abbatia</strong></span> <span class='ocrx_word' id='word_1_91' title='bbox 1247 1280 1313 1333; x_wconf 89' lang='lat' dir='ltr'><strong>ad</strong></span> <span class='ocrx_word' id='word_1_92' title='bbox 1333 1279 1421 1348; x_wconf 89' lang='lat' dir='ltr'><strong>jus</strong></span> <span class='ocrx_word' id='word_1_93' title='bbox 1443 1279 1786 1333; x_wconf 88' lang='lat' dir='ltr'><strong>Leodicensis</strong></span> 
     </span>
    </p>
   </div>
   <div class='ocr_carea' id='block_1_14' title="bbox 203 1370 1788 1448">
    <p class='ocr_par' dir='ltr' id='par_1_14' title="bbox 203 1370 1788 1448">
     <span class='ocr_line' id='line_1_14' title="bbox 203 1370 1788 1448; baseline -0.009 -14"><span class='ocrx_word' id='word_1_94' title='bbox 203 1379 443 1448; x_wconf 86' lang='lat' dir='ltr'><strong>episcopi</strong></span> <span class='ocrx_word' id='word_1_95' title='bbox 471 1377 660 1439; x_wconf 88' lang='lat' dir='ltr'><strong>rediit,</strong></span> <span class='ocrx_word' id='word_1_96' title='bbox 689 1375 782 1444; x_wconf 88' lang='lat' dir='ltr'><strong>qui</strong></span> <span class='ocrx_word' id='word_1_97' title='bbox 831 1374 1036 1428; x_wconf 89' lang='lat' dir='ltr'><strong>idcirco</strong></span> <span class='ocrx_word' id='word_1_98' title='bbox 1082 1371 1341 1425; x_wconf 77' lang='lat' dir='ltr'><strong>Ratherio</strong></span> <span class='ocrx_word' id='word_1_99' title='bbox 1373 1370 1615 1424; x_wconf 90' lang='lat' dir='ltr'><strong>redeunti</strong></span> <span class='ocrx_word' id='word_1_100' title='bbox 1649 1384 1788 1422; x_wconf 90' lang='lat' dir='ltr'><strong>anno</strong></span> 
     </span>
    </p>
   </div>
   <div class='ocr_carea' id='block_1_15' title="bbox 205 1469 972 1532">
    <p class='ocr_par' dir='ltr' id='par_1_15' title="bbox 205 1469 972 1532">
     <span class='ocr_line' id='line_1_15' title="bbox 205 1469 972 1532; baseline -0.014 0"><span class='ocrx_word' id='word_1_101' title='bbox 205 1476 306 1532; x_wconf 62' lang='grc' dir='ltr'><strong>εδδ</strong></span> <span class='ocrx_word' id='word_1_102' title='bbox 329 1475 475 1528; x_wconf 85' lang='lat' dir='ltr'><strong>illam</strong></span> <span class='ocrx_word' id='word_1_103' title='bbox 504 1475 702 1528; x_wconf 86' lang='lat' dir='ltr'><strong>iterum</strong></span> <span class='ocrx_word' id='word_1_104' title='bbox 732 1469 972 1524; x_wconf 91' lang='lat' dir='ltr'><strong>tradidit.</strong></span> 
     </span>
    </p>
   </div>
   <div class='ocr_carea' id='block_1_16' title="bbox 274 1551 1790 1628">
    <p class='ocr_par' dir='ltr' id='par_1_16' title="bbox 274 1551 1790 1628">
     <span class='ocr_line' id='line_1_16' title="bbox 274 1551 1790 1628; baseline -0.008 -10"><span class='ocrx_word' id='word_1_105' title='bbox 274 1565 365 1619; x_wconf 77' lang='grc'><strong>65.</strong></span> <span class='ocrx_word' id='word_1_106' title='bbox 405 1563 462 1618; x_wconf 81' lang='lat' dir='ltr'><strong>in</strong></span> <span class='ocrx_word' id='word_1_107' title='bbox 487 1560 828 1620; x_wconf 87' lang='lat' dir='ltr'><strong>monasterii.</strong></span> <span class='ocrx_word' id='word_1_108' title='bbox 860 1557 1220 1628; x_wconf 90' lang='lat' dir='ltr'><strong>quodcunque</strong></span> <span class='ocrx_word' id='word_1_109' title='bbox 1263 1554 1394 1608; x_wconf 88' lang='lat' dir='ltr'><strong>illttd</strong></span> <span class='ocrx_word' id='word_1_110' title='bbox 1447 1553 1630 1617; x_wconf 85' lang='lat' dir='ltr'><strong>fuerit,</strong></span> <span class='ocrx_word' id='word_1_111' title='bbox 1662 1551 1790 1606; x_wconf 79' lang='lat' dir='ltr'><strong>soli-</strong></span> 
     </span>
    </p>
   </div>
   <div class='ocr_carea' id='block_1_17' title="bbox 209 1629 1784 1715">
    <p class='ocr_par' dir='ltr' id='par_1_17' title="bbox 209 1629 1784 1715">
     <span class='ocr_line' id='line_1_17' title="bbox 209 1629 1784 1715; baseline -0.006 -11"><span class='ocrx_word' id='word_1_112' title='bbox 209 1653 394 1706; x_wconf 87' lang='lat' dir='ltr'><strong>tudine</strong></span> <span class='ocrx_word' id='word_1_113' title='bbox 411 1658 604 1705; x_wconf 85' lang='lat' dir='ltr'><strong>auctor</strong></span> <span class='ocrx_word' id='word_1_114' title='bbox 619 1657 722 1703; x_wconf 72' lang='lat' dir='ltr'><strong>tnta</strong></span> <span class='ocrx_word' id='word_1_115' title='bbox 735 1656 784 1702; x_wconf 90' lang='lat' dir='ltr'><strong>te</strong></span> <span class='ocrx_word' id='word_1_116' title='bbox 811 1629 1384 1715; x_wconf 44' lang='lat' dir='ltr'><strong>fere’septuagenarius</strong></span> <span class='ocrx_word' id='word_1_117' title='bbox 1411 1643 1556 1698; x_wconf 84' lang='lat' dir='ltr'><strong>circa</strong></span> <span class='ocrx_word' id='word_1_118' title='bbox 1583 1656 1784 1695; x_wconf 92' lang='lat' dir='ltr'><strong>annum</strong></span> 
     </span>
    </p>
   </div>
   <div class='ocr_carea' id='block_1_18' title="bbox 1881 464 3453 536">
    <p class='ocr_par' dir='ltr' id='par_1_18' title="bbox 1881 464 3453 536">
     <span class='ocr_line' id='line_1_18' title="bbox 1881 464 3453 536; baseline 0.001 -18"><span class='ocrx_word' id='word_1_119' title='bbox 1881 465 2038 528; x_wconf 85' lang='lat' dir='ltr'><strong>sisse,</strong></span> <span class='ocrx_word' id='word_1_120' title='bbox 2069 481 2216 531; x_wconf 88' lang='lat' dir='ltr'><strong>eum,</strong></span> <span class='ocrx_word' id='word_1_121' title='bbox 2245 467 2335 536; x_wconf 86' lang='lat' dir='ltr'><strong>qui</strong></span> <span class='ocrx_word' id='word_1_122' title='bbox 2362 482 2392 521; x_wconf 90' lang='lat' dir='ltr'><strong>e</strong></span> <span class='ocrx_word' id='word_1_123' title='bbox 2419 467 2662 536; x_wconf 72' lang='lat' dir='ltr'><strong>quolibet</strong></span> <span class='ocrx_word' id='word_1_124' title='bbox 2707 466 2971 527; x_wconf 91' lang='lat' dir='ltr'><strong>instituto,</strong></span> <span class='ocrx_word' id='word_1_125' title='bbox 3005 465 3086 518; x_wconf 89' lang='lat' dir='ltr'><strong>vel</strong></span> <span class='ocrx_word' id='word_1_126' title='bbox 3118 464 3453 535; x_wconf 79' lang='lat' dir='ltr'><strong>professione</strong></span> 
     </span>
    </p>
   </div>
   <div class='ocr_carea' id='block_1_19' title="bbox 1882 555 3457 627">
    <p class='ocr_par' dir='ltr' id='par_1_19' title="bbox 1882 555 3457 627">
     <span class='ocr_line' id='line_1_19' title="bbox 1882 555 3457 627; baseline 0.003 -20"><span class='ocrx_word' id='word_1_127' title='bbox 1882 555 1947 607; x_wconf 90' lang='lat' dir='ltr'><strong>ad</strong></span> <span class='ocrx_word' id='word_1_128' title='bbox 1976 555 2341 627; x_wconf 89' lang='lat' dir='ltr'><strong>episcopatum</strong></span> <span class='ocrx_word' id='word_1_129' title='bbox 2393 556 2558 611; x_wconf 89' lang='lat' dir='ltr'><strong>fuerit</strong></span> <span class='ocrx_word' id='word_1_130' title='bbox 2587 566 2916 626; x_wconf 82' lang='lat' dir='ltr'><strong>assumptus,</strong></span> <span class='ocrx_word' id='word_1_131' title='bbox 2952 574 3058 610; x_wconf 89' lang='lat' dir='ltr'><strong>non</strong></span> <span class='ocrx_word' id='word_1_132' title='bbox 3087 572 3245 626; x_wconf 81' lang='lat' dir='ltr'><strong>posse</strong></span> <span class='ocrx_word' id='word_1_133' title='bbox 3297 572 3457 611; x_wconf 92' lang='lat' dir='ltr'><strong>eum-</strong></span> 
     </span>
    </p>
   </div>
   <div class='ocr_carea' id='block_1_20' title="bbox 1885 643 3459 714">
    <p class='ocr_par' dir='ltr' id='par_1_20' title="bbox 1885 643 3459 714">
     <span class='ocr_line' id='line_1_20' title="bbox 1885 643 3459 714; baseline 0.003 -19"><span class='ocrx_word' id='word_1_134' title='bbox 1885 643 2005 696; x_wconf 90' lang='lat' dir='ltr'><strong>dem</strong></span> <span class='ocrx_word' id='word_1_135' title='bbox 2037 645 2267 714; x_wconf 87' lang='lat' dir='ltr'><strong>gradum</strong></span> <span class='ocrx_word' id='word_1_136' title='bbox 2297 661 2394 701; x_wconf 92' lang='lat' dir='ltr'><strong>suo</strong></span> <span class='ocrx_word' id='word_1_137' title='bbox 2427 647 2654 700; x_wconf 87' lang='lat' dir='ltr'><strong>arbitrio</strong></span> <span class='ocrx_word' id='word_1_138' title='bbox 2681 648 2950 712; x_wconf 85' lang='lat' dir='ltr'><strong>deserere,</strong></span> <span class='ocrx_word' id='word_1_139' title='bbox 2997 648 3095 701; x_wconf 91' lang='lat' dir='ltr'><strong>nisi</strong></span> <span class='ocrx_word' id='word_1_140' title='bbox 3140 648 3347 702; x_wconf 88' lang='lat' dir='ltr'><strong>scilicet</strong></span> <span class='ocrx_word' id='word_1_141' title='bbox 3376 649 3459 702; x_wconf 90' lang='lat' dir='ltr'><strong>vel</strong></span> 
     </span>
    </p>
   </div>
   <div class='ocr_carea' id='block_1_21' title="bbox 1884 736 3457 806">
    <p class='ocr_par' dir='ltr' id='par_1_21' title="bbox 1884 736 3457 806">
     <span class='ocr_line' id='line_1_21' title="bbox 1884 736 3457 806; baseline 0.003 -18"><span class='ocrx_word' id='word_1_142' title='bbox 1884 736 2152 790; x_wconf 90' lang='lat' dir='ltr'><strong>canonico</strong></span> <span class='ocrx_word' id='word_1_143' title='bbox 2183 738 2485 806; x_wconf 89' lang='lat' dir='ltr'><strong>deponatur</strong></span> <span class='ocrx_word' id='word_1_144' title='bbox 2509 737 2734 805; x_wconf 90' lang='lat' dir='ltr'><strong>judicio,</strong></span> <span class='ocrx_word' id='word_1_145' title='bbox 2763 739 2847 794; x_wconf 85' lang='lat' dir='ltr'><strong>vel</strong></span> <span class='ocrx_word' id='word_1_146' title='bbox 2875 756 2904 794; x_wconf 92' lang='lat' dir='ltr'><strong>a</strong></span> <span class='ocrx_word' id='word_1_147' title='bbox 2938 739 3151 794; x_wconf 90' lang='lat' dir='ltr'><strong>vinculo</strong></span> <span class='ocrx_word' id='word_1_148' title='bbox 3182 740 3457 804; x_wconf 68' lang='lat' dir='ltr'><strong>Eeclesim,</strong></span> 
     </span>
    </p>
   </div>
   <div class='ocr_carea' id='block_1_22' title="bbox 1882 827 3454 904">
    <p class='ocr_par' dir='ltr' id='par_1_22' title="bbox 1882 827 3454 904">
     <span class='ocr_line' id='line_1_22' title="bbox 1882 827 3454 904; baseline 0.006 -24"><span class='ocrx_word' id='word_1_149' title='bbox 1882 827 1970 881; x_wconf 90' lang='lat' dir='ltr'><strong>cui</strong></span> <span class='ocrx_word' id='word_1_150' title='bbox 1998 829 2262 884; x_wconf 90' lang='lat' dir='ltr'><strong>canonice</strong></span> <span class='ocrx_word' id='word_1_151' title='bbox 2303 831 2459 885; x_wconf 90' lang='lat' dir='ltr'><strong>datus</strong></span> <span class='ocrx_word' id='word_1_152' title='bbox 2501 831 2603 885; x_wconf 87' lang='lat' dir='ltr'><strong>fuit</strong></span> <span class='ocrx_word' id='word_1_153' title='bbox 2626 833 2931 903; x_wconf 88' lang='lat' dir='ltr'><strong>episcopus,</strong></span> <span class='ocrx_word' id='word_1_154' title='bbox 2956 833 3193 904; x_wconf 85' lang='lat' dir='ltr'><strong>legitima</strong></span> <span class='ocrx_word' id='word_1_155' title='bbox 3223 835 3454 889; x_wconf 89' lang='lat' dir='ltr'><strong>auctori-</strong></span> 
     </span>
    </p>
   </div>
   <div class='ocr_carea' id='block_1_23' title="bbox 1884 917 3461 994">
    <p class='ocr_par' dir='ltr' id='par_1_23' title="bbox 1884 917 3461 994">
     <span class='ocr_line' id='line_1_23' title="bbox 1884 917 3461 994; baseline 0.006 -25"><span class='ocrx_word' id='word_1_156' title='bbox 1884 924 1995 971; x_wconf 89' lang='lat' dir='ltr'><strong>tate</strong></span> <span class='ocrx_word' id='word_1_157' title='bbox 2023 917 2282 972; x_wconf 87' lang='lat' dir='ltr'><strong>solvatur.</strong></span> <span class='ocrx_word' id='word_1_158' title='bbox 2308 919 2459 974; x_wconf 91' lang='lat' dir='ltr'><strong>llanc</strong></span> <span class='ocrx_word' id='word_1_159' title='bbox 2489 923 2757 976; x_wconf 89' lang='lat' dir='ltr'><strong>rationem</strong></span> <span class='ocrx_word' id='word_1_160' title='bbox 2789 922 2896 977; x_wconf 91' lang='lat' dir='ltr'><strong>alio</strong></span> <span class='ocrx_word' id='word_1_161' title='bbox 2924 924 3275 994; x_wconf 87' lang='lat' dir='ltr'><strong>probabilinri</strong></span> <span class='ocrx_word' id='word_1_162' title='bbox 3301 941 3461 980; x_wconf 91' lang='lat' dir='ltr'><strong>sensu</strong></span> 
     </span>
    </p>
   </div>
   <div class='ocr_carea' id='block_1_24' title="bbox 1883 1009 3462 1083">
    <p class='ocr_par' dir='ltr' id='par_1_24' title="bbox 1883 1009 3462 1083">
     <span class='ocr_line' id='line_1_24' title="bbox 1883 1009 3462 1083; baseline 0.004 -21"><span class='ocrx_word' id='word_1_163' title='bbox 1883 1009 2129 1078; x_wconf 87' lang='lat' dir='ltr'><strong>exposuit</strong></span> <span class='ocrx_word' id='word_1_164' title='bbox 2185 1010 2238 1064; x_wconf 88' lang='lat' dir='ltr'><strong>in</strong></span> <span class='ocrx_word' id='word_1_165' title='bbox 2295 1010 2582 1078; x_wconf 83' lang='lat' dir='ltr'><strong>Qualitatis</strong></span> <span class='ocrx_word' id='word_1_166' title='bbox 2611 1012 2916 1083; x_wconf 88' lang='lat' dir='ltr'><strong>conjectura</strong></span> <span class='ocrx_word' id='word_1_167' title='bbox 2947 1029 3095 1067; x_wconf 89' lang='lat' dir='ltr'><strong>num.</strong></span> <span class='ocrx_word' id='word_1_168' title='bbox 3125 1015 3176 1078; x_wconf 75' lang='lat' dir='ltr'><strong>ti,</strong></span> <span class='ocrx_word' id='word_1_169' title='bbox 3206 1030 3326 1067; x_wconf 90' lang='lat' dir='ltr'><strong>cum</strong></span> <span class='ocrx_word' id='word_1_170' title='bbox 3348 1014 3462 1081; x_wconf 86' lang='lat' dir='ltr'><strong>jam</strong></span> 
     </span>
    </p>
   </div>
   <div class='ocr_carea' id='block_1_25' title="bbox 1887 1099 3465 1163">
    <p class='ocr_par' dir='ltr' id='par_1_25' title="bbox 1887 1099 3465 1163">
     <span class='ocr_line' id='line_1_25' title="bbox 1887 1099 3465 1163; baseline 0.004 -8"><span class='ocrx_word' id='word_1_171' title='bbox 1887 1099 2186 1156; x_wconf 73' lang='lat' dir='ltr'><strong>Veronensi</strong></span> <span class='ocrx_word' id='word_1_172' title='bbox 2212 1103 2464 1158; x_wconf 68' lang='lat' dir='ltr'><strong>Ecclesim</strong></span> <span class='ocrx_word' id='word_1_173' title='bbox 2491 1106 2773 1160; x_wconf 89' lang='lat' dir='ltr'><strong>restitutus</strong></span> <span class='ocrx_word' id='word_1_174' title='bbox 2799 1105 3010 1161; x_wconf 90' lang='lat' dir='ltr'><strong>fuisset.</strong></span> <span class='ocrx_word' id='word_1_175' title='bbox 3041 1108 3297 1162; x_wconf 85' lang='lat' dir='ltr'><strong>Eamdem</strong></span> <span class='ocrx_word' id='word_1_176' title='bbox 3319 1109 3465 1163; x_wconf 88' lang='lat' dir='ltr'><strong>enim</strong></span> 
     </span>
    </p>
   </div>
   <div class='ocr_carea' id='block_1_26' title="bbox 1885 1191 3465 1266">
    <p class='ocr_par' dir='ltr' id='par_1_26' title="bbox 1885 1191 3465 1266">
     <span class='ocr_line' id='line_1_26' title="bbox 1885 1191 3465 1266; baseline 0.006 -23"><span class='ocrx_word' id='word_1_177' title='bbox 1885 1191 2298 1260; x_wconf 76' lang='lat' dir='ltr'><strong>perplexitatem</strong></span> <span class='ocrx_word' id='word_1_178' title='bbox 2330 1209 2390 1248; x_wconf 88' lang='lat' dir='ltr'><strong>ac</strong></span> <span class='ocrx_word' id='word_1_179' title='bbox 2420 1196 2883 1263; x_wconf 79' lang='lat' dir='ltr'><strong>perturbationem</strong></span> <span class='ocrx_word' id='word_1_180' title='bbox 2924 1196 3117 1261; x_wconf 91' lang='lat' dir='ltr'><strong>animi,</strong></span> <span class='ocrx_word' id='word_1_181' title='bbox 3159 1211 3264 1266; x_wconf 90' lang='lat' dir='ltr'><strong>qua</strong></span> <span class='ocrx_word' id='word_1_182' title='bbox 3291 1197 3465 1252; x_wconf 76' lang='lat' dir='ltr'><strong>adhuc</strong></span> 
     </span>
    </p>
   </div>
   <div class='ocr_carea' id='block_1_27' title="bbox 1886 1280 3466 1354">
    <p class='ocr_par' dir='ltr' id='par_1_27' title="bbox 1886 1280 3466 1354">
     <span class='ocr_line' id='line_1_27' title="bbox 1886 1280 3466 1354; baseline 0.004 -22"><span class='ocrx_word' id='word_1_183' title='bbox 1886 1280 2266 1346; x_wconf 75' lang='lat' dir='ltr'><strong>afﬂictabatur,</strong></span> <span class='ocrx_word' id='word_1_184' title='bbox 2319 1297 2578 1338; x_wconf 88' lang='lat' dir='ltr'><strong>censores</strong></span> <span class='ocrx_word' id='word_1_185' title='bbox 2622 1299 2748 1339; x_wconf 91' lang='lat' dir='ltr'><strong>suos</strong></span> <span class='ocrx_word' id='word_1_186' title='bbox 2799 1284 3198 1354; x_wconf 89' lang='lat' dir='ltr'><strong>desperationis</strong></span> <span class='ocrx_word' id='word_1_187' title='bbox 3245 1287 3466 1340; x_wconf 86' lang='lat' dir='ltr'><strong>nomine</strong></span> 
     </span>
    </p>
   </div>
   <div class='ocr_carea' id='block_1_28' title="bbox 1887 1371 3470 1442">
    <p class='ocr_par' dir='ltr' id='par_1_28' title="bbox 1887 1371 3470 1442">
     <span class='ocr_line' id='line_1_28' title="bbox 1887 1371 3470 1442; baseline 0.005 -18"><span class='ocrx_word' id='word_1_188' title='bbox 1887 1371 1986 1425; x_wconf 88' lang='lat' dir='ltr'><strong>sibi</strong></span> <span class='ocrx_word' id='word_1_189' title='bbox 2018 1382 2351 1442; x_wconf 81' lang='lat' dir='ltr'><strong>opponentes</strong></span> <span class='ocrx_word' id='word_1_190' title='bbox 2403 1375 2488 1429; x_wconf 91' lang='lat' dir='ltr'><strong>his</strong></span> <span class='ocrx_word' id='word_1_191' title='bbox 2516 1376 2694 1430; x_wconf 91' lang='lat' dir='ltr'><strong>verbis</strong></span> <span class='ocrx_word' id='word_1_192' title='bbox 2739 1376 2946 1431; x_wconf 89' lang='lat' dir='ltr'><strong>inducit</strong></span> <span class='ocrx_word' id='word_1_193' title='bbox 2974 1395 2985 1428; x_wconf 94' lang='lat'>:</span> <span class='ocrx_word' id='word_1_194' title='bbox 3030 1397 3048 1428; x_wconf 83' lang='grc'><em>‹</em></span> <span class='ocrx_word' id='word_1_195' title='bbox 3078 1379 3140 1431; x_wconf 83' lang='lat' dir='ltr'><strong>Et</strong></span> <span class='ocrx_word' id='word_1_196' title='bbox 3169 1379 3274 1432; x_wconf 88' lang='lat' dir='ltr'><strong>heu</strong></span> <span class='ocrx_word' id='word_1_197' title='bbox 3301 1379 3470 1433; x_wconf 86' lang='lat' dir='ltr'><strong>miser</strong></span> 
     </span>
    </p>
   </div>
   <div class='ocr_carea' id='block_1_29' title="bbox 1891 1460 3461 1536">
    <p class='ocr_par' dir='ltr' id='par_1_29' title="bbox 1891 1460 3461 1536">
     <span class='ocr_line' id='line_1_29' title="bbox 1891 1460 3461 1536; baseline 0.004 -23"><span class='ocrx_word' id='word_1_198' title='bbox 1891 1469 2050 1530; x_wconf 85' lang='lat' dir='ltr'><strong>atque</strong></span> <span class='ocrx_word' id='word_1_199' title='bbox 2074 1460 2291 1515; x_wconf 84' lang='lat' dir='ltr'><strong>infelix!</strong></span> <span class='ocrx_word' id='word_1_200' title='bbox 2327 1462 2504 1530; x_wconf 83' lang='lat' dir='ltr'><strong>Quare</strong></span> <span class='ocrx_word' id='word_1_201' title='bbox 2535 1463 2726 1518; x_wconf 86' lang='lat' dir='ltr'><strong>saltem</strong></span> <span class='ocrx_word' id='word_1_202' title='bbox 2756 1465 2807 1519; x_wconf 92' lang='lat' dir='ltr'><strong>in</strong></span> <span class='ocrx_word' id='word_1_203' title='bbox 2850 1466 2976 1529; x_wconf 91' lang='lat' dir='ltr'><strong>isto,</strong></span> <span class='ocrx_word' id='word_1_204' title='bbox 3004 1481 3111 1536; x_wconf 87' lang='lat' dir='ltr'><strong>quo</strong></span> <span class='ocrx_word' id='word_1_205' title='bbox 3162 1483 3304 1521; x_wconf 87' lang='lat' dir='ltr'><strong>nunc</strong></span> <span class='ocrx_word' id='word_1_206' title='bbox 3331 1478 3461 1530; x_wconf 85' lang='lat' dir='ltr'><strong>stat,</strong></span> 
     </span>
    </p>
   </div>
   <div class='ocr_carea' id='block_1_30' title="bbox 1889 1552 3472 1620">
    <p class='ocr_par' dir='ltr' id='par_1_30' title="bbox 1889 1552 3472 1620">
     <span class='ocr_line' id='line_1_30' title="bbox 1889 1552 3472 1620; baseline 0.006 -17"><span class='ocrx_word' id='word_1_207' title='bbox 1889 1565 1994 1604; x_wconf 90' lang='lat' dir='ltr'><strong>non</strong></span> <span class='ocrx_word' id='word_1_208' title='bbox 2028 1552 2364 1606; x_wconf 90' lang='lat' dir='ltr'><strong>convertitur</strong></span> <span class='ocrx_word' id='word_1_209' title='bbox 2414 1554 2647 1610; x_wconf 85' lang='lat' dir='ltr'><strong>termino</strong></span> <span class='ocrx_word' id='word_1_210' title='bbox 2702 1554 2846 1620; x_wconf 60' lang='lat' dir='ltr'><strong>vita},</strong></span> <span class='ocrx_word' id='word_1_211' title='bbox 2884 1575 2902 1608; x_wconf 74' lang='grc' dir='ltr'><strong><em>ι</em></strong></span> <span class='ocrx_word' id='word_1_212' title='bbox 2947 1556 3218 1611; x_wconf 88' lang='lat' dir='ltr'><strong>redeundo</strong></span> <span class='ocrx_word' id='word_1_213' title='bbox 3259 1557 3472 1612; x_wconf 83' lang='lat' dir='ltr'><strong>scilicet</strong></span> 
     </span>
    </p>
   </div>
   <div class='ocr_carea' id='block_1_31' title="bbox 1889 1639 3470 1718">
    <p class='ocr_par' dir='ltr' id='par_1_31' title="bbox 1889 1639 3470 1718">
     <span class='ocr_line' id='line_1_31' title="bbox 1889 1639 3470 1718; baseline 0.006 -25"><span class='ocrx_word' id='word_1_214' title='bbox 1889 1639 1956 1694; x_wconf 89' lang='lat' dir='ltr'><strong>ad</strong></span> <span class='ocrx_word' id='word_1_215' title='bbox 1997 1655 2154 1694; x_wconf 92' lang='lat' dir='ltr'><strong>suum</strong></span> <span class='ocrx_word' id='word_1_216' title='bbox 2203 1641 2634 1700; x_wconf 72' lang='lat' dir='ltr'><strong>monasterium?</strong></span> <span class='ocrx_word' id='word_1_217' title='bbox 2662 1662 2682 1696; x_wconf 78' lang='grc' dir='ltr'><strong><em>ι</em></strong></span> <span class='ocrx_word' id='word_1_218' title='bbox 2724 1644 2832 1700; x_wconf 88' lang='lat' dir='ltr'><strong>Sed</strong></span> <span class='ocrx_word' id='word_1_219' title='bbox 2860 1645 3075 1700; x_wconf 82' lang='lat' dir='ltr'><strong>videtur</strong></span> <span class='ocrx_word' id='word_1_220' title='bbox 3119 1647 3292 1712; x_wconf 79' lang='lat' dir='ltr'><strong>nobis,</strong></span> <span class='ocrx_word' id='word_1_221' title='bbox 3323 1649 3470 1718; x_wconf 89' lang='lat' dir='ltr'><strong>quod</strong></span> 
     </span>
    </p>
   </div>
   <div class='ocr_carea' id='block_1_32' title="bbox 201 1723 3472 1809">
    <p class='ocr_par' dir='ltr' id='par_1_32' title="bbox 201 1723 3472 1809">
     <span class='ocr_line' id='line_1_32' title="bbox 201 1723 3472 1809; baseline -0.001 -12"><span class='ocrx_word' id='word_1_222' title='bbox 201 1741 308 1797; x_wconf 83' lang='lat'><strong>960</strong></span> <span class='ocrx_word' id='word_1_223' title='bbox 330 1738 416 1794; x_wconf 84' lang='lat' dir='ltr'><strong>vel</strong></span> <span class='ocrx_word' id='word_1_224' title='bbox 454 1738 550 1794; x_wconf 82' lang='lat'><strong>96!</strong></span> <span class='ocrx_word' id='word_1_225' title='bbox 584 1734 951 1791; x_wconf 84' lang='lat' dir='ltr'><strong>Confessionis</strong></span> <span class='ocrx_word' id='word_1_226' title='bbox 999 1733 1191 1786; x_wconf 91' lang='lat' dir='ltr'><strong>librum</strong></span> <span class='ocrx_word' id='word_1_227' title='bbox 1235 1732 1468 1801; x_wconf 90' lang='lat' dir='ltr'><strong>scripsit,</strong></span> <span class='ocrx_word' id='word_1_228' title='bbox 1499 1730 1659 1800; x_wconf 90' lang='lat' dir='ltr'><strong>cujus</strong></span> <span class='ocrx_word' id='word_1_229' title='bbox 1681 1731 1792 1784; x_wconf 91' lang='lat' dir='ltr'><strong>sin-</strong></span> <span class='ocrx_word' id='word_1_230' title='bbox 1820 1723 1866 1783; x_wconf 86' lang='grc' dir='ltr'>Β</span> <span class='ocrx_word' id='word_1_231' title='bbox 1896 1729 2017 1785; x_wconf 90' lang='lat' dir='ltr'><strong>ideo</strong></span> <span class='ocrx_word' id='word_1_232' title='bbox 2059 1731 2126 1784; x_wconf 90' lang='lat' dir='ltr'><strong>sit</strong></span> <span class='ocrx_word' id='word_1_233' title='bbox 2169 1731 2506 1803; x_wconf 88' lang='lat' dir='ltr'><strong>desperatus,</strong></span> <span class='ocrx_word' id='word_1_234' title='bbox 2536 1735 2678 1803; x_wconf 85' lang='lat' dir='ltr'><strong>quod</strong></span> <span class='ocrx_word' id='word_1_235' title='bbox 2720 1735 3005 1790; x_wconf 91' lang='lat' dir='ltr'><strong>immiserit</strong></span> <span class='ocrx_word' id='word_1_236' title='bbox 3054 1737 3104 1790; x_wconf 88' lang='lat' dir='ltr'><strong>in</strong></span> <span class='ocrx_word' id='word_1_237' title='bbox 3138 1737 3228 1791; x_wconf 93' lang='lat' dir='ltr'><strong>tali</strong></span> <span class='ocrx_word' id='word_1_238' title='bbox 3262 1746 3373 1792; x_wconf 81' lang='lat' dir='ltr'><strong>rete</strong></span> <span class='ocrx_word' id='word_1_239' title='bbox 3394 1739 3472 1809; x_wconf 74' lang='lat' dir='ltr'><strong>(id</strong></span> 
     </span>
    </p>
   </div>
   <div class='ocr_carea' id='block_1_33' title="bbox 207 1821 1791 1900">
    <p class='ocr_par' dir='ltr' id='par_1_33' title="bbox 207 1821 1791 1900">
     <span class='ocr_line' id='line_1_33' title="bbox 207 1821 1791 1900; baseline -0.005 -18"><span class='ocrx_word' id='word_1_240' title='bbox 207 1829 454 1900; x_wconf 77' lang='lat' dir='ltr'><strong>gularem</strong></span> <span class='ocrx_word' id='word_1_241' title='bbox 499 1836 555 1880; x_wconf 89' lang='lat' dir='ltr'><strong>et</strong></span> <span class='ocrx_word' id='word_1_242' title='bbox 582 1825 968 1896; x_wconf 87' lang='lat' dir='ltr'><strong>perobscuram</strong></span> <span class='ocrx_word' id='word_1_243' title='bbox 1015 1821 1250 1876; x_wconf 89' lang='lat' dir='ltr'><strong>indolem</strong></span> <span class='ocrx_word' id='word_1_244' title='bbox 1285 1823 1419 1876; x_wconf 90' lang='lat' dir='ltr'><strong>satis</strong></span> <span class='ocrx_word' id='word_1_245' title='bbox 1455 1822 1505 1875; x_wconf 93' lang='lat' dir='ltr'><strong>in</strong></span> <span class='ocrx_word' id='word_1_246' title='bbox 1549 1821 1791 1876; x_wconf 84' lang='lat' dir='ltr'><strong>admoni-</strong></span> 
     </span>
    </p>
   </div>
   <div class='ocr_carea' id='block_1_34' title="bbox 211 1912 1790 1989">
    <p class='ocr_par' dir='ltr' id='par_1_34' title="bbox 211 1912 1790 1989">
     <span class='ocr_line' id='line_1_34' title="bbox 211 1912 1790 1989; baseline -0.006 -15"><span class='ocrx_word' id='word_1_247' title='bbox 211 1922 356 1974; x_wconf 88' lang='lat' dir='ltr'><strong>tione</strong></span> <span class='ocrx_word' id='word_1_248' title='bbox 387 1919 490 1989; x_wconf 88' lang='lat' dir='ltr'><strong>ipsi</strong></span> <span class='ocrx_word' id='word_1_249' title='bbox 522 1917 742 1988; x_wconf 74' lang='lat' dir='ltr'><strong>prazfixa</strong></span> <span class='ocrx_word' id='word_1_250' title='bbox 787 1914 1195 1986; x_wconf 74' lang='lat' dir='ltr'><strong>explicavimus,</strong></span> <span class='ocrx_word' id='word_1_251' title='bbox 1231 1923 1547 1982; x_wconf 75' lang='lat' dir='ltr'><strong>tempusque</strong></span> <span class='ocrx_word' id='word_1_252' title='bbox 1580 1912 1790 1966; x_wconf 81' lang='lat' dir='ltr'><strong>consti-</strong></span> 
     </span>
    </p>
   </div>
   <div class='ocr_carea' id='block_1_35' title="bbox 219 2000 1790 2073">
    <p class='ocr_par' dir='ltr' id='par_1_35' title="bbox 219 2000 1790 2073">
     <span class='ocr_line' id='line_1_35' title="bbox 219 2000 1790 2073; baseline -0.005 -11"><span class='ocrx_word' id='word_1_253' title='bbox 219 2011 444 2064; x_wconf 87' lang='lat' dir='ltr'><strong>tuimus.</strong></span> <span class='ocrx_word' id='word_1_254' title='bbox 478 2006 746 2060; x_wconf 85' lang='lat' dir='ltr'><strong>Nonnulla</strong></span> <span class='ocrx_word' id='word_1_255' title='bbox 770 2013 951 2059; x_wconf 90' lang='lat' dir='ltr'><strong>notatu</strong></span> <span class='ocrx_word' id='word_1_256' title='bbox 975 2004 1135 2073; x_wconf 82' lang='lat' dir='ltr'><strong>digna</strong></span> <span class='ocrx_word' id='word_1_257' title='bbox 1160 2003 1248 2056; x_wconf 90' lang='lat' dir='ltr'><strong>hic</strong></span> <span class='ocrx_word' id='word_1_258' title='bbox 1272 2003 1653 2058; x_wconf 89' lang='lat' dir='ltr'><strong>iudicabimus.</strong></span> <span class='ocrx_word' id='word_1_259' title='bbox 1674 2000 1790 2054; x_wconf 88' lang='lat' dir='ltr'><strong>Non</strong></span> 
     </span>
    </p>
   </div>
   <div class='ocr_carea' id='block_1_36' title="bbox 208 2090 1789 2157">
    <p class='ocr_par' dir='ltr' id='par_1_36' title="bbox 208 2090 1789 2157">
     <span class='ocr_line' id='line_1_36' title="bbox 208 2090 1789 2157; baseline -0.006 -5"><span class='ocrx_word' id='word_1_260' title='bbox 208 2098 394 2153; x_wconf 86' lang='lat' dir='ltr'><strong>solum</strong></span> <span class='ocrx_word' id='word_1_261' title='bbox 426 2096 658 2157; x_wconf 89' lang='lat' dir='ltr'><strong>diurnis,</strong></span> <span class='ocrx_word' id='word_1_262' title='bbox 692 2093 786 2148; x_wconf 87' lang='lat' dir='ltr'><strong>sed</strong></span> <span class='ocrx_word' id='word_1_263' title='bbox 837 2092 1119 2146; x_wconf 86' lang='lat' dir='ltr'><strong>nocturnis</strong></span> <span class='ocrx_word' id='word_1_264' title='bbox 1162 2092 1327 2145; x_wconf 90' lang='lat' dir='ltr'><strong>etiam</strong></span> <span class='ocrx_word' id='word_1_265' title='bbox 1357 2090 1546 2144; x_wconf 80' lang='lat' dir='ltr'><strong>oﬂieiis</strong></span> <span class='ocrx_word' id='word_1_266' title='bbox 1578 2090 1789 2152; x_wconf 88' lang='lat' dir='ltr'><strong>aderat,</strong></span> 
     </span>
    </p>
   </div>
   <div class='ocr_carea' id='block_1_37' title="bbox 213 2182 1796 2255">
    <p class='ocr_par' dir='ltr' id='par_1_37' title="bbox 213 2182 1796 2255">
     <span class='ocr_line' id='line_1_37' title="bbox 213 2182 1796 2255; baseline -0.004 -14"><span class='ocrx_word' id='word_1_267' title='bbox 213 2197 267 2242; x_wconf 92' lang='lat' dir='ltr'><strong>et</strong></span> <span class='ocrx_word' id='word_1_268' title='bbox 288 2186 590 2255; x_wconf 89' lang='lat' dir='ltr'><strong>aliquando</strong></span> <span class='ocrx_word' id='word_1_269' title='bbox 614 2185 670 2238; x_wconf 90' lang='lat' dir='ltr'><strong>in</strong></span> <span class='ocrx_word' id='word_1_270' title='bbox 692 2185 922 2238; x_wconf 89' lang='lat' dir='ltr'><strong>amboue</strong></span> <span class='ocrx_word' id='word_1_271' title='bbox 941 2184 1232 2238; x_wconf 90' lang='lat' dir='ltr'><strong>conciones</strong></span> <span class='ocrx_word' id='word_1_272' title='bbox 1255 2183 1504 2237; x_wconf 88' lang='lat' dir='ltr'><strong>habebat.</strong></span> <span class='ocrx_word' id='word_1_273' title='bbox 1529 2182 1796 2236; x_wconf 86' lang='lat' dir='ltr'><strong>Gravibus</strong></span> 
     </span>
    </p>
   </div>
   <div class='ocr_carea' id='block_1_38' title="bbox 207 2270 1793 2342">
    <p class='ocr_par' dir='ltr' id='par_1_38' title="bbox 207 2270 1793 2342">
     <span class='ocr_line' id='line_1_38' title="bbox 207 2270 1793 2342; baseline -0.006 -10"><span class='ocrx_word' id='word_1_274' title='bbox 207 2275 512 2336; x_wconf 83' lang='lat' dir='ltr'><strong>doloribus,</strong></span> <span class='ocrx_word' id='word_1_275' title='bbox 537 2273 628 2342; x_wconf 88' lang='lat' dir='ltr'><strong>qui</strong></span> <span class='ocrx_word' id='word_1_276' title='bbox 654 2273 1087 2327; x_wconf 77' lang='lat' dir='ltr'><strong>vehementiores</strong></span> <span class='ocrx_word' id='word_1_277' title='bbox 1136 2272 1369 2341; x_wconf 84' lang='lat' dir='ltr'><strong>gemitus</strong></span> <span class='ocrx_word' id='word_1_278' title='bbox 1394 2270 1793 2339; x_wconf 81' lang='lat' dir='ltr'><strong>exprimebant,</strong></span> 
     </span>
    </p>
   </div>
   <div class='ocr_carea' id='block_1_39' title="bbox 212 2359 1792 2431">
    <p class='ocr_par' dir='ltr' id='par_1_39' title="bbox 212 2359 1792 2431">
     <span class='ocr_line' id='line_1_39' title="bbox 212 2359 1792 2431; baseline -0.004 -13"><span class='ocrx_word' id='word_1_279' title='bbox 212 2379 270 2418; x_wconf 87' lang='lat' dir='ltr'><strong>se</strong></span> <span class='ocrx_word' id='word_1_280' title='bbox 294 2363 590 2418; x_wconf 86' lang='lat' dir='ltr'><strong>identidem</strong></span> <span class='ocrx_word' id='word_1_281' title='bbox 617 2361 986 2417; x_wconf 82' lang='lat' dir='ltr'><strong>excruciatum</strong></span> <span class='ocrx_word' id='word_1_282' title='bbox 1009 2360 1277 2431; x_wconf 81' lang='lat' dir='ltr'><strong>significat</strong></span> <span class='ocrx_word' id='word_1_283' title='bbox 1300 2360 1404 2414; x_wconf 89' lang='lat' dir='ltr'><strong>illis</strong></span> <span class='ocrx_word' id='word_1_284' title='bbox 1439 2359 1618 2414; x_wconf 85' lang='lat' dir='ltr'><strong>verbis</strong></span> <span class='ocrx_word' id='word_1_285' title='bbox 1641 2376 1792 2414; x_wconf 91' lang='lat' dir='ltr'><strong>num.</strong></span> 
     </span>
    </p>
   </div>
   <div class='ocr_carea' id='block_1_40' title="bbox 211 2447 1797 2520">
    <p class='ocr_par' dir='ltr' id='par_1_40' title="bbox 211 2447 1797 2520">
     <span class='ocr_line' id='line_1_40' title="bbox 211 2447 1797 2520; baseline -0.005 -12"><span class='ocrx_word' id='word_1_286' title='bbox 211 2454 304 2518; x_wconf 67' lang='grc'><strong>54,</strong></span> <span class='ocrx_word' id='word_1_287' title='bbox 332 2453 464 2507; x_wconf 89' lang='lat' dir='ltr'><strong>dum</strong></span> <span class='ocrx_word' id='word_1_288' title='bbox 497 2467 555 2507; x_wconf 90' lang='lat' dir='ltr'><strong>se</strong></span> <span class='ocrx_word' id='word_1_289' title='bbox 586 2452 692 2505; x_wconf 90' lang='lat' dir='ltr'><strong>alia</strong></span> <span class='ocrx_word' id='word_1_290' title='bbox 717 2451 783 2506; x_wconf 88' lang='lat' dir='ltr'><strong>de</strong></span> <span class='ocrx_word' id='word_1_291' title='bbox 811 2465 976 2505; x_wconf 89' lang='lat' dir='ltr'><strong>causa</strong></span> <span class='ocrx_word' id='word_1_292' title='bbox 1008 2451 1081 2503; x_wconf 91' lang='lat' dir='ltr'><strong>ita</strong></span> <span class='ocrx_word' id='word_1_293' title='bbox 1138 2450 1466 2520; x_wconf 82' lang='lat' dir='ltr'><strong>ingemuisse</strong></span> <span class='ocrx_word' id='word_1_294' title='bbox 1491 2447 1587 2510; x_wconf 92' lang='lat' dir='ltr'><strong>ait,</strong></span> <span class='ocrx_word' id='word_1_295' title='bbox 1619 2466 1635 2498; x_wconf 76' lang='lat' dir='ltr'><strong>i</strong></span> <span class='ocrx_word' id='word_1_296' title='bbox 1673 2457 1731 2500; x_wconf 94' lang='lat' dir='ltr'><strong>ut</strong></span> <span class='ocrx_word' id='word_1_297' title='bbox 1753 2447 1797 2500; x_wconf 93' lang='lat' dir='ltr'><strong>si</strong></span> 
     </span>
    </p>
   </div>
   <div class='ocr_carea' id='block_1_41' title="bbox 210 2540 1802 2614">
    <p class='ocr_par' dir='ltr' id='par_1_41' title="bbox 210 2540 1802 2614">
     <span class='ocr_line' id='line_1_41' title="bbox 210 2540 1802 2614; baseline -0.006 -13"><span class='ocrx_word' id='word_1_298' title='bbox 210 2545 360 2601; x_wconf 70' lang='lat' dir='ltr'><strong>forte</strong></span> <span class='ocrx_word' id='word_1_299' title='bbox 390 2561 490 2614; x_wconf 89' lang='lat' dir='ltr'><strong>pro</strong></span> <span class='ocrx_word' id='word_1_300' title='bbox 528 2543 737 2598; x_wconf 91' lang='lat' dir='ltr'><strong>foribus</strong></span> <span class='ocrx_word' id='word_1_301' title='bbox 763 2543 958 2612; x_wconf 90' lang='lat' dir='ltr'><strong>aliquis</strong></span> <span class='ocrx_word' id='word_1_302' title='bbox 989 2542 1248 2606; x_wconf 88' lang='lat' dir='ltr'><strong>stetisset,</strong></span> <span class='ocrx_word' id='word_1_303' title='bbox 1277 2556 1363 2594; x_wconf 92' lang='lat' dir='ltr'><strong>me</strong></span> <span class='ocrx_word' id='word_1_304' title='bbox 1394 2540 1483 2594; x_wconf 93' lang='lat' dir='ltr'><strong>illo</strong></span> <span class='ocrx_word' id='word_1_305' title='bbox 1513 2540 1644 2593; x_wconf 91' lang='lat' dir='ltr'><strong>mihi</strong></span> <span class='ocrx_word' id='word_1_306' title='bbox 1671 2555 1802 2592; x_wconf 89' lang='lat' dir='ltr'><strong>con-</strong></span> 
     </span>
    </p>
   </div>
   <div class='ocr_carea' id='block_1_42' title="bbox 219 2631 1794 2701">
    <p class='ocr_par' dir='ltr' id='par_1_42' title="bbox 219 2631 1794 2701">
     <span class='ocr_line' id='line_1_42' title="bbox 219 2631 1794 2701; baseline -0.006 -11"><span class='ocrx_word' id='word_1_307' title='bbox 219 2637 535 2692; x_wconf 87' lang='lat' dir='ltr'><strong>suetissimo</strong></span> <span class='ocrx_word' id='word_1_308' title='bbox 587 2634 929 2691; x_wconf 85' lang='lat' dir='ltr'><strong>incommodo</strong></span> <span class='ocrx_word' id='word_1_309' title='bbox 954 2633 1188 2687; x_wconf 90' lang='lat' dir='ltr'><strong>cruciari</strong></span> <span class='ocrx_word' id='word_1_310' title='bbox 1237 2642 1429 2701; x_wconf 91' lang='lat' dir='ltr'><strong>putare</strong></span> <span class='ocrx_word' id='word_1_311' title='bbox 1457 2631 1737 2699; x_wconf 90' lang='lat' dir='ltr'><strong>qnivisset.</strong></span> <span class='ocrx_word' id='word_1_312' title='bbox 1777 2647 1794 2680; x_wconf 75' lang='grc' dir='ltr'><strong><em>ι</em></strong></span> 
     </span>
    </p>
   </div>
   <div class='ocr_carea' id='block_1_43' title="bbox 214 2720 1801 2798">
    <p class='ocr_par' dir='ltr' id='par_1_43' title="bbox 214 2720 1801 2798">
     <span class='ocr_line' id='line_1_43' title="bbox 214 2720 1801 2798; baseline -0.006 -16"><span class='ocrx_word' id='word_1_313' title='bbox 214 2728 443 2798; x_wconf 79' lang='lat' dir='ltr'><strong>Aliquot</strong></span> <span class='ocrx_word' id='word_1_314' title='bbox 467 2727 690 2788; x_wconf 90' lang='lat' dir='ltr'><strong>abusus,</strong></span> <span class='ocrx_word' id='word_1_315' title='bbox 716 2725 808 2794; x_wconf 91' lang='lat' dir='ltr'><strong>qni</strong></span> <span class='ocrx_word' id='word_1_316' title='bbox 833 2723 1193 2792; x_wconf 90' lang='lat' dir='ltr'><strong>quorumdam</strong></span> <span class='ocrx_word' id='word_1_317' title='bbox 1219 2723 1608 2776; x_wconf 81' lang='lat' dir='ltr'><strong>monachorum</strong></span> <span class='ocrx_word' id='word_1_318' title='bbox 1634 2720 1801 2774; x_wconf 90' lang='lat' dir='ltr'><strong>licen-</strong></span> 
     </span>
    </p>
   </div>
   <div class='ocr_carea' id='block_1_44' title="bbox 219 2813 1802 2886">
    <p class='ocr_par' dir='ltr' id='par_1_44' title="bbox 219 2813 1802 2886">
     <span class='ocr_line' id='line_1_44' title="bbox 219 2813 1802 2886; baseline -0.003 -16"><span class='ocrx_word' id='word_1_319' title='bbox 219 2818 293 2871; x_wconf 89' lang='lat' dir='ltr'><strong>tia</strong></span> <span class='ocrx_word' id='word_1_320' title='bbox 343 2818 706 2872; x_wconf 88' lang='lat' dir='ltr'><strong>monasticam</strong></span> <span class='ocrx_word' id='word_1_321' title='bbox 759 2816 1104 2886; x_wconf 78' lang='lat' dir='ltr'><strong>disciplinam</strong></span> <span class='ocrx_word' id='word_1_322' title='bbox 1156 2823 1536 2884; x_wconf 85' lang='lat' dir='ltr'><strong>corruperant,</strong></span> <span class='ocrx_word' id='word_1_323' title='bbox 1595 2813 1802 2881; x_wconf 89' lang='lat' dir='ltr'><strong>sibique</strong></span> 
     </span>
    </p>
   </div>
   <div class='ocr_carea' id='block_1_45' title="bbox 218 2905 1798 2978">
    <p class='ocr_par' dir='ltr' id='par_1_45' title="bbox 218 2905 1798 2978">
     <span class='ocr_line' id='line_1_45' title="bbox 218 2905 1798 2978; baseline -0.004 -16"><span class='ocrx_word' id='word_1_324' title='bbox 218 2924 478 2978; x_wconf 85' lang='lat' dir='ltr'><strong>magnum</strong></span> <span class='ocrx_word' id='word_1_325' title='bbox 509 2909 677 2962; x_wconf 89' lang='lat' dir='ltr'><strong>animi</strong></span> <span class='ocrx_word' id='word_1_326' title='bbox 708 2922 999 2961; x_wconf 73' lang='lat' dir='ltr'><strong>mmrorem</strong></span> <span class='ocrx_word' id='word_1_327' title='bbox 1031 2915 1088 2961; x_wconf 91' lang='lat' dir='ltr'><strong>et</strong></span> <span class='ocrx_word' id='word_1_328' title='bbox 1129 2905 1548 2960; x_wconf 88' lang='lat' dir='ltr'><strong>sollicitudinem</strong></span> <span class='ocrx_word' id='word_1_329' title='bbox 1576 2916 1798 2972; x_wconf 87' lang='lat' dir='ltr'><strong>pepere-</strong></span> 
     </span>
    </p>
   </div>
   <div class='ocr_carea' id='block_1_46' title="bbox 221 2995 1802 3072">
    <p class='ocr_par' dir='ltr' id='par_1_46' title="bbox 221 2995 1802 3072">
     <span class='ocr_line' id='line_1_46' title="bbox 221 2995 1802 3072; baseline -0.003 -20"><span class='ocrx_word' id='word_1_330' title='bbox 221 3008 369 3063; x_wconf 85' lang='lat' dir='ltr'><strong>rant,</strong></span> <span class='ocrx_word' id='word_1_331' title='bbox 398 2998 621 3072; x_wconf 76' lang='lat' dir='ltr'><strong>detegit.</strong></span> <span class='ocrx_word' id='word_1_332' title='bbox 650 2997 950 3051; x_wconf 85' lang='lat' dir='ltr'><strong>Peculiaria</strong></span> <span class='ocrx_word' id='word_1_333' title='bbox 979 2995 1224 3067; x_wconf 68' lang='lat' dir='ltr'><strong>quaedam</strong></span> <span class='ocrx_word' id='word_1_334' title='bbox 1252 3006 1362 3050; x_wconf 91' lang='lat' dir='ltr'><strong>tum</strong></span> <span class='ocrx_word' id='word_1_335' title='bbox 1389 3012 1508 3058; x_wconf 87' lang='lat' dir='ltr'><strong>sua,</strong></span> <span class='ocrx_word' id='word_1_336' title='bbox 1536 3004 1644 3049; x_wconf 90' lang='lat' dir='ltr'><strong>tum</strong></span> <span class='ocrx_word' id='word_1_337' title='bbox 1671 2995 1802 3048; x_wconf 87' lang='lat' dir='ltr'><strong>alio-</strong></span> 
     </span>
    </p>
   </div>
   <div class='ocr_carea' id='block_1_47' title="bbox 1892 1821 3474 1898">
    <p class='ocr_par' dir='ltr' id='par_1_47' title="bbox 1892 1821 3474 1898">
     <span class='ocr_line' id='line_1_47' title="bbox 1892 1821 3474 1898; baseline 0.006 -24"><span class='ocrx_word' id='word_1_338' title='bbox 1892 1830 1976 1874; x_wconf 90' lang='lat' dir='ltr'><strong>cst</strong></span> <span class='ocrx_word' id='word_1_339' title='bbox 2005 1821 2057 1875; x_wconf 93' lang='lat' dir='ltr'><strong>in</strong></span> <span class='ocrx_word' id='word_1_340' title='bbox 2113 1823 2446 1892; x_wconf 89' lang='lat' dir='ltr'><strong>episcopatu)</strong></span> <span class='ocrx_word' id='word_1_341' title='bbox 2479 1824 2668 1894; x_wconf 88' lang='lat' dir='ltr'><strong>pedem</strong></span> <span class='ocrx_word' id='word_1_342' title='bbox 2712 1841 2886 1891; x_wconf 89' lang='lat' dir='ltr'><strong>suum,</strong></span> <span class='ocrx_word' id='word_1_343' title='bbox 2942 1828 2994 1881; x_wconf 91' lang='lat' dir='ltr'><strong>in</strong></span> <span class='ocrx_word' id='word_1_344' title='bbox 3041 1829 3193 1898; x_wconf 87' lang='lat' dir='ltr'><strong>cujus</strong></span> <span class='ocrx_word' id='word_1_345' title='bbox 3247 1829 3474 1884; x_wconf 86' lang='lat' dir='ltr'><strong>maculis</strong></span> 
     </span>
    </p>
   </div>
   <div class='ocr_carea' id='block_1_48' title="bbox 1892 1913 3470 1989">
    <p class='ocr_par' dir='ltr' id='par_1_48' title="bbox 1892 1913 3470 1989">
     <span class='ocr_line' id='line_1_48' title="bbox 1892 1913 3470 1989; baseline 0.007 -24"><span class='ocrx_word' id='word_1_346' title='bbox 1892 1913 2198 1977; x_wconf 83' lang='lat' dir='ltr'><strong>ambulans,</strong></span> <span class='ocrx_word' id='word_1_347' title='bbox 2245 1916 2488 1984; x_wconf 75' lang='lat' dir='ltr'><strong>expediri</strong></span> <span class='ocrx_word' id='word_1_348' title='bbox 2539 1916 2687 1972; x_wconf 88' lang='lat' dir='ltr'><strong>nullo</strong></span> <span class='ocrx_word' id='word_1_349' title='bbox 2719 1918 2878 1973; x_wconf 91' lang='lat' dir='ltr'><strong>modo</strong></span> <span class='ocrx_word' id='word_1_350' title='bbox 2909 1921 3097 1989; x_wconf 81' lang='lat' dir='ltr'><strong>possit.</strong></span> <span class='ocrx_word' id='word_1_351' title='bbox 3141 1923 3273 1975; x_wconf 90' lang='lat' dir='ltr'><strong>Dum</strong></span> <span class='ocrx_word' id='word_1_352' title='bbox 3323 1923 3470 1976; x_wconf 89' lang='lat' dir='ltr'><strong>enim</strong></span> 
     </span>
    </p>
   </div>
   <div class='ocr_carea' id='block_1_49' title="bbox 1896 2004 3477 2079">
    <p class='ocr_par' dir='ltr' id='par_1_49' title="bbox 1896 2004 3477 2079">
     <span class='ocr_line' id='line_1_49' title="bbox 1896 2004 3477 2079; baseline 0.006 -23"><span class='ocrx_word' id='word_1_353' title='bbox 1896 2005 2191 2059; x_wconf 86' lang='lat' dir='ltr'><strong>monachus</strong></span> <span class='ocrx_word' id='word_1_354' title='bbox 2219 2004 2404 2071; x_wconf 90' lang='lat' dir='ltr'><strong>fuerit,</strong></span> <span class='ocrx_word' id='word_1_355' title='bbox 2447 2016 2503 2060; x_wconf 90' lang='lat' dir='ltr'><strong>et</strong></span> <span class='ocrx_word' id='word_1_356' title='bbox 2534 2023 2677 2062; x_wconf 90' lang='lat' dir='ltr'><strong>nunc</strong></span> <span class='ocrx_word' id='word_1_357' title='bbox 2727 2008 3011 2079; x_wconf 85' lang='lat' dir='ltr'><strong>cpiscopus</strong></span> <span class='ocrx_word' id='word_1_358' title='bbox 3059 2011 3158 2075; x_wconf 87' lang='lat' dir='ltr'><strong>sit;</strong></span> <span class='ocrx_word' id='word_1_359' title='bbox 3193 2012 3235 2065; x_wconf 91' lang='lat' dir='ltr'><strong>si</strong></span> <span class='ocrx_word' id='word_1_360' title='bbox 3274 2011 3477 2066; x_wconf 85' lang='lat' dir='ltr'><strong>relictis</strong></span> 
     </span>
    </p>
   </div>
   <div class='ocr_carea' id='block_1_50' title="bbox 1856 2094 3478 2182">
    <p class='ocr_par' dir='ltr' id='par_1_50' title="bbox 1856 2094 3478 2182">
     <span class='ocr_line' id='line_1_50' title="bbox 1856 2094 3478 2182; baseline 0.005 -37"><span class='ocrx_word' id='word_1_361' title='bbox 1856 2164 1874 2182; x_wconf 50' lang='lat'>.</span> <span class='ocrx_word' id='word_1_362' title='bbox 1894 2094 2086 2146; x_wconf 83' lang='lat' dir='ltr'><strong>ovibus</strong></span> <span class='ocrx_word' id='word_1_363' title='bbox 2132 2095 2523 2150; x_wconf 87' lang='lat' dir='ltr'><strong>monasterium</strong></span> <span class='ocrx_word' id='word_1_364' title='bbox 2553 2098 2772 2166; x_wconf 84' lang='lat' dir='ltr'><strong>repetit,</strong></span> <span class='ocrx_word' id='word_1_365' title='bbox 2799 2098 2953 2152; x_wconf 92' lang='lat' dir='ltr'><strong>timet</strong></span> <span class='ocrx_word' id='word_1_366' title='bbox 2991 2101 3198 2164; x_wconf 88' lang='lat' dir='ltr'><strong>audire,</strong></span> <span class='ocrx_word' id='word_1_367' title='bbox 3230 2117 3263 2154; x_wconf 91' lang='grc' dir='ltr'>ο</span> <span class='ocrx_word' id='word_1_368' title='bbox 3293 2110 3478 2170; x_wconf 88' lang='lat' dir='ltr'><strong>pastor</strong></span> 
     </span>
    </p>
   </div>
   <div class='ocr_carea' id='block_1_51' title="bbox 1896 2183 3476 2259">
    <p class='ocr_par' dir='ltr' id='par_1_51' title="bbox 1896 2183 3476 2259">
     <span class='ocr_line' id='line_1_51' title="bbox 1896 2183 3476 2259; baseline 0.006 -23"><span class='ocrx_word' id='word_1_369' title='bbox 1896 2193 1950 2238; x_wconf 93' lang='lat' dir='ltr'><strong>et</strong></span> <span class='ocrx_word' id='word_1_370' title='bbox 1978 2183 2175 2238; x_wconf 92' lang='lat' dir='ltr'><strong>idolum</strong></span> <span class='ocrx_word' id='word_1_371' title='bbox 2206 2186 2589 2256; x_wconf 89' lang='lat' dir='ltr'><strong>derelinquens</strong></span> <span class='ocrx_word' id='word_1_372' title='bbox 2618 2191 2866 2258; x_wconf 81' lang='lat' dir='ltr'><strong>gregem!</strong></span> <span class='ocrx_word' id='word_1_373' title='bbox 2907 2189 3024 2254; x_wconf 89' lang='lat' dir='ltr'><strong>Sin,</strong></span> <span class='ocrx_word' id='word_1_374' title='bbox 3051 2191 3366 2259; x_wconf 75' lang='lat' dir='ltr'><strong>Apostolum</strong></span> <span class='ocrx_word' id='word_1_375' title='bbox 3411 2193 3476 2247; x_wconf 90' lang='lat' dir='ltr'><strong>de</strong></span> 
     </span>
    </p>
   </div>
   <div class='ocr_carea' id='block_1_52' title="bbox 1901 2272 3474 2348">
    <p class='ocr_par' dir='ltr' id='par_1_52' title="bbox 1901 2272 3474 2348">
     <span class='ocr_line' id='line_1_52' title="bbox 1901 2272 3474 2348; baseline 0.006 -23"><span class='ocrx_word' id='word_1_376' title='bbox 1901 2287 1959 2326; x_wconf 91' lang='lat' dir='ltr'><strong>se</strong></span> <span class='ocrx_word' id='word_1_377' title='bbox 1983 2272 2138 2326; x_wconf 86' lang='lat' dir='ltr'><strong>timet</strong></span> <span class='ocrx_word' id='word_1_378' title='bbox 2165 2273 2366 2347; x_wconf 80' lang='lat' dir='ltr'><strong>dixisse</strong></span> <span class='ocrx_word' id='word_1_379' title='bbox 2393 2292 2405 2326; x_wconf 91' lang='lat'><strong>:</strong></span> <span class='ocrx_word' id='word_1_380' title='bbox 2433 2273 2696 2330; x_wconf 84' lang='lat' dir='ltr'><strong>habentes</strong></span> <span class='ocrx_word' id='word_1_381' title='bbox 2745 2277 3164 2336; x_wconf 84' lang='lat' dir='ltr'><strong>damnationem.</strong></span> <span class='ocrx_word' id='word_1_382' title='bbox 3211 2282 3333 2347; x_wconf 85' lang='lat' dir='ltr'><strong>quia</strong></span> <span class='ocrx_word' id='word_1_383' title='bbox 3363 2282 3474 2348; x_wconf 90' lang='lat' dir='ltr'><strong>pri-</strong></span> 
     </span>
    </p>
   </div>
   <div class='ocr_carea' id='block_1_53' title="bbox 1902 2361 3478 2429">
    <p class='ocr_par' dir='ltr' id='par_1_53' title="bbox 1902 2361 3478 2429">
     <span class='ocr_line' id='line_1_53' title="bbox 1902 2361 3478 2429; baseline 0.005 -13"><span class='ocrx_word' id='word_1_384' title='bbox 1902 2377 2046 2416; x_wconf 87' lang='lat' dir='ltr'><strong>mam</strong></span> <span class='ocrx_word' id='word_1_385' title='bbox 2076 2361 2234 2416; x_wconf 86' lang='lat' dir='ltr'><strong>ﬁdem</strong></span> <span class='ocrx_word' id='word_1_386' title='bbox 2269 2363 2477 2417; x_wconf 90' lang='lat' dir='ltr'><strong>irritam</strong></span> <span class='ocrx_word' id='word_1_387' title='bbox 2527 2362 2792 2429; x_wconf 88' lang='lat' dir='ltr'><strong>fecerunt,</strong></span> <span class='ocrx_word' id='word_1_388' title='bbox 2826 2385 2848 2417; x_wconf 76' lang='lat' dir='ltr'><strong>o</strong></span> <span class='ocrx_word' id='word_1_389' title='bbox 2879 2376 2986 2422; x_wconf 91' lang='lat' dir='ltr'><strong>etc.</strong></span> <span class='ocrx_word' id='word_1_390' title='bbox 3014 2367 3093 2421; x_wconf 82' lang='lat' dir='ltr'><strong>Ex</strong></span> <span class='ocrx_word' id='word_1_391' title='bbox 3127 2367 3266 2424; x_wconf 91' lang='lat' dir='ltr'><strong>libro</strong></span> <span class='ocrx_word' id='word_1_392' title='bbox 3295 2377 3478 2424; x_wconf 89' lang='lat' dir='ltr'><strong>autem</strong></span> 
     </span>
    </p>
   </div>
   <div class='ocr_carea' id='block_1_54' title="bbox 1897 2452 3475 2528">
    <p class='ocr_par' dir='ltr' id='par_1_54' title="bbox 1897 2452 3475 2528">
     <span class='ocr_line' id='line_1_54' title="bbox 1897 2452 3475 2528; baseline 0.001 -18"><span class='ocrx_word' id='word_1_393' title='bbox 1897 2452 2264 2510; x_wconf 90' lang='lat' dir='ltr'><strong>Confessionis</strong></span> <span class='ocrx_word' id='word_1_394' title='bbox 2286 2455 2622 2525; x_wconf 77' lang='lat' dir='ltr'><strong>exploratum</strong></span> <span class='ocrx_word' id='word_1_395' title='bbox 2655 2467 2739 2512; x_wconf 90' lang='lat' dir='ltr'><strong>est</strong></span> <span class='ocrx_word' id='word_1_396' title='bbox 2765 2456 3082 2512; x_wconf 78' lang='lat' dir='ltr'><strong>Ratherium</strong></span> <span class='ocrx_word' id='word_1_397' title='bbox 3133 2474 3475 2528; x_wconf 67' lang='lat' dir='ltr'><strong>summopere</strong></span> 
     </span>
    </p>
   </div>
   <div class='ocr_carea' id='block_1_55' title="bbox 1902 2543 3469 2617">
    <p class='ocr_par' dir='ltr' id='par_1_55' title="bbox 1902 2543 3469 2617">
     <span class='ocr_line' id='line_1_55' title="bbox 1902 2543 3469 2617; baseline 0.003 -19"><span class='ocrx_word' id='word_1_398' title='bbox 1902 2543 2060 2617; x_wconf 66' lang='grc' dir='ltr'><strong>[καί]</strong></span> <span class='ocrx_word' id='word_1_399' title='bbox 2118 2545 2385 2613; x_wconf 79' lang='lat' dir='ltr'><strong>expetisse</strong></span> <span class='ocrx_word' id='word_1_400' title='bbox 2445 2547 2512 2600; x_wconf 91' lang='lat' dir='ltr'><strong>ad</strong></span> <span class='ocrx_word' id='word_1_401' title='bbox 2572 2548 2906 2617; x_wconf 90' lang='lat' dir='ltr'><strong>propositum</strong></span> <span class='ocrx_word' id='word_1_402' title='bbox 2958 2563 3114 2603; x_wconf 86' lang='lat' dir='ltr'><strong>suum</strong></span> <span class='ocrx_word' id='word_1_403' title='bbox 3158 2555 3376 2614; x_wconf 76' lang='lat' dir='ltr'><strong>reverti,</strong></span> <span class='ocrx_word' id='word_1_404' title='bbox 3423 2557 3469 2603; x_wconf 83' lang='lat' dir='ltr'><strong>et</strong></span> 
     </span>
    </p>
   </div>
   <div class='ocr_carea' id='block_1_56' title="bbox 1901 2635 3477 2703">
    <p class='ocr_par' dir='ltr' id='par_1_56' title="bbox 1901 2635 3477 2703">
     <span class='ocr_line' id='line_1_56' title="bbox 1901 2635 3477 2703; baseline 0.004 -15"><span class='ocrx_word' id='word_1_405' title='bbox 1901 2649 2091 2703; x_wconf 88' lang='lat' dir='ltr'><strong>preces</strong></span> <span class='ocrx_word' id='word_1_406' title='bbox 2112 2635 2180 2688; x_wconf 90' lang='lat' dir='ltr'><strong>ad</strong></span> <span class='ocrx_word' id='word_1_407' title='bbox 2205 2635 2394 2700; x_wconf 90' lang='lat' dir='ltr'><strong>Deum,</strong></span> <span class='ocrx_word' id='word_1_408' title='bbox 2417 2643 2475 2688; x_wconf 90' lang='lat' dir='ltr'><strong>ut</strong></span> <span class='ocrx_word' id='word_1_409' title='bbox 2503 2635 2603 2690; x_wconf 87' lang='lat' dir='ltr'><strong>sibi</strong></span> <span class='ocrx_word' id='word_1_410' title='bbox 2634 2635 2736 2690; x_wconf 89' lang='lat' dir='ltr'><strong>hoc</strong></span> <span class='ocrx_word' id='word_1_411' title='bbox 2756 2637 3167 2703; x_wconf 89' lang='lat' dir='ltr'><strong>concederetur,</strong></span> <span class='ocrx_word' id='word_1_412' title='bbox 3186 2637 3437 2694; x_wconf 85' lang='lat' dir='ltr'><strong>ell‘udisse</strong></span> <span class='ocrx_word' id='word_1_413' title='bbox 3459 2679 3477 2693; x_wconf 95' lang='lat'><strong>.</strong></span> 
     </span>
    </p>
   </div>
   <div class='ocr_carea' id='block_1_57' title="bbox 1907 2725 3476 2801">
    <p class='ocr_par' dir='ltr' id='par_1_57' title="bbox 1907 2725 3476 2801">
     <span class='ocr_line' id='line_1_57' title="bbox 1907 2725 3476 2801; baseline 0.006 -24"><span class='ocrx_word' id='word_1_414' title='bbox 1907 2744 1927 2777; x_wconf 88' lang='grc'><em>‹</em></span> <span class='ocrx_word' id='word_1_415' title='bbox 1957 2725 2064 2782; x_wconf 90' lang='lat' dir='ltr'><strong>Sed</strong></span> <span class='ocrx_word' id='word_1_416' title='bbox 2092 2727 2360 2797; x_wconf 87' lang='lat' dir='ltr'><strong>impedior</strong></span> <span class='ocrx_word' id='word_1_417' title='bbox 2380 2728 2550 2791; x_wconf 90' lang='lat' dir='ltr'><strong>valde,</strong></span> <span class='ocrx_word' id='word_1_418' title='bbox 2577 2748 2594 2780; x_wconf 73' lang='grc' dir='ltr'>ι</span> <span class='ocrx_word' id='word_1_419' title='bbox 2629 2729 2803 2798; x_wconf 86' lang='lat' dir='ltr'><strong>inquit</strong></span> <span class='ocrx_word' id='word_1_420' title='bbox 2825 2746 2974 2784; x_wconf 90' lang='lat' dir='ltr'><strong>num.</strong></span> <span class='ocrx_word' id='word_1_421' title='bbox 2999 2730 3476 2801; x_wconf 70' lang='lat' dir='ltr'><strong>28.1nterrogatus</strong></span> 
     </span>
    </p>
   </div>
   <div class='ocr_carea' id='block_1_58' title="bbox 1903 2818 3470 2890">
    <p class='ocr_par' dir='ltr' id='par_1_58' title="bbox 1903 2818 3470 2890">
     <span class='ocr_line' id='line_1_58' title="bbox 1903 2818 3470 2890; baseline 0.003 -20"><span class='ocrx_word' id='word_1_422' title='bbox 1903 2829 2081 2872; x_wconf 82' lang='lat' dir='ltr'><strong>autem</strong></span> <span class='ocrx_word' id='word_1_423' title='bbox 2105 2833 2137 2870; x_wconf 89' lang='lat' dir='ltr'><strong>a</strong></span> <span class='ocrx_word' id='word_1_424' title='bbox 2161 2833 2269 2886; x_wconf 88' lang='lat' dir='ltr'><strong>quo</strong></span> <span class='ocrx_word' id='word_1_425' title='bbox 2324 2819 2694 2887; x_wconf 88' lang='lat' dir='ltr'><strong>impediretur,</strong></span> <span class='ocrx_word' id='word_1_426' title='bbox 2724 2838 2742 2869; x_wconf 74' lang='grc' dir='ltr'>ι</span> <span class='ocrx_word' id='word_1_427' title='bbox 2779 2835 2807 2871; x_wconf 90' lang='lat' dir='ltr'><strong>a</strong></span> <span class='ocrx_word' id='word_1_428' title='bbox 2842 2834 2926 2873; x_wconf 92' lang='lat' dir='ltr'><strong>me</strong></span> <span class='ocrx_word' id='word_1_429' title='bbox 2977 2818 3092 2890; x_wconf 90' lang='lat' dir='ltr'><strong>ipso</strong></span> <span class='ocrx_word' id='word_1_430' title='bbox 3132 2821 3420 2890; x_wconf 88' lang='lat' dir='ltr'><strong>respondet</strong></span> <span class='ocrx_word' id='word_1_431' title='bbox 3455 2839 3470 2874; x_wconf 92' lang='lat'><strong>:</strong></span> 
     </span>
    </p>
   </div>
   <div class='ocr_carea' id='block_1_59' title="bbox 1904 2903 3459 2970">
    <p class='ocr_par' dir='ltr' id='par_1_59' title="bbox 1904 2903 3459 2970">
     <span class='ocr_line' id='line_1_59' title="bbox 1904 2903 3459 2970; baseline 0.003 -12"><span class='ocrx_word' id='word_1_432' title='bbox 1904 2903 2038 2959; x_wconf 82' lang='lat' dir='ltr'><strong>Nolo</strong></span> <span class='ocrx_word' id='word_1_433' title='bbox 2061 2906 2205 2959; x_wconf 92' lang='lat' dir='ltr'><strong>enim</strong></span> <span class='ocrx_word' id='word_1_434' title='bbox 2235 2906 2399 2959; x_wconf 90' lang='lat' dir='ltr'><strong>alium</strong></span> <span class='ocrx_word' id='word_1_435' title='bbox 2430 2922 2712 2970; x_wconf 87' lang='lat' dir='ltr'><strong>accusare,</strong></span> <span class='ocrx_word' id='word_1_436' title='bbox 2742 2923 2806 2960; x_wconf 91' lang='lat' dir='ltr'><strong>ne</strong></span> <span class='ocrx_word' id='word_1_437' title='bbox 2837 2907 3000 2962; x_wconf 84' lang='lat' dir='ltr'><strong>Evam</strong></span> <span class='ocrx_word' id='word_1_438' title='bbox 3030 2908 3212 2963; x_wconf 88' lang='lat' dir='ltr'><strong>videar</strong></span> <span class='ocrx_word' id='word_1_439' title='bbox 3237 2911 3459 2964; x_wconf 80' lang='lat' dir='ltr'><strong>imitari.</strong></span> 
     </span>
    </p>
   </div>
   <div class='ocr_carea' id='block_1_60' title="bbox 1907 2996 3480 3068">
    <p class='ocr_par' dir='ltr' id='par_1_60' title="bbox 1907 2996 3480 3068">
     <span class='ocr_line' id='line_1_60' title="bbox 1907 2996 3480 3068; baseline 0.003 -18"><span class='ocrx_word' id='word_1_440' title='bbox 1907 2996 2160 3050; x_wconf 88' lang='lat' dir='ltr'><strong>Detinent</strong></span> <span class='ocrx_word' id='word_1_441' title='bbox 2183 3012 2267 3050; x_wconf 91' lang='lat' dir='ltr'><strong>me</strong></span> <span class='ocrx_word' id='word_1_442' title='bbox 2286 2996 2487 3065; x_wconf 85' lang='lat' dir='ltr'><strong>laquei,</strong></span> <span class='ocrx_word' id='word_1_443' title='bbox 2512 2998 2706 3067; x_wconf 87' lang='lat' dir='ltr'><strong>quilms</strong></span> <span class='ocrx_word' id='word_1_444' title='bbox 2737 3013 2821 3052; x_wconf 91' lang='lat' dir='ltr'><strong>me</strong></span> <span class='ocrx_word' id='word_1_445' title='bbox 2852 2998 2964 3067; x_wconf 90' lang='lat' dir='ltr'><strong>ipse</strong></span> <span class='ocrx_word' id='word_1_446' title='bbox 2982 2999 3160 3068; x_wconf 89' lang='lat' dir='ltr'><strong>ligavi,</strong></span> <span class='ocrx_word' id='word_1_447' title='bbox 3183 3008 3238 3054; x_wconf 92' lang='lat' dir='ltr'><strong>et</strong></span> <span class='ocrx_word' id='word_1_448' title='bbox 3255 3000 3480 3055; x_wconf 73' lang='lat' dir='ltr'><strong>maculas</strong></span> 
     </span>
    </p>
   </div>
   <div class='ocr_carea' id='block_1_61' title="bbox 222 3064 3482 3160">
    <p class='ocr_par' dir='ltr' id='par_1_61' title="bbox 222 3064 3482 3160">
     <span class='ocr_line' id='line_1_61' title="bbox 222 3064 3482 3160; baseline -0 -15"><span class='ocrx_word' id='word_1_449' title='bbox 222 3107 344 3145; x_wconf 87' lang='lat' dir='ltr'><strong>rum</strong></span> <span class='ocrx_word' id='word_1_450' title='bbox 394 3099 521 3146; x_wconf 87' lang='lat' dir='ltr'><strong>acta</strong></span> <span class='ocrx_word' id='word_1_451' title='bbox 555 3067 696 3159; x_wconf 74' lang='lat' dir='ltr'><strong>qua:</strong></span> <span class='ocrx_word' id='word_1_452' title='bbox 727 3104 1018 3144; x_wconf 67' lang='lat' dir='ltr'><strong>maerorem</strong></span> <span class='ocrx_word' id='word_1_453' title='bbox 1073 3090 1360 3160; x_wconf 80' lang='lat' dir='ltr'><strong>angebant,</strong></span> <span class='ocrx_word' id='word_1_454' title='bbox 1395 3089 1574 3142; x_wconf 89' lang='lat' dir='ltr'><strong>itidem</strong></span> <span class='ocrx_word' id='word_1_455' title='bbox 1603 3088 1796 3159; x_wconf 83' lang='lat' dir='ltr'><strong>tangit,</strong></span> <span class='ocrx_word' id='word_1_456' title='bbox 1827 3064 1873 3124; x_wconf 79' lang='lat' dir='ltr'><strong><em>C</em></strong></span> <span class='ocrx_word' id='word_1_457' title='bbox 1908 3085 2056 3148; x_wconf 88' lang='lat' dir='ltr'><strong>retis,</strong></span> <span class='ocrx_word' id='word_1_458' title='bbox 2091 3085 2142 3138; x_wconf 93' lang='lat' dir='ltr'><strong>in</strong></span> <span class='ocrx_word' id='word_1_459' title='bbox 2174 3101 2277 3154; x_wconf 91' lang='lat' dir='ltr'><strong>qua</strong></span> <span class='ocrx_word' id='word_1_460' title='bbox 2309 3087 2497 3154; x_wconf 90' lang='lat' dir='ltr'><strong>pedem</strong></span> <span class='ocrx_word' id='word_1_461' title='bbox 2538 3088 2735 3142; x_wconf 89' lang='lat' dir='ltr'><strong>immisi</strong></span> <span class='ocrx_word' id='word_1_462' title='bbox 2773 3088 3124 3156; x_wconf 87' lang='lat' dir='ltr'><strong>improvidus,</strong></span> <span class='ocrx_word' id='word_1_463' title='bbox 3167 3109 3184 3140; x_wconf 73' lang='grc' dir='ltr'>ι</span> <span class='ocrx_word' id='word_1_464' title='bbox 3221 3089 3345 3144; x_wconf 77' lang='grc' dir='ltr'><strong>ευιῆ</strong></span> <span class='ocrx_word' id='word_1_465' title='bbox 3377 3091 3482 3144; x_wconf 88' lang='lat' dir='ltr'><strong>sci-</strong></span> 
     </span>
    </p>
   </div>
   <div class='ocr_carea' id='block_1_62' title="bbox 221 3179 1798 3254">
    <p class='ocr_par' dir='ltr' id='par_1_62' title="bbox 221 3179 1798 3254">
     <span class='ocr_line' id='line_1_62' title="bbox 221 3179 1798 3254; baseline -0.004 -16"><span class='ocrx_word' id='word_1_466' title='bbox 221 3184 314 3238; x_wconf 82' lang='lat' dir='ltr'><strong>sed</strong></span> <span class='ocrx_word' id='word_1_467' title='bbox 338 3184 418 3237; x_wconf 82' lang='lat' dir='ltr'><strong>ita</strong></span> <span class='ocrx_word' id='word_1_468' title='bbox 441 3181 764 3254; x_wconf 87' lang='lat' dir='ltr'><strong>plerumque</strong></span> <span class='ocrx_word' id='word_1_469' title='bbox 796 3181 1026 3250; x_wconf 80' lang='lat' dir='ltr'><strong>implexa</strong></span> <span class='ocrx_word' id='word_1_470' title='bbox 1050 3189 1103 3236; x_wconf 87' lang='lat' dir='ltr'><strong>et</strong></span> <span class='ocrx_word' id='word_1_471' title='bbox 1133 3182 1387 3244; x_wconf 84' lang='lat' dir='ltr'><strong>obscura,</strong></span> <span class='ocrx_word' id='word_1_472' title='bbox 1420 3189 1479 3233; x_wconf 88' lang='lat' dir='ltr'><strong>ut</strong></span> <span class='ocrx_word' id='word_1_473' title='bbox 1499 3179 1626 3234; x_wconf 90' lang='lat' dir='ltr'><strong>licet</strong></span> <span class='ocrx_word' id='word_1_474' title='bbox 1651 3193 1715 3233; x_wconf 90' lang='lat' dir='ltr'><strong>ea</strong></span> <span class='ocrx_word' id='word_1_475' title='bbox 1745 3180 1798 3232; x_wconf 89' lang='lat' dir='ltr'><strong>in</strong></span> 
     </span>
    </p>
   </div>
   <div class='ocr_carea' id='block_1_63' title="bbox 221 3270 1801 3343">
    <p class='ocr_par' dir='ltr' id='par_1_63' title="bbox 221 3270 1801 3343">
     <span class='ocr_line' id='line_1_63' title="bbox 221 3270 1801 3343; baseline -0.002 -16"><span class='ocrx_word' id='word_1_476' title='bbox 221 3273 487 3343; x_wconf 82' lang='lat' dir='ltr'><strong>subjectis</strong></span> <span class='ocrx_word' id='word_1_477' title='bbox 529 3271 970 3327; x_wconf 88' lang='lat' dir='ltr'><strong>adnotationibus</strong></span> <span class='ocrx_word' id='word_1_478' title='bbox 1015 3271 1287 3337; x_wconf 86' lang='lat' dir='ltr'><strong>evolvere,</strong></span> <span class='ocrx_word' id='word_1_479' title='bbox 1341 3281 1395 3326; x_wconf 91' lang='lat' dir='ltr'><strong>et</strong></span> <span class='ocrx_word' id='word_1_480' title='bbox 1441 3270 1801 3339; x_wconf 90' lang='lat' dir='ltr'><strong>conjectando</strong></span> 
     </span>
    </p>
   </div>
   <div class='ocr_carea' id='block_1_64' title="bbox 218 3357 1803 3432">
    <p class='ocr_par' dir='ltr' id='par_1_64' title="bbox 218 3357 1803 3432">
     <span class='ocr_line' id='line_1_64' title="bbox 218 3357 1803 3432; baseline -0.002 -17"><span class='ocrx_word' id='word_1_481' title='bbox 218 3362 499 3432; x_wconf 80' lang='lat' dir='ltr'><strong>explicare</strong></span> <span class='ocrx_word' id='word_1_482' title='bbox 513 3361 616 3415; x_wconf 85' lang='lat' dir='ltr'><strong>nisi</strong></span> <span class='ocrx_word' id='word_1_483' title='bbox 640 3361 834 3425; x_wconf 90' lang='lat' dir='ltr'><strong>simus,</strong></span> <span class='ocrx_word' id='word_1_484' title='bbox 855 3375 977 3414; x_wconf 86' lang='lat' dir='ltr'><strong>cum</strong></span> <span class='ocrx_word' id='word_1_485' title='bbox 1007 3369 1182 3414; x_wconf 88' lang='lat' dir='ltr'><strong>tamen</strong></span> <span class='ocrx_word' id='word_1_486' title='bbox 1209 3359 1343 3413; x_wconf 87' lang='lat' dir='ltr'><strong>nihil</strong></span> <span class='ocrx_word' id='word_1_487' title='bbox 1356 3360 1487 3412; x_wconf 88' lang='lat' dir='ltr'><strong>certi</strong></span> <span class='ocrx_word' id='word_1_488' title='bbox 1505 3358 1617 3412; x_wconf 90' lang='lat' dir='ltr'><strong>fere</strong></span> <span class='ocrx_word' id='word_1_489' title='bbox 1641 3357 1803 3412; x_wconf 84' lang='lat' dir='ltr'><strong>elice-</strong></span> 
     </span>
    </p>
   </div>
   <div class='ocr_carea' id='block_1_65' title="bbox 224 3450 1799 3524">
    <p class='ocr_par' dir='ltr' id='par_1_65' title="bbox 224 3450 1799 3524">
     <span class='ocr_line' id='line_1_65' title="bbox 224 3450 1799 3524; baseline -0.006 -14"><span class='ocrx_word' id='word_1_490' title='bbox 224 3472 281 3510; x_wconf 87' lang='lat' dir='ltr'><strong>re</strong></span> <span class='ocrx_word' id='word_1_491' title='bbox 300 3454 642 3524; x_wconf 89' lang='lat' dir='ltr'><strong>potuerimus</strong></span> <span class='ocrx_word' id='word_1_492' title='bbox 677 3454 822 3523; x_wconf 76' lang='lat' dir='ltr'><strong>quod</strong></span> <span class='ocrx_word' id='word_1_493' title='bbox 848 3451 972 3506; x_wconf 90' lang='lat' dir='ltr'><strong>huic</strong></span> <span class='ocrx_word' id='word_1_494' title='bbox 998 3452 1119 3505; x_wconf 58' lang='lat' dir='ltr'><strong>vitae</strong></span> <span class='ocrx_word' id='word_1_495' title='bbox 1151 3451 1493 3504; x_wconf 74' lang='lat' dir='ltr'><strong>inserendum</strong></span> <span class='ocrx_word' id='word_1_496' title='bbox 1519 3450 1765 3504; x_wconf 89' lang='lat' dir='ltr'><strong>videatur</strong></span> <span class='ocrx_word' id='word_1_497' title='bbox 1785 3488 1799 3512; x_wconf 92' lang='lat'><strong>,</strong></span> 
     </span>
    </p>
   </div>
   <div class='ocr_carea' id='block_1_66' title="bbox 225 3539 1801 3615">
    <p class='ocr_par' dir='ltr' id='par_1_66' title="bbox 225 3539 1801 3615">
     <span class='ocr_line' id='line_1_66' title="bbox 225 3539 1801 3615; baseline -0.004 -15"><span class='ocrx_word' id='word_1_498' title='bbox 225 3548 292 3600; x_wconf 88' lang='lat' dir='ltr'><strong>ad</strong></span> <span class='ocrx_word' id='word_1_499' title='bbox 324 3547 502 3615; x_wconf 85' lang='lat' dir='ltr'><strong>ipsum</strong></span> <span class='ocrx_word' id='word_1_500' title='bbox 546 3544 747 3598; x_wconf 91' lang='lat' dir='ltr'><strong>librum</strong></span> <span class='ocrx_word' id='word_1_501' title='bbox 784 3551 832 3597; x_wconf 85' lang='lat' dir='ltr'><strong>et</strong></span> <span class='ocrx_word' id='word_1_502' title='bbox 869 3550 1024 3597; x_wconf 89' lang='lat' dir='ltr'><strong>notas</strong></span> <span class='ocrx_word' id='word_1_503' title='bbox 1049 3541 1282 3596; x_wconf 87' lang='lat' dir='ltr'><strong>lectores</strong></span> <span class='ocrx_word' id='word_1_504' title='bbox 1315 3542 1594 3594; x_wconf 88' lang='lat' dir='ltr'><strong>remittere</strong></span> <span class='ocrx_word' id='word_1_505' title='bbox 1625 3539 1801 3594; x_wconf 84' lang='lat' dir='ltr'><strong>satius</strong></span> 
     </span>
    </p>
   </div>
   <div class='ocr_carea' id='block_1_67' title="bbox 221 3621 1802 3706">
    <p class='ocr_par' dir='ltr' id='par_1_67' title="bbox 221 3621 1802 3706">
     <span class='ocr_line' id='line_1_67' title="bbox 221 3621 1802 3706; baseline -0.006 -18"><span class='ocrx_word' id='word_1_506' title='bbox 221 3632 358 3706; x_wconf 63' lang='lat' dir='ltr'><strong>[rei]</strong></span> <span class='ocrx_word' id='word_1_507' title='bbox 402 3633 672 3688; x_wconf 89' lang='lat' dir='ltr'><strong>ducimus.</strong></span> <span class='ocrx_word' id='word_1_508' title='bbox 725 3621 902 3685; x_wconf 83' lang='lat' dir='ltr'><strong>Unum</strong></span> <span class='ocrx_word' id='word_1_509' title='bbox 934 3645 1115 3700; x_wconf 88' lang='lat' dir='ltr'><strong>porro,</strong></span> <span class='ocrx_word' id='word_1_510' title='bbox 1165 3629 1308 3698; x_wconf 89' lang='lat' dir='ltr'><strong>quod</strong></span> <span class='ocrx_word' id='word_1_511' title='bbox 1342 3629 1602 3682; x_wconf 81' lang='lat' dir='ltr'><strong>Ratherio</strong></span> <span class='ocrx_word' id='word_1_512' title='bbox 1632 3627 1802 3680; x_wconf 82' lang='lat' dir='ltr'><strong>maxi-</strong></span> 
     </span>
    </p>
   </div>
   <div class='ocr_carea' id='block_1_68' title="bbox 217 3718 1802 3790">
    <p class='ocr_par' dir='ltr' id='par_1_68' title="bbox 217 3718 1802 3790">
     <span class='ocr_line' id='line_1_68' title="bbox 217 3718 1802 3790; baseline -0.008 -8"><span class='ocrx_word' id='word_1_513' title='bbox 217 3724 813 3782; x_wconf 77' lang='lat' dir='ltr'><strong>mam-soilicitudinem</strong></span> <span class='ocrx_word' id='word_1_514' title='bbox 844 3729 1153 3790; x_wconf 91' lang='lat' dir='ltr'><strong>metumque</strong></span> <span class='ocrx_word' id='word_1_515' title='bbox 1180 3718 1460 3783; x_wconf 70' lang='lat' dir='ltr'><strong>afferebat,</strong></span> <span class='ocrx_word' id='word_1_516' title='bbox 1471 3718 1802 3787; x_wconf 70' lang='lat' dir='ltr'><strong>praecipuam</strong></span> 
     </span>
    </p>
   </div>
   <div class='ocr_carea' id='block_1_69' title="bbox 224 3808 1806 3877">
    <p class='ocr_par' dir='ltr' id='par_1_69' title="bbox 224 3808 1806 3877">
     <span class='ocr_line' id='line_1_69' title="bbox 224 3808 1806 3877; baseline -0.007 -7"><span class='ocrx_word' id='word_1_517' title='bbox 224 3814 752 3870; x_wconf 79' lang='lat' dir='ltr'><strong>animadversionem</strong></span> <span class='ocrx_word' id='word_1_518' title='bbox 783 3819 1043 3877; x_wconf 85' lang='lat' dir='ltr'><strong>meretur,</strong></span> <span class='ocrx_word' id='word_1_519' title='bbox 1095 3825 1218 3864; x_wconf 90' lang='lat' dir='ltr'><strong>cum</strong></span> <span class='ocrx_word' id='word_1_520' title='bbox 1262 3809 1516 3863; x_wconf 88' lang='lat' dir='ltr'><strong>nimirum</strong></span> <span class='ocrx_word' id='word_1_521' title='bbox 1548 3823 1604 3862; x_wconf 89' lang='lat' dir='ltr'><strong>se</strong></span> <span class='ocrx_word' id='word_1_522' title='bbox 1635 3808 1686 3859; x_wconf 93' lang='lat' dir='ltr'><strong>in</strong></span> <span class='ocrx_word' id='word_1_523' title='bbox 1717 3823 1806 3860; x_wconf 91' lang='lat' dir='ltr'><strong>sa-</strong></span> 
     </span>
    </p>
   </div>
   <div class='ocr_carea' id='block_1_70' title="bbox 225 3896 1804 3974">
    <p class='ocr_par' dir='ltr' id='par_1_70' title="bbox 225 3896 1804 3974">
     <span class='ocr_line' id='line_1_70' title="bbox 225 3896 1804 3974; baseline -0.006 -17"><span class='ocrx_word' id='word_1_524' title='bbox 225 3905 350 3959; x_wconf 89' lang='lat' dir='ltr'><strong>lutis</strong></span> <span class='ocrx_word' id='word_1_525' title='bbox 379 3903 622 3974; x_wconf 88' lang='lat' dir='ltr'><strong>periculo</strong></span> <span class='ocrx_word' id='word_1_526' title='bbox 650 3902 855 3957; x_wconf 82' lang='lat' dir='ltr'><strong>versari</strong></span> <span class='ocrx_word' id='word_1_527' title='bbox 883 3900 1171 3971; x_wconf 80' lang='lat' dir='ltr'><strong>signiﬁcat,</strong></span> <span class='ocrx_word' id='word_1_528' title='bbox 1201 3907 1483 3968; x_wconf 87' lang='lat' dir='ltr'><strong>propterea</strong></span> <span class='ocrx_word' id='word_1_529' title='bbox 1509 3896 1653 3966; x_wconf 92' lang='lat' dir='ltr'><strong>quod</strong></span> <span class='ocrx_word' id='word_1_530' title='bbox 1678 3896 1804 3950; x_wconf 86' lang='lat' dir='ltr'><strong>licet</strong></span> 
     </span>
    </p>
   </div>
   <div class='ocr_carea' id='block_1_71' title="bbox 219 3987 1802 4051">
    <p class='ocr_par' dir='ltr' id='par_1_71' title="bbox 219 3987 1802 4051">
     <span class='ocr_line' id='line_1_71' title="bbox 219 3987 1802 4051; baseline -0.005 -3"><span class='ocrx_word' id='word_1_531' title='bbox 219 3994 373 4048; x_wconf 74' lang='lat' dir='ltr'><strong>inter</strong></span> <span class='ocrx_word' id='word_1_532' title='bbox 403 3991 702 4046; x_wconf 78' lang='lat' dir='ltr'><strong>monachos</strong></span> <span class='ocrx_word' id='word_1_533' title='bbox 725 3999 782 4045; x_wconf 91' lang='lat' dir='ltr'><strong>et</strong></span> <span class='ocrx_word' id='word_1_534' title='bbox 806 3990 858 4044; x_wconf 93' lang='lat' dir='ltr'><strong>in</strong></span> <span class='ocrx_word' id='word_1_535' title='bbox 890 3988 1219 4044; x_wconf 90' lang='lat' dir='ltr'><strong>monasterio</strong></span> <span class='ocrx_word' id='word_1_536' title='bbox 1247 3987 1474 4051; x_wconf 87' lang='lat' dir='ltr'><strong>viveret,</strong></span> <span class='ocrx_word' id='word_1_537' title='bbox 1499 3996 1802 4041; x_wconf 89' lang='lat' dir='ltr'><strong>nontamen</strong></span> 
     </span>
    </p>
   </div>
   <div class='ocr_carea' id='block_1_72' title="bbox 219 4075 1804 4149">
    <p class='ocr_par' dir='ltr' id='par_1_72' title="bbox 219 4075 1804 4149">
     <span class='ocr_line' id='line_1_72' title="bbox 219 4075 1804 4149; baseline -0.003 -14"><span class='ocrx_word' id='word_1_538' title='bbox 219 4084 294 4136; x_wconf 86' lang='lat' dir='ltr'><strong>ad</strong></span> <span class='ocrx_word' id='word_1_539' title='bbox 313 4080 674 4136; x_wconf 79' lang='lat' dir='ltr'><strong>monasticam</strong></span> <span class='ocrx_word' id='word_1_540' title='bbox 732 4078 1088 4149; x_wconf 91' lang='lat' dir='ltr'><strong>propositum,</strong></span> <span class='ocrx_word' id='word_1_541' title='bbox 1121 4078 1206 4132; x_wconf 91' lang='lat' dir='ltr'><strong>cui</strong></span> <span class='ocrx_word' id='word_1_542' title='bbox 1240 4091 1360 4131; x_wconf 88' lang='lat' dir='ltr'><strong>sese</strong></span> <span class='ocrx_word' id='word_1_543' title='bbox 1387 4076 1439 4130; x_wconf 87' lang='lat' dir='ltr'><strong>in</strong></span> <span class='ocrx_word' id='word_1_544' title='bbox 1471 4075 1804 4146; x_wconf 79' lang='lat' dir='ltr'><strong>professione</strong></span> 
     </span>
    </p>
   </div>
   <div class='ocr_carea' id='block_1_73' title="bbox 217 4169 1804 4242">
    <p class='ocr_par' dir='ltr' id='par_1_73' title="bbox 217 4169 1804 4242">
     <span class='ocr_line' id='line_1_73' title="bbox 217 4169 1804 4242; baseline -0.003 -16"><span class='ocrx_word' id='word_1_545' title='bbox 217 4173 578 4242; x_wconf 82' lang='lat' dir='ltr'><strong>obligaverat,</strong></span> <span class='ocrx_word' id='word_1_546' title='bbox 611 4171 789 4225; x_wconf 91' lang='lat' dir='ltr'><strong>rediit.</strong></span> <span class='ocrx_word' id='word_1_547' title='bbox 812 4169 946 4224; x_wconf 82' lang='lat' dir='ltr'><strong>Nam</strong></span> <span class='ocrx_word' id='word_1_548' title='bbox 976 4178 1332 4238; x_wconf 65' lang='lat' dir='ltr'><strong>prteterqnam</strong></span> <span class='ocrx_word' id='word_1_549' title='bbox 1365 4169 1507 4237; x_wconf 86' lang='lat' dir='ltr'><strong>quod</strong></span> <span class='ocrx_word' id='word_1_550' title='bbox 1535 4177 1804 4222; x_wconf 85' lang='lat' dir='ltr'><strong>monaste-</strong></span> 
     </span>
    </p>
   </div>
   <div class='ocr_carea' id='block_1_74' title="bbox 224 4257 1802 4330">
    <p class='ocr_par' dir='ltr' id='par_1_74' title="bbox 224 4257 1802 4330">
     <span class='ocr_line' id='line_1_74' title="bbox 224 4257 1802 4330; baseline -0.002 -15"><span class='ocrx_word' id='word_1_551' title='bbox 224 4263 387 4323; x_wconf 89' lang='lat' dir='ltr'><strong>rium,</strong></span> <span class='ocrx_word' id='word_1_552' title='bbox 414 4262 498 4316; x_wconf 87' lang='lat' dir='ltr'><strong>cui</strong></span> <span class='ocrx_word' id='word_1_553' title='bbox 526 4275 667 4315; x_wconf 86' lang='lat' dir='ltr'><strong>nunc</strong></span> <span class='ocrx_word' id='word_1_554' title='bbox 689 4269 948 4330; x_wconf 74' lang='lat' dir='ltr'><strong>praeerat,</strong></span> <span class='ocrx_word' id='word_1_555' title='bbox 974 4274 1077 4312; x_wconf 92' lang='lat' dir='ltr'><strong>non</strong></span> <span class='ocrx_word' id='word_1_556' title='bbox 1108 4271 1227 4313; x_wconf 91' lang='lat' dir='ltr'><strong>erat</strong></span> <span class='ocrx_word' id='word_1_557' title='bbox 1259 4258 1386 4312; x_wconf 88' lang='lat' dir='ltr'><strong>illud</strong></span> <span class='ocrx_word' id='word_1_558' title='bbox 1420 4257 1713 4322; x_wconf 85' lang='lat' dir='ltr'><strong>Lobiense,</strong></span> <span class='ocrx_word' id='word_1_559' title='bbox 1749 4259 1802 4312; x_wconf 90' lang='lat' dir='ltr'><strong>in</strong></span> 
     </span>
    </p>
   </div>
   <div class='ocr_carea' id='block_1_75' title="bbox 227 4351 1801 4425">
    <p class='ocr_par' dir='ltr' id='par_1_75' title="bbox 227 4351 1801 4425">
     <span class='ocr_line' id='line_1_75' title="bbox 227 4351 1801 4425; baseline -0.003 -17"><span class='ocrx_word' id='word_1_560' title='bbox 227 4371 334 4425; x_wconf 88' lang='lat' dir='ltr'><strong>quo</strong></span> <span class='ocrx_word' id='word_1_561' title='bbox 363 4369 423 4410; x_wconf 80' lang='lat' dir='ltr'><strong>se</strong></span> <span class='ocrx_word' id='word_1_562' title='bbox 444 4356 499 4409; x_wconf 88' lang='lat' dir='ltr'><strong>in</strong></span> <span class='ocrx_word' id='word_1_563' title='bbox 520 4363 842 4424; x_wconf 86' lang='lat' dir='ltr'><strong>perpetuum</strong></span> <span class='ocrx_word' id='word_1_564' title='bbox 886 4352 996 4406; x_wconf 89' lang='lat' dir='ltr'><strong>Deo</strong></span> <span class='ocrx_word' id='word_1_565' title='bbox 1023 4352 1348 4405; x_wconf 86' lang='lat' dir='ltr'><strong>serviturum</strong></span> <span class='ocrx_word' id='word_1_566' title='bbox 1372 4351 1726 4420; x_wconf 88' lang='lat' dir='ltr'><strong>promiserat;</strong></span> <span class='ocrx_word' id='word_1_567' title='bbox 1751 4352 1801 4404; x_wconf 90' lang='lat' dir='ltr'><strong>in</strong></span> 
     </span>
    </p>
   </div>
   <div class='ocr_carea' id='block_1_76' title="bbox 227 4441 1804 4522">
    <p class='ocr_par' dir='ltr' id='par_1_76' title="bbox 227 4441 1804 4522">
     <span class='ocr_line' id='line_1_76' title="bbox 227 4441 1804 4522; baseline -0.003 -22"><span class='ocrx_word' id='word_1_568' title='bbox 227 4444 487 4508; x_wconf 69' lang='lat' dir='ltr'><strong>Alnense,</strong></span> <span class='ocrx_word' id='word_1_569' title='bbox 520 4445 605 4498; x_wconf 90' lang='lat' dir='ltr'><strong>cui</strong></span> <span class='ocrx_word' id='word_1_570' title='bbox 643 4451 763 4498; x_wconf 87' lang='lat' dir='ltr'><strong>erat</strong></span> <span class='ocrx_word' id='word_1_571' title='bbox 819 4441 1126 4516; x_wconf 71' lang='lat' dir='ltr'><strong>prtefectus,</strong></span> <span class='ocrx_word' id='word_1_572' title='bbox 1179 4457 1283 4496; x_wconf 93' lang='lat' dir='ltr'><strong>non</strong></span> <span class='ocrx_word' id='word_1_573' title='bbox 1329 4457 1394 4496; x_wconf 89' lang='lat' dir='ltr'><strong>eo</strong></span> <span class='ocrx_word' id='word_1_574' title='bbox 1445 4456 1562 4496; x_wconf 89' lang='lat' dir='ltr'><strong>sese</strong></span> <span class='ocrx_word' id='word_1_575' title='bbox 1603 4444 1804 4522; x_wconf 70' lang='lat' dir='ltr'><strong>recepit</strong></span> 
     </span>
    </p>
   </div>
   <div class='ocr_carea' id='block_1_77' title="bbox 229 4531 1805 4604">
    <p class='ocr_par' dir='ltr' id='par_1_77' title="bbox 229 4531 1805 4604">
     <span class='ocr_line' id='line_1_77' title="bbox 229 4531 1805 4604; baseline 0 -16"><span class='ocrx_word' id='word_1_576' title='bbox 229 4532 481 4597; x_wconf 86' lang='lat' dir='ltr'><strong>consilio,</strong></span> <span class='ocrx_word' id='word_1_577' title='bbox 521 4541 582 4587; x_wconf 91' lang='lat' dir='ltr'><strong>nt</strong></span> <span class='ocrx_word' id='word_1_578' title='bbox 633 4533 800 4604; x_wconf 91' lang='lat' dir='ltr'><strong>(quod</strong></span> <span class='ocrx_word' id='word_1_579' title='bbox 835 4534 888 4586; x_wconf 88' lang='lat' dir='ltr'><strong>in</strong></span> <span class='ocrx_word' id='word_1_580' title='bbox 937 4531 1272 4602; x_wconf 82' lang='lat' dir='ltr'><strong>professione</strong></span> <span class='ocrx_word' id='word_1_581' title='bbox 1326 4532 1708 4601; x_wconf 88' lang='lat' dir='ltr'><strong>spoponderat)</strong></span> <span class='ocrx_word' id='word_1_582' title='bbox 1739 4534 1805 4588; x_wconf 88' lang='lat' dir='ltr'><strong>ad</strong></span> 
     </span>
    </p>
   </div>
   <div class='ocr_carea' id='block_1_78' title="bbox 232 4623 1808 4693">
    <p class='ocr_par' dir='ltr' id='par_1_78' title="bbox 232 4623 1808 4693">
     <span class='ocr_line' id='line_1_78' title="bbox 232 4623 1808 4693; baseline 0.002 -19"><span class='ocrx_word' id='word_1_583' title='bbox 232 4635 464 4678; x_wconf 83' lang='lat' dir='ltr'><strong>mortem</strong></span> <span class='ocrx_word' id='word_1_584' title='bbox 498 4640 666 4693; x_wconf 82' lang='lat' dir='ltr'><strong>usque</strong></span> <span class='ocrx_word' id='word_1_585' title='bbox 718 4625 827 4678; x_wconf 88' lang='lat' dir='ltr'><strong>Deo</strong></span> <span class='ocrx_word' id='word_1_586' title='bbox 872 4623 1070 4676; x_wconf 90' lang='lat' dir='ltr'><strong>ibidem</strong></span> <span class='ocrx_word' id='word_1_587' title='bbox 1124 4623 1376 4676; x_wconf 86' lang='lat' dir='ltr'><strong>serviret.</strong></span> <span class='ocrx_word' id='word_1_588' title='bbox 1432 4623 1808 4692; x_wconf 82' lang='lat' dir='ltr'><strong>Recuperandi</strong></span> 
     </span>
    </p>
   </div>
   <div class='ocr_carea' id='block_1_79' title="bbox 239 4712 1806 4784">
    <p class='ocr_par' dir='ltr' id='par_1_79' title="bbox 239 4712 1806 4784">
     <span class='ocr_line' id='line_1_79' title="bbox 239 4712 1806 4784; baseline 0.002 -20"><span class='ocrx_word' id='word_1_589' title='bbox 239 4713 489 4767; x_wconf 75' lang='lat' dir='ltr'><strong>:iimirum</strong></span> <span class='ocrx_word' id='word_1_590' title='bbox 523 4729 586 4768; x_wconf 90' lang='lat' dir='ltr'><strong>ac</strong></span> <span class='ocrx_word' id='word_1_591' title='bbox 619 4714 899 4784; x_wconf 90' lang='lat' dir='ltr'><strong>repetendi</strong></span> <span class='ocrx_word' id='word_1_592' title='bbox 926 4712 1252 4768; x_wconf 82' lang='lat' dir='ltr'><strong>Veronensis</strong></span> <span class='ocrx_word' id='word_1_593' title='bbox 1281 4713 1627 4783; x_wconf 88' lang='lat' dir='ltr'><strong>episcopatus</strong></span> <span class='ocrx_word' id='word_1_594' title='bbox 1657 4729 1806 4783; x_wconf 90' lang='lat' dir='ltr'><strong>spem</strong></span> 
     </span>
    </p>
   </div>
   <div class='ocr_carea' id='block_1_80' title="bbox 232 4803 1805 4873">
    <p class='ocr_par' dir='ltr' id='par_1_80' title="bbox 232 4803 1805 4873">
     <span class='ocr_line' id='line_1_80' title="bbox 232 4803 1805 4873; baseline 0.003 -21"><span class='ocrx_word' id='word_1_595' title='bbox 232 4803 584 4871; x_wconf 85' lang='lat' dir='ltr'><strong>animumque</strong></span> <span class='ocrx_word' id='word_1_596' title='bbox 604 4804 840 4858; x_wconf 84' lang='lat' dir='ltr'><strong>nondum</strong></span> <span class='ocrx_word' id='word_1_597' title='bbox 858 4803 1153 4873; x_wconf 89' lang='lat' dir='ltr'><strong>abjecerat,</strong></span> <span class='ocrx_word' id='word_1_598' title='bbox 1173 4812 1232 4858; x_wconf 86' lang='lat' dir='ltr'><strong>ut</strong></span> <span class='ocrx_word' id='word_1_599' title='bbox 1258 4805 1466 4872; x_wconf 90' lang='lat' dir='ltr'><strong>patebit</strong></span> <span class='ocrx_word' id='word_1_600' title='bbox 1490 4819 1555 4859; x_wconf 81' lang='lat' dir='ltr'><strong>ex</strong></span> <span class='ocrx_word' id='word_1_601' title='bbox 1583 4813 1695 4858; x_wconf 90' lang='lat' dir='ltr'><strong>not.</strong></span> <span class='ocrx_word' id='word_1_602' title='bbox 1713 4803 1805 4866; x_wconf 75' lang='lat'><strong>52,</strong></span> 
     </span>
    </p>
   </div>
   <div class='ocr_carea' id='block_1_81' title="bbox 231 4883 1813 4952">
    <p class='ocr_par' dir='ltr' id='par_1_81' title="bbox 231 4883 1813 4952">
     <span class='ocr_line' id='line_1_81' title="bbox 231 4883 1813 4952; baseline 0.004 -12"><span class='ocrx_word' id='word_1_603' title='bbox 231 4883 294 4940; x_wconf 65' lang='lat' dir='ltr'><strong>:in</strong></span> <span class='ocrx_word' id='word_1_604' title='bbox 332 4887 535 4943; x_wconf 85' lang='lat' dir='ltr'><strong>librum</strong></span> <span class='ocrx_word' id='word_1_605' title='bbox 576 4890 965 4952; x_wconf 84' lang='lat' dir='ltr'><strong>Confessionis,</strong></span> <span class='ocrx_word' id='word_1_606' title='bbox 998 4899 1054 4944; x_wconf 88' lang='lat' dir='ltr'><strong>et</strong></span> <span class='ocrx_word' id='word_1_607' title='bbox 1083 4890 1496 4946; x_wconf 82' lang='lat' dir='ltr'><strong>coniinuabitur</strong></span> <span class='ocrx_word' id='word_1_608' title='bbox 1540 4892 1704 4946; x_wconf 77' lang='lat' dir='ltr'><strong>etiam</strong></span> <span class='ocrx_word' id='word_1_609' title='bbox 1747 4908 1813 4946; x_wconf 81' lang='lat' dir='ltr'><strong>ex</strong></span> 
     </span>
    </p>
   </div>
   <div class='ocr_carea' id='block_1_82' title="bbox 235 4981 838 5051">
    <p class='ocr_par' dir='ltr' id='par_1_82' title="bbox 235 4981 838 5051">
     <span class='ocr_line' id='line_1_82' title="bbox 235 4981 838 5051; baseline 0.005 -19"><span class='ocrx_word' id='word_1_610' title='bbox 235 4981 478 5035; x_wconf 88' lang='lat' dir='ltr'><strong>dicendis</strong></span> <span class='ocrx_word' id='word_1_611' title='bbox 505 4981 660 5048; x_wconf 89' lang='lat' dir='ltr'><strong>paulo</strong></span> <span class='ocrx_word' id='word_1_612' title='bbox 697 4991 838 5051; x_wconf 90' lang='lat' dir='ltr'><strong>post.</strong></span> 
     </span>
    </p>
   </div>
   <div class='ocr_carea' id='block_1_83' title="bbox 300 5067 1813 5137">
    <p class='ocr_par' dir='ltr' id='par_1_83' title="bbox 300 5067 1813 5137">
     <span class='ocr_line' id='line_1_83' title="bbox 300 5067 1813 5137; baseline 0.002 -18"><span class='ocrx_word' id='word_1_613' title='bbox 300 5067 391 5120; x_wconf 80' lang='lat'><strong>66.</strong></span> <span class='ocrx_word' id='word_1_614' title='bbox 440 5067 672 5120; x_wconf 77' lang='lat' dir='ltr'><strong>Anxium</strong></span> <span class='ocrx_word' id='word_1_615' title='bbox 704 5069 926 5136; x_wconf 89' lang='lat' dir='ltr'><strong>quidem</strong></span> <span class='ocrx_word' id='word_1_616' title='bbox 979 5068 1080 5122; x_wconf 90' lang='lat' dir='ltr'><strong>hac</strong></span> <span class='ocrx_word' id='word_1_617' title='bbox 1130 5082 1297 5137; x_wconf 91' lang='lat' dir='ltr'><strong>super</strong></span> <span class='ocrx_word' id='word_1_618' title='bbox 1322 5083 1402 5133; x_wconf 91' lang='lat' dir='ltr'><strong>re,</strong></span> <span class='ocrx_word' id='word_1_619' title='bbox 1451 5085 1551 5123; x_wconf 87' lang='lat' dir='ltr'><strong>nec</strong></span> <span class='ocrx_word' id='word_1_620' title='bbox 1607 5068 1709 5122; x_wconf 88' lang='lat' dir='ltr'><strong>levi</strong></span> <span class='ocrx_word' id='word_1_621' title='bbox 1756 5085 1813 5122; x_wconf 90' lang='lat' dir='ltr'><strong>se</strong></span> 
     </span>
    </p>
   </div>
   <div class='ocr_carea' id='block_1_84' title="bbox 235 5155 1813 5229">
    <p class='ocr_par' dir='ltr' id='par_1_84' title="bbox 235 5155 1813 5229">
     <span class='ocr_line' id='line_1_84' title="bbox 235 5155 1813 5229; baseline 0.003 -21"><span class='ocrx_word' id='word_1_622' title='bbox 235 5155 542 5224; x_wconf 86' lang='lat' dir='ltr'><strong>perculsum</strong></span> <span class='ocrx_word' id='word_1_623' title='bbox 570 5166 710 5211; x_wconf 90' lang='lat' dir='ltr'><strong>metu</strong></span> <span class='ocrx_word' id='word_1_624' title='bbox 760 5158 1006 5228; x_wconf 86' lang='lat' dir='ltr'><strong>pluribus</strong></span> <span class='ocrx_word' id='word_1_625' title='bbox 1043 5157 1094 5211; x_wconf 91' lang='lat' dir='ltr'><strong>in</strong></span> <span class='ocrx_word' id='word_1_626' title='bbox 1129 5158 1262 5212; x_wconf 87' lang='lat' dir='ltr'><strong>locis</strong></span> <span class='ocrx_word' id='word_1_627' title='bbox 1283 5158 1553 5224; x_wconf 90' lang='lat' dir='ltr'><strong>declarat;</strong></span> <span class='ocrx_word' id='word_1_628' title='bbox 1585 5172 1813 5229; x_wconf 88' lang='lat' dir='ltr'><strong>eamque</strong></span> 
     </span>
    </p>
   </div>
   <div class='ocr_carea' id='block_1_85' title="bbox 236 5243 1810 5316">
    <p class='ocr_par' dir='ltr' id='par_1_85' title="bbox 236 5243 1810 5316">
     <span class='ocr_line' id='line_1_85' title="bbox 236 5243 1810 5316; baseline 0.003 -19"><span class='ocrx_word' id='word_1_629' title='bbox 236 5243 403 5297; x_wconf 86' lang='lat' dir='ltr'><strong>solam</strong></span> <span class='ocrx_word' id='word_1_630' title='bbox 431 5245 858 5311; x_wconf 77' lang='lat' dir='ltr'><strong>excusationem,</strong></span> <span class='ocrx_word' id='word_1_631' title='bbox 889 5261 984 5300; x_wconf 90' lang='lat' dir='ltr'><strong>seu</strong></span> <span class='ocrx_word' id='word_1_632' title='bbox 1030 5261 1274 5309; x_wconf 89' lang='lat' dir='ltr'><strong>causam,</strong></span> <span class='ocrx_word' id='word_1_633' title='bbox 1322 5263 1420 5302; x_wconf 86' lang='lat' dir='ltr'><strong>cur</strong></span> <span class='ocrx_word' id='word_1_634' title='bbox 1449 5249 1514 5301; x_wconf 92' lang='lat' dir='ltr'><strong>ad</strong></span> <span class='ocrx_word' id='word_1_635' title='bbox 1563 5248 1810 5316; x_wconf 86' lang='lat' dir='ltr'><strong>proposi-</strong></span> 
     </span>
    </p>
   </div>
   <div class='ocr_carea' id='block_1_86' title="bbox 513 5329 1774 5360">
    <p class='ocr_par' dir='ltr' id='par_1_86' title="bbox 513 5329 1774 5360">
     <span class='ocr_line' id='line_1_86' title="bbox 513 5329 1774 5360; baseline 0 0"><span class='ocrx_word' id='word_1_636' title='bbox 513 5329 604 5360; x_wconf 73' lang='lat' dir='ltr'><strong><em>:&#39;\I\</em></strong></span> <span class='ocrx_word' id='word_1_637' title='bbox 629 5346 730 5360; x_wconf 63' lang='lat' dir='ltr'><strong>“At:</strong></span> <span class='ocrx_word' id='word_1_638' title='bbox 763 5341 1066 5360; x_wconf 59' lang='lat' dir='ltr'><strong>nauunnlAl-In</strong></span> <span class='ocrx_word' id='word_1_639' title='bbox 1117 5335 1318 5360; x_wconf 68' lang='grc' dir='ltr'><strong>ζ...ΙῖΑ.ιο</strong></span> <span class='ocrx_word' id='word_1_640' title='bbox 1348 5352 1470 5360; x_wconf 64' lang='grc' dir='ltr'><strong>-.ι-...ιι</strong></span> <span class='ocrx_word' id='word_1_641' title='bbox 1641 5352 1655 5360; x_wconf 70' lang='grc' dir='ltr'><strong><em>ε</em></strong></span> <span class='ocrx_word' id='word_1_642' title='bbox 1689 5336 1774 5360; x_wconf 61' lang='grc' dir='ltr'><strong>’.α-ξ</strong></span> 
     </span>
    </p>
   </div>
   <div class='ocr_carea' id='block_1_87' title="bbox 317 5335 1808 5360">
    <p class='ocr_par' dir='ltr' id='par_1_87' title="bbox 317 5335 1808 5360">
     <span class='ocr_line' id='line_1_87' title="bbox 317 5335 1808 5360; baseline 0 0"><span class='ocrx_word' id='word_1_643' title='bbox 317 5345 350 5360; x_wconf 78' lang='lat' dir='ltr'><strong>II</strong></span> <span class='ocrx_word' id='word_1_644' title='bbox 381 5335 604 5360; x_wconf 56' lang='lat' dir='ltr'><strong>Amr-‘1‘“</strong></span> <span class='ocrx_word' id='word_1_645' title='bbox 629 5346 730 5360; x_wconf 63' lang='lat' dir='ltr'><strong>“At:</strong></span> <span class='ocrx_word' id='word_1_646' title='bbox 763 5341 1066 5360; x_wconf 59' lang='lat' dir='ltr'><strong>nauunnlAl-In</strong></span> <span class='ocrx_word' id='word_1_647' title='bbox 1117 5335 1318 5360; x_wconf 68' lang='grc' dir='ltr'><strong>ζ...ΙῖΑ.ιο</strong></span> <span class='ocrx_word' id='word_1_648' title='bbox 1348 5352 1470 5360; x_wconf 64' lang='grc' dir='ltr'><strong>-.ι-...ιι</strong></span> <span class='ocrx_word' id='word_1_649' title='bbox 1641 5352 1655 5360; x_wconf 70' lang='grc' dir='ltr'><strong><em>ε</em></strong></span> <span class='ocrx_word' id='word_1_650' title='bbox 1689 5336 1808 5360; x_wconf 53' lang='grc' dir='ltr'><strong>ηαξ-</strong></span> 
     </span>
    </p>
   </div>
   <div class='ocr_carea' id='block_1_88' title="bbox 1901 3174 3477 3249">
    <p class='ocr_par' dir='ltr' id='par_1_88' title="bbox 1901 3174 3477 3249">
     <span class='ocr_line' id='line_1_88' title="bbox 1901 3174 3477 3249; baseline 0.004 -23"><span class='ocrx_word' id='word_1_651' title='bbox 1901 3174 2027 3228; x_wconf 89' lang='lat' dir='ltr'><strong>licet</strong></span> <span class='ocrx_word' id='word_1_652' title='bbox 2049 3174 2356 3229; x_wconf 84' lang='lat' dir='ltr'><strong>Hilduinum</strong></span> <span class='ocrx_word' id='word_1_653' title='bbox 2381 3187 2687 3242; x_wconf 88' lang='lat' dir='ltr'><strong>secuturus,</strong></span> <span class='ocrx_word' id='word_1_654' title='bbox 2721 3181 3105 3235; x_wconf 89' lang='lat' dir='ltr'><strong>monasterium</strong></span> <span class='ocrx_word' id='word_1_655' title='bbox 3127 3180 3396 3249; x_wconf 80' lang='lat' dir='ltr'><strong>deseruit,</strong></span> <span class='ocrx_word' id='word_1_656' title='bbox 3418 3190 3477 3236; x_wconf 87' lang='lat' dir='ltr'><strong>et</strong></span> 
     </span>
    </p>
   </div>
   <div class='ocr_carea' id='block_1_89' title="bbox 1902 3265 3478 3340">
    <p class='ocr_par' dir='ltr' id='par_1_89' title="bbox 1902 3265 3478 3340">
     <span class='ocr_line' id='line_1_89' title="bbox 1902 3265 3478 3340; baseline 0.004 -22"><span class='ocrx_word' id='word_1_657' title='bbox 1902 3280 1966 3318; x_wconf 79' lang='lat' dir='ltr'><strong>ex</strong></span> <span class='ocrx_word' id='word_1_658' title='bbox 1996 3265 2263 3320; x_wconf 85' lang='lat' dir='ltr'><strong>monacho</strong></span> <span class='ocrx_word' id='word_1_659' title='bbox 2283 3267 2346 3321; x_wconf 89' lang='lat' dir='ltr'><strong>ad</strong></span> <span class='ocrx_word' id='word_1_660' title='bbox 2361 3268 2729 3336; x_wconf 87' lang='lat' dir='ltr'><strong>episcopatum</strong></span> <span class='ocrx_word' id='word_1_661' title='bbox 2751 3270 3010 3324; x_wconf 87' lang='lat' dir='ltr'><strong>ascendit.</strong></span> <span class='ocrx_word' id='word_1_662' title='bbox 3033 3269 3213 3340; x_wconf 73' lang='lat' dir='ltr'><strong>Neque</strong></span> <span class='ocrx_word' id='word_1_663' title='bbox 3237 3273 3337 3326; x_wconf 91' lang='lat' dir='ltr'><strong>hoc</strong></span> <span class='ocrx_word' id='word_1_664' title='bbox 3359 3271 3478 3325; x_wconf 86' lang='lat' dir='ltr'><strong>loco</strong></span> 
     </span>
    </p>
   </div>
   <div class='ocr_carea' id='block_1_90' title="bbox 1901 3355 3478 3429">
    <p class='ocr_par' dir='ltr' id='par_1_90' title="bbox 1901 3355 3478 3429">
     <span class='ocr_line' id='line_1_90' title="bbox 1901 3355 3478 3429; baseline 0.006 -22"><span class='ocrx_word' id='word_1_665' title='bbox 1901 3355 2255 3408; x_wconf 88' lang='lat' dir='ltr'><strong>omittendum</strong></span> <span class='ocrx_word' id='word_1_666' title='bbox 2295 3356 2525 3418; x_wconf 89' lang='lat' dir='ltr'><strong>videtur,</strong></span> <span class='ocrx_word' id='word_1_667' title='bbox 2576 3358 2798 3426; x_wconf 88' lang='lat' dir='ltr'><strong>quodin</strong></span> <span class='ocrx_word' id='word_1_668' title='bbox 2853 3357 3141 3426; x_wconf 84' lang='lat' dir='ltr'><strong>Qualitatis</strong></span> <span class='ocrx_word' id='word_1_669' title='bbox 3167 3359 3478 3429; x_wconf 86' lang='lat' dir='ltr'><strong>conjectura</strong></span> 
     </span>
    </p>
   </div>
   <div class='ocr_carea' id='block_1_91' title="bbox 1902 3443 3479 3513">
    <p class='ocr_par' dir='ltr' id='par_1_91' title="bbox 1902 3443 3479 3513">
     <span class='ocr_line' id='line_1_91' title="bbox 1902 3443 3479 3513; baseline 0.007 -18"><span class='ocrx_word' id='word_1_670' title='bbox 1902 3459 2051 3496; x_wconf 88' lang='lat' dir='ltr'><strong>unm.</strong></span> <span class='ocrx_word' id='word_1_671' title='bbox 2078 3443 2110 3495; x_wconf 87' lang='lat'><strong>6</strong></span> <span class='ocrx_word' id='word_1_672' title='bbox 2136 3444 2412 3508; x_wconf 90' lang='lat' dir='ltr'><strong>scribitur,</strong></span> <span class='ocrx_word' id='word_1_673' title='bbox 2438 3445 2783 3511; x_wconf 78' lang='lat' dir='ltr'><strong>Ratherinm,</strong></span> <span class='ocrx_word' id='word_1_674' title='bbox 2811 3465 2932 3502; x_wconf 89' lang='lat' dir='ltr'><strong>cum</strong></span> <span class='ocrx_word' id='word_1_675' title='bbox 2966 3451 3015 3504; x_wconf 91' lang='lat' dir='ltr'><strong>in</strong></span> <span class='ocrx_word' id='word_1_676' title='bbox 3048 3451 3114 3505; x_wconf 90' lang='lat' dir='ltr'><strong>iis</strong></span> <span class='ocrx_word' id='word_1_677' title='bbox 3142 3452 3479 3513; x_wconf 88' lang='lat' dir='ltr'><strong>tumultibus,</strong></span> 
     </span>
    </p>
   </div>
   <div class='ocr_carea' id='block_1_92' title="bbox 1901 3532 3484 3602">
    <p class='ocr_par' dir='ltr' id='par_1_92' title="bbox 1901 3532 3484 3602">
     <span class='ocr_line' id='line_1_92' title="bbox 1901 3532 3484 3602; baseline 0.004 -18"><span class='ocrx_word' id='word_1_678' title='bbox 1901 3532 1992 3597; x_wconf 85' lang='lat' dir='ltr'><strong>qui</strong></span> <span class='ocrx_word' id='word_1_679' title='bbox 2027 3543 2148 3601; x_wconf 91' lang='lat' dir='ltr'><strong>post</strong></span> <span class='ocrx_word' id='word_1_680' title='bbox 2180 3533 2394 3586; x_wconf 90' lang='lat' dir='ltr'><strong>tertiam</strong></span> <span class='ocrx_word' id='word_1_681' title='bbox 2423 3535 2538 3602; x_wconf 90' lang='lat' dir='ltr'><strong>ejus</strong></span> <span class='ocrx_word' id='word_1_682' title='bbox 2578 3536 2974 3590; x_wconf 76' lang='lat' dir='ltr'><strong>restitutionem</strong></span> <span class='ocrx_word' id='word_1_683' title='bbox 3010 3539 3233 3593; x_wconf 79' lang='lat' dir='ltr'><strong>Verona:</strong></span> <span class='ocrx_word' id='word_1_684' title='bbox 3261 3541 3484 3593; x_wconf 89' lang='lat' dir='ltr'><strong>fuerunt</strong></span> 
     </span>
    </p>
   </div>
   <div class='ocr_carea' id='block_1_93' title="bbox 1903 3623 3469 3700">
    <p class='ocr_par' dir='ltr' id='par_1_93' title="bbox 1903 3623 3469 3700">
     <span class='ocr_line' id='line_1_93' title="bbox 1903 3623 3469 3700; baseline 0.004 -23"><span class='ocrx_word' id='word_1_685' title='bbox 1903 3623 2144 3688; x_wconf 80' lang='lat' dir='ltr'><strong>excitati,</strong></span> <span class='ocrx_word' id='word_1_686' title='bbox 2182 3644 2198 3674; x_wconf 73' lang='grc' dir='ltr'><strong>ε</strong></span> <span class='ocrx_word' id='word_1_687' title='bbox 2237 3634 2449 3694; x_wconf 86' lang='lat' dir='ltr'><strong>putaret</strong></span> <span class='ocrx_word' id='word_1_688' title='bbox 2475 3627 2614 3694; x_wconf 91' lang='lat' dir='ltr'><strong>quod</strong></span> <span class='ocrx_word' id='word_1_689' title='bbox 2642 3636 2788 3681; x_wconf 88' lang='lat' dir='ltr'><strong>esset</strong></span> <span class='ocrx_word' id='word_1_690' title='bbox 2817 3637 2942 3681; x_wconf 91' lang='lat' dir='ltr'><strong>tunc</strong></span> <span class='ocrx_word' id='word_1_691' title='bbox 2967 3629 3178 3698; x_wconf 87' lang='lat' dir='ltr'><strong>penitus</strong></span> <span class='ocrx_word' id='word_1_692' title='bbox 3200 3630 3469 3700; x_wconf 78' lang='lat' dir='ltr'><strong>expellen~</strong></span> 
     </span>
    </p>
   </div>
   <div class='ocr_carea' id='block_1_94' title="bbox 1903 3713 3476 3788">
    <p class='ocr_par' dir='ltr' id='par_1_94' title="bbox 1903 3713 3476 3788">
     <span class='ocr_line' id='line_1_94' title="bbox 1903 3713 3476 3788; baseline 0.006 -23"><span class='ocrx_word' id='word_1_693' title='bbox 1903 3713 2022 3777; x_wconf 89' lang='lat' dir='ltr'><strong>dus,</strong></span> <span class='ocrx_word' id='word_1_694' title='bbox 2041 3715 2282 3780; x_wconf 86' lang='lat' dir='ltr'><strong>gavisum</strong></span> <span class='ocrx_word' id='word_1_695' title='bbox 2306 3713 2487 3777; x_wconf 83' lang='lat' dir='ltr'><strong>fuisse,</strong></span> <span class='ocrx_word' id='word_1_696' title='bbox 2514 3715 2654 3784; x_wconf 91' lang='lat' dir='ltr'><strong>quod</strong></span> <span class='ocrx_word' id='word_1_697' title='bbox 2679 3717 2789 3785; x_wconf 88' lang='lat' dir='ltr'><strong>ipse</strong></span> <span class='ocrx_word' id='word_1_698' title='bbox 2829 3733 2934 3772; x_wconf 92' lang='lat' dir='ltr'><strong>non</strong></span> <span class='ocrx_word' id='word_1_699' title='bbox 2981 3719 3476 3788; x_wconf 88' lang='lat' dir='ltr'><strong>dimiseritepisco-</strong></span> 
     </span>
    </p>
   </div>
   <div class='ocr_carea' id='block_1_95' title="bbox 1904 3806 3482 3876">
    <p class='ocr_par' dir='ltr' id='par_1_95' title="bbox 1904 3806 3482 3876">
     <span class='ocr_line' id='line_1_95' title="bbox 1904 3806 3482 3876; baseline 0.006 -20"><span class='ocrx_word' id='word_1_700' title='bbox 1904 3814 2109 3873; x_wconf 87' lang='lat' dir='ltr'><strong>patum,</strong></span> <span class='ocrx_word' id='word_1_701' title='bbox 2137 3806 2228 3859; x_wconf 87' lang='lat' dir='ltr'><strong>sed</strong></span> <span class='ocrx_word' id='word_1_702' title='bbox 2255 3807 2597 3876; x_wconf 81' lang='lat' dir='ltr'><strong>episcopatus</strong></span> <span class='ocrx_word' id='word_1_703' title='bbox 2626 3823 2772 3875; x_wconf 90' lang='lat' dir='ltr'><strong>eum,</strong></span> <span class='ocrx_word' id='word_1_704' title='bbox 2795 3817 2850 3862; x_wconf 91' lang='lat' dir='ltr'><strong>et</strong></span> <span class='ocrx_word' id='word_1_705' title='bbox 2876 3810 2975 3864; x_wconf 93' lang='lat' dir='ltr'><strong>hac</strong></span> <span class='ocrx_word' id='word_1_706' title='bbox 2997 3821 3114 3865; x_wconf 90' lang='lat' dir='ltr'><strong>arte</strong></span> <span class='ocrx_word' id='word_1_707' title='bbox 3144 3811 3396 3876; x_wconf 91' lang='lat' dir='ltr'><strong>voluisse,</strong></span> <span class='ocrx_word' id='word_1_708' title='bbox 3422 3823 3482 3866; x_wconf 91' lang='lat' dir='ltr'><strong>nt</strong></span> 
     </span>
    </p>
   </div>
   <div class='ocr_carea' id='block_1_96' title="bbox 1905 3895 3483 3966">
    <p class='ocr_par' dir='ltr' id='par_1_96' title="bbox 1905 3895 3483 3966">
     <span class='ocr_line' id='line_1_96' title="bbox 1905 3895 3483 3966; baseline 0.006 -20"><span class='ocrx_word' id='word_1_709' title='bbox 1905 3895 2140 3958; x_wconf 91' lang='lat' dir='ltr'><strong>dicebat,</strong></span> <span class='ocrx_word' id='word_1_710' title='bbox 2171 3904 2416 3965; x_wconf 89' lang='lat' dir='ltr'><strong>repetere</strong></span> <span class='ocrx_word' id='word_1_711' title='bbox 2465 3899 2872 3952; x_wconf 90' lang='lat' dir='ltr'><strong>monasterium.</strong></span> <span class='ocrx_word' id='word_1_712' title='bbox 2920 3900 3069 3966; x_wconf 90' lang='lat' dir='ltr'><strong>Quod</strong></span> <span class='ocrx_word' id='word_1_713' title='bbox 3099 3917 3221 3955; x_wconf 90' lang='lat' dir='ltr'><strong>cum</strong></span> <span class='ocrx_word' id='word_1_714' title='bbox 3259 3902 3483 3956; x_wconf 84' lang='lat' dir='ltr'><strong>minimo</strong></span> 
     </span>
    </p>
   </div>
   <div class='ocr_carea' id='block_1_97' title="bbox 1904 3987 3480 4064">
    <p class='ocr_par' dir='ltr' id='par_1_97' title="bbox 1904 3987 3480 4064">
     <span class='ocr_line' id='line_1_97' title="bbox 1904 3987 3480 4064; baseline 0.007 -28"><span class='ocrx_word' id='word_1_715' title='bbox 1904 3987 2255 4053; x_wconf 89' lang='lat' dir='ltr'><strong>processisset</strong></span> <span class='ocrx_word' id='word_1_716' title='bbox 2291 3988 2440 4057; x_wconf 93' lang='lat' dir='ltr'><strong>(tunc</strong></span> <span class='ocrx_word' id='word_1_717' title='bbox 2464 3989 2606 4042; x_wconf 92' lang='lat' dir='ltr'><strong>enim</strong></span> <span class='ocrx_word' id='word_1_718' title='bbox 2654 3991 2908 4058; x_wconf 83' lang='lat' dir='ltr'><strong>expulsus</strong></span> <span class='ocrx_word' id='word_1_719' title='bbox 2947 4005 3055 4046; x_wconf 90' lang='lat' dir='ltr'><strong>non</strong></span> <span class='ocrx_word' id='word_1_720' title='bbox 3106 3992 3226 4063; x_wconf 91' lang='lat' dir='ltr'><strong>fuit)</strong></span> <span class='ocrx_word' id='word_1_721' title='bbox 3261 3995 3480 4064; x_wconf 81' lang='lat' dir='ltr'><strong>putabat</strong></span> 
     </span>
    </p>
   </div>
   <div class='ocr_carea' id='block_1_98' title="bbox 1906 4075 3478 4149">
    <p class='ocr_par' dir='ltr' id='par_1_98' title="bbox 1906 4075 3478 4149">
     <span class='ocr_line' id='line_1_98' title="bbox 1906 4075 3478 4149; baseline 0.006 -22"><span class='ocrx_word' id='word_1_722' title='bbox 1906 4075 1971 4128; x_wconf 93' lang='lat' dir='ltr'><strong>de</strong></span> <span class='ocrx_word' id='word_1_723' title='bbox 1997 4089 2054 4128; x_wconf 88' lang='lat' dir='ltr'><strong>se</strong></span> <span class='ocrx_word' id='word_1_724' title='bbox 2083 4076 2552 4145; x_wconf 83' lang='lat' dir='ltr'><strong>desperatissimns</strong></span> <span class='ocrx_word' id='word_1_725' title='bbox 2575 4078 2703 4133; x_wconf 92' lang='lat' dir='ltr'><strong>illud</strong></span> <span class='ocrx_word' id='word_1_726' title='bbox 2723 4081 2987 4149; x_wconf 88' lang='lat' dir='ltr'><strong>prolatum</strong></span> <span class='ocrx_word' id='word_1_727' title='bbox 3018 4101 3030 4134; x_wconf 90' lang='lat'>:</span> <span class='ocrx_word' id='word_1_728' title='bbox 3063 4083 3118 4137; x_wconf 82' lang='lat' dir='ltr'><strong>Si</strong></span> <span class='ocrx_word' id='word_1_729' title='bbox 3149 4084 3478 4138; x_wconf 87' lang='lat' dir='ltr'><strong>concluserit</strong></span> 
     </span>
    </p>
   </div>
   <div class='ocr_carea' id='block_1_99' title="bbox 1907 4165 3486 4242">
    <p class='ocr_par' dir='ltr' id='par_1_99' title="bbox 1907 4165 3486 4242">
     <span class='ocr_line' id='line_1_99' title="bbox 1907 4165 3486 4242; baseline 0.006 -23"><span class='ocrx_word' id='word_1_730' title='bbox 1907 4165 2048 4221; x_wconf 88' lang='lat' dir='ltr'><strong>Deus</strong></span> <span class='ocrx_word' id='word_1_731' title='bbox 2111 4168 2407 4232; x_wconf 87' lang='lat' dir='ltr'><strong>hominem,</strong></span> <span class='ocrx_word' id='word_1_732' title='bbox 2458 4169 2579 4238; x_wconf 91' lang='lat' dir='ltr'><strong>quis</strong></span> <span class='ocrx_word' id='word_1_733' title='bbox 2635 4171 2682 4224; x_wconf 91' lang='lat' dir='ltr'><strong>ei</strong></span> <span class='ocrx_word' id='word_1_734' title='bbox 2741 4172 2922 4226; x_wconf 90' lang='lat' dir='ltr'><strong>dicere</strong></span> <span class='ocrx_word' id='word_1_735' title='bbox 2974 4183 3169 4242; x_wconf 91' lang='lat' dir='ltr'><strong>potest,</strong></span> <span class='ocrx_word' id='word_1_736' title='bbox 3221 4173 3332 4228; x_wconf 87' lang='lat' dir='ltr'><strong>Cur</strong></span> <span class='ocrx_word' id='word_1_737' title='bbox 3381 4175 3486 4229; x_wconf 82' lang='lat' dir='ltr'><strong>hoc</strong></span> 
     </span>
    </p>
   </div>
   <div class='ocr_carea' id='block_1_100' title="bbox 1907 4255 3485 4330">
    <p class='ocr_par' dir='ltr' id='par_1_100' title="bbox 1907 4255 3485 4330">
     <span class='ocr_line' id='line_1_100' title="bbox 1907 4255 3485 4330; baseline 0.006 -22"><span class='ocrx_word' id='word_1_738' title='bbox 1907 4255 2074 4310; x_wconf 88' lang='lat' dir='ltr'><strong>facis?</strong></span> <span class='ocrx_word' id='word_1_739' title='bbox 2108 4276 2125 4308; x_wconf 75' lang='grc' dir='ltr'><strong><em>ι</em></strong></span> <span class='ocrx_word' id='word_1_740' title='bbox 2176 4256 2327 4312; x_wconf 79' lang='lat' dir='ltr'><strong>Nune</strong></span> <span class='ocrx_word' id='word_1_741' title='bbox 2380 4274 2509 4312; x_wconf 87' lang='lat' dir='ltr'><strong>vero</strong></span> <span class='ocrx_word' id='word_1_742' title='bbox 2564 4261 2664 4313; x_wconf 93' lang='lat' dir='ltr'><strong>etsi</strong></span> <span class='ocrx_word' id='word_1_743' title='bbox 2709 4261 2887 4330; x_wconf 90' lang='lat' dir='ltr'><strong>ipsum</strong></span> <span class='ocrx_word' id='word_1_744' title='bbox 2928 4279 2958 4316; x_wconf 85' lang='lat' dir='ltr'><strong>e</strong></span> <span class='ocrx_word' id='word_1_745' title='bbox 2992 4262 3310 4318; x_wconf 84' lang='lat' dir='ltr'><strong>Leodiccnsi</strong></span> <span class='ocrx_word' id='word_1_746' title='bbox 3357 4267 3485 4318; x_wconf 91' lang='lat' dir='ltr'><strong>sede</strong></span> 
     </span>
    </p>
   </div>
   <div class='ocr_carea' id='block_1_101' title="bbox 1911 4347 3489 4424">
    <p class='ocr_par' dir='ltr' id='par_1_101' title="bbox 1911 4347 3489 4424">
     <span class='ocr_line' id='line_1_101' title="bbox 1911 4347 3489 4424; baseline 0.008 -28"><span class='ocrx_word' id='word_1_747' title='bbox 1911 4347 2191 4415; x_wconf 81' lang='lat' dir='ltr'><strong>expulsum</strong></span> <span class='ocrx_word' id='word_1_748' title='bbox 2216 4348 2557 4417; x_wconf 85' lang='lat' dir='ltr'><strong>episcopatus</strong></span> <span class='ocrx_word' id='word_1_749' title='bbox 2577 4349 2846 4416; x_wconf 82' lang='lat' dir='ltr'><strong>deseruit,</strong></span> <span class='ocrx_word' id='word_1_750' title='bbox 2874 4353 3052 4406; x_wconf 89' lang='lat' dir='ltr'><strong>adlmc</strong></span> <span class='ocrx_word' id='word_1_751' title='bbox 3083 4361 3260 4407; x_wconf 90' lang='lat' dir='ltr'><strong>tamen</strong></span> <span class='ocrx_word' id='word_1_752' title='bbox 3284 4355 3489 4424; x_wconf 85' lang='lat' dir='ltr'><strong>episco-</strong></span> 
     </span>
    </p>
   </div>
   <div class='ocr_carea' id='block_1_102' title="bbox 1911 4437 3492 4514">
    <p class='ocr_par' dir='ltr' id='par_1_102' title="bbox 1911 4437 3492 4514">
     <span class='ocr_line' id='line_1_102' title="bbox 1911 4437 3492 4514; baseline 0.009 -26"><span class='ocrx_word' id='word_1_753' title='bbox 1911 4437 2016 4505; x_wconf 90' lang='lat' dir='ltr'><strong>pali</strong></span> <span class='ocrx_word' id='word_1_754' title='bbox 2045 4438 2213 4507; x_wconf 89' lang='lat' dir='ltr'><strong>gradu</strong></span> <span class='ocrx_word' id='word_1_755' title='bbox 2262 4440 2413 4508; x_wconf 83' lang='lat' dir='ltr'><strong>quasi</strong></span> <span class='ocrx_word' id='word_1_756' title='bbox 2466 4440 2701 4509; x_wconf 89' lang='lat' dir='ltr'><strong>quodam</strong></span> <span class='ocrx_word' id='word_1_757' title='bbox 2757 4454 2872 4498; x_wconf 90' lang='lat' dir='ltr'><strong>rete</strong></span> <span class='ocrx_word' id='word_1_758' title='bbox 2920 4459 2977 4498; x_wconf 89' lang='lat' dir='ltr'><strong>se</strong></span> <span class='ocrx_word' id='word_1_759' title='bbox 3029 4445 3342 4514; x_wconf 90' lang='lat' dir='ltr'><strong>impeditum</strong></span> <span class='ocrx_word' id='word_1_760' title='bbox 3373 4463 3492 4502; x_wconf 78' lang='lat' dir='ltr'><strong>cre-</strong></span> 
     </span>
    </p>
   </div>
   <div class='ocr_carea' id='block_1_103' title="bbox 1911 4527 3494 4607">
    <p class='ocr_par' dir='ltr' id='par_1_103' title="bbox 1911 4527 3494 4607">
     <span class='ocr_line' id='line_1_103' title="bbox 1911 4527 3494 4607; baseline 0.005 -24"><span class='ocrx_word' id='word_1_761' title='bbox 1911 4527 2066 4592; x_wconf 81' lang='lat' dir='ltr'><strong>didit,</strong></span> <span class='ocrx_word' id='word_1_762' title='bbox 2125 4543 2192 4582; x_wconf 90' lang='lat' dir='ltr'><strong>ne</strong></span> <span class='ocrx_word' id='word_1_763' title='bbox 2245 4529 2311 4582; x_wconf 90' lang='lat' dir='ltr'><strong>ad</strong></span> <span class='ocrx_word' id='word_1_764' title='bbox 2373 4531 2730 4585; x_wconf 72' lang='lat' dir='ltr'><strong>monastic-um</strong></span> <span class='ocrx_word' id='word_1_765' title='bbox 2783 4533 3138 4602; x_wconf 88' lang='lat' dir='ltr'><strong>propositum,</strong></span> <span class='ocrx_word' id='word_1_766' title='bbox 3205 4536 3280 4589; x_wconf 88' lang='lat' dir='ltr'><strong>uti</strong></span> <span class='ocrx_word' id='word_1_767' title='bbox 3340 4545 3494 4607; x_wconf 87' lang='lat' dir='ltr'><strong>opta-</strong></span> 
     </span>
    </p>
   </div>
   <div class='ocr_carea' id='block_1_104' title="bbox 1909 4619 3484 4698">
    <p class='ocr_par' dir='ltr' id='par_1_104' title="bbox 1909 4619 3484 4698">
     <span class='ocr_line' id='line_1_104' title="bbox 1909 4619 3484 4698; baseline 0.006 -25"><span class='ocrx_word' id='word_1_768' title='bbox 1909 4619 2023 4684; x_wconf 80' lang='lat' dir='ltr'><strong>bat,</strong></span> <span class='ocrx_word' id='word_1_769' title='bbox 2064 4629 2429 4675; x_wconf 83' lang='lat' dir='ltr'><strong>reverteretur</strong></span> <span class='ocrx_word' id='word_1_770' title='bbox 2481 4623 2624 4691; x_wconf 91' lang='lat' dir='ltr'><strong>(vid.</strong></span> <span class='ocrx_word' id='word_1_771' title='bbox 2656 4631 2770 4676; x_wconf 84' lang='lat' dir='ltr'><strong>not.</strong></span> <span class='ocrx_word' id='word_1_772' title='bbox 2802 4624 2864 4678; x_wconf 80' lang='grc'><strong>51</strong></span> <span class='ocrx_word' id='word_1_773' title='bbox 2901 4625 2950 4678; x_wconf 93' lang='lat' dir='ltr'><strong>in</strong></span> <span class='ocrx_word' id='word_1_774' title='bbox 2983 4625 3180 4691; x_wconf 57' lang='lat' dir='ltr'><strong>Quum.</strong></span> <span class='ocrx_word' id='word_1_775' title='bbox 3233 4629 3484 4698; x_wconf 57' lang='lat' dir='ltr'><strong>conject,</strong></span> 
     </span>
    </p>
   </div>
   <div class='ocr_carea' id='block_1_105' title="bbox 1911 4709 2201 4779">
    <p class='ocr_par' dir='ltr' id='par_1_105' title="bbox 1911 4709 2201 4779">
     <span class='ocr_line' id='line_1_105' title="bbox 1911 4709 2201 4779; baseline 0.01 -18"><span class='ocrx_word' id='word_1_776' title='bbox 1911 4709 2015 4762; x_wconf 92' lang='lat' dir='ltr'><strong>col.</strong></span> <span class='ocrx_word' id='word_1_777' title='bbox 2054 4709 2201 4779; x_wconf 84' lang='grc'><strong>580).</strong></span> 
     </span>
    </p>
   </div>
   <div class='ocr_carea' id='block_1_106' title="bbox 1984 4799 3491 4874">
    <p class='ocr_par' dir='ltr' id='par_1_106' title="bbox 1984 4799 3491 4874">
     <span class='ocr_line' id='line_1_106' title="bbox 1984 4799 3491 4874; baseline 0.006 -21"><span class='ocrx_word' id='word_1_778' title='bbox 1984 4799 2072 4853; x_wconf 87' lang='grc'><strong>67.</strong></span> <span class='ocrx_word' id='word_1_779' title='bbox 2111 4799 2244 4854; x_wconf 86' lang='lat' dir='ltr'><strong>Cum</strong></span> <span class='ocrx_word' id='word_1_780' title='bbox 2284 4799 2576 4859; x_wconf 80' lang='lat' dir='ltr'><strong>Ratherius</strong></span> <span class='ocrx_word' id='word_1_781' title='bbox 2619 4811 2742 4874; x_wconf 91' lang='lat' dir='ltr'><strong>post</strong></span> <span class='ocrx_word' id='word_1_782' title='bbox 2771 4804 3143 4873; x_wconf 82' lang='lat' dir='ltr'><strong>expulsionem</strong></span> <span class='ocrx_word' id='word_1_783' title='bbox 3169 4821 3200 4860; x_wconf 90' lang='lat' dir='ltr'><strong>e</strong></span> <span class='ocrx_word' id='word_1_784' title='bbox 3233 4809 3491 4862; x_wconf 88' lang='lat' dir='ltr'><strong>cathedra</strong></span> 
     </span>
    </p>
   </div>
   <div class='ocr_carea' id='block_1_107' title="bbox 1920 4888 3492 4963">
    <p class='ocr_par' dir='ltr' id='par_1_107' title="bbox 1920 4888 3492 4963">
     <span class='ocr_line' id='line_1_107' title="bbox 1920 4888 3492 4963; baseline 0.005 -20"><span class='ocrx_word' id='word_1_785' title='bbox 1920 4888 2261 4956; x_wconf 85' lang='lat' dir='ltr'><strong>Leodicensi,</strong></span> <span class='ocrx_word' id='word_1_786' title='bbox 2275 4890 2601 4950; x_wconf 73' lang='lat' dir='ltr'><strong>Veronensis</strong></span> <span class='ocrx_word' id='word_1_787' title='bbox 2616 4894 2865 4963; x_wconf 88' lang='lat' dir='ltr'><strong>episc0pa</strong></span> <span class='ocrx_word' id='word_1_788' title='bbox 2875 4902 2956 4948; x_wconf 91' lang='lat' dir='ltr'><strong>tus</strong></span> <span class='ocrx_word' id='word_1_789' title='bbox 2975 4896 3321 4963; x_wconf 87' lang='lat' dir='ltr'><strong>recuperandi</strong></span> <span class='ocrx_word' id='word_1_790' title='bbox 3339 4913 3492 4963; x_wconf 79' lang='lat' dir='ltr'><strong>spem</strong></span> 
     </span>
    </p>
   </div>
   <div class='ocr_carea' id='block_1_108' title="bbox 1921 4983 3501 5053">
    <p class='ocr_par' dir='ltr' id='par_1_108' title="bbox 1921 4983 3501 5053">
     <span class='ocr_line' id='line_1_108' title="bbox 1921 4983 3501 5053; baseline 0.004 -17"><span class='ocrx_word' id='word_1_791' title='bbox 1921 4998 2028 5038; x_wconf 91' lang='lat' dir='ltr'><strong>non</strong></span> <span class='ocrx_word' id='word_1_792' title='bbox 2080 4985 2301 5038; x_wconf 91' lang='lat' dir='ltr'><strong>omnino</strong></span> <span class='ocrx_word' id='word_1_793' title='bbox 2333 4983 2708 5052; x_wconf 85' lang='lat' dir='ltr'><strong>deposuisset,</strong></span> <span class='ocrx_word' id='word_1_794' title='bbox 2737 4985 2913 5053; x_wconf 85' lang='lat' dir='ltr'><strong>aliqua</strong></span> <span class='ocrx_word' id='word_1_795' title='bbox 2955 4986 3113 5052; x_wconf 84' lang='lat' dir='ltr'><strong>hujus</strong></span> <span class='ocrx_word' id='word_1_796' title='bbox 3140 4985 3501 5042; x_wconf 88' lang='lat' dir='ltr'><strong>restitutionis</strong></span> 
     </span>
    </p>
   </div>
   <div class='ocr_carea' id='block_1_109' title="bbox 1919 5071 3500 5142">
    <p class='ocr_par' dir='ltr' id='par_1_109' title="bbox 1919 5071 3500 5142">
     <span class='ocr_line' id='line_1_109' title="bbox 1919 5071 3500 5142; baseline 0.003 -18"><span class='ocrx_word' id='word_1_797' title='bbox 1919 5073 2271 5139; x_wconf 72' lang='lat' dir='ltr'><strong>procuranda:</strong></span> <span class='ocrx_word' id='word_1_798' title='bbox 2325 5076 2616 5131; x_wconf 87' lang='lat' dir='ltr'><strong>occasione</strong></span> <span class='ocrx_word' id='word_1_799' title='bbox 2660 5072 2862 5137; x_wconf 86' lang='lat' dir='ltr'><strong>oblata,</strong></span> <span class='ocrx_word' id='word_1_800' title='bbox 2902 5071 3182 5142; x_wconf 80' lang='lat' dir='ltr'><strong>epistolam</strong></span> <span class='ocrx_word' id='word_1_801' title='bbox 3223 5073 3500 5140; x_wconf 77' lang='lat' dir='ltr'><strong>quinam,</strong></span> 
     </span>
    </p>
   </div>
   <div class='ocr_carea' id='block_1_110' title="bbox 1919 5160 3506 5232">
    <p class='ocr_par' dir='ltr' id='par_1_110' title="bbox 1919 5160 3506 5232">
     <span class='ocr_line' id='line_1_110' title="bbox 1919 5160 3506 5232; baseline -0.001 -20"><span class='ocrx_word' id='word_1_802' title='bbox 1919 5175 2082 5227; x_wconf 84' lang='lat' dir='ltr'><strong>quam</strong></span> <span class='ocrx_word' id='word_1_803' title='bbox 2135 5176 2276 5216; x_wconf 92' lang='lat' dir='ltr'><strong>anno</strong></span> <span class='ocrx_word' id='word_1_804' title='bbox 2327 5160 2424 5214; x_wconf 80' lang='lat' dir='ltr'><strong>95l</strong></span> <span class='ocrx_word' id='word_1_805' title='bbox 2466 5168 2534 5220; x_wconf 89' lang='lat' dir='ltr'><strong>ad</strong></span> <span class='ocrx_word' id='word_1_806' title='bbox 2576 5163 2866 5232; x_wconf 82' lang='lat' dir='ltr'><strong>Agapitum</strong></span> <span class='ocrx_word' id='word_1_807' title='bbox 2897 5162 2937 5214; x_wconf 92' lang='lat' dir='ltr'><strong>ll</strong></span> <span class='ocrx_word' id='word_1_808' title='bbox 2971 5161 3219 5228; x_wconf 90' lang='lat' dir='ltr'><strong>scriptam</strong></span> <span class='ocrx_word' id='word_1_809' title='bbox 3250 5175 3506 5231; x_wconf 66' lang='lat' dir='ltr'><strong>Sttpprcs-</strong></span> 
     </span>
    </p>
   </div>
   <div class='ocr_carea' id='block_1_111' title="bbox 1918 5248 3503 5322">
    <p class='ocr_par' dir='ltr' id='par_1_111' title="bbox 1918 5248 3503 5322">
     <span class='ocr_line' id='line_1_111' title="bbox 1918 5248 3503 5322; baseline 0.001 -19"><span class='ocrx_word' id='word_1_810' title='bbox 1918 5258 2084 5314; x_wconf 84' lang='lat' dir='ltr'><strong>serat,</strong></span> <span class='ocrx_word' id='word_1_811' title='bbox 2144 5251 2422 5318; x_wconf 90' lang='lat' dir='ltr'><strong>inscripsit</strong></span> <span class='ocrx_word' id='word_1_812' title='bbox 2450 5255 2680 5311; x_wconf 86' lang='lat' dir='ltr'><strong>subinde</strong></span> <span class='ocrx_word' id='word_1_813' title='bbox 2724 5250 2913 5303; x_wconf 76' lang='lat' dir='ltr'><strong>Joanni</strong></span> <span class='ocrx_word' id='word_1_814' title='bbox 2971 5251 3081 5310; x_wconf 80' lang='grc' dir='ltr'><strong>ΧΗ,</strong></span> <span class='ocrx_word' id='word_1_815' title='bbox 3134 5248 3222 5314; x_wconf 86' lang='lat' dir='ltr'><strong>qui</strong></span> <span class='ocrx_word' id='word_1_816' title='bbox 3268 5250 3503 5322; x_wconf 65' lang='lat' dir='ltr'><strong>Agapito</strong></span> 
     </span>
    </p>
   </div>
   <div class='ocr_carea' id='block_1_112' title="bbox 2323 5339 2521 5358">
    <p class='ocr_par' dir='ltr' id='par_1_112' title="bbox 2323 5339 2521 5358">
     <span class='ocr_line' id='line_1_112' title="bbox 2323 5339 2521 5358; baseline -0.005 -1"><span class='ocrx_word' id='word_1_817' title='bbox 2323 5356 2332 5357; x_wconf 33' lang='grc' dir='ltr'><em>κ</em></span> <span class='ocrx_word' id='word_1_818' title='bbox 2371 5339 2478 5358; x_wconf 64' lang='lat' dir='ltr'><strong>filim</strong></span> <span class='ocrx_word' id='word_1_819' title='bbox 2513 5349 2521 5356; x_wconf 76' lang='grc' dir='ltr'><strong><em>ι</em></strong></span> 
     </span>
    </p>
   </div>
  </div>
