4038 5388
223 423 282 484 8t
1229 413 1810 479 PHOLECOMENA.-

1911 419 2228 476 BATHERll
2270 416 2455 477 VITA.
3399 416 3467 470 89.

220 545 319 596 sub
345 537 725 607 Longobardis
752 535 841 604 jus
869 551 1023 590 suum
1050 545 1200 590 extra
1230 536 1557 603 Forojulium
1600 549 1800 606 nequa-
1829 537 1871 592 Α
1906 535 2046 601 quod
2077 533 2320 587 laudatus
2365 530 2718 600 Berengarius
2745 529 2855 599 jam
2887 530 3179 601 imperator
3211 533 3260 585 in
3291 532 3464 600 diplo-

219 645 381 700 quam
414 629 753 693 exercuisse,
793 643 935 682 nunc
965 627 1075 695 jam
1108 627 1248 681 inter
1274 642 1463 682 omnes
1506 627 1758 681 convenit
1785 644 1796 678 :

219 736 340 774 cum
371 735 534 774 suum
561 718 752 786 cuique
781 717 982 771 civitati
1031 718 1218 772 ducem
1264 718 1316 770 in
1360 717 1505 770 hisce
1534 717 1665 770 locis
1691 725 1802 768 tum

221 810 528 882 praefuisse,
557 809 647 878 qui
677 809 744 862 ab
771 809 874 862 alio
907 809 1039 862 duce
1072 824 1176 863 non
1211 808 1561 877 dependebat,
1594 824 1655 862 ex
1687 808 1804 877 plu-

222 904 370 959 ribus
411 903 528 971 jam
579 902 735 956 editis
786 901 1119 956 documentis
1161 903 1230 955 sit
1266 901 1622 968 exploratum.
1671 901 1803 954 Cum

221 1003 400 1050 autem
433 994 770 1063 Langobardi
805 994 1192 1063 Forumjulium
1214 993 1408 1047 Carolo
1440 993 1628 1062 Magno
1657 991 1800 1046 dedi-

219 1087 436 1144 derunt,
476 1086 522 1138 is
552 1084 894 1153 Rotgaudum
934 1084 1412 1153 Langobardorum
1461 1086 1649 1136 ducem
1697 1082 1800 1136 Fo-

221 1172 568 1240 rojuliensetn
594 1173 939 1232 confirmans,
959 1171 1099 1239 juris
1120 1173 1237 1240 ejus
1261 1171 1458 1225 limites
1487 1186 1589 1222 non
1615 1179 1804 1223 exten-

218 1264 316 1315 dit.
376 1261 512 1314 Cmn
575 1276 737 1329 porro
798 1261 936 1312 idem
992 1259 1305 1330 Rotgandus
1354 1269 1407 1312 et
1460 1259 1641 1311 caeteri
1688 1257 1804 1324 ejus

220 1353 538 1420 complices,
570 1351 664 1420 qui
711 1351 830 1404 aliis
871 1350 1037 1404 Italia:
1076 1351 1383 1404 civitatibus
1424 1349 1800 1418 prtesidebant,

223 1457 365 1496 anno
397 1441 503 1494 776
535 1457 564 1494 a
595 1440 788 1495 Carolo
817 1440 1170 1506 defecissent;
1209 1443 1296 1496 hic
1325 1461 1344 1492 ί
1380 1444 1555 1510 captis
1582 1443 1803 1497 civitate

222 1531 787 1628 Forojulii‘Tarvisio
814 1547 936 1585 eum
989 1533 1207 1601 reliquis
1251 1531 1584 1595 civitatibus,
1623 1533 1804 1600 dispo-

221 1623 328 1676 suit
352 1636 453 1676 eas
476 1619 669 1675 omnes
698 1637 792 1690 per
817 1621 1055 1676 Francos
1081 1622 1295 1690 (Annal.
1321 1619 1516 1674 Franc.
1545 1624 1681 1691 apud
1704 1623 1804 1676 Ca-

222 1714 348 1774 nis.,
375 1713 446 1766 ad
477 1728 567 1768 an.
617 1711 742 1765 776.
775 1721 812 1766 t.
842 1711 903 1775 ll,
936 1723 1073 1783 part.
1103 1714 1162 1782 ll)
1192 1731 1204 1766 :
1244 1732 1262 1764 ι
1294 1728 1412 1782 qua?
1443 1713 1602 1765 verba
1645 1730 1804 1768 unam

223 1812 497 1858 rectorum
551 1803 948 1867 mutationem,
1014 1820 1118 1858 non
1175 1815 1355 1858 autem
1421 1804 1806 1862 iurisdictionis

223 1893 543 1945 varietatem
576 1891 645 1946 ab
667 1906 732 1945 eo
762 1892 1032 1946 inductam
1059 1893 1305 1946 innunnt.

293 1980 382 2033 7!.
422 1979 622 2033 All‘erri
661 1981 796 2035 solet
826 1996 853 2033 a
904 1981 1189 2037 contrariae
1238 1984 1520 2038 sententia:
1567 1986 1808 2052 patronis

225 2071 592 2125 testimonium
628 2071 918 2128 llermanni
963 2072 1259 2136 Contracti,
1303 2075 1393 2142 qui
1445 2076 1496 2128 in
1540 2074 1807 2129 Chronico

225 2161 290 2214 ad
305 2175 510 2232 annum
533 2159 719 2221 895de
744 2161 969 2216 Arnulfo
995 2163 1293 2217 Germaniae
1320 2179 1444 2234 rege
1465 2182 1527 2216 ex
1550 2165 1805 2218 Francica

225 2248 405 2303 Caroli
437 2249 614 2318 Magni
657 2251 827 2320 stirpe
853 2253 1132 2322 progenito
1161 2253 1349 2308 scribit
1381 2269 1396 2307 :
1433 2273 1450 2303 ι
1484 2253 1804 2318 Waltfredo,

227 2339 674 2411 Maginfredoque
703 2343 992 2398 comitibus
1023 2343 1230 2398 Italiam
1261 2347 1340 2400 cis
1374 2345 1575 2399 Padum
1623 2347 1808 2400 distri-

227 2434 358 2487 buit.
424 2452 444 2485 ι
508 2431 840 2488 Waltfredus
894 2436 945 2488 in
995 2427 1701 2492 AnnalibusFuldensibus
1741 2437 1805 2490 ad

227 2536 427 2584 annum
459 2521 564 2576 896
595 2520 861 2591 Forojnlt'i
890 2526 1206 2578 mare/tensis
1235 2526 1569 2594 appellatur;
1605 2526 1807 2596 Magiu-

229 2611 413 2666 fredus
463 2621 666 2676 autem,
717 2613 808 2681 qui
865 2613 1147 2669 Mediolani
1203 2625 1389 2685 postea
1437 2617 1648 2672 occisus
1683 2617 1805 2682 fuit,

229 2704 477 2758 marcliio
503 2702 920 2759 Mediolanensis
950 2706 1208 2761 creditur.
1236 2707 1369 2762 Cum
1403 2723 1529 2763 vero
1556 2723 1616 2762 ea
1643 2709 1809 2764 Italia:

227 2791 547 2862 Cispadana:
568 2791 786 2860 partitio
812 2793 952 2848 inter
973 2793 1330 2850 Waltfredum
1353 2805 1406 2851 et
1421 2797 1806 2868 Magiufrcdum

227 2885 592 2940 accidentalis
642 2885 856 2948 fuerit,
924 2887 990 2941 ad
1040 2888 1475 2943 constituendam
1535 2891 1807 2960 propriam

227 2977 514 3046 utriusque
536 2977 789 3031 marcbiaz
811 2977 1065 3033 ditionem
1089 2995 1152 3033 ac
1172 2981 1370 3035 limites
1393 2981 1578 3038 referri
1604 2983 1805 3052 nequit.

228 3066 400 3139 [xcvi]
434 3067 573 3121 Hinc
602 3068 701 3121 etsi
736 3066 1067 3122 Waltfredus
1093 3068 1362 3124 Veronam
1384 3079 1570 3125 contra
1605 3071 1804 3127 Beren-

226 3159 441 3228 garium
478 3159 747 3212 seniorem
789 3161 1227 3231 propugnaverit,
1260 3169 1318 3215 ut
1344 3161 1545 3217 laudati
1575 3163 1808 3220 Annales

228 3249 621 3317 prodiderunt;
670 3264 774 3302 non
819 3258 995 3305 tamen
1026 3252 1230 3306 idcirco
1254 3254 1548 3308 marchiam
1582 3255 1807 3324 Foroju-

230 3337 458 3394 liensem
508 3339 613 3394 huc
647 3355 818 3408 usque
865 3339 1029 3396 fuisse
1070 3343 1388 3412 productam
1437 3343 1638 3401 inferre
1668 3346 1810 3401 licet.

231 3429 352 3485 Ideo
380 3431 532 3484 enim
565 3430 829 3487 Veronam
859 3435 1195 3501 potissimum
1224 3435 1482 3500 defendit,
1522 3439 1644 3506 quia
1674 3441 1725 3492 in
1752 3455 1814 3494 ea

230 3529 383 3591 parte
425 3536 542 3575 sure
569 3521 856 3591 diligentiae
877 3523 945 3578 ab
977 3524 1200 3577 Arnull‘o
1232 3526 1516 3580 commissa
1550 3527 1676 3582 urbs
1716 3527 1817 3584 Ve-

233 3628 362 3668 rona
401 3614 650 3700 omnium
679 3615 1040 3671 munitissima
1074 3626 1209 3684 erat,
1245 3625 1299 3673 et
1337 3617 1563 3672 Arnulfo
1593 3618 1816 3677 Germa-

231 3693 411 3760 nicum
446 3693 554 3760 iter
582 3723 678 3776 per
720 3708 1091 3765 Tridentinum
1141 3727 1328 3782 agrum
1379 3714 1605 3770 liberum
1651 3717 1814 3770 relin-

231 3799 454 3866 quebat.
498 3798 650 3864 Quod
701 3801 744 3854 si
791 3816 853 3856 ea
897 3800 1064 3856 Italici
1114 3806 1261 3874 regni
1294 3821 1419 3874 pars
1464 3807 1560 3875 ipsi
1613 3808 1817 3864 credita

231 3889 632 3944 extendebatur
663 3909 682 3940 ‹
727 3906 894 3960 usque
933 3893 998 3946 ad
1029 3893 1244 3948 fluvium
1271 3897 1501 3960 Aduam,
1535 3918 1552 3950 ι
1590 3908 1647 3953 ut
1678 3916 1782 3955 non
1802 3931 1816 3942 -

235 3979 390 4034 nullis
439 3979 685 4042 videtur;
739 3980 890 4050 (hinc
931 3983 1096 4044 enim,
1138 3983 1405 4052 inquiunt.
1445 4002 1509 4040 eo
1550 3991 1817 4045 exstincto

234 4068 596 4140 Berengarius
646 4089 665 4121 ι
727 4070 966 4124 ltalicmn
1021 4086 1237 4142 regnum
1284 4091 1452 4146 usque
1493 4080 1558 4131 ad
1609 4079 1815 4134 Aduam

233 4163 456 4231 recepit,
507 4182 527 4213 ι
583 4170 642 4214 ιιι
687 4165 968 4216 memorati
1012 4166 1244 4221 Annales
1276 4168 1596 4234 testantur);
1650 4171 1817 4226 multo

233 4251 556 4306 lnculentius
612 4261 838 4321 pateret,
902 4252 1322 4322 Forojuliensem
1383 4257 1680 4311 marchiam
1748 4261 1813 4312 ad

231 4348 396 4397 totam
430 4341 730 4411 regionem,
761 4341 848 4395 cui
894 4341 982 4397 ille
1026 4343 1094 4397 ab
1119 4344 1342 4398 Arnulfo
1376 4345 1667 4420 praefectus
1697 4347 1812 4412 fuit,

229 4431 447 4484 extendi
493 4447 600 4485 non
648 4446 806 4500 posse
852 4448 866 4484 :
921 4447 1077 4485 nemo
1105 4435 1244 4488 enim
1287 4437 1530 4504 proprios
1578 4437 1812 4506 ejusdem

231 4521 490 4575 marcltia:
541 4521 673 4576 fines
717 4523 786 4576 ad
846 4521 1052 4576 Aduam
1105 4541 1270 4592 usque
1315 4527 1604 4594 protendit.
1662 4527 1891 4620 ﬂutth

230 4610 588 4666 Waltfredum
653 4612 1024 4667 marcltionem
1089 4615 1508 4681 Forojuliensem
1577 4619 1813 4673 nonnulli

227 4701 478 4755 eumdem
503 4716 624 4756 esse
651 4702 986 4764 existimant,
1023 4719 1087 4759 ac
1118 4704 1493 4769 Waltfredum,
1521 4709 1610 4776 qui
1639 4723 1819 4763 comes

235 4790 556 4846 Veronensis
584 4793 858 4846 iudicatur
882 4793 932 4846 in
957 4795 1277 4850 documento
1302 4798 1426 4850 anni
1451 4797 1554 4852 880
1577 4798 1815 4866 (Μυκη.

227 4891 280 4932 ι.
306 4882 324 4934 1
351 4883 599 4952 Antiquit.
637 4883 767 4936 Ital.
808 4899 862 4952 p.
893 4883 1039 4952 455).
1071 4886 1140 4939 At
1172 4888 1314 4940 hunc
1343 4889 1594 4942 comitem
1639 4889 1816 4961 diver-

225 4986 353 5023 sum
376 4972 536 5027 fuisse
557 4972 902 5044 probabilius
923 4985 1035 5032 est:
1073 4993 1290 5032 carmen
1316 4979 1457 5032 enim
1487 4981 1552 5032 ad
1589 4980 1815 5033 Adelar-

202 5058 364 5136 dum
389 5063 721 5133 episcopum,
761 5066 908 5132 quod
951 5081 982 5120 e
1028 5084 1126 5121 ms.
1171 5067 1435 5126 Vaticano
1483 5069 1687 5124 editum
1732 5082 1816 5127 est

222 5153 492 5225 (Euneon.
517 5158 613 5212 De’
643 5173 784 5211 rese.
812 5173 840 5208 ε
865 5173 975 5225 gov.
1010 5161 1062 5212 di
1104 5160 1326 5222 Verona,
1351 5177 1402 5229 p.
1430 5160 1543 5232 55),
1565 5161 1814 5218 eumdem

225 5245 469 5300 comitem
505 5257 631 5316 post
682 5244 948 5298 Ludovici
993 5247 1030 5299 ll
1077 5258 1132 5303 et
1177 5249 1353 5305 Caroli
1404 5249 1810 5320 imperatorum,

223 5345 329 5370 που
351 5351 444 5370 nnn
482 5334 707 5370 Ῐηαιιιιῖα
901 5332 1120 5370 ἢηπδῒιιιιθ
1150 5337 1414 5370 ηΛιιΙῖηηίο
1453 5341 1655 5370 Λιιῖίιιιγι
1705 5341 1808 5370 ιιειη

1904 631 2046 676 male
2074 623 2196 675 anni
2221 621 2324 676 920
2353 621 2698 675 Waltfredum
2727 621 2852 675 olim
2885 621 3107 676 Veronae
3133 641 3151 672 ‹
3179 621 3463 690 gloriosum

1904 714 2150 767 comitem
2203 733 2220 764 ι
2258 715 2338 767 bis
2363 714 2541 766 laudat
2587 713 2824 781 (DIONYS.
2854 713 3067 780 diplom.
3095 712 3226 766 Coll.
3261 731 3310 783 p.
3345 714 3466 775 itii,

1909 807 2049 876 {09),
2079 806 2220 875 quod
2246 805 2312 858 de
2344 806 2651 859 marcliione
2695 804 2988 859 Waltl‘redo
3012 805 3112 858 sibi
3144 804 3350 860 infenso
3379 822 3472 857 ne-

1904 913 2170 967 quaquaat
2207 898 2448 951 dixisset.
2475 898 2577 951 Sed
2611 899 2723 952 lucc
2746 896 2936 951 obiter.
2959 957 2981 976 ο

1971 989 2058 1042 72.
2090 989 2374 1057 Opponunt
2403 988 2708 1057 Berengarii
2750 988 2764 1040 Ι
2798 987 3031 1056 diploma
3061 989 3202 1056 apud
3232 987 3474 1041 Murato-

1905 1080 2040 1131 rium
2071 1078 2252 1131 datum
2279 1093 2420 1131 anno
2439 1077 2563 1139 905,
2603 1078 2654 1130 in
2689 1092 2795 1145 quo
2827 1096 2845 1127 r
2883 1077 3224 1132 Grimoaldus
3250 1078 3472 1131 illustris

1903 1172 1987 1224 vir
2028 1190 2045 1221 ι
2082 1180 2437 1240 nuncupatus,
2465 1171 2709 1224 eumdem
2737 1170 2887 1232 adiit,
2914 1168 3231 1223 beneficium
3276 1169 3472 1223 Teudi-

1903 1260 2058 1313 berto
2098 1278 2115 1310 ι
2155 1259 2205 1312 in
2234 1260 2488 1312 comitatu
2516 1258 2810 1312 Veronensi
2846 1276 2862 1310 ι
2911 1258 3288 1329 imploraturos
3319 1260 3402 1327 (t.
3455 1260 3473 1311 Ι

1905 1349 2155 1419 Antiquit.
2224 1347 2394 1411 ltali.,
2427 1365 2478 1417 p.
2534 1349 2709 1417 1017).
2775 1350 2908 1402 Cum
2959 1364 3084 1402 vero
3138 1347 3474 1402 Grimoaldus

1910 1457 1926 1488 ε
1966 1437 2230 1507 gloriosus
2255 1439 2492 1492 marchio
2527 1458 2544 1490 ι
2575 1440 2625 1491 iu
2655 1438 2862 1492 duobus
2889 1437 3187 1506 privilegiis
3213 1438 3336 1492 anni
3369 1438 3467 1492 931

1904 1528 1972 1582 ab
1998 1527 2183 1600 eodem
2216 1528 2540 1596 Berengario
2565 1529 2664 1581 alia
2689 1529 2948 1582 beneﬁcia
2972 1528 3263 1581 obtinuerit
3290 1529 3476 1582 Fride-

1907 1619 2020 1672 rico
2065 1618 2406 1688 patriarchae,
2455 1627 2509 1671 ct
2555 1618 2714 1671 Petro
2756 1618 3069 1687 presbytero
3111 1618 3472 1685 Aquileiensi;

1908 1711 1961 1764 in
1991 1711 2157 1778 ipsius
2187 1711 2421 1764 marchia
2456 1711 2558 1764 ltoc
2589 1719 2828 1780 tempore
2859 1721 2912 1764 et
2938 1709 3264 1777 Forojulium
3297 1723 3350 1764 et
3377 1712 3478 1765 Ve-

1909 1814 2094 1853 ronam
2143 1801 2527 1868 comprehensa
2571 1800 2827 1870 colligunt
2854 1799 2950 1870 (De
2974 1799 3193 1867 RUBEIS,
3238 1799 3473 1854 Monum.

1837 1868 1883 1928 Β
1910 1887 2035 1940 eccl.
2079 1887 2414 1956 Aquileien)
2458 1887 2654 1942 Verum
2683 1868 2912 1958 primum
2945 1888 3173 1958 diploma
3206 1891 3329 1942 anni
3374 1889 3478 1944 9Οὸ

1906 1980 2276 2034 Grimoaldum
2326 1995 2429 2035 non
2465 1982 2857 2045 marchioucm,
2885 1983 2976 2036 sed
3019 2000 3036 2032 ι
3093 1981 3352 2036 illustrem
3402 1983 3479 2035 vi-

1908 2086 2026 2124 rum
2063 2089 2081 2122 ι
2114 2071 2483 2125 tantummodo
2521 2071 2782 2140 appellat;
2835 2073 2886 2126 in
2923 2073 3043 2127 aliis
3085 2087 3247 2142 porro
3289 2071 3477 2144 [item]

1907 2159 2243 2213 documentis
2268 2159 2392 2212 anni
2419 2159 2524 2214 913
2559 2179 2576 2210 ι
2626 2159 2932 2228 gloriosius,
2972 2180 2989 2212 ι
3038 2160 3142 2214 νειμ
3177 2179 3197 2211 ‹
3251 2161 3480 2214 eximius

1905 2264 2086 2304 cernes
2118 2269 2135 2302 ι
2173 2257 2394 2304 vocatur
2419 2249 2690 2317 (BMNCOL.
2719 2249 2941 2304 Cronica
2977 2251 3032 2303 di
3070 2249 3255 2303 Veron.
3292 2265 3408 2318 par.
3439 2265 3477 2304 ι.

1906 2355 2027 2410 pag.
2057 2341 2190 2405 5l7;
2220 2342 2433 2398 Dtosvs.
2461 2343 2678 2398 Col/eet.
2711 2343 2926 2412 diplom.
2952 2359 3008 2412 p.
3031 2343 3144 2413 98),
3169 2359 3275 2398 non
3303 2343 3480 2396 minus

1907 2447 1971 2486 ac
2003 2431 2053 2485 in
2081 2432 2188 2485 alio
2222 2435 2346 2487 anni
2387 2434 2490 2489 920
2519 2435 2656 2502 apud
2700 2433 2978 2502 Campium
3017 2433 3295 2501 (CMIPIUS,
3339 2431 3477 2485 Hist.

1908 2520 2143 2576 Placent.
2169 2531 2206 2576 t.
2235 2522 2274 2587 l,
2301 2526 2580 2593 append.).
2615 2524 2798 2579 Solum
2834 2525 2886 2578 in
2914 2523 3207 2594 privilegiis
3229 2525 3353 2578 anni
3379 2524 3476 2578 9'21

1914 2631 1932 2664 σ
1966 2614 2208 2669 mareltio
2239 2634 2257 2667 ι
2291 2617 2506 2671 dicitur.
2541 2616 2594 2671 Si
2627 2627 2806 2672 autem
2832 2632 2973 2671 anno
3001 2617 3128 2682 905,
3155 2617 3278 2670 licet
3309 2637 3326 2668 ι
3365 2617 3487 2671 illu-

1908 2704 2034 2758 stris
2082 2705 2164 2758 vir
2201 2724 2218 2757 ι
2271 2715 2433 2770 esset,
2481 2709 2716 2762 nondum
2765 2717 2941 2763 tamen
2977 2718 3094 2763 erat
3137 2717 3228 2762 aut
3272 2724 3480 2774 comes,

1909 2803 2003 2849 aut
2026 2796 2296 2860 marcltio;
2343 2797 2471 2865 quid
2521 2797 2790 2852 laudatum
2830 2798 3060 2867 diploma
3103 2799 3228 2852 anni
3257 2799 3385 2862 905,
3417 2802 3486 2856 ad

1908 2887 2166 2940 marchiaa
2212 2887 2468 2942 ditionem
2535 2890 2873 2944 indicandam
2941 2889 3193 2945 conferre
3257 2896 3486 2960 potest»?

1909 2976 2246 3046 Quanquam,
2279 2979 2379 3033 etsi
2406 2979 2595 3035 fuisset
2626 2981 2891 3043 marebio,
2925 2981 3056 3036 nihil
3081 2991 3319 3052 cogeret,
3357 2999 3483 3038 cuiu

1909 3083 2049 3137 saepe
2069 3070 2330 3140 episcOpi,
2353 3071 2552 3141 aliique
2573 3073 2855 3142 dignitate,
2885 3083 2979 3128 aut
3014 3073 3200 3130 favore
3224 3075 3485 3145 principis

1910 3161 2140 3230 praediti,
2168 3161 2424 3216 Ecclesiis
2447 3179 2507 3218 ac
2542 3164 2849 3219 hominibus
2869 3174 3018 3219 extra
3049 3182 3201 3221 suam
3225 3166 3483 3221 ditionem

1915 3253 2222 3307 constitutis
2252 3253 2530 3323 privilegia
2567 3256 2917 3310 obtinuerint.

1983 3345 2070 3397 75.
2109 3344 2462 3415 Berengarius
2494 3347 2708 3401 tandem
2750 3347 2975 3402 Veronae
3014 3348 3250 3403 residere
3279 3331 3506 3414 maluit,

1913 3435 2039 3502 quia
2065 3434 2179 3488 haec
2206 3442 2259 3486 et
2288 3435 2458 3504 magis
2487 3435 2747 3503 placebat,
2795 3445 2850 3490 et
2871 3437 3129 3490 munitior
3159 3448 3314 3501 erat;
3344 3440 3488 3505 quod

1915 3526 1979 3578 ad
1997 3524 2247 3579 mareltia:
2262 3525 2670 3594 appellationem
2690 3535 2850 3595 atque
2865 3527 3232 3581 extensionem
3247 3539 3490 3581 astruen-

1915 3615 2038 3668 dam
2062 3614 2284 3668 nihilum
2313 3617 2563 3685 pertinet.
2593 3616 2884 3671 Marcltiam
2919 3617 3135 3687 quidem
3172 3618 3270 3671 sub
3298 3619 3488 3672 eodem

1913 3705 2232 3775 appellatam
2257 3705 2420 3762 fuisse
2445 3707 2825 3771 Veronensem,
2843 3723 2964 3777 quae
2986 3717 3144 3764 antea
3157 3708 3492 3778 Forojulien--

1915 3794 1990 3852 sis
2043 3796 2356 3860 dicebatur,
2423 3807 2705 3868 propterea
2756 3800 2897 3867 quod
2956 3801 3179 3855 Veronae
3231 3801 3494 3854 resideret

1916 3886 2193 3952 libentius,
2248 3885 2439 3941 falsum
2465 3873 2734 3942 evincitur
2758 3906 2820 3943 ex
2855 3890 3023 3957 ipsius
3053 3890 3345 3960 diplomate
3387 3889 3492 3944 Ve-

1918 3994 2062 4034 rona:
2091 3979 2216 4032 dato
2261 3994 2402 4032 anno
2426 3979 2561 4043 995,
2609 3980 2658 4033 in
2683 3995 2789 4047 quo
2813 3983 3060 4034 mare/tite
3103 3980 3490 4050 Forojuliensis

1917 4085 2108 4123 nomen
2136 4069 2311 4124 adhuc
2333 4070 2589 4123 usitatum
2616 4070 3162 4139 pnefertur(lleut:t..,
3181 4079 3219 4124 t.
3237 4070 3324 4141 γ).
3346 4070 3495 4124 llanc

1917 4171 2094 4219 autem
2152 4162 2449 4216 marchiam
2497 4171 2648 4216 extra
2704 4160 3089 4228 Forumjulium
3159 4178 3274 4217 non
3327 4163 3490 4217 fuisse

1915 4261 2191 4307 extensam
2242 4265 2306 4304 ex
2364 4250 2551 4303 eodem
2599 4252 2928 4304 documento.
2959 4251 3162 4319 pariter
3193 4251 3486 4305 evincitur.

1918 4341 2058 4394 Idem
2089 4339 2342 4392 nimirtun
2392 4339 2685 4406 imperator
2727 4340 2936 4392 Annam
2982 4340 3276 4394 secundam
3325 4342 3492 4410 ipsius

1916 4429 2195 4501 conjugem
2250 4445 2348 4499 pro
2397 4429 2703 4487 Bellunensi
2764 4431 2998 4487 Ecclesia
3042 4433 3258 4502 petiisse
3331 4435 3495 4487 tradit

1923 4542 1940 4573 ι
1979 4522 2268 4592 quamdam
2297 4533 2503 4576 curtcm
2541 4523 2682 4591 juris
2709 4525 2858 4593 regni
2893 4525 3084 4588 nostri,
3117 4539 3235 4592 qua:
3270 4535 3495 4578 vocatur

1916 4613 2112 4668 Docale
2154 4651 2167 4664 .
2214 4648 2230 4664 .
2273 4652 2286 4666 .
2331 4652 2344 4665 .
2378 4628 2497 4681 quae
2524 4616 2756 4683 pertinet
2792 4615 2855 4668 de
2894 4616 3150 4669 comitatu
3175 4613 3481 4675 Cenetensi,

1915 4714 2046 4766 etc..
2104 4719 2207 4759 nec
2233 4721 2338 4759 non
2370 4707 2534 4758 etiam
2567 4707 2756 4762 Clusas
2784 4707 2848 4760 de
2885 4708 3194 4771 Abintione,
3228 4722 3346 4775 quae
3376 4721 3496 4772 per.-

1918 4796 2053 4850 tiuet
2083 4797 2149 4851 de
2179 4797 2418 4850 marchia
2449 4795 2731 4866 Forojulii.
2769 4817 2786 4848 »
2821 4797 2986 4853 Vides
3011 4819 3028 4850 ι
3065 4798 3360 4852 marchiam
3391 4796 3493 4848 Fo—

1921 4887 2096 4955 rojulii
2135 4908 2152 4941 ι
2189 4889 2498 4943 distinctam
2535 4905 2565 4943 a
2598 4890 2854 4945 comitatu
2895 4889 3200 4951 Cenetensi,
3230 4888 3321 4954 qui
3350 4887 3393 4939 si
3441 4886 3497 4940 iu

1917 4994 1977 5032 ea
2007 4980 2246 5034 marchia
2277 4979 2704 5047 comprehensus
2732 4980 2947 5045 fuisset,
2977 4997 3080 5037 non
3121 4978 3296 5030 minus
3324 4973 3498 5027 Clusa:

1920 5069 1982 5122 de
2012 5070 2285 5140 Abintione
2305 5084 2464 5138 quam
2482 5068 2657 5126 Curtis
2688 5071 2900 5124 Docnlis
2913 5071 3201 5126 comitatus
3222 5065 3456 5118 Ceneten
3473 5096 3495 5106 -

1917 5160 1994 5216 sis
2021 5161 2086 5216 ad
2115 5162 2360 5216 eamdem
2391 5164 2696 5218 marchiam
2735 5163 3099 5232 pertinuisset.
3157 5155 3340 5224 Nqute
3369 5155 3500 5211 illud

1915 5261 2152 5316 moveat,
2182 5252 2324 5321 quod
2352 5252 2405 5304 in
2432 5249 2606 5307 altero
2640 5270 2704 5308 ex
2733 5253 2964 5306 laudatis
2984 5246 3290 5314 Berengarii
3332 5245 3504 5314 privi-

1912 5340 2060 5370 ‘nn::n
2085 5342 2209 5370 nn»:
2434 5343 2744 5370 ΙὶΛΜῘ-ιΑΙι--ο
2784 5343 2911 5370 anan:

2434 5343 2744 5370 “nu-“2...”..-
2784 5343 3053 5370 ρηηιῖιηιυο
3100 5333 3475 5370 ΙῗηνηῖηΙὸηηυο
