4038 5388
592 318 665 373 83
1551 315 1952 375 BATHERIUS
1991 312 2425 372 VERONENSIS
2463 315 2851 377 EPISCOPUS.
2940 313 2954 327 ’
3244 320 3247 321 ⁷
3788 320 3858 381 85

591 439 633 483 t.
665 428 706 483 ll
743 429 916 498 Antiq.
965 427 1088 482 Ital.
1121 443 1175 497 ι).
1202 428 1355 499 972),
1382 429 1511 483 licet
1546 444 1613 484 eo
1662 438 1903 500 tempore
1924 430 2027 485 sub
2058 428 2167 483 Lu-
2195 430 2247 491 Α
2272 429 2581 500 Appendice
2604 432 2733 485 tomi
2761 433 2919 499 primi
2950 447 3074 502 pag.
3101 432 3189 486 66.
3230 432 3363 488 Cum
3403 449 3565 503 porro
3594 436 3735 492 idem
3762 437 3860 496 ne.

593 518 787 575 dovico
831 518 876 574 II
914 517 1078 574 Italia:
1106 534 1232 588 rege
1279 519 1594 573 Tridentum
1644 528 1788 575 esset
1826 519 1993 575 Italici
2026 521 2177 589 regni
2279 520 2558 590 rengarius
2577 535 2791 575 onmem
2826 522 3114 590 praeterita:
3159 521 3484 578 calamitatis
3522 540 3747 581 causam
3778 543 3861 582 re-

595 611 859 675 marcbia,
899 625 1020 681 quae
1049 625 1079 663 ιι
1110 609 1389 666 Liutfredo
1435 609 1650 682 [xcvm]
1695 612 1833 666 duce
1862 609 2174 683 regebatur.

592 700 847 756 Marcbiie
870 702 1036 773 igitur
1060 700 1389 756 Veronensis
1413 700 1701 771 appellatio
1727 702 1946 757 inducta
1970 708 2054 757 est
2075 702 2178 756 sub

600 794 847 851 Ottone!
878 810 1019 850 anno
1046 794 1184 856 952,
1222 803 1276 849 et
1304 807 1366 847 ea
1417 794 1485 849 de
1530 808 1693 849 causa
1735 794 1980 860 inducta,
2030 794 2175 864 quod

598 884 812 939 Verona
848 899 969 938 eum
1012 882 1220 961 caeteris
1258 881 1375 949 eius
1416 882 1672 937 marcbia
1713 881 1940 938 urbibus
1977 883 2045 937 ad
2070 881 2178 937 Fo-

595 975 911 1045 rumjulium
931 989 1106 1044 usque
1143 973 1466 1029 Germanico
1489 989 1657 1045 regno
1681 974 1934 1044 ascripta,
1964 983 2018 1029 et
2040 973 2174 1030 Ger-

593 1084 759 1124 mano
789 1069 911 1124 duci
939 1068 1267 1133 commissa,
1314 1066 1478 1137 huius
1508 1069 1657 1138 regni
1701 1068 1878 1130 portio
1907 1082 1971 1122 ac
2016 1067 2174 1123 limes

589 1175 711 1216 esse
733 1160 915 1230 cmpit.

661 1250 749 1304 74.
777 1249 906 1305 Haec
934 1250 1151 1320 quidem
1181 1249 1422 1304 marebia
1449 1249 1536 1303 vix
1562 1249 1827 1312 instituta,
1857 1248 2058 1304 Ottone
2078 1248 2094 1302 I
2116 1257 2171 1302 et

586 1339 820 1396 Henrico
848 1341 986 1396 duce
1028 1339 1354 1411 gravissimo
1382 1339 1525 1396 bello
1562 1339 1841 1395 distractis
1865 1355 2008 1396 anno
2041 1339 2168 1405 955,

588 1432 648 1489 iu
692 1430 1004 1503 Berengarii
1048 1432 1304 1486 ditionem
1357 1431 1516 1488 facile
1542 1434 1723 1498 venit;
1757 1441 1812 1487 et
1861 1441 2009 1497 tunc,
2043 1446 2167 1486 cum

592 1524 803 1579 Verona
826 1524 1079 1578 desiisset
1099 1538 1219 1579 esse
1233 1523 1541 1580 Germanici
1571 1525 1718 1595 regni
1753 1523 2019 1589 marchia,
2049 1523 2169 1578 Tri-

583 1614 813 1673 dentum
851 1622 907 1668 et
956 1611 1347 1681 Forumjulium
1393 1613 1562 1669 Italici
1612 1615 1761 1683 regni
1817 1614 2041 1677 limites,
2098 1613 2165 1667 ad

581 1702 861 1773 antiquam
889 1703 1149 1759 marehize
1170 1703 1401 1758 formant
1424 1704 1721 1767 redierunt,
1752 1704 1932 1774 quoad
1961 1703 2162 1759 Beren-

2278 608 2489 665 tulisset
2524 627 2544 660 ι
2580 610 2635 664 in
2672 611 2956 681 episc0pos
2991 620 3047 665 et
3079 612 3304 668 comites
3325 622 3662 686 ceterosque
3690 616 3864 674 Italia:

2275 700 2587 770 principes;
2613 715 2802 755 omnes
2828 717 2923 757 eos
2947 703 3088 758 odiis
3124 712 3179 758 et
3213 703 3516 761 inimicitiis
3562 708 3864 780 insequens

2274 792 2676 848 inimicissimos
2702 792 2805 848 sibi
2837 792 3037 858 effecit,
3075 814 3096 847 δ
3150 804 3208 850 ιιι
3239 798 3588 853 eontinuator
3615 799 3859 871 Regino-

2273 881 2365 937 nis
2388 883 2665 937 memoriae
2688 883 2941 952 prodidit.
2988 884 3176 955 Itaque
3205 902 3300 941 rex
3330 884 3457 942 Otto
3487 888 3558 943 ab
3600 889 3689 946 his
3722 891 3863 946 invio

2275 978 2439 1036 tatus,
2470 972 2664 1027 iterum
2702 972 2754 1027 in
2801 972 3013 1029 Italiam
3064 975 3338 1047 ingressus
3380 988 3466 1032 est
3490 979 3683 1036 eodem
3717 995 3864 1037 anno

2271 1060 2397 1126 961,
2437 1062 2869 1133 Berengarioque
2903 1064 3146 1121 Italicum
3175 1081 3398 1139 regnum
3428 1069 3646 1139 penitus
3672 1072 3865 1127 abstu-

2271 1150 2355 1205 lit.
2387 1151 2501 1206 Etsi
2533 1168 2663 1208 vero
2704 1162 2876 1208 totum
2925 1154 3029 1211 hoc
3057 1171 3283 1226 regnum
3326 1157 3443 1227 ipse
3477 1158 3608 1214 Otto
3644 1161 3862 1215 obtine-

2272 1249 2386 1306 ret,
2438 1243 2579 1297 banc
2608 1253 2785 1297 tamen
2817 1242 2987 1299 Italiae
3028 1254 3257 1315 partem,
3310 1262 3432 1316 qua:
3461 1263 3492 1302 a
3521 1247 3740 1303 Verona
3789 1252 3861 1305 ad

2270 1330 2659 1400 Forunijulium
2721 1336 3066 1400 extenditur;
3123 1335 3289 1392 veluti
3338 1339 3509 1409 regni
3541 1340 3862 1397 Germanici

2271 1423 2495 1478 limitem
2520 1438 2673 1489 esse,
2704 1434 2760 1479 et
2790 1444 2808 1476 ι
2844 1427 3140 1482 marcbiam
3174 1429 3566 1495 Veronensem,
3599 1451 3619 1485 ι
3654 1441 3716 1487 ιιι
3759 1448 3860 1487 aa-

2272 1522 2375 1609 t_ca,
2434 1513 2691 1584 appellari
2747 1514 2958 1609 voluit.
3000 1516 3184 1609 Quare
3217 1520 3317 1588 ipsi
3367 1521 3559 1609 ducem
3609 1523 3862 1593 praefecit

2266 1602 2595 1658 Germanum
2623 1620 2838 1673 genere,
2870 1607 2962 1677 qui
2993 1608 3237 1663 eamdem
3267 1619 3458 1664 contra
3485 1602 3717 1668 cancros
3745 1614 3856 1669 Ita-

2268 1692 2380 1758 los,
2410 1693 2453 1748 si
2483 1694 2575 1763 qui
2602 1692 2739 1749 forte
2763 1696 3120 1753 defectionem
3140 1699 3484 1767 molirentur,
3515 1702 3859 1761 defenderet.

586 1768 770 1865 garius
791 1794 979 1849 eadem
1010 1794 1128 1849 loca
1161 1804 1216 1850 et
1238 1809 1459 1865 regnum
1506 1796 1748 1850 retinuit.
1771 1768 1928 1849 'uine
1952 1810 2076 1849 cum
2109 1796 2163 1850 in
2197 1768 2241 1827 Β
2269 1783 2504 1852 Idipsum
2546 1784 2636 1839 alii
2667 1783 2882 1842 Gitonis
2914 1801 3258 1844 successores
3296 1788 3582 1858 fecerunt;
3635 1808 3704 1848 ac
3732 1809 3864 1864 pro-

582 1885 800 1943 Milonis
850 1896 1174 1943 testamento
1215 1897 1336 1943 acto
1393 1889 1446 1942 in
1504 1907 1521 1939 ι
1550 1886 1737 1943 Runco
1769 1908 1787 1939 ι
1836 1888 2165 1942 Veronensis

585 1979 701 2051 agri
734 1998 753 2031 ι
788 1989 1078 2051 regnantes
1125 1980 1236 2034 DD.
1288 1990 1501 2036 nostros
1547 1980 1903 2051 Berengarius
1928 1991 1981 2035 et
2006 1981 2165 2035 Adel-

2269 1884 2455 1944 pterea
2521 1875 2606 1931 vel
2656 1876 2957 1947 Bajoariaz,
3015 1878 3102 1934 vel
3143 1879 3441 1937 Carintbia:
3484 1883 3651 1939 duces
3675 1884 3862 1939 eidem

2268 1969 2526 2024 marcbiie
2551 1970 2793 2039 praefecti
2819 1971 3091 2041 leguntur.
3137 1972 3276 2029 Iline
3303 1991 3324 2025 ι
3348 1972 3682 2030 Veronensis
3710 1991 3859 2031 mar-

544 2072 770 2135 _bertus
802 2072 912 2127 lilio
936 2072 1051 2142 ejus
1097 2088 1253 2144 reges
1293 2074 1379 2128 liic
1408 2075 1459 2126 in
1501 2073 1649 2127 Italia
1683 2088 1828 2127 anno
1870 2073 1903 2127 5
1931 2076 2031 2128 sub
2075 2074 2164 2129 die
2266 2060 2405 2114 cuius
2435 2078 2455 2112 ι
2502 2075 2697 2117 nomen
2734 2062 2834 2117 sub
2862 2062 3169 2120 Germaniae
3210 2065 3430 2135 regibus
3455 2066 3666 2122 diutius
3707 2070 3857 2124 obti-

577 2163 792 2219 decimo
824 2164 1171 2235 ingrediente
1193 2180 1379 2220 mense
1403 2165 1530 2220 Julii
1570 2166 1755 2220 indict.
1808 2166 1895 2231 ιδ,
1927 2185 1946 2217 ι
1997 2165 2050 2220 id
2078 2175 2163 2222 est
2266 2151 2403 2213 ιιυίιν
2455 2150 2713 2206 nimirum
2759 2168 2931 2223 usque
2957 2153 3026 2210 ad
3059 2154 3317 2211 mulum
3353 2154 3467 2222 ΧΠ,
3524 2171 3590 2212 ac
3622 2159 3862 2228 proinde

575 2268 718 2307 anno
740 2252 846 2307 955
872 2252 1125 2324 (Usum...
1156 2263 1196 2309 t.
1224 2252 1312 2325 V),
1345 2255 1484 2310 idem
1515 2254 1641 2309 Milo
1688 2272 1708 2305 ε
1745 2255 1988 2311 marcbio
2011 2275 2032 2309 ι
2067 2270 2161 2325 ap-
2263 2240 2656 2312 Fumuiuiium
2688 2243 2967 2312 proprium
2993 2244 3245 2300 comitem
3269 2246 3471 2313 habere
3492 2248 3681 2319 coepit.
3712 2249 3860 2305 sicut

571 2340 840 2411 pelletur;
894 2342 948 2397 id
982 2343 1197 2398 videtur
1227 2342 1568 2398 referendum
1608 2343 1721 2397 sive
1764 2344 1830 2398 ad
1875 2343 2187 2415 Forumju-,
2261 2339 2317 2385 ει
2342 2340 2550 2386 πωπω
2571 2331 2812 2401 clamem
2846 2334 3103 2390 mamma?
3127 2335 3312 2391 urbes-

572 2431 729 2497 lium,
761 2432 879 2486 sive
904 2431 1084 2501 potius
1128 2431 1195 2485 ad
1244 2431 1582 2492 Tridentum,
1619 2447 1739 2501 qua:
1780 2447 1997 2502 quoque
2027 2432 2158 2487 urbs
2336 2422 2425 2477 76o
2461 2424 2635 2478 Duces
2670 2422 2829 2492 huius
2877 2423 3134 2480 mamma!
3160 2424 3293 2480 ηυιιί
3344 2434 3507 2480 cerui!
3536 2426 3652 2481 sedi
3681 2425 3859 2493 θωιίο

571 2517 744 2573 Italici
801 2519 952 2589 regni
1002 2517 1279 2572 limitanea
1329 2533 1360 2572 a
1412 2516 1750 2586 Liutprando
1797 2537 1815 2569 ι
1855 2517 2096 2573 marcln'a
2131 2538 2152 2571 ι
2259 2519 2418 2574 modo
2449 2518 2559 2582 hic,
2596 2519 2757 2573 modo
2778 2519 2909 2585 illic,
2935 2520 3012 2574 uti
3036 2520 3263 2576 libebat.
3304 2520 3390 2576 vel
3416 2536 3506 2577 res
3532 2520 3856 2595 ﬂagitabat,

571 2619 814 2666 vocatur.
851 2609 1212 2680 Berengarius
1249 2608 1497 2665 fortassis
1533 2610 1674 2664 hanc
1699 2609 2028 2674 marcbiam,
2060 2623 2162 2678 per
2259 2611 2633 2666 morabantur.
2676 2608 2771 2665 Jus
2818 2610 3059 2680 ipsorum
3096 2609 3150 2666 in
3198 2611 3348 2682 ipsos
3396 2614 3649 2679 comites,
3704 2621 3765 2668 et
3796 2614 3855 2668 in

571 2717 736 2772 quam
765 2701 1104 2758 Germanicae
1126 2703 1297 2773 copia:
1326 2703 1380 2758 in
1411 2703 1620 2757 Italiam
1655 2703 1859 2757 intrare
1886 2702 2153 2769 solebant,
2259 2711 2429 2758 totam
2457 2702 2754 2757 marchiam
2793 2717 2860 2756 ex
2891 2717 3079 2758 eorum
3109 2701 3347 2772 placitis,
3379 2711 3438 2757 ut
3463 2703 3856 2770 indicavimus,

572 2794 756 2850 Miloni
794 2802 950 2849 antea
979 2794 1165 2849 comiti
1197 2795 1495 2849 Veronensi
1521 2794 1713 2849 fautori
1744 2808 1841 2850 suo
1862 2793 2155 2863 regendam
2255 2794 2443 2864 liquet.
2477 2792 2622 2848 Idem
2652 2792 2938 2847 conﬁrmat
2962 2791 3305 2862 privilegium
3327 2791 3613 2858 anniv998,
3661 2792 3718 2847 in
3742 2808 3858 2863 quo

569 2898 626 2943 et
653 2886 1319 2943 custodiendamlradidit.
1352 2885 1492 2943 Hinc
1519 2888 1684 2943 etiam
1712 2886 1880 2957 liquet
1901 2887 2017 2942 haec
2037 2886 2153 2941 loca
2256 2883 2384 2937 dum
2413 2880 2541 2937 Otto
2568 2881 2633 2936 Ill
2662 2880 2978 2937 Berinfredo
3008 2881 3238 2937 diacono
3274 2879 3576 2936 Veronensi
3617 2883 3857 2953 ejusque

571 2995 600 3032 a
624 2978 954 3049 Berengario
977 2977 1202 3033 subacta
1225 2988 1351 3034 ante
1382 2994 1582 3033 annum
1622 2977 1757 3043 955,
1794 2978 1846 3033 id
1876 2986 1960 3034 est
1994 2978 2153 3047 paulo
2256 2974 2518 3031 fratribus
2537 2982 2699 3044 atque
2726 2974 3004 3030 sororibus
3034 2972 3323 3037 concessit,
3359 2989 3381 3024 ι
3416 2981 3477 3028 ιιι
3499 2973 3701 3029 nullius
3730 2975 3852 3045 pla-

558 3078 878 3140 postquam
899 3069 1282 3125 Germanicum
1317 3069 1515 3125 bellum
1548 3069 1600 3124 in
1642 3067 1893 3126 Otlouem
1920 3080 1975 3125 et
2010 3069 2153 3126 Hen-
2180 3115 2225 3177 C
2257 3064 2426 3119 citum
2455 3064 2780 3129 custodiant,
2828 3078 2929 3119 nec
2963 3064 3030 3119 ad
3080 3072 3254 3134 legem
3284 3062 3588 3119 faciendam
3621 3079 3686 3120 se
3715 3074 3856 3121 ante

573 3159 747 3215 rieum
761 3160 993 3225 exarsit,
1013 3175 1154 3214 anno
1179 3160 1300 3215 955.
2181 3156 2225 3177 υ
2257 3158 2596 3228 priesentiam
2624 3156 2851 3228 alicujus
2889 3166 3236 3227 przeseutent,
3291 3158 3395 3213 nisi
3435 3167 3563 3214 ante
3594 3176 3722 3227 nos,
3754 3170 3854 3215 aut

638 3250 727 3304 75.
754 3249 905 3304 Bello
927 3250 980 3303 in
1010 3248 1298 3304 Germania
1326 3250 1629 3320 consopita,
1659 3248 1784 3305 Otto
1813 3265 1927 3313 rex,
1968 3259 2028 3304 ut
2051 3249 2155 3306 Be-
2255 3256 2381 3304 ante
2418 3256 2662 3303 nostrum
2687 3248 2877 3302 ducem
2909 3248 3147 3305 (Dtours.
3176 3245 3395 3303 Called.
3435 3250 3684 3321 diplom.,
3711 3267 3846 3325 pag.

572 3341 882 3411 rengarium
931 3340 1270 3409 reprimeret,
1311 3340 1607 3395 Liutulfum
1646 3341 1812 3396 lilium
1844 3356 1999 3396 suum
2027 3356 2150 3396 cum
2257 3339 2419 3409 l85);
2455 3357 2474 3392 ι
2527 3338 2903 3393 mundeburdii
2934 3338 3171 3408 speciem
3227 3337 3361 3408 ipsis
3386 3339 3632 3405 indulsit,
3666 3358 3781 3413 quo
3816 3361 3851 3399 a

568 3432 741 3503 copiis
773 3432 920 3488 misit
947 3432 1000 3487 in
1023 3432 1235 3487 Italiam
1264 3447 1406 3487 anno
1426 3432 1551 3487 956.
1580 3432 1627 3486 Is
1655 3433 1802 3487 brevi
1827 3446 1894 3486 eo
1916 3432 2149 3497 devicto,
2252 3433 2543 3488 comitibus
2587 3431 2665 3505 [ο]
2708 3434 3027 3502 ceterisque
3068 3433 3339 3504 indicibus
3377 3436 3650 3507 exempti,
3699 3439 3852 3509 apud

568 3529 684 3578 toto
716 3536 854 3592 pene
882 3536 1049 3593 regno
1077 3520 1261 3576 Italico
1287 3520 1489 3591 potitus
1512 3530 1636 3576 ‘est.
1678 3521 1784 3576 Sed
1817 3537 1986 3587 mors,
2030 3536 2153 3591 quae
2253 3525 2428 3580 solum
2459 3525 2866 3595 imperatorem,
2911 3525 2997 3578 vel
3040 3526 3179 3595 apud
3204 3526 3395 3581 ducem
3425 3528 3689 3583 marchize
3719 3544 3855 3586 con-

551 3626 717 3667 ianno
734 3611 982 3681 sequenti
1009 3611 1097 3666 die
1118 3620 1271 3667 sexta
1299 3610 1634 3681 Septembris
1655 3612 1913 3667 victorem
1945 3613 2011 3667 de
2038 3628 2151 3668 me-
2251 3618 2423 3672 veniri
2458 3623 2711 3686 poterant
2740 3633 2755 3669 :
2788 3616 2929 3686 quod
2968 3616 3230 3687 insignem
3275 3616 3472 3672 dueum
3510 3630 3675 3688 atque
3699 3635 3854 3675 mar-

567 3703 659 3757 dio
685 3703 927 3769 sustulit,
943 3703 1268 3773 Berengario
1288 3703 1648 3772 recuperandi
1681 3702 1847 3758 totius
1886 3703 2037 3773 regni
2062 3703 2152 3758 ad.
2250 3709 2504 3764 eliionum
2531 3706 2907 3762 auctoritatem
2932 3705 3189 3760 declarat.
3235 3704 3474 3775 Idipsum
3495 3721 3564 3762 ex
3590 3707 3850 3766 Ratherii

569 3791 709 3844 itum
760 3792 990 3861 aperuit.
1041 3791 1222 3859 Quare
1267 3791 1347 3862 (ὅ)
1386 3792 1493 3847 duo
1524 3792 1867 3856 documenta,
1918 3790 2147 3847 alterum
2249 3813 2463 3867 quoque
2497 3797 2750 3866 operibus
2791 3794 3135 3849 manifestum
3166 3803 3266 3850 est.
3315 3795 3372 3849 In
3398 3797 3559 3867 epist.
3585 3798 3715 3853 83d
3746 3800 3857 3856 Mi-

573 3900 593 3931 r
623 3891 803 3935 actum
848 3882 908 3937 in
963 3882 1187 3937 civitate
1242 3882 1453 3937 Verona
1488 3900 1509 3933 ›
1558 3895 1747 3937 mense
1785 3883 2007 3938 Octobri
2057 3899 2147 3937 an.
2248 3889 2426 3943 Iouem
2458 3885 2783 3942 Veronensis
2837 3885 2983 3940 sedis
3022 3886 3331 3940 invasorem
3372 3901 3431 3941 se
3479 3888 3548 3942 ab
3593 3902 3660 3943 eo
3686 3876 3885 3945 com-ﬂ

566 3968 704 4036 957,.
726 3969 954 4025 alterum
1025 3991 1045 4022 ι
1077 3972 1131 4025 in
1169 3980 1354 4027 castro
1390 3971 1708 4026 Roveclaria
1742 3989 1760 4022 ι
1821 3968 2151 4027 Veronensis
2250 3978 2601 4046 prehensum,
2642 3986 2699 4031 et
2736 3978 2790 4031 in
2838 3976 3092 4032 exsilium
3125 3976 3414 4032 abductum
3443 3977 3682 4034 aﬂirmat
3715 3999 3737 4032 ι
3774 3983 3852 4038 ad

568 4063 689 4133 agri
736 4080 829 4118 an.
877 4064 983 4120 959
1029 4066 1343 4137 Berengarii
1378 4074 1435 4121 et
1475 4066 1752 4122 Adelberti
1791 4066 1908 4137 ejus
1935 4067 2029 4122 lilii
2065 4082 2151 4123 re-
2249 4067 2482 4122 dedecus
2528 4066 2890 4135 imperatoris,
2937 4074 3011 4131 et,
3063 4066 3187 4120 licet
3232 4066 3593 4131 dissimulent,
3630 4070 3843 4140 inquit,

528 4147 532 4152 ’
566 4168 729 4221 guunt
761 4172 781 4205 ι
817 4154 907 4209 liic
954 4154 1009 4209 in
1051 4154 1268 4219 Italia,»
1304 4165 1512 4212 notant.
1561 4157 1709 4211 Adeo
1728 4165 1908 4212 autem
1935 4158 2146 4213 Verona
2246 4156 2442 4210 ducum
2475 4164 2785 4210 nostrorum
2818 4172 2831 4206 :
2871 4173 2890 4206 ι
2933 4163 2988 4209 et
3028 4164 3150 4224 post
3195 4156 3451 4210 nonnulla
3493 4157 3596 4213 sub
3623 4159 3792 4214 finem
3825 4180 3847 4215 ;

564 4241 681 4311 ipsa
708 4242 1073 4311 potiebantur,
1104 4253 1165 4299 ut
1198 4246 1395 4300 ibidem
1418 4254 1713 4316 praesentes
1732 4246 1964 4316 diploma
1988 4248 2150 4304 dede-
2254 4264 2277 4297 ι
2297 4245 2353 4301 Si
2379 4245 2696 4315 resipiscere
2724 4258 2999 4315 nunquam
3023 4244 3307 4306 deliberas,
3336 4244 3439 4299 alia
3468 4246 3672 4313 moliri,
3696 4249 3853 4320 quod

565 4329 678 4385 rint
702 4326 875 4404 [χαι]
901 4332 977 4403 (ιι)
1016 4348 1158 4387 anno
1199 4333 1305 4389 958
1332 4323 1517 4390 Idibus
1537 4334 1785 4390 Januarii
1833 4350 1931 4405 pro
1958 4352 2147 4393 mona-
2246 4336 2478 4408 cmpisti,
2516 4344 2688 4403 tenta,
2739 4351 2992 4407 suggero,
3019 4337 3140 4399 via;
3174 4336 3519 4404 imperatoris
3541 4347 3599 4394 et
3634 4340 3848 4399 ducum

565 4424 735 4479 sterio
759 4423 1060 4481 Lenonensi
1090 4426 1386 4482 Brixiensis
1426 4427 1700 4495 diceeesis,
1735 4427 1890 4497 cujus
1919 4444 2145 4500 apogra-
2174 4459 2225 4520 ο
2248 4437 2580 4489 nostrorum,
2614 4426 2658 4480 si
2685 4424 2853 4490 vales,
2881 4422 3211 4492 acquirendo
3237 4424 3422 4494 utique
3443 4440 3553 4494 quo
3580 4430 3851 4486 recedam

562 4515 730 4586 phum
756 4517 990 4573 vidimus
1029 4519 1170 4588 apud
1216 4518 1277 4575 P.
1307 4521 1557 4576 abbatem
1596 4520 1860 4577 Joannem
1911 4520 2143 4577 Ludovi-
2177 4512 2215 4520 ’⁷
2249 4514 2531 4585 imperium
2560 4532 2571 4566 :
2609 4533 2628 4565 ι
2668 4529 2789 4582 quae
2808 4527 2912 4568 non
2940 4520 3048 4565 tam
3070 4512 3473 4582 imperatorem,
3499 4531 3664 4585 quam
3692 4519 3851 4590 ipsos

564 4622 688 4662 cum
735 4604 1030 4676 Lucbium;
1083 4620 1138 4664 et
1190 4610 1333 4665 aliud
1388 4611 1571 4667 itidem
1622 4612 1848 4667 Veronae
1894 4612 2143 4667 dederint
2247 4607 2415 4660 duces
2440 4604 2516 4657 uti
2552 4603 2876 4658 Veronensis
2906 4602 3160 4658 marcbite
3179 4603 3465 4672 praefectos
3498 4605 3732 4664 Veronae
3746 4610 3851 4679 jus

566 4712 708 4752 anno
735 4697 832 4752 961
862 4699 1021 4753 tertio
1046 4699 1163 4753 Kal.
1216 4699 1405 4756 lunias
1424 4741 1438 4765 ,
1486 4702 1629 4771 quod
1654 4701 1858 4757 editum
1907 4703 2011 4756 fuit
2033 4704 2142 4772 pri-
2248 4695 2499 4752 habuisse
2528 4692 2853 4764 significant.
2895 4692 3096 4746 Eodem
3126 4692 3315 4748 referri
3345 4707 3570 4765 possunt
3595 4699 3707 4754 duo
3729 4701 3844 4758 alia

564 4802 712 4843 mum
740 4801 773 4841 a
802 4785 1117 4855 Muratorio,
1144 4798 1275 4844 tom.
1300 4789 1340 4844 V
1377 4793 1559 4862 Autiq.
1589 4792 1781 4860 ltalic.,
1808 4793 1913 4848 col.
1936 4793 2063 4859 £93,
2086 4804 2143 4848 et

2271 4802 2384 4850 nea,
2407 4801 2526 4855 quae
2555 4785 2606 4838 in
2629 4783 2915 4851 Qualitatis
2941 4783 3250 4855 conjectura
3270 4797 3585 4855 occurrunt,
3610 4790 3703 4845 ubi
3737 4794 3846 4848 du-

564 4881 761 4936 iterum
795 4881 865 4937 ab
897 4881 1197 4939 editoribus
1245 4884 1531 4939 Annaliqu
1564 4885 2053 4941 Camaldulensium
2087 4887 2147 4942 in
2248 4892 2364 4934 cem
2388 4891 2479 4932 88“
2506 4876 2779 4931 dimissam
2802 4875 3024 4930 Verona?
3048 4876 3305 4946 Ρθθυιίδτί
3335 4880 3668 4936 “namnam
3694 4898 3845 4954 Prie-

637 5009 714 5081 (5)
746 5009 893 5090 Ilaec
918 5011 1025 5090 duo
1070 5012 1390 5090 documenta
1422 5012 1580 5090 edita
1612 5012 1828 5090 filerunt
1857 5029 1885 5067 a
1931 5016 2141 5090 march.
2320 5012 2397 5082 (4)
2421 5008 2768 5090 Δηηιειηηθὸβ
2788 5007 3062 5090 vulgarem
3079 5010 3361 5090 designant
3391 5027 3566 5090 annus
3596 5025 3845 5076 octavus

565 5079 939 5172 ξίλιισηξςξξέέβ,
959 5081 1228 5172 Drusus
1244 5084 1315 5172 in,
1339 5082 1564 5172 Quies}-
1593 5082 1838 5172 situlos;
1855 5084 2040 5172 91m.
2089 5094 2145 5138 ει
2248 5079 2543 5172 riguis}.
2564 5079 3017 5172 ‘1!:'§?*32.B"‘::‘.2:
3040 5079 3694 5172 3“{‘Pi‘.".‘2.'".e,“sﬁ
3718 5105 3838 5143 ηοε-
