4038 5388
261 240 334 294 85
1278 216 1809 292 Pammenem.
1850 260 1915 270 -
1953 229 2276 284 nuneuu
2317 229 2492 294 vim.
3451 238 3520 291 ες,

262 354 438 408 ditant
514 361 792 408 memorat.
853 353 1088 406 Primum
1143 368 1288 406 num.
1333 354 1414 406 5:
1462 374 1477 402 ι
1525 350 1839 420 Imperatori
1870 353 1913 408 A
1944 357 2212 418 gestarum
2269 350 2572 414 historiam,
2627 367 2745 418 qua?
2783 359 3247 406 monumentorum
3297 355 3520 420 penuria

267 442 614 513 (Ratherius)
650 459 753 498 non
790 442 974 503 servit,
1007 441 1126 494 duci
1169 457 1522 510 nequaquam.
1560 463 1576 493 ι
1613 442 1843 494 Rursum

267 546 421 584 num.
451 531 555 584 ﬂ:
583 551 600 581 ι
626 531 736 584 Dux
764 529 958 600 inclyta
1002 530 1187 592 verita,
1212 530 1403 598 iuqttit,
1430 546 1495 583 ne
1517 531 1664 598 pejus
1692 529 1845 592 mihi,

264 637 431 689 quam
473 620 742 690 contigit,
777 621 1056 684 eveniret,
1097 622 1492 674 commendavit
1528 637 1610 675 me
1642 620 1847 674 tuitioui

259 709 508 762 comitis.
545 729 562 758 ι
615 709 849 762 Tandem
884 709 934 762 in
969 708 1273 774 Itinerario,
1307 725 1456 762 num.
1505 709 1559 773 4,
1598 725 1655 764 se
1689 729 1705 759 ‹
1745 709 1851 763 ele-

261 797 474 851 mentia
499 797 864 866 imperatoris,
905 797 1166 852 subventu
1213 798 1677 853 excellentissima:
1702 798 1853 852 ducis

267 896 546 954 ereptum,
580 889 878 951 reductum,
911 909 928 940 ›
987 889 1168 942 tradit.
1221 887 1329 943 Hos
1371 907 1388 939 α
1420 891 1583 944 duces
1618 898 1849 951 nostros,

270 976 414 1030 hanc
446 976 709 1046 inclytam
753 979 938 1032 ducem
977 997 993 1027 ι
1049 993 1144 1032 eos
1191 976 1378 1043 fuisse,
1429 979 1518 1047 qui
1560 978 1851 1033 Veronensi

273 1067 538 1121 marchia:
566 1080 854 1136 praeerant,
878 1085 943 1124 ex
975 1072 1290 1139 praestitutis
1319 1071 1504 1140 liquet.

343 1155 431 1209 77.
477 1155 548 1211 Ut
579 1168 755 1212 autem
786 1159 1132 1228 intelligatur,
1169 1160 1389 1228 quinam
1415 1159 1502 1213 isti
1533 1159 1632 1213 sub
1656 1159 1855 1214 Ruthe-

271 1246 352 1299 rio
375 1245 588 1300 fuerint
611 1264 625 1311 ;
660 1250 872 1311 ducum,
904 1250 993 1317 qui
1019 1249 1214 1303 Steculo
1236 1266 1266 1302 ι
1295 1250 1536 1303 eamdem
1560 1250 1853 1303 marchiam

273 1335 766 1396 administrabant.
819 1339 1013 1393 seriem
1042 1338 1304 1394 hactenus
1336 1354 1439 1392 non
1473 1340 1606 1394 satis
1635 1353 1854 1408 perspe-

275 1437 446 1484 ctam.
480 1439 537 1482 et
570 1430 730 1482 rebus
761 1430 1002 1497 pluribus
1041 1429 1226 1483 utilem
1274 1431 1375 1484 hoc
1426 1431 1542 1483 loco
1571 1439 1858 1486 contexere

275 1528 328 1570 et
357 1518 637 1586 explicare
657 1519 874 1587 juverit.
911 1520 1122 1575 Primus
1151 1520 1310 1588 hujus
1363 1521 1617 1575 marchize
1661 1521 1764 1574 dux
1791 1521 1857 1575 ab

275 1608 480 1662 Ottone
513 1607 530 1660 l
563 1608 848 1677 przefectus
893 1624 1033 1663 anno
1061 1609 1187 1672 952,
1221 1625 1328 1678 quo
1358 1609 1525 1677 ipsam
1564 1609 1855 1663 marchiam

278 1699 586 1751 institutam
620 1699 870 1763 vidimus,
930 1698 1030 1752 fuit
1057 1699 1319 1754 Henricus
1362 1697 1600 1766 ejusdem
1647 1699 1859 1754 Ottonis
1892 1691 1932 1746 Β

275 1787 468 1847 frater,
509 1788 601 1856 qui
636 1789 746 1857 jam
775 1788 897 1842 inde
931 1789 997 1842 ab
1027 1803 1167 1841 anno
1188 1787 1292 1842 945
1323 1787 1579 1855 Bajoarite
1609 1788 1856 1842 ducatum

233 1903 240 1907 -
275 1879 612 1931 obtinuerat.
649 1878 784 1932 Hinc
812 1879 936 1933 dum
974 1897 992 1929 ί
1021 1879 1367 1932 Bavaricrum
1393 1879 1522 1942 dux,
1546 1889 1599 1934 et
1625 1879 1861 1931 tnarchio

278 1967 518 2035 inclytus
548 1988 565 2016 ι
609 1984 636 2019 a
667 1968 898 2036 Hotgero
922 1970 1239 2038 appellatur,
1285 1986 1388 2022 non
1417 1970 1651 2022 marchia
1685 1969 1866 2021 orien-

277 2057 422 2116 talis,
457 2074 601 2111 nunc
636 2057 874 2124 Anstria,
920 2076 1041 2114 cum
1075 2061 1345 2114 nonnullis
1391 2060 1731 2129 intelligenda
1757 2069 1860 2123 est,

276 2147 371 2199 sed
406 2147 654 2201 marchia
689 2148 1029 2203 Veronensis.
1074 2149 1170 2203 llic
1215 2150 1482 2205 Henricus
1514 2152 1741 2204 duxerat
1770 2149 1865 2204 Ju-

277 2236 492 2291 ditham
551 2237 787 2302 Arnult‘t,
858 2255 951 2295 seu
1009 2242 1230 2296 Arnoldi
1284 2241 1652 2310 Bajoariorum
1714 2243 1863 2297 ducis

283 2325 395 2380 ﬁlia
419 2343 472 2391 η,
497 2327 633 2394 ejus,
689 2329 941 2398 inquam,
973 2331 1070 2402 [et]
1100 2331 1328 2395 Aruulﬁ,
1367 2331 1454 2399 qui
1484 2347 1603 2386 cum
1638 2347 1667 2385 a
1702 2329 1865 2384 Vero-

284 2417 545 2469 nensibus
574 2417 838 2472 invitatus
864 2430 1051 2473 contra
1087 2420 1320 2488 ligonem
1351 2435 1528 2489 regem
1555 2421 1863 2474 descendis-

283 2515 368 2558 set
397 2507 449 2558 in
481 2506 714 2572 Italiam,
743 2507 986 2576 pluribus
1012 2508 1252 2561 Hatherii
1281 2508 1698 2572 calamitatibus,
1730 2523 1864 2577 quas

287 2595 656 2663 exposuimus,
710 2597 1050 2651 occasionem
1107 2597 1272 2651 dedit.
1319 2597 1441 2652 llzec
1471 2597 1683 2651 llenrici
1733 2612 1867 2650 uxor

288 2684 537 2739 laudatur
565 2687 643 2756 (5)
678 2703 707 2740 a
741 2689 955 2752 tmtltis,
1004 2688 1290 2758 genuitque
1317 2704 1380 2743 ex
1413 2703 1478 2743 eo
1506 2688 1791 2742 Henricum
1825 2687 1864 2740 ll

290 2776 367 2844 (6)
398 2791 488 2830 an.
518 2777 639 2832 951.
692 2779 926 2834 Henrico
977 2789 1130 2849 patre
1182 2781 1290 2833 vita
1346 2779 1530 2834 l‘uncto
1558 2795 1701 2834 anno
1738 2779 1863 2845 955,

288 2866 419 2920 Otto
445 2882 533 2921 rex
561 2867 790 2924 Henrico
815 2869 852 2922 ΙΙ
893 2889 910 2920 ‹
944 2868 1060 2936 ejus
1103 2869 1214 2922 ﬁlio
1242 2872 1497 2924 ducatum
1521 2881 1575 2923 et
1625 2885 1864 2924 marcam

290 2956 461 3018 dedit,
507 2977 525 3008 ι
557 2965 614 3010 ut
635 2959 978 3013 continuator
1001 2959 1292 3028 Hcgiuouis
1319 2969 1371 3013 et
1411 2959 1674 3013 annalista
1724 2960 1868 3014 Saxo

1950 439 2002 491 iu
2037 440 2265 492 obscuro
2287 451 2390 503 est,
2422 441 2711 510 cxpiscari,
2745 451 2799 494 et
2824 456 2985 508 quam
3031 442 3346 494 brevissime
3376 443 3518 506 licet,

1947 529 2242 598 producere
2279 539 2508 598 oportet.
2554 530 2784 584 Henrico
2816 530 2833 582 Ι
2874 539 2926 583 et
2971 529 3078 583 lilio
3110 530 3223 597 ejus
3260 531 3524 600 Bajoariae

1950 618 2174 672 ducibus
2216 620 2415 673 idcirco
2445 620 2771 674 Veronensis
2822 622 3059 674 marchia
3115 622 3308 675 tradita
3359 622 3526 676 fuisse

1949 710 2191 775 videtur,
2242 711 2366 780 quia
2424 720 2550 765 tunc
2603 712 2858 780 Bajoarize
2913 714 3139 767 ducatus
3192 713 3526 768 Cat-inthiam

1954 808 2228 868 totamque
2271 800 2540 868 regionem
2572 800 2620 853 ei
2665 801 2918 854 marchize
2953 803 3343 856 conterminam
3376 817 3526 857 com-
3552 787 3572 808 ⁸

1953 891 2303 961 plectebatur,
2335 892 2412 944 uti
2441 890 2898 958 complectebatur
2935 892 3034 946 sub
3059 891 3282 946 Arnull‘o
3313 901 3366 946 et
3395 890 3528 944 Ber-

1956 979 2084 1034 tcllo
2114 978 2326 1033 llenrici
2363 979 2382 1032 Ι
2430 979 2930 1046 pnedecessoribus,
2982 996 3210 1049 quorum
3262 981 3469 1049 primus
3500 998 3530 1031 ει

1955 1067 2282 1134 Liutprando
2338 1086 2353 1116 ι
2414 1065 2782 1132 Bajoariorum
2840 1066 2958 1138 [cu]
3009 1076 3063 1120 et
3103 1067 3533 1120 Carantauorum

1957 1158 2060 1212 dux
2099 1175 2117 1206 ›
2152 1157 2473 1225 appellatur,
2503 1165 2557 1208 et
2585 1158 2634 1208 in
2661 1156 2979 1209 documento
3006 1155 3333 1224 Frisingensi
3371 1170 3532 1208 voca-

1961 1259 2047 1302 tur
2079 1267 2095 1297 ‹
2137 1249 2238 1301 dux
2273 1247 2619 1300 Bavariorutn
2666 1256 2719 1300 et
2754 1247 2914 1300 etiam
2957 1247 3310 1318 adjacentium
3355 1247 3533 1315 regio-

1959 1353 2084 1390 num
2115 1337 2528 1405 (Ml-IICtlt-ZI.BECH,
2572 1334 2711 1388 Hist.
2753 1333 3010 1404 Frising.,
3042 1346 3168 1389 tom.
3210 1336 3258 1401 l,
3293 1344 3432 1404 part.
3473 1352 3539 1398 tt,

1960 1447 2009 1498 p.
2041 1427 2186 1494 429).
2222 1450 2238 1480 ›
2282 1430 2416 1482 Ilinc
2444 1428 2660 1496 quidem
2703 1427 2754 1480 in
2784 1427 3071 1496 diplomate
3097 1428 3307 1482 Ottonis
3337 1427 3376 1480 ΙΙ
3410 1429 3536 1480 anni

1960 1517 2062 1572 974
2113 1516 2442 1587 Frisingensi
2491 1516 2741 1570 Ecclesia:
2781 1531 3048 1569 concessae
3081 1517 3363 1568 traduntur
3394 1535 3411 1565 ‹
3453 1516 3536 1567 in-

1964 1617 2204 1663 terventu
2233 1607 2464 1662 lleinrici
2500 1626 2518 1658 ι
2549 1605 2766 1660 εοςηιιιιύί
2798 1606 2948 1660 ducis
2975 1605 3215 1658 Bavariaa
3243 1624 3258 1653 ι
3295 1606 3538 1674 quaedam

1962 1714 2144 1773 partes
2173 1705 2289 1758 sita:
2332 1703 2382 1756 in
2426 1703 2620 1756 ducatu
2665 1700 2878 1771 prml‘ati
2911 1700 3079 1761 ducis,
3115 1709 3170 1753 et
3206 1700 3256 1752 iu
3286 1700 3543 1754 comitatu

1963 1795 2213 1864 Poponis,
2244 1794 2384 1862 quod
2428 1792 2678 1847 Carniola
2723 1800 2964 1845 vocatur.
3004 1811 3021 1842 ι
3058 1790 3112 1844 Si
3160 1789 3409 1844 Carniola
3435 1791 3541 1842 (Ja-

1964 1885 2222 1938 rantania:
2272 1900 2397 1953 pars
2445 1891 2563 1935 erat
2612 1882 2663 1934 in
2719 1881 2976 1935 comitatu
3031 1879 3272 1948 subjecto
3325 1881 3542 1934 ducatui

1965 1973 2176 2027 llenrici
2207 1973 2359 2027 ducis
2403 1972 2644 2025 Bavarize
2665 2013 2677 2034 ,
2725 1970 3051 2024 Carantania
3081 1973 3264 2040 utique
3295 1971 3359 2024 ad
3390 1987 3544 2024 eum-

1963 2059 2083 2116 dem
2116 2062 2365 2114 ducalum
2415 2061 2735 2129 pertinebat.
2769 2061 2922 2112 Anno
2946 2062 3188 2129 sequenti
3234 2059 3368 2126 975,
3399 2060 3542 2114 bello

1963 2159 2152 2204 exorto
2181 2150 2320 2202 inter
2345 2149 2632 2202 Henricuzu
2661 2147 2701 2200 ll
2729 2157 2780 2202 et
2812 2148 3060 2202 Ottouem
3094 2147 3539 2210 Alemannorum,

1965 2254 2057 2294 seu
2095 2238 2302 2293 Snevize
2336 2238 2548 2303 ducem,
2601 2237 2727 2292 Otto
2769 2237 2808 2290 lt
2856 2238 3170 2305 imperator,
3221 2237 3311 2305 qui
3363 2237 3549 2292 Ottoni

1966 2329 2087 2383 duci
2133 2327 2366 2391 favebat,
2405 2328 2692 2381 llenricum
2728 2327 2890 2395 cepit,
2927 2336 2982 2381 et
3030 2342 3170 2380 anno
3197 2326 3300 2381 976
3346 2326 3552 2381 ducatu

1967 2417 2197 2486 privavit
2224 2417 2438 2486 (Annal.
2468 2415 2631 2478 Saxo,
2649 2417 2702 2469 in
2729 2415 2970 2485 διανοίη.
2997 2415 3146 2470 Tunc
3175 2415 3469 2471 Carinthire
3492 2425 3548 2469 et

1968 2509 2228 2578 Bajoarize
2254 2509 2481 2562 ducatus
2507 2509 2687 2562 divisi.
2719 2507 2973 2576 Bajoariae
3001 2509 3106 2561 dux
3133 2507 3553 2580 creatus‘supra-

1967 2599 2143 2653 dictus
2167 2596 2293 2653 Otto
2314 2598 2734 2654 Alemannorum
2761 2601 2863 2653 dux
2891 2599 3105 2654 Liutulli
3140 2600 3313 2666 (ilius;
3345 2616 3407 2655 ac
3431 2617 3554 2672 pro-

1969 2699 2154 2760 pterea
2188 2690 2238 2744 in
2277 2689 2398 2744 Vita
2431 2688 2488 2743 S.
2526 2689 2757 2744 Udalrici
2798 2691 3030 2760 episcopi
3066 2691 3363 2761 Augustani
3404 2708 3550 2744 num.

1969 2779 2058 2845 80,
2092 2777 2230 2833 idem
2279 2777 2406 2834 Otto
2438 2787 2663 2832 vocatur
2698 2799 2714 2828 ι
2751 2779 2856 2832 dux
2887 2778 3307 2833 Alamannorum
3352 2787 3407 2834 et
3449 2779 3553 2833 Bu-

1973 2869 2260 2933 variorum,
2290 2867 2522 2921 Henrico
2553 2867 2814 2937 deposito.
2850 2888 2866 2919 ι
2903 2868 3193 2924 Carinthiae
3227 2886 3355 2923 vero
3385 2870 3554 2923 duca-

1974 2969 2058 3014 tus
2107 2957 2628 3030 Heuricoﬁerlolﬁ,
2678 2975 2771 3013 seu
2827 2959 3061 3013 Bertoldi
3112 2959 3239 3014 olim
3291 2960 3553 3030 Bajoarite

289 3048 556 3110 scribunt,
582 3049 826 3102 eumdem
852 3050 1056 3104 scilicet
1081 3023 1338 3120 Hajoariae
1366 3052 1615 3104 ducatum
1642 3059 1695 3105 et
1722 3066 1868 3105 mar-
1896 3023 1940 3084 C
1971 3053 2123 3108 ducis
2162 3051 2268 3104 lilio
2301 3023 2529 3104 traditus
2570 3049 2698 3112 fuit;
2745 3067 2807 3104 ac
2852 3059 3134 3120 propterea
3175 3050 3262 3105 hic
3292 3023 3556 3105 Henricus

290 3156 411 3192 ram
445 3138 830 3202 Veronensem.
861 3143 1055 3210 quibus
1082 3152 1232 3211 pater
1261 3143 1374 3212 ejus
1387 3144 1456 3197 ab
1475 3144 1661 3197 eodem
1679 3142 1872 3197 Ottone

289 3231 526 3285 donatus
574 3231 767 3286 fuerat.
812 3232 947 3297 Cum
995 3247 1160 3303 porro
1214 3233 1316 3287 hoc
1351 3249 1488 3287 anno
1517 3233 1640 3296 955,
1693 3243 1747 3287 et
1778 3233 1872 3286 ali-

293 3323 536 3390 quandiu
567 3326 725 3377 etiam
769 3333 894 3393 post
938 3324 1099 3378 hasce
1130 3331 1342 3378 nostras
1389 3324 1632 3393 regiones
1677 3323 1874 3378 Beren-

290 3413 477 3481 garius
530 3424 584 3467 et
634 3415 956 3468 Adelbertus
1003 3422 1281 3478 tenerent;
1343 3412 1603 3468 Henricus
1644 3414 1685 3467 ll
1733 3431 1875 3466 mar-

292 3506 471 3559 cbiam
506 3504 868 3560 Veronensem
915 3506 1084 3573 reipsa
1126 3504 1376 3558 obtinere
1409 3521 1514 3558 non
1549 3506 1742 3575 potuit,
1772 3505 1874 3558 nisi

294 3594 530 3650 fortasse
572 3595 636 3648 iis
665 3595 966 3658 mensibus,
1012 3593 1208 3662 quibus
1239 3592 1502 3648 Liutull‘us
1552 3593 1876 3662 Berengario

295 3685 440 3738 victo
474 3685 527 3737 in
560 3685 692 3738 vivis
724 3684 817 3738 fuit
858 3703 870 3737 ε

295 3873 474 3916 autem
523 3873 760 3932 tempore
815 3878 939 3918 cum
993 3863 1132 3918 idem
1170 3862 1437 3918 Henricus
1485 3864 1573 3916 vix
1624 3865 1877 3918 decennis

293 3961 460 4016 esset,
505 3951 722 4007 Juditha
748 3956 868 4022 ejus
895 3963 1066 4008 mater
1093 3953 1185 4006 lilii
1217 3955 1432 4009 nomine
1479 3955 1660 4008 omnia
1706 3956 1878 4009 admi-

294 4043 584 4097 nistrabat.
626 4042 763 4098 Hinc
795 4061 812 4092 ε
845 4044 1008 4098 duces
1037 4045 1228 4109 nostri,
1260 4065 1276 4096 ι
1311 4061 1541 4114 quorum
1589 4046 1878 4099 Hatherius

296 4133 545 4186 meminit
570 4134 619 4186 in
649 4134 808 4202 epist.
842 4134 904 4197 8,
953 4134 1016 4188 ad
1067 4134 1314 4201 Milonem
1342 4136 1543 4205 scripta
1584 4153 1724 4189 anno
1753 4135 1876 4197 965,

297 4233 420 4278 sunt
451 4224 718 4280 Henricus
751 4225 794 4279 ll
840 4236 895 4280 et
928 4225 1184 4281 Juditha:
1240 4246 1258 4279 ι
1298 4227 1496 4281 Ducem
1531 4243 1659 4281 vero
1709 4227 1878 4297 incly-

924 3693 978 3737 at
1007 3693 1154 3737 certe
1181 3683 1411 3737 obtinuit
1451 3700 1592 3736 anno
1614 3682 1738 3743 961,
1771 3699 1877 3751 quo

295 3789 387 3826 rex
414 3771 543 3826 Otto
575 3773 824 3827 eumdem
855 3772 1178 3840 expulsurus
1222 3771 1426 3824 Italiam
1473 3772 1711 3840 repetiit.
1765 3771 1877 3825 Hoc

1972 3151 2025 3203 in
2054 3149 2345 3220 diplomate
2385 3148 2599 3204 Ottonis
2627 3150 2666 3203 ll
2715 3151 2838 3202 anni
2882 3150 3006 3215 977,
3052 3150 3195 3220 quod
3241 3149 3292 3202 in
3333 3133 3558 3202 Addita-

1974 3239 2171 3294 mentis
2193 3238 2530 3310 Ughellianis
2556 3238 2752 3308 legitur
2776 3249 2904 3292 tom.
2933 3239 2996 3306 V,
3028 3254 3149 3309 pag.
3180 3239 3268 3304 46,
3307 3257 3324 3290 t
3355 3237 3558 3292 Caran-

1975 3340 2222 3383 tanorum
2251 3330 2357 3383 dux
2391 3351 2407 3381 ι
2444 3329 2761 3399 appellatur.
2789 3329 3035 3395 Quaudiu
3069 3344 3192 3383 vero
3220 3330 3332 3384 hac
3363 3329 3560 3382 divisio

1975 3419 2234 3484 substitit,
2265 3418 2590 3474 Veronensis
2624 3419 2884 3482 marchia,
2910 3418 3198 3472 Carinthia:
3214 3419 3558 3484 circumqua-

1975 3523 2099 3577 que,
2133 3523 2235 3562 non
2264 3518 2440 3560 autem
2471 3507 2733 3576 Bajoariae
2775 3507 3019 3571 liuitizua,
3052 3506 3125 3560 illi
3159 3507 3400 3576 subjecta
3430 3507 3551 3567 fuit,

1975 3602 2066 3670 qui
2094 3599 2285 3655 vicinae
2321 3599 2636 3661 Carinthize,
2669 3614 2770 3651 non
2825 3607 3000 3652 autem
3031 3597 3106 3652 illi
3135 3597 3226 3668 qui
3257 3598 3571 3652 remotioris

1977 3691 2236 3760 Bajoariae
2265 3691 2514 3744 ducatum
2543 3689 2820 3743 obtinebat
2852 3707 2864 3742 :
2898 3705 3071 3758 neque
3107 3689 3249 3744 enim
3283 3687 3558 3756 Bajoario-

1980 3798 2096 3835 rum
2141 3783 2259 3836 duci
2311 3781 2612 3835 invenietur
2659 3780 2913 3833 attributa
2966 3795 3232 3849 unquam,
3283 3779 3384 3832 nisi
3437 3795 3559 3832 cunt

1980 3873 2118 3926 idem
2149 3871 2514 3938 Bajoariorum
2548 3870 2704 3924 simul
2732 3881 2786 3925 et
2806 3869 3236 3924 Carantanorum
3261 3871 3364 3924 dux
3395 3880 3559 3924 esset.

1979 3961 2162 4029 Itaque
2194 3961 2464 4013 laudatum
2493 3960 2782 4013 Henrieum
2824 3959 3054 4012 Bertoldi
3100 3959 3266 4013 [ilium
3301 3974 3404 4012 una
3435 3975 3558 4014 cum

1979 4052 2270 4106 Carintbia:
2329 4051 2522 4103 ducatu
2577 4048 2939 4103 Veronensem
2997 4064 3208 4117 quoque
3265 4049 3562 4102 marchiam

1983 4141 2269 4207 regendam
2305 4139 2578 4208 accepisse
2627 4139 2873 4192 dubitare
2923 4155 3026 4192 non
3079 4139 3222 4193 licet.
3270 4140 3428 4193 Anno
3461 4139 3565 4193 977

1980 4229 2078 4282 sub
2115 4229 2273 4281 linem
2306 4237 2584 4297 vergente,
2617 4227 2880 4282 Henricus
2910 4227 2969 4291 ll,
2998 4229 3088 4296 qui
3119 4245 3182 4282 ex
3209 4230 3324 4284 loco
3374 4231 3426 4283 in
3457 4245 3565 4298 quo

297 4328 406 4371 tam
439 4326 496 4370 et
536 4318 1068 4382 excellentissimam,
1104 4338 1122 4369 ι
1158 4318 1210 4371 id
1244 4317 1622 4372 estJuditham
1652 4328 1876 4372 matrem
1911 4355 1957 4412 υ
1981 4317 2383 4391 custodiebatur
2423 4316 2686 4387 effugerat
2725 4316 2939 4386 (.—lmtal.
2994 4316 3204 4384 Saxa),
3256 4332 3377 4371 cum
3423 4317 3567 4371 Hen-

302 4407 350 4458 in
373 4407 583 4462 duobus
608 4407 733 4461 aliis
757 4408 1011 4476 operibus
1040 4407 1337 4462 lucubratis
1360 4422 1500 4461 anno
1529 4408 1632 4462 966
1663 4422 1882 4477 expres-

303 4498 413 4551 sius
464 4497 701 4568 appellat
729 4499 914 4567 potius
961 4514 1121 4567 quam
1163 4498 1354 4563 lilium,
1409 4499 1534 4567 quia
1570 4498 1678 4552 lilio
1709 4499 1883 4551 adhuc

304 4588 532 4652 minore,
561 4598 738 4642 mater
764 4589 961 4657 potiori
991 4588 1312 4643 auctoritate
1337 4588 1638 4642 fruebatur.
1672 4589 1719 4642 ls
1742 4589 1882 4642 llen—

307 4681 448 4734 ricus
479 4682 618 4735 hanc
642 4681 941 4735 marchiam
974 4681 1213 4735 tenuisse
1245 4681 1310 4736 ad
1334 4696 1533 4734 annum
1564 4696 1734 4749 usque
1757 4679 1878 4741 995,

308 4783 411 4836 quo
443 4782 474 4822 e
505 4769 643 4823 vivis
675 4767 932 4832 excessit,
993 4769 1162 4822 videri
1216 4777 1392 4838 potest
1438 4785 1507 4822 ex
1561 4769 1884 4823 documento

309 4858 432 4911 anni
464 4858 590 4924 993,
623 4858 782 4924 cujus
805 4858 1052 4928 deinceps
1077 4858 1167 4913 liet
1195 4859 1415 4912 mentio.
1447 4860 1516 4912 At
1543 4873 1646 4912 non
1682 4859 1752 4912 ita
1777 4869 1880 4912 est.

308 4947 407 5000 Alii
445 4949 587 5002 enim
638 4948 963 5002 intermedio
1003 4958 1241 5016 tempore
1288 4948 1534 5002 eamdem
1583 4947 1883 5002 marchiam

310 5040 578 5092 Consecuti
607 5047 760 5092 sunt.

378 5127 462 5181 78.
509 5128 574 5183 Ut
620 5125 1018 5193 marchionum,
1050 5129 1141 5197 qui
1190 5129 1292 5182 hoc
1337 5127 1618 5182 intervallo
1649 5139 1884 5183 nostram

310 5218 604 5273 marchiam
668 5226 950 5282 rexeruut,
1003 5222 1242 5273 notitiam
1293 5218 1652 5289 proferamus,
1708 5235 1887 5274 rerum

1984 4410 2100 4464 rico
2127 4410 2556 4463 Carantanorum
2584 4409 2718 4462 duce
2745 4409 3005 4463 adversus
3028 4407 3280 4463 Ottouem
3307 4408 3565 4477 Bajoarize

1983 4497 2175 4552 ducem
2219 4496 2556 4565 conspirans,
2584 4495 2860 4550 Pataviam
2895 4496 3164 4552 civitatem
3210 4498 3426 4560 invasit,
3469 4497 3566 4550 ibi-

1983 4602 2088 4656 que
2113 4601 2236 4640 mox
2263 4589 2330 4641 ab
2352 4584 2549 4640 Ottone
2573 4586 2614 4640 ll
2639 4586 2965 4655 imperatore
2987 4587 3264 4641 obsidione
3289 4589 3560 4649 subactus,

1984 4693 2090 4733 una
2119 4693 2242 4733 cum
2287 4677 2474 4730 eodem
2517 4675 2752 4732 Henrico
2788 4677 2921 4730 duce
2952 4676 3292 4731 Carantaniae
3337 4678 3387 4730 iu
3419 4677 3562 4729 exsi-

1985 4765 2116 4822 lium
2145 4768 2342 4822 missus
2371 4765 2488 4819 fuit.
2532 4767 2670 4821 Hinc
2697 4766 2880 4820 Ottoni
2917 4765 3180 4836 Bajoaria:
3214 4764 3338 4819 duci.
3359 4764 3566 4816 Caran-

1994 4862 2137 4916 tania
2162 4875 2283 4915 cum
2308 4859 2605 4914 Veronensi
2635 4857 2875 4912 marchia
2898 4859 3154 4914 attributa
3177 4857 3403 4909 videtur.
3428 4853 3569 4924 [ειη-ι

1992 4949 2122 5006 Post
2162 4950 2375 5008 Ottonis
2415 4950 2578 5006 Ducis
2622 4957 2872 5012 mortem,
2899 4965 3020 5018 qua:
3059 4947 3244 5001 incidit
3282 4945 3331 4997 in
3372 4958 3570 4996 annum

1993 5044 2118 5109 982,
2149 5043 2275 5100 Otto
2317 5041 2616 5109 imperator
2657 5054 2778 5093 cum
2825 5039 3058 5094 Henrico
3096 5036 3300 5088 minore
3337 5032 3574 5087 Bertoldi

1996 5133 2107 5191 ﬁlio
2131 5134 2467 5197 conciliatus,
2495 5135 2550 5188 in
2572 5131 2806 5191 comitiis
2832 5130 3056 5184 Veronae
3079 5125 3273 5181 habitis
3297 5140 3435 5179 anno
3457 5126 3561 5180 985

1995 5230 2170 5284 eidem
2191 5224 2450 5293 Bajoarize
2475 5234 2532 5278 et
2552 5222 2846 5280 Carinthia:
2866 5222 3119 5274 ducatum
3145 5215 3450 5284 impertitus
3474 5224 3580 5270 est.
