4038 5388
512 224 582 282 87
1344 230 1348 236 “
1478 222 1875 318 HATHERIUS
1917 225 2344 284 VEllONENSlS
2387 230 2766 292 EPISCOPUS
2804 268 2810 274 ο
3690 242 3760 299 88

509 339 586 393 De
613 339 717 392 hoc
746 335 976 391 Henrico
1005 334 1278 391 Diunarus
1316 337 1558 393 scribens
1604 339 1739 394 libro
1787 340 1968 402 tertio,
1999 355 2084 393 so-
2112 342 2158 401 Α
2186 337 2362 406 palam
2389 338 2446 393 ﬁt
2468 354 2591 395 eum
2626 340 2858 396 Henrico
2878 341 2921 397 ll
2947 342 3067 400 duci
3096 347 3429 404 successisse
3469 365 3612 406 anno
3638 353 3760 408 995.

512 430 614 485 lius
643 427 863 499 quidem
903 426 1159 496 Bajoarizc
1190 428 1414 483 ducatus
1446 430 1690 484 meminit
1718 450 1730 483 :
1769 450 1786 481 ι
1822 431 2083 485 Henricus

508 521 690 575 minor
723 519 913 575 exsilio
952 518 1177 584 solutus,
1223 518 1570 574 Bavariorum
1603 521 1708 575 dux
1750 522 1974 576 cll‘cctus
2002 530 2087 575 est

506 610 567 680 (t.
603 608 623 663 Ι
659 609 781 664 Rer.
799 608 1096 671 Brunsvic.,
1115 625 1166 678 p.
1184 608 1362 678 545).»
1382 609 1790 666 AtCarinthiam
1808 613 1963 667 simul
1982 614 2083 683 ipsn

505 698 775 765 collatam,
804 706 859 754 et
893 698 1259 769 Bajoariorum
1289 698 1506 753 ducatui
1548 716 1839 766 annexam,
1867 702 1941 754 uti
1984 702 2083 755 sub

436 842 453 863 ,
504 789 703 846 Ottone
740 798 1080 845 antecessore
1117 791 1416 856 acciderat,
1461 791 1599 846 idem
1633 802 1822 848 auctor
1850 794 2087 849 ostendit

502 878 641 934 libro
665 888 859 948 quarto
887 881 951 935 ad
992 896 1189 934 annum
1223 880 1347 947 984,
1376 880 1501 935 dum
1534 899 1654 937 eutn
1695 900 1800 938 non
1841 894 1946 938 tam
1985 884 2085 937 Ba-

496 970 686 1040 joariac
709 988 870 1042 quam
916 972 1206 1028 Carinthia:
1228 975 1417 1029 ducem
1439 975 1776 1029 demonstrat
1798 975 2080 1045 inquiens:

510 1080 529 1112 i
568 1060 797 1130 Propter
826 1061 1113 1116 chricum
1139 1064 1351 1129 ducem,
1379 1063 1471 1132 qui
1505 1073 1630 1118 tunc
1658 1062 1897 1120 Bavariis
1924 1073 2085 1134 atque

505 1153 753 1209 Carentis
796 1154 1011 1223 praefuit
1054 1155 1225 1226 (ibid.,
1258 1171 1309 1224 p.
1353 1155 1499 1227 548).
1543 1175 1561 1208 ι
1602 1156 1684 1210 Ad
1719 1155 1862 1211 hunc
1902 1157 2083 1226 itaque

503 1244 580 1298 uti
630 1243 922 1298 Cariuthiu:
968 1245 1157 1300 ducem
1210 1246 1448 1301 rnarchia
1501 1247 1824 1302 Veronensis
1874 1249 2081 1303 rediit:

508 1356 525 1386 ι
561 1334 728 1400 Tunc,
763 1358 780 1389 ι
814 1338 989 1407 inquit
1022 1339 1315 1403 Ditmarus,
1347 1339 1399 1393 id
1427 1348 1512 1394 cst
1538 1354 1678 1394 anno
1703 1340 1825 1405 984,
1866 1358 1883 1391 ε
1914 1340 2086 1395 Bara-

498 1428 597 1483 riis
637 1437 797 1498 atque
828 1428 1073 1484 Carcntis
1113 1424 1345 1499 prtefuit.
1393 1450 1411 1482 ι
1454 1430 1588 1487 Cum
1635 1432 1778 1485 enim
1830 1447 1970 1487 anno
2001 1448 2087 1486 se-

501 1516 686 1584 quenti
709 1517 811 1571 985
836 1517 1100 1572 Henricus
1124 1517 1163 1571 ll
1191 1527 1308 1586 post
1330 1516 1542 1574 Ottonis
1569 1518 1612 1573 ll
1640 1520 1844 1574 obitum
1879 1540 1895 1571 ι
1932 1522 1997 1575 ad
2025 1537 2082 1577 se

499 1621 771 1670 reversus,
814 1612 883 1661 et‘
911 1622 1047 1660 vana
1093 1608 1417 1662 exaltatione
1463 1601 1523 1663 se
1562 1609 1828 1678 dejectmn
1867 1611 2082 1679 conspi-

2190 428 2415 494 Quidam
2439 432 2781 501 suspicantur
2803 433 2943 488 hunc
2968 433 3218 493 Ottonem
3245 436 3480 507 ejusdem
3509 444 3769 499 marcida:

2187 518 2375 574 ducem
2422 518 2588 576 fuisse
2628 537 2769 577 anno
2802 522 2925 588 985,
2955 540 3063 595 quo
3114 527 3405 597 imperator
3445 531 3586 587 Otto.
3617 532 3661 586 ll
3698 532 3765 586 .in

2187 610 2418 665 comitiis
2441 610 2841 668 Veronensibus
2866 633 2884 665 ι
2919 615 3223 672 interventu
3247 628 3300 674 et
3328 621 3586 688 petitione
3612 604 3769 677 ducis

2191 698 2401 757 Ottonis
2445 704 2543 773 (in.
2593 704 2688 770 ib.,
2716 720 2840 780 pag.
2868 706 3013 779 479).
3056 728 3073 760 ›
3125 709 3395 767 Ιὶοιιοεὶῑάο
3440 713 3767 782 patriarchae

2185 794 2514 864 Aquileieusi
2551 797 2887 867 privilegium
2924 802 3210 855 concessit.
3239 800 3344 858 Sed
3374 803 3428 857 in
3457 804 3647 859 iisdem
3677 820 3767 859 εθ-

2187 884 2354 939 tnitiis
2397 884 2638 941 Bavaria:
2686 895 2741 942 et
2785 886 3076 944 Carintbire
3119 889 3345 946 ducatus
3389 906 3512 947 cum
3555 896 3766 948 adnexa

2166 974 2423 1055 rmar'chia
2477 975 2770 1032 Veronensi
2814 978 2884 1033 ab
2930 980 3117 1034 eodem
3162 981 3488 1051 imperatore
3536 985 3771 1038 traditus

2187 1062 2287 1118 fuit
2315 1065 2543 1121 Henrico
2584 1067 2799 1131 minori,
2833 1076 2891 1122 ut
2934 1071 3181 1139 superius
3206 1071 3455 1126 vidimus.
3498 1071 3670 1128 Porro
3699 1075 3767 1128 ad

2185 1169 2248 1208 ea
2284 1155 2552 1225 generalia
2582 1158 2799 1211 comitia
2827 1173 3017 1214 omnes
3045 1159 3346 1215 Germaniae
3387 1157 3638 1231 prooeres
3679 1181 3769 1217 ac-

2184 1244 2310 1309 citi;
2346 1260 2408 1299 ac
2450 1256 2734 1315 propterea
2774 1244 2881 1301 dux
2914 1247 3001 1303 ille
3031 1248 3179 1315 Otto,
3215 1250 3307 1319 qui
3352 1266 3449 1321 pro
3488 1250 3773 1308 Rodoaldo

2183 1336 2490 1403 patriarcha
2519 1328 2861 1410 privilegium
2889 1340 3062 1409 petiit,
3094 1357 3198 1395 non
3237 1343 3492 1398 continuo
3530 1345 3637 1399 dux
3666 1345 3770 1401 Ca-

2185 1425 2397 1480 rinthim
2436 1435 2492 1481 et
2525 1425 2849 1485 Veronensis
2878 1430 3134 1487 marcliice
3171 1440 3282 1488 tum
3315 1433 3480 1489 fuisse
3506 1434 3772 1493 dicendus

2182 1525 2284 1570 est.
2332 1517 2379 1571 ls
2408 1526 2692 1588 antequam
2725 1512 3060 1575 Carinthiam
3101 1530 3156 1576 et
3181 1531 3419 1577 nostram
3467 1524 3768 1579 marcbiam

2184 1605 2253 1659 ab
2277 1604 2472 1663 Ottone
2494 1606 2556 1660 Ill
2598 1607 2887 1675 obtineret,
2919 1610 3352 1677 Wormatiensis,
3384 1613 3773 1668 schranci‘ic

497 1697 668 1755 ciens.
700 1692 951 1751 veniente
995 1714 1118 1769 rege
1164 1697 1382 1770 (Ottone
1424 1698 1508 1769 Ill)
1551 1700 1605 1754 in
1646 1700 2083 1765 Franconcvord,
2120 1695 2158 1752 Β
2189 1697 2503 1765 Orientalis,
2555 1715 2696 1754 nunc
2738 1698 3202 1757 Franconize‘dux
3252 1702 3392 1759 fuit:
3425 1719 3533 1774 quo
3569 1704 3769 1759 ducatu

497 1789 626 1844 illuc
653 1788 768 1858 ipse
794 1790 1104 1855 adveniens,
1138 1791 1190 1844 in
1216 1800 1507 1859 conspectu
1539 1792 1703 1846 totius
1733 1793 1911 1862 populi
1937 1808 2084 1846 com-

495 1881 713 1951 plicatis
747 1883 1018 1946 manibus,
1061 1882 1280 1937 humilis
1310 1882 1493 1960 habitu
1525 1891 1579 1937 et
1607 1892 1908 1950 actu,,vera
1935 1898 2085 1937 com-

493 1984 729 2043 punctus
778 1974 1093 2045 pmnitentia
1140 1990 1200 2030 se
1250 1975 1411 2045 regiae
1463 1976 1782 2031 reddidisset
1829 1977 2081 2047 potestati
2166 2030 2171 2033 .

494 2064 713 2133 (Annal.
767 2065 990 2138 Saxo);
1031 2087 1048 2118 ι
1079 2067 1147 2122 ab
1189 2067 1377 2121 eodem
1410 2082 1536 2138 rege
1569 2068 1823 2123 ducatum
1863 2083 2081 2138 prome-

492 2146 623 2212 ruit.
663 2159 734 2212 lta
789 2175 915 2213 vero
962 2174 1049 2214 res
1084 2158 1385 2214 conciliata:
1412 2174 1534 2213 cum
1582 2158 1816 2214 Henrico
1852 2159 2077 2222 minore,

492 2259 553 2304 ut
588 2249 633 2304 is
662 2249 776 2304 solo
811 2248 1104 2304 Carinthiae
1134 2250 1331 2304 ducatu
1374 2258 1678 2316 contentus,
1718 2250 1789 2305 illi
1819 2249 2083 2321 Bajoariae

494 2343 749 2395 ducatum
793 2332 1040 2396 cesserit.
1092 2339 1203 2395 Hac
1248 2325 1314 2396 de
1351 2356 1513 2396 causa
1561 2340 1775 2397 Ottonis
1820 2342 1884 2396 lll
1940 2342 2082 2413 regis

493 2418 877 2489 documentum
907 2433 1034 2487 anni
1060 2432 1165 2487 98.6
1192 2434 1333 2503 apud
1358 2432 1673 2488 Hansizium
1713 2434 1902 2488 ambos
1938 2432 2081 2487 Hen-

491 2524 635 2579 ricos
670 2544 687 2575 ι
727 2525 890 2579 duces
923 2545 940 2576 ι
973 2524 1213 2593 praefert,
1242 2524 1470 2600 alterum
1497 2524 1759 2591 Bavarize,
1787 2523 2081 2580 Carinthize

492 2615 745 2681 alterum,
782 2635 799 2667 ι
841 2616 1173 2671 interventu.
1218 2656 1232 2669 .
1277 2654 1289 2669 .
1333 2655 1346 2669 .
1389 2615 1670 2670 amborum
1702 2626 1958 2686 nepotum
1991 2631 2083 2669 no-

490 2715 727 2761 strorum
780 2706 1159 2770 IIenricorum,
1209 2706 1407 2784 ducum
1455 2706 1663 2761 scilicet
1706 2706 1968 2773 Bavarire,
2017 2722 2080 2762 ac

490 2797 785 2853 Carintliize
838 2798 1119 2869 regionum
1152 2798 1213 2867 (t.
1245 2796 1265 2850 Ι
1303 2794 1663 2868 Θέωλοδαεη
1694 2812 1745 2866 p.
1778 2795 1926 2867 226).
1964 2815 1982 2848 ι
2021 2796 2077 2850 ln

490 2890 597 2944 alio
644 2890 769 2944 anni
803 2891 907 2946 988
952 2889 1091 2960 apud
1138 2888 1438 2959 Ugltellium
1482 2906 1500 2938 ι
1550 2886 1817 2943 Henricus
1856 2887 2077 2959 (minor)

2173 1789 2413 1856 subinde
2455 1790 2507 1843 in
2553 1790 2690 1845 ﬁlios
2714 1790 2830 1860 eius
2857 1791 3124 1856 traducto,
3162 1793 3275 1863 ipse
3301 1793 3556 1848 ducatum
3582 1792 3773 1850 Carin-

2188 1879 2312 1933 tbia:
2340 1895 2462 1934 cum
2489 1881 2782 1936 Veronensi
2816 1882 3058 1937 tnarchia
3085 1884 3336 1939 obtinuit.

2256 1968 2343 2024 79.
2384 1968 2516 2024 Cum
2546 1971 2884 2040 sequentium
2912 1970 3072 2041 hujus
3095 1974 3351 2030 marchiae
3373 1975 3569 2031 ducum
3596 1975 3771 2031 series

2183 2056 2460 2127 caplorata
2484 2058 2577 2124 sit,
2608 2059 2701 2119 hic.
2726 2060 2915 2130 pedem
2944 2061 3203 2118 sistimus.
3233 2062 3407 2119 Unum
3439 2066 3765 2120 monendum

2183 2159 2447 2217 superest,
2490 2165 2775 2220 perperam
2820 2166 2850 2204 a
2898 2152 3169 2211 nonnullis
3206 2154 3572 2212 Veronensem
3619 2172 3773 2211 mar—

2185 2238 2362 2293 cbiam
2398 2254 2521 2294 cum
2549 2239 2831 2296 'l‘arvisina
2861 2241 3141 2311 confundi,
3169 2245 3307 2309 ac‘si
3351 2247 3537 2301 eadem
3582 2246 3772 2314 fuerit,

2183 2345 2304 2399 quae
2335 2347 2477 2386 nunc
2497 2332 2850 2401 Veronensis,
2892 2350 3036 2391 nunc
3064 2334 3346 2392 Tarvisina
3382 2337 3649 2408 appellata
3679 2339 3771 2394 sit.

2185 2422 2382 2478 Verum
2408 2438 2586 2479 inarca
2614 2424 2896 2480 Tarvisina
2922 2426 3118 2482 saeculo
3147 2435 3355 2482 tantum
3377 2429 3586 2484 decimo
3610 2429 3773 2485 tertio

2186 2513 2361 2568 audiri
2390 2515 2573 2584 coepit,
2612 2530 2760 2582 cum,
2807 2515 2973 2572 Italiae
3007 2517 3327 2574 civitatibus.
3358 2519 3411 2574 in
3461 2519 3771 2576 libertatem

2183 2607 2641 2677 conspirantibus,
2680 2625 2863 2666 marca
2918 2612 3247 2669 Veronensis
3300 2613 3413 2685 jam
3469 2613 3769 2671 defecerat.

2184 2696 2367 2751 Solum
2397 2706 2574 2752 autem
2602 2698 2909 2756 Tarvisium
2958 2701 3216 2758 marcida:
3261 2703 3478 2758 nomine
3508 2703 3771 2759 donatum

2182 2774 2478 2840 videtur’ea
2498 2786 2635 2842 forte
2664 2787 2728 2842 de
2752 2784 2938 2855 causa,
2962 2789 3086 2859 quia
3114 2790 3256 2846 inter
3277 2790 3490 2847 Italicas
3515 2792 3773 2848 civitateS

2180 2875 2485 2932 libertatem
2514 2887 2787 2934 assecutas
2812 2894 2876 2933 ea
2913 2878 3042 2935 urbs
3064 2879 3340 2937 limitanea
3368 2889 3504 2938 erat.
3531 2879 3638 2937 Sed
3667 2897 3771 2953 age

487 2979 918 3034 Carentanorum
946 2980 1051 3033 dux
1087 2999 1104 3030 ι
1140 2987 1365 3033 vocatur
1417 2979 1479 3049 (t.
1507 2976 1551 3031 Υ
1572 2974 1698 3030 Ital.
1724 2976 1906 3047 Sac.);
1939 2977 2078 3032 sicut
2116 3046 2141 3049 _
2175 2972 2314 3044 jatn,
2350 2972 2417 3028 ad
2448 2973 2764 3040 Ratberium
2796 2982 3153 3031 revertamur.

489 3082 544 3125 et
573 3071 627 3127 in
665 3072 774 3153 alio
802 3072 927 3126 anni
956 3071 1057 3127 989
1081 3072 1206 3125 dato
1231 3046 1490 3125 Kalendis
1517 3068 1786 3135 Octobris,
1809 3046 1868 3123 ut
1894 3070 2076 3125 videre

2191 3091 2352 3174 ρης
2384 3092 2520 3147 XIII.
2552 3092 2933 3174 :“Rmﬂeriua‘
2953 3109 3087 3174 etim.
3114 3090 3302 3174 Quone
3331 3090 3363 3145 Ῑ
3390 3091 3522 3146 redit
3559 3089 3769 3174 innita-

491 3170 573 3216 est
610 3148 751 3231 apud
789 3159 1173 3226 Meicltelbech,
1204 3168 1240 3213 t.
1274 3159 1294 3213 l
1338 3158 1476 3213 Hist.
1511 3157 1764 3230 Frising.,
1796 3173 1919 3229 pag.
1951 3157 2073 3213 185.

490 3252 704 3307 Mortuo
734 3263 912 3306 autem
958 3242 1190 3307 Henrico
1226 3251 1436 3307 minore
1472 3252 1571 3306 sub
1600 3250 1760 3305 ﬁnem
1791 3250 1917 3304 anni
1949 3248 2075 3315 989,

488 3343 757 3399 Henricus
787 3345 826 3398 ll
858 3342 1119 3413 Bajoariae
1147 3345 1251 3397 dux
1278 3343 1571 3399 Carintbia:
1598 3342 1874 3409 ducatum,
1897 3349 1951 3395 et
1975 3358 2073 3395 an-

488 3450 683 3491 nexam
735 3428 1093 3492 Veronensezn
1132 3435 1444 3491 .marchiam
1502 3436 1724 3505 recepit.
1786 3435 1843 3489 Id
1900 3434 2074 3488 mani-

488 3527 686 3583 festum
713 3530 767 3585 ﬁt
794 3544 860 3586 ex
894 3530 1092 3600 placito
1120 3529 1361 3599 ejusdem
1392 3530 1619 3602 Henrici
1643 3531 1867 3589 Verona:
1893 3530 2076 3585 habito

487 3634 631 3674 anno
655 3620 781 3687 995,
811 3621 866 3675 in
891 3636 998 3690 quo
1026 3621 1338 3697 nominatur
1368 3640 1387 3671 ι
1422 3621 1688 3676 Henricus
1709 3622 1815 3676 dux
1841 3621 2077 3676 Bavaroe

485 3726 627 3775 rum,
654 3727 749 3766 seu
777 3696 1232 3776 'Karentanorum,
1260 3721 1421 3782 atque
1450 3713 1606 3767 istius
1628 3713 1885 3768 marcbiie
1907 3713 2078 3767 Vero-

486 3801 735 3855 ncnsium
761 3801 1000 3871 (Diosrs.
1027 3800 1241 3854 Collect.
1268 3801 1509 3871 diplom.,
1538 3817 1590 3870 p.
1616 3802 1760 3871 176).
1794 3821 1812 3854 ι
1840 3801 1938 3857 Hic
1957 3812 2074 3856 tan-

486 3891 608 3947 dem
635 3891 901 3970 Henricus
927 3891 971 3945 ll
997 3891 1131 3946 obiit
1160 3907 1303 3946 anno
1329 3891 1453 3955 995,
1484 3908 1535 3947 vr
1565 3892 1683 3946 Kal.
1716 3892 2071 3962 Septembris.

485 3983 721 4039 Rursum
759 3993 938 4038 autem
983 3983 1226 4039 Bavarizc
1269 3984 1496 4048 ducatus
1536 3992 1591 4041 et
1628 3972 1924 4043 Ca'rintbize
1964 3984 2074 4040 dis-

480 4075 677 4145 juncti.
705 4073 942 4129 Ducatus
971 4074 1213 4129 Bavariae
1238 4076 1290 4128 in
1324 4073 1383 4129 S.
1417 4073 1707 4128 Henricum
1736 4074 1902 4128 ﬁlium
1935 4073 2069 4142 ejus,

486 4162 579 4232 qui
608 4171 794 4239 postea
824 4162 925 4229 fuit
954 4164 1269 4234 imperator,
1327 4162 1577 4218 transivit
1605 4161 1870 4235 (Chronic.
1900 4162 2071 4229 Quid-

487 4253 733 4323 limburg.
758 4294 773 4319 ,
805 4261 843 4307 t.
877 4253 925 4307 ll
948 4252 1071 4307 Her.
1102 4254 1334 4318 Bruns.;
1367 4252 1645 4329 Necrolog.
1677 4253 1867 4321 Fuld.,
1914 4262 1954 4310 t.
2004 4254 2076 4309 Hl

485 4346 611 4401 Rer.
651 4346 873 4420 Bruns.)
912 4364 924 4400 :
961 4347 1297 4402 (Jarinthiam
1337 4362 1460 4403 cum
1498 4347 1742 4403 marchia
1771 4348 2070 4403 Veronensi

485 4426 722 4498 obtinuit
761 4438 907 4508 Otto,
950 4456 1109 4511 quem
1155 4439 1435 4497 Conradus
1481 4439 1844 4512 Lotharingize
1871 4442 1976 4496 dux
2005 4457 2074 4497 ex

490 4527 622 4605 |crv]
660 4530 947 4601 Luitgarde
993 4531 1204 4587 Ottonis
1253 4532 1272 4587 l
1320 4530 1428 4588 ﬁlia
1479 4541 1808 4603 susceperat.
1856 4532 1967 4587 Hac
2008 4534 2073 4587 de

487 4642 652 4693 causa
698 4626 837 4682 idem
870 4625 995 4682 Otto
1040 4645 1063 4679 ι
1094 4625 1507 4681 Carentinorum
1553 4626 1659 4680 dux
1707 4636 1762 4680 et
1800 4624 2071 4680 Veronen-

490 4719 630 4773 sium
653 4731 835 4773 comes
860 4738 879 4769 ι
908 4732 936 4771 a
963 4717 1206 4772 Ditmaro
1222 4724 1277 4772 et
1299 4716 1594 4771 Aldeboldo
1617 4717 1668 4771 in
1697 4717 1816 4772 Vita
1846 4716 1901 4771 S.
1931 4717 2072 4771 Hen-

486 4808 605 4871 rici:
630 4807 971 4878 imperatoris
999 4815 1242 4861 vocatur.
1284 4826 1302 4858 ι
1343 4806 1538 4865 Comes
1566 4824 1662 4877 pro
1695 4808 2006 4863 marchione
2044 4800 2080 4858 ιΔ

488 4907 811 4968 usurpatur;
857 4914 1032 4968 neque
1080 4899 1223 4952 enim
1271 4898 1493 4954 Vcronm
1535 4908 1764 4965 tantum,
1814 4900 1905 4954 sed
1951 4898 2071 4953 uni-

485 5006 659 5046 versa:
696 4989 953 5047 marcbite
984 4988 1276 5045 Veronensi
1320 4989 1660 5059 praesidebat.
1698 5008 1716 5040 ε
1751 4990 1867 5042 Dux
1916 4988 2075 5043 istius

485 5082 746 5139 Inarchiae
790 5103 808 5135 ι
855 5082 1183 5137 Veronensis
1230 5081 1284 5135 in
1327 5081 1448 5136 aliis
1496 5082 1834 5137 documentis
1875 5082 2072 5135 dicitur

490 5176 736 5245 (RUBEIS,
767 5172 1004 5228 Monum.
1041 5172 1164 5228 ccci.
1200 5172 1396 5242 Aquil.,
1427 5190 1479 5243 p.
1512 5174 1637 5245 497)
1669 5193 1680 5227 :
1712 5183 1767 5228 et
1805 5172 2068 5228 annalista

489 5264 636 5320 Saxo
664 5262 890 5332 loquens
917 5264 983 5321 de
1011 5262 1265 5319 Brunone
1288 5262 1406 5332 ejus
1433 5255 1562 5330 lilio,
1589 5265 1677 5334 qui
1704 5264 1770 5319 ad
1802 5277 2069 5317 summum

486 5352 859 5388 nnnlinnqlnm
890 5364 1164 5388 nrnmnine
1208 5353 1304 5388 Γιιίι
1379 5353 1624 5388 Πνοηηνῖἶ
1657 5354 1702 5388 ν
1744 5353 1887 5388 ηηηιῖ

1744 5366 1960 5388 ηηιγιιηο
1987 5365 2076 5388 αα-

2249 3161 2373 3234 [inin
2409 3180 2546 3234 anno
2570 3163 2693 3218 961.
2724 3161 3231 3234 Diﬂicilisfnlquini
3257 3163 3401 3215 locus
3426 3161 3765 3234 expenditur.

2252 3233 2451 3286 Eodem
2481 3230 2670 3287 Ollone
2689 3230 2895 3302 agente,
2935 3232 3024 3302 ille
3042 3230 3470 3302 in'Veronensem
3486 3231 3765 3302 πάριθι-τα

2247 3304 2505 3356 stituitur.
2548 3298 2759 3355 Accedit
2798 3301 2989 3354 summi
3029 3301 3291 3370 pontiﬁcis
3321 3310 3370 3354 et
3404 3300 3612 3370 concilii
3652 3298 3767 3353 Pa-

2247 3374 2439 3441 piensis
2460 3372 2742 3426 decretum.
2771 3370 2900 3424 Acta
2942 3372 2996 3424 in
3019 3367 3496 3441 .fynodogPapiensi
3528 3368 3770 3441 pejusque

2249 3438 2472 3509 tempus.
2500 3441 2687 3495 Petrus
2718 3441 2988 3510 episcopus
3016 3438 3292 3510 Ravenna:
3315 3438 3343 3493 e
3362 3441 3482 3510 sede
3502 3438 3763 3509 dejectus,

2247 3513 2302 3565 in
2333 3508 2514 3565 eadem
2538 3508 2760 3581 synodo,
2782 3508 2927 3581 (eque
2952 3526 3013 3563 ac
3039 3508 3337 3581 Rat/terius,
3372 3508 3766 3581 farensjecrev

2247 3592 2357 3634 tum
2382 3576 2594 3634 obtinet.
2623 3576 2867 3648 Edictum
2890 3576 3098 3648 Oltonis
3116 3595 3210 3648 pro
3235 3576 3504 3633 Ratherio.
3533 3577 3764 3634 Furtum

2246 3651 2478 3720 corporis
2508 3650 2676 3703 sancti
2699 3647 2972 3712 Melronis,
3005 3658 3050 3720 et
3070 3647 3338 3720 Bai/aerii;
3361 3649 3669 3720 opusculum
3695 3650 3766 3713 de

2245 3717 2424 3775 eadem
2456 3736 2508 3773 re
2535 3720 2783 3788 scriptum
2815 3735 2952 3771 anno
2985 3717 3109 3772 962.
3145 3717 3775 3788 Imperawrepiscopum,

2247 3801 2392 3861 urget
2420 3791 2487 3844 ad
2517 3786 2705 3844 milites
2728 3788 3024 3858 dirigendos
3048 3804 3142 3857 pro
3174 3786 3439 3841 obsidione
3466 3786 3683 3841 Garrire.

2246 3889 2334 3944 80.
2375 3889 2500 3944 Otto
2527 3887 2548 3942 l
2577 3887 2814 3949 comitiis
2842 3885 3333 3941 Wormatiensibus
3362 3901 3505 3940 anno
3534 3884 3633 3941 961
3667 3900 3753 3941 ce-

2175 3982 2420 4043 lebratis,
2458 3981 2510 4034 in
2553 3980 2749 4050 quibus
2779 3979 2865 4033 die
2907 3978 3257 4032 Pentecostes
3282 3978 3420 4031 ﬁlius
3465 3975 3584 4044 ejus
3628 3976 3757 4031 Otto

2175 4072 2478 4129 Germanice
2526 4086 2621 4125 rex
2654 4067 2871 4125 creatus
2901 4067 3024 4133 fuit,
3058 4068 3353 4122 Saxoniam
3406 4066 3640 4137 repetiit,
3673 4082 3761 4121 νεα

2174 4165 2384 4235 busqne
2414 4163 2610 4219 ibidem
2657 4161 2992 4232 compositis,
3042 4177 3136 4230 per
3175 4159 3480 4229 Bajnariam
3524 4174 3588 4213 ac
3635 4157 3756 4212 Tri-

2174 4254 2451 4312 dentinam
2480 4253 2674 4307 vallem
2706 4267 2830 4307 cum
2859 4251 3101 4306 exercitu
3152 4250 3202 4304 in
3238 4248 3446 4330 Italiam
3481 4248 3761 4319 ingressus

2175 4358 2276 4413 est,
2318 4347 2410 4402 ubi
2451 4366 2470 4399 ‹
2501 4360 2690 4400 omnes
2719 4340 2863 4415 pene
2882 4343 3129 4407 comites,
3171 4352 3225 4395 et
3248 4332 3535 4411 episcopos
3564 4339 3759 4393 obvios

2176 4440 2383 4504 habuit,
2417 4447 2490 4505 et,
2546 4446 2605 4492 ut
2652 4435 2851 4499 decuit,
2899 4434 2967 4489 ab
2991 4433 3069 4488 eis
3112 4432 3408 4486 honoriﬁce
3448 4436 3756 4499 susceptus,

2178 4530 2520 4602 potestative,
2565 4538 2622 4583 et
2658 4528 2861 4596 absque
2910 4524 3017 4577 ulla
3068 4523 3378 4578 resistentia
3407 4521 3625 4592 Papiam
3675 4522 3757 4576 in-

2180 4626 2341 4680 travit
2364 4623 2693 4694 (Continuat.
2724 4619 2916 4690 Regia.
2947 4628 3002 4673 et
3028 4617 3222 4671 Annal.
3257 4616 3470 4684 Saxo.).
3501 4636 3519 4667 ι
3555 4614 3670 4669 Hac
3701 4615 3756 4669 in

2174 4714 2311 4769 urbe
2336 4713 2517 4768 natale
2549 4711 2743 4765 festum
2768 4708 3006 4780 ejusdem
3043 4708 3168 4762 anni
3197 4707 3510 4772 celebravit,
3542 4721 3607 4761 ac
3629 4706 3756 4762 dein

2174 4806 2476 4861 Romanum
2529 4805 2632 4858 iter
2676 4800 2932 4871 suscepit,
2980 4807 3037 4853 ut
3077 4816 3105 4853 a
3152 4798 3360 4854 Joanne
3403 4798 3496 4853 XII
3543 4814 3757 4855 summo

2172 4896 2431 4968 pontiﬁce
2460 4896 2758 4965 imperator
2785 4902 3156 4948 coronaretur.
3196 4890 3380 4946 Roma:
3422 4889 3755 4960 imperialem

2174 5002 2429 5044 coronam
2455 4985 2689 5040 obtinuit
2716 4985 2802 5038 die
2829 4982 2865 5036 2
2904 4981 3186 5037 Februarii
3217 4997 3306 5035 an.
3340 4980 3464 5036 962.
3509 4979 3616 5034 Has
3649 4979 3756 5032 cir-

2175 5077 2528 5133 cumstanlias
2571 5075 2862 5130 Ratherius
2896 5088 3005 5128 suae
3037 5072 3363 5128 restitutioni
3401 5078 3759 5141 peropportu-

2174 5186 2273 5225 uas
2302 5178 2474 5233 ratus,
2515 5168 2565 5221 in
2614 5166 2819 5221 Italiam
2849 5164 3014 5229 venit,
3053 5164 3413 5233 Brunoncque
3445 5160 3752 5215 Coloniensi

2176 5276 2372 5331 magno
2400 5259 2517 5328 ejus
2546 5265 2776 5327 patrono
2796 5255 2935 5324 apud
2963 5254 3212 5309 Ottonem
3247 5266 3562 5323 germanum
3597 5248 3755 5303 Suum

2179 5357 2371 5388 annulo
2417 5348 2778 5388 mennncnm
2798 5345 2979 5388 malum
3011 5346 3233 5388 reponit-
3262 5343 3330 5388 Iit
3355 5340 3510 5388 huius
3535 5340 3757 5388 restitu-
