4038 5388
493 279 577 286 ---.-ς

187 339 257 400 89
1180 327 1718 388 PIIOLECOMENA.
1759 356 1830 366 -—
1864 323 2192 380 IlATIIEIlII
2236 322 2406 380 VITA.
2666 365 2674 371 η
3377 326 3448 384 90

189 458 302 520 post
330 454 639 503 enarralalu
671 442 890 515 Rotgeri
922 443 1100 500 verbis
1130 442 1382 496 Baldrici-
1404 441 1762 496 intrusionem
1791 439 1838 496 Α
1867 433 2104 503 subjecta
2145 435 2520 491 deluonsuaut
2557 435 2730 505 ipsum
2776 436 3114 501 Fuleuinum,
3159 455 3282 495 cum
3314 443 3448 497 scri-

191 541 239 594 in
276 539 462 594 sedem
516 537 921 599 Leodicensem,
972 543 1029 590 et
1072 535 1444 604 expulsionem
1496 531 1758 594 Ratherii,

192 631 297 685 btec
327 627 442 682 suis
476 626 654 680 verbis
693 626 875 680 subdit
909 643 920 678 :
954 645 970 676 ι
1002 625 1206 678 Exacto
1253 624 1416 694 igitur
1456 623 1507 676 in
1540 622 1639 676 hac
1665 622 1760 675 de-

190 720 467 774 stitutione
513 732 608 770 sua
659 715 948 770 Ratherius
979 714 1149 769 ferme
1193 713 1431 777 biennio,
1477 711 1764 766 deficiente

194 812 249 865 ει)
278 827 341 866 eo
391 809 614 863 m'lilari
666 809 843 878 copia,
898 808 1104 862 Italiam
1163 805 1579 877 revertitnr(De
1617 805 1758 861 ϐεδε.

187 903 304 958 Abb.
350 901 507 965 Lob.,
535 917 584 956 c.
617 901 732 970 ει).
769 922 786 951 ι
823 901 888 955 Et
927 916 1052 955 mox
1084 900 1305 969 Rotgeri
1353 899 1533 953 verbis
1575 911 1763 968 prosc-

190 996 362 1062 quitur
392 1011 404 1046 :
443 1014 460 1043 ι
490 993 569 1046 Ac
616 1007 682 1046 ne
717 991 844 1062 quid
877 991 929 1044 in
963 989 1226 1060 ejusmodi
1261 989 1477 1058 negotio
1507 986 1763 1058 imperfe-

190 1095 321 1138 ctum
351 1093 610 1146 restaret,
642 1083 785 1152 quod
811 1083 1041 1138 curiosis
1064 1083 1361 1136 alienarum
1393 1096 1572 1134 rerum
1617 1081 1765 1134 inve-

191 1174 530 1243 stigatoribus
576 1173 890 1241 scrupulum
922 1180 1310 1233 commoveret,
1362 1186 1484 1225 cum
1532 1170 1765 1239 impera-

191 1280 292 1322 tore
325 1279 586 1336 germano
623 1281 722 1319 suo
750 1264 968 1334 (Ottone
999 1264 1038 1334 I)
1085 1264 1267 1317 Brimo
1298 1263 1348 1315 id
1381 1259 1577 1322 effecit,
1610 1269 1667 1313 ut
1689 1259 1767 1314 ei—

191 1357 300 1410 dem
323 1355 433 1424 jam
462 1355 546 1410 bis
567 1355 827 1410 destituto
851 1355 1068 1424 antiqua
1098 1353 1230 1426 levi]
1257 1352 1412 1407 sedes
1441 1350 1766 1407 Veronensis

194 1446 431 1500 Ecclesia:
492 1445 834 1499 redderetur.
866 1464 883 1497 ι
936 1444 1186 1512 Plerique
1236 1444 1339 1497 boc
1397 1441 1764 1496 testimonium

195 1534 398 1603 perinde
427 1534 836 1598 intellexerunt,
865 1550 929 1588 ac
958 1535 1002 1588 si
1029 1533 1324 1587 Ratherius
1359 1551 1376 1584 ι
1409 1533 1577 1586 ferme
1617 1531 1767 1585 bien-

198 1631 276 1678 nio
302 1645 320 1676 ι
353 1635 472 1694 post
511 1641 672 1679 suam
716 1641 746 1679 e
773 1625 1088 1680 Leodicensi
1135 1625 1264 1679 sede
1293 1623 1662 1694 expulsionem
1711 1623 1763 1676 in

199 1717 381 1770 Italiam
431 1732 712 1781 reversus,
763 1716 1032 1772 Brunonis
1071 1732 1234 1787 opera
1266 1716 1318 1770 ill
1369 1716 1551 1770 sedem
1593 1713 1763 1768 Vero-

198 1824 398 1863 nensem
431 1811 501 1863 ab
533 1810 736 1864 Ottone
773 1809 934 1863 fuerit
984 1810 1284 1864 restitutus.
1316 1807 1392 1862 Ita
1439 1808 1577 1862 hanc
1607 1806 1758 1861 resti-
1790 1791 1838 1852 Β

199 1898 440 1953 tutionem
469 1908 595 1968 post
631 1918 648 1947 ε
681 1898 851 1953 ferme
873 1899 1152 1954 biennium
1187 1919 1206 1952 ι
1240 1899 1530 1969 contigisse
1554 1906 1764 1967 putant,

201 2005 324 2043 anno
364 1990 576 2044 scilicet
639 1990 762 2045 937.
827 1991 1021 2045 Verum
1089 1990 1408 2044 Ratllerium
1456 1989 1764 2044 restitutum

202 2101 328 2139 anno
367 2095 578 2138 tantum
627 2086 754 2149 96I,
807 2100 915 2155 quo
959 2083 1087 2140 Otto
1127 2084 1287 2138 rediit
1334 2085 1386 2138 in
1421 2083 1651 2146 Italiam,
1697 2096 1766 2136 ex

200 2176 346 2230 certis
375 2175 719 2230 documentis
749 2186 870 2244 post
897 2192 1062 2244 pauca
1093 2175 1517 2230 demonstraturi
1543 2186 1762 2228 smnus:

202 2267 324 2319 unde
348 2275 525 2320 exstat
559 2267 979 2320 instrumentum
1024 2268 1228 2322 mensis
1272 2267 1447 2320 Martii
1488 2265 1614 2320 anni
1639 2265 1764 2329 959,

200 2371 254 2411 ex
285 2372 384 2427 quo
415 2373 517 2411 non
549 2356 868 2421 Ratllerius,
899 2360 991 2412 sed
1023 2358 1166 2415 Milo.
1196 2358 1486 2413 Veronensi
1514 2358 1766 2414 Ecclesiae

202 2449 287 2502 hoc
311 2464 519 2518 quoque
557 2465 701 2502 anno
739 2447 1018 2518 praefuisse
1041 2449 1637 2520 dignoscitur(Dlosvs.
1678 2449 1766 2502 di-

201 2537 337 2602 plom.
371 2538 504 2592 60H.
536 2555 593 2608 ῃ.
641 2539 786 2608 124).
825 2539 1215 2594 Testimonium
1246 2539 1462 2610 ltotgeri
1493 2554 1614 2594 cum
1663 2539 1766 2595 illis

204 2630 362 2684 verbis
384 2640 592 2694 careat,
625 2645 746 2699 qua:
781 2649 796 2681 ι
830 2629 1002 2685 ferme
1042 2631 1246 2685 biennii
1278 2650 1296 2681 ι
1331 2631 1660 2685 mentionem
1688 2629 1767 2684 fa-

206 2719 351 2783 ciunt,
379 2721 428 2773 id
461 2720 640 2775 solum
667 2719 960 2789 significat,
994 2719 1052 2776 S.
1078 2721 1404 2784 Brunonem,
1430 2721 1531 2776 etsi
1563 2720 1767 2775 violen-

207 2808 279 2863 tia:
298 2810 572 2865 rebellium
599 2811 829 2866 cesserit
855 2812 1187 2867 instituendo
1227 2811 1534 2867 Baldricum
1570 2811 1770 2867 Ratlle-

205 2901 273 2954 rio
302 2902 538 2972 depulso,
572 2904 751 2973 egisse
786 2912 962 2959 tamen
993 2913 1178 2973 postea
1212 2920 1334 2960 eum
1376 2903 1592 2967 Ottone,
1625 2915 1682 2958 ut
1723 2905 1769 2960 is

205 2991 412 3060 antiquae
448 2992 567 3046 sedi
602 2991 900 3047 Veronensi
942 2993 1360 3047 restitueretur:
1394 3008 1513 3062 qua:
1557 2977 1763 3046 nullum

204 3094 380 3133 annum
419 3081 792 3150 designantes,
838 3081 1042 3152 optime
1071 3091 1380 3152 congruunt
1430 3097 1552 3136 cum
1597 3082 1768 3152 gestis

1815 529 1829 542 ‘
1865 526 1969 597 psit
2003 547 2019 578 ι
2049 527 2258 581 Italiam
2286 527 2597 590 revertitur,
2631 546 2648 578 ι
2682 529 2963 598 scripsisse
2993 530 3060 584 de
3092 546 3156 584 eo
3201 529 3446 587 Ratlierii

1864 617 2039 671 reditu
2084 617 2136 671 ill
2176 616 2410 681 Italiam,
2439 617 2506 671 de
2530 633 2639 686 quo
2673 618 2941 690 ltotgerus
2993 620 3262 690 loquitur;
3303 621 3446 676 aliud

1862 710 2032 772 enim,
2071 708 2175 763 iter
2221 709 2325 762 isto
2356 709 2616 773 anterius,
2659 719 2715 764 et
2751 712 3021 780 posterius
3050 727 3192 765 anno
3229 711 3355 777 955,
3391 711 3445 766 in

1865 801 2101 854 medium
2131 800 2430 870 producere
2455 801 2717 855 somniari
2746 811 2847 857 est.
2891 802 3186 859 Fulcuinus
3225 803 3365 859 sicut
3393 803 3444 858 in

1865 889 1986 944 aliis
2034 889 2299 959 episc0pis
2340 904 2532 953 annos,
2567 891 2763 961 quibus
2799 891 3111 948 Leodicensi
3165 895 3278 949 sedi
3310 911 3446 965 prie-

1865 981 2104 1046 fuerunt,
2137 981 2373 1037 indicare
2421 984 2594 1048 solet;
2632 983 2703 1037 ita
2737 1001 2857 1039 cum
2888 984 3203 1041 Ratlieriaui
3235 987 3444 1056 episco-

1865 1082 2023 1144 patus
2059 1083 2268 1143 tempus
2295 1073 2570 1128 omisisset
2591 1073 2882 1147 Rotgerus,
2917 1093 2978 1131 ea
3003 1080 3166 1133 verba
3192 1079 3444 1145 inseruit,

1866 1167 2060 1237 quibus
2094 1181 2216 1221 eum
2248 1183 2265 1216 ‹
2298 1164 2469 1220 ferme
2509 1166 2727 1221 biennio
2758 1188 2774 1220 ι
2831 1167 3218 1224 Leodicensem
3265 1170 3447 1242 (sicuti

1865 1274 1993 1313 vere
2031 1257 2148 1327 fuit)
2174 1258 2482 1328 episcopum
2515 1257 2680 1312 fuisse
2707 1260 3038 1328 significaret

1937 1349 2024 1402 8|.
2067 1348 2338 1418 Quidquid
2371 1358 2548 1402 autem
2573 1348 2638 1402 de
2667 1349 2769 1403 lloc
2799 1348 3042 1404 Fulcuini
3083 1360 3228 1405 textu
3253 1353 3449 1420 proba-

1868 1445 2030 1499 bilius
2052 1445 2326 1508 credatur,
2351 1453 2500 1498 certe
2528 1442 2820 1498 Ratlierius
2854 1443 3214 1500 Veronensem
3243 1447 3451 1516 episco‘

1869 1547 2053 1608 patum
2085 1549 2189 1592 non
2223 1538 2426 1607 recepit
2453 1548 2578 1592 ante
2615 1554 2812 1592 annum
2840 1537 2961 1593 96f.
3002 1539 3114 1592 Duo
3141 1540 3306 1608 ipsius
3339 1539 3448 1593 Ra-

1870 1631 2027 1684 tllerii
2059 1629 2361 1684 testimonia
2390 1645 2501 1683 rem
2533 1630 2864 1699 exploratam
2895 1628 3090 1682 facient
3124 1648 3136 1682 :
3163 1640 3452 1698 utrumque

1867 1722 2012 1775 enim
2057 1719 2174 1787 ejus
2231 1721 2625 1774 restitutionem
2681 1720 2886 1775 Ottoni.
2939 1736 3062 1773 eum
3132 1720 3184 1773 in
3241 1719 3450 1775 Italiam

1869 1811 2050 1873 rediit,
2092 1810 2388 1874 ascribunt,
2423 1812 2512 1880 qui
2557 1822 2733 1865 tamen
2767 1827 2871 1864 non
2903 1810 3062 1864 rediit
3091 1820 3214 1864 ante
3250 1825 3456 1865 annum

1869 1901 1996 1958 96L
2042 1899 2226 1955 Solum
2275 1918 2436 1955 unum
2472 1902 2839 1955 testimonium
2880 1901 3050 1971 exigit
3077 1896 3276 1955 annum
3322 1901 3452 1968 961,

1869 1994 2017 2047 aliud
2047 1993 2297 2062 congruit
2329 2009 2472 2046 anno
2503 1994 2629 2057 962,
2671 2008 2790 2063 quze
2820 2002 3086 2062 quatenus
3115 1991 3454 2048 concilianda

1869 2083 1996 2144 sint,
2031 2083 2350 2151 explicaturi
2379 2098 2584 2137 sumus.
2631 2082 2686 2136 Iil
2718 2082 2981 2136 Invectiva
3015 2082 3217 2136 furtum
3257 2097 3454 2153 corpo-

1869 2175 1945 2228 ris
1976 2173 2035 2229 S.
2066 2174 2345 2239 Metronis,
2374 2175 2516 2244 quod
2547 2173 2946 2229 Veronensibus
2987 2176 3298 2244 subreptum
3335 2192 3456 2231 cre—

1869 2265 2098 2319 debatur
2132 2285 2148 2315 ι
2184 2265 2351 2319 sextis
2375 2273 2606 2319 exeunte
2647 2265 2784 2319 Jano
2825 2265 3096 2331 Kalendis,
3129 2285 3146 2316 ι
3179 2266 3230 2320 id
3259 2275 3340 2320 est
3368 2268 3456 2320 die

1867 2356 1937 2410 27
1965 2354 2248 2421 Januarii,
2300 2356 2349 2409 ei
2407 2357 2633 2426 tempori
2676 2367 2866 2410 auctor
2915 2358 3156 2428 assignat
3214 2373 3362 2410 num.
3396 2359 3452 2423 5,

1869 2462 1976 2516 quo
2017 2466 2034 2498 ι
2068 2446 2195 2501 Otto
2228 2447 2522 2516 imperator
2561 2447 2834 2516 Augustus
2866 2447 3070 2501 Italiam
3104 2447 3336 2502 feliciter
3369 2447 3450 2503 in-

1871 2546 2108 2592 traverat
2190 2537 2638 2607 triumphaturus.
2673 2557 2692 2589 ι
2761 2538 2818 2593 Id
2881 2540 3134 2594 convenit
3197 2539 3456 2596 Januario

1869 2631 2043 2685 mensi
2088 2630 2214 2684 anni
2265 2630 2400 2695 962,
2451 2629 2542 2700 qui
2594 2630 2801 2700 primus
2853 2641 2936 2687 est
2989 2631 3280 2688 Januarius
3335 2640 3460 2703 post

1868 2724 2083 2781 Ottonis
2127 2725 2429 2796 ingressum
2462 2724 2514 2777 ili
2546 2724 2776 2779 Italiam.
2809 2724 2960 2780 Licet
2998 2735 3176 2780 autem
3229 2726 3318 2781 llic
3363 2741 3457 2782 eo-

1829 2815 1832 2818 ’
1867 2816 1990 2872 dem
2027 2831 2214 2871 mense
2241 2815 2478 2870 nondum
2505 2825 2652 2870 esset
2685 2817 2982 2886 imperator
3011 2818 3314 2888 Augustus;
3351 2819 3456 2873 lioc

1872 2918 2053 2964 tamen
2120 2907 2274 2962 titulo
2335 2907 2508 2961 utitur
2559 2907 2852 2963 Ratllerius
2905 2908 2959 2962 in
3018 2909 3128 2978 ipsa
3163 2907 3459 2976 lnvectiva,

1869 3003 2066 3074 quippe
2094 3017 2213 3056 eam
2255 3009 2437 3071 postea
2483 3000 2722 3070 scripsit,
2756 3016 2879 3054 cum
2921 3000 3012 3053 ille
3041 2999 3154 3068 jam
3194 3001 3457 3071 imperia-

1872 3093 1976 3146 lcm
2019 3106 2276 3146 coronam
2324 3089 2500 3144 fuerat
2545 3100 2848 3145 assecutus.
2887 3089 3055 3144 Porro
3083 3091 3209 3144 illud
3253 3092 3458 3147 furtum

203 3179 250 3223 ﬂ
288 3172 628 3227 restitutione
667 3187 792 3226 mox
824 3172 1246 3228 demOItSlrallda
1289 3172 1418 3226 anni
1463 3171 1589 3228 961-
1629 3171 1764 3227 Τοιει
1793 3155 1839 3218 C
1872 3183 2138 3237 accidisse
2186 3181 2517 3246 tradebatur,
2570 3181 2696 3236 dum
2761 3181 3050 3237 Ratherius
3088 3181 3458 3238 Veronensem

202 3258 344 3330 igitur
369 3261 653 3317 diliicul.as
679 3264 785 3318 sita
819 3272 903 3318 est
946 3263 1000 3318 in
1027 3263 1227 3331 verbis,
1271 3279 1392 3334 quia
1417 3280 1483 3319 ex
1516 3279 1613 3319 suo
1639 3263 1767 3319 Ful-

203 3356 371 3410 cuinus
417 3359 687 3413 inseruit:
724 3376 743 3409 ‹
774 3359 978 3414 Exacto
1029 3361 1079 3414 in
1125 3361 1227 3415 liae
1263 3361 1619 3417 destitutione
1663 3377 1761 3417 sua

205 3442 463 3501 ltatlierius
510 3447 688 3503 ferme
727 3447 968 3515 biennio,
1013 3449 1296 3505 deficiente
1341 3451 1410 3505 ab
1437 3467 1502 3506 eo
1540 3451 1764 3508 militari

201 3536 350 3604 topia,
382 3537 589 3593 Italiam
616 3540 929 3594 revertitur.
963 3561 980 3591 ι
1011 3541 1228 3612 Aliquid
1266 3556 1394 3597 vero
1421 3543 1761 3610 mendosum,

204 3624 273 3678 vel
311 3627 538 3683 liiulcllm
575 3629 630 3684 in
678 3631 783 3686 hoc
838 3641 983 3686 textu
1021 3633 1194 3688 latere
1239 3634 1371 3688 nillil
1410 3617 1763 3691 dubitandum

205 3717 408 3772 videtur.
461 3721 638 3775 Verba
688 3740 707 3772 ς
741 3721 1028 3777 deficiente
1070 3724 1138 3778 ab
1182 3739 1246 3779 eo
1283 3725 1504 3779 militari
1545 3726 1702 3797 copia
1739 3745 1758 3778 ι

205 3807 315 3860 uiliil
341 3810 478 3864 aliud
509 3813 742 3867 inuuere
789 3815 1062 3868 credimus
1113 3815 1216 3870 nisi
1257 3815 1474 3880 milites,
1506 3831 1601 3872 seu
1644 3832 1761 3871 ma-

203 3907 383 3965 gnates,
427 3902 518 3971 qui
576 3903 651 3956 ita
701 3919 728 3956 a
787 3902 1050 3958 Ralllerio
1081 3903 1416 3968 defecerant,
1466 3916 1526 3961 ut
1581 3908 1762 3965 Brimo

204 3988 379 4042 nullum
418 4006 483 4045 ex
535 3993 734 4047 iisdem
784 3992 1086 4061 adjutorem
1133 3995 1184 4050 ili
1229 3995 1348 4065 ejus
1387 3997 1760 4054 defensionem

205 4077 419 4137 invenire
481 4084 744 4154 potuerit.
824 4085 952 4140 Vide
1011 4084 1318 4142 Phrenesis:
1383 4089 1436 4144 in
1496 4091 1763 4161 prooemio

205 4185 332 4225 num.
357 4174 403 4227 I.
432 4173 470 4228 Ii
519 4191 652 4231 vero
692 4174 1008 4232 defecerunt
1039 4193 1069 4231 a
1096 4178 1356 4235 Ratberio
1383 4196 1489 4235 non
1520 4199 1538 4233 ‹
1570 4190 1762 4236 exacto

203 4259 350 4318 ferme
372 4265 587 4322 biennio
614 4287 632 4320 ›
685 4277 807 4338 post
847 4268 964 4338 ejus
1006 4271 1417 4327 destitutionem
1445 4289 1539 4329 seu
1571 4275 1759 4344 expul-

205 4351 381 4409 sionem
407 4373 436 4412 e
473 4358 734 4413 cathedra
771 4358 1107 4427 Leodicensi,
1140 4363 1232 4418 sed
1269 4365 1368 4419 sub
1399 4364 1560 4420 finem
1593 4366 1762 4422 ferme

206 4446 398 4515 biennii,
444 4468 552 4522 quo
578 4455 830 4508 eamdem
863 4455 1180 4510 cathedram
1225 4459 1414 4511 tenuit.
1451 4458 1758 4530 Antequam

204 4550 342 4603 porro
370 4551 485 4610 post
514 4543 926 4598 destitutionem
967 4545 1166 4600 rediret
1217 4547 1269 4601 ill
1301 4547 1532 4613 Italiam,
1565 4516 1626 4604 et.
1649 4551 1764 4620 epi-
1794 4516 1841 4576 θ

205 4642 452 4700 scopatum
486 4633 856 4690 Veronensem
889 4635 1141 4692 Brunone
1168 4648 1363 4707 agente
1395 4652 1762 4711 recuperaret,

206 4735 295 4776 non
322 4723 480 4780 ferme
507 4727 792 4782 biennium
824 4728 874 4781 in
913 4745 1005 4784 sua
1041 4731 1391 4786 destitutione
1432 4734 1634 4804 exegit,
1668 4735 1762 4789 sed

206 4815 490 4870 sexennium
557 4827 610 4873 et
659 4819 915 4888 amplius.
971 4820 1106 4875 Ilille
1133 4837 1230 4892 pro
1290 4840 1308 4874 ι
1345 4824 1698 4879 destitutione
1741 4845 1758 4876 ι

209 4899 322 4959 forte
341 4906 618 4978 iegendum
641 4921 729 4966 est
756 4929 774 4961 ε
805 4911 1142 4968 institutione
1174 4935 1192 4966 ι
1225 4913 1310 4969 vel
1334 4915 1537 4986 aliquid
1561 4915 1759 4982 simile,

205 5011 292 5066 quo
330 5003 661 5074 significetur
705 5014 955 5062 exactum
990 5023 1018 5061 a
1059 5007 1322 5066 Ratlicrio
1363 5009 1414 5062 in
1444 5009 1759 5079 episcopatu

917 5113 997 5124 ..ιλ
1039 5097 1212 5124 (nun—nl
1254 5098 1528 5124 :naeza..e..-
1589 5099 1758 5124 'n-nml.

208 5087 485 5124 [Mentha-un:
539 5096 592 5124 ξι-
623 5111 731 5124 θυι-Λ
764 5095 907 5124 ΙΑηὲοἷ

1869 3274 2237 3344 episcopatum
2271 3272 2564 3336 obtineret,
2605 3282 2663 3326 ut
2691 3287 2758 3327 ex
2805 3272 3171 3327 admonitione
3199 3273 3251 3326 in
3284 3273 3456 3342 ipsam

1871 3365 2197 3419 Invectivam
2224 3379 2372 3418 num.
2405 3363 2460 3428 5,
2492 3349 2669 3432 palam
2704 3362 2814 3417 fiet.
2841 3363 3006 3434 Igitur
3027 3363 3303 3432 aliquanto
3330 3373 3460 3419 ante

1869 3456 2012 3510 diem
2052 3455 2122 3508 2'7
2165 3454 2408 3510 Januarii
2449 3453 2575 3508 anni
2622 3453 2728 3509 962
2767 3452 3065 3509 Veronensi
3111 3454 3226 3510 sedi
3277 3454 3457 3509 fuerat

1871 3545 2159 3600 restitutus
2204 3544 2412 3611 :idqne
2475 3541 2807 3612 probabilius
2852 3543 3080 3614 contigit
3123 3553 3246 3598 ante
3293 3544 3458 3598 finem

1869 3637 1996 3692 anni
2027 3637 2151 3699 96!,
2205 3651 2325 3690 cum
2358 3635 2484 3690 Otto
2514 3634 2723 3688 Italiam
2773 3633 3070 3704 ingressus,
3091 3635 3315 3689 Verona:
3345 3635 3457 3705 pri-

1868 3743 2014 3784 mum
2046 3727 2114 3782 ab
2145 3725 2290 3780 Italis
2318 3733 2566 3794 receptus
2592 3723 2711 3778 fuit.
2762 3722 3056 3778 Itatberius
3084 3723 3253 3788 enim,
3283 3733 3340 3778 ut
3372 3739 3456 3779 re-

1867 3818 2208 3881 stitueretur,
2239 3829 2342 3869 una
2371 3830 2494 3870 cum
2527 3813 2645 3884 ipso
2670 3811 2868 3869 Ottone
2899 3813 2951 3868 in
2986 3813 3192 3868 Italiam
3231 3814 3457 3869 rediisse

1866 3907 2319 3964 verisimillilnnm
2350 3913 2454 3960 est.

1937 3998 2026 4054 82.
2071 3997 2208 4052 IIuic
2256 4004 2438 4051 autem
2489 3995 2772 4052 sententia:
2821 3996 3014 4051 obesse
3066 3995 3318 4050 videntur
3365 3996 3455 4052 illa

1867 4088 2140 4143 Itinerarii
2168 4103 2316 4142 num.
2345 4087 2402 4153 4,
2436 4087 2636 4158 quibus
2669 4102 2728 4141 se
2771 4105 2791 4138 ς
2825 4086 3196 4141 misericordia
3225 4087 3458 4156 piissimi

1866 4179 2129 4251 Czesaris,
2184 4188 2454 4248 priecepto
2513 4177 2830 4248 apostolici,
2877 4177 2969 4249 qui
3018 4189 3144 4240 tunc
3199 4177 3458 4232 Romana:

1865 4278 2097 4342 przccrat
2131 4269 2264 4333 sedi,
2293 4269 2500 4338 judicio
2527 4270 2905 4339 episcoporum
2936 4269 3268 4340 synodaliter
3300 4269 3459 4325 resti-

1867 4372 2042 4417 tutum
2072 4370 2322 4416 testatur.
2356 4379 2374 4411 ι
2420 4359 2671 4431 Synodus
2699 4360 2865 4424 enim,
2893 4359 3046 4430 cujus
3065 4358 3273 4427 judicio
3301 4359 3460 4414 resti-

1869 4461 2019 4508 tutus
2053 4451 2171 4516 fuit,
2205 4460 2264 4506 ut
2295 4466 2420 4505 mox
2450 4451 2776 4516 videbimus,
2805 4458 2889 4506 est
2914 4451 3153 4522 synodus
3182 4449 3464 4520 Papiensis

1869 4541 2043 4614 [cvlll]
2072 4542 2344 4596 celebrata
2370 4548 2490 4611 post
2513 4540 2750 4594 medium
2775 4555 2976 4595 annum
3000 4540 3124 4596 962.
3153 4539 3278 4596 Haec
3302 4557 3455 4606 vero,

1865 4651 1987 4706 qua:
2038 4650 2159 4688 eum
2209 4633 2506 4704 prmmissis
2561 4649 2804 4705 pugnare
2845 4634 3118 4700 videntur,
3173 4635 3459 4691 conciliari

1866 4728 2025 4782 facile
2077 4735 2302 4796 queunt,
2352 4725 2396 4781 si
2455 4727 2700 4782 dicamus
2728 4725 3045 4780 Ratlierium
3093 4740 3205 4780 sua:
3238 4725 3460 4795 quidem

1869 4818 1983 4872 sedi
2040 4819 2108 4872 ab
2170 4816 2367 4872 Ottone
2417 4819 2634 4883 statim,
2691 4832 2812 4872 cum
2876 4815 3144 4872 Veronam
3195 4815 3458 4879 accessit,

1866 4911 2036 4967 fuisse
2062 4911 2242 4981 reipsa
2277 4911 2590 4966 restitutum
2624 4925 2768 4964 anno
2803 4908 2931 4990 96l,
2970 4908 3166 4964 Milone
3211 4907 3462 4962 invasore

1866 5003 1921 5058 in
1963 4995 2208 5078 ordinem
2249 5004 2505 5072 redacto;
2541 5005 2645 5060 lioc
2681 5011 2858 5057 tamen
2881 5003 3057 5058 adhuc
3079 4999 3379 5066 obnitente,
3406 5006 3464 5052 et

2025 5114 2147 5122 .----..‘
2190 5108 2565 5122 μ’--.ιμ-.-μιᾳ
2630 5096 2873 5120 Au....-.-..-
2927 5096 3219 5118 ..με-Αἷ-ιρ---ι
3275 5102 3327 5116 ..Ι
3377 5106 3435 5116 Α..
