4038 5388
540 338 605 394 at
1498 328 1899 385 nunnmus
1937 324 2371 383 vsuonstvsts
2409 326 2810 384 EPISCOPUS.
3270 284 3279 289 λ
3731 323 3804 382 92

542 452 868 522 Papiensem
900 447 1167 503 indicatur
1195 446 1247 501 in
1275 444 1622 517 Apologetico
1651 458 1801 497 num.
1833 443 1865 496 7
1891 398 1977 497 bis
2003 457 2123 497 ver-
2153 443 2203 502 Α
2230 441 2288 497 8.
2309 441 2497 497 Petrus
2525 442 2830 505 Damiauus,
2856 444 2947 512 qui
2972 443 3108 497 libro
3126 443 3301 513 primo
3323 443 3481 513 epist.
3506 442 3561 507 9,
3577 442 3804 497 scribit:

544 542 671 598 bis:
708 557 728 591 ‹
756 538 1049 609 Episcopus
1096 553 1245 602 sane,
1293 544 1352 591 ut
1398 536 1452 589 in
1497 534 1704 604 synodo
1750 540 1836 588 est
1873 532 2126 603 Papiensi

544 629 814 700 quondam
842 626 1148 692 clamatum,
1178 624 1567 680 Veronensium
1599 638 1699 694 ego
1733 623 1779 679 si
1809 638 1953 688 sum,
1973 641 1994 675 ι
2017 633 2125 678 etc.

546 720 791 778 Obscura
819 726 879 773 et
919 716 1236 787 plerumque
1263 714 1536 786 incognita
1563 713 1721 782 hujus
1765 714 1955 785 synodi
1996 714 2131 769 noti-

550 813 625 868 tia
672 826 739 866 ex
791 809 1113 881 quibusdam
1173 806 1388 863 indiciis
1452 805 1779 877 expiscanda
1832 813 1937 861 est.
1995 805 2130 861 Tres

551 902 793 975 majores
834 901 1209 972 episcOporum
1250 912 1444 954 causas
1474 898 1542 952 ad
1567 895 1685 966 ejus
1723 897 1911 967 synodi
1939 895 2133 953 Patres

551 993 764 1049 delatas
793 1006 858 1045 ac
886 988 1135 1045 deﬁnitas
1165 988 1488 1043 invenimus.
1519 986 1819 1042 Concilium
1866 987 2133 1042 Remense

526 1084 683 1138 ,anni
724 1082 865 1147 992,
907 1096 958 1137 c.
1003 1079 1075 1135 45
1111 1078 1279 1152 (edit.
1339 1078 1606 1134 Weehelii
1655 1076 1996 1134 Francol'urt.
2039 1092 2128 1133 an.

556 1173 696 1229 I600
736 1188 791 1243 p.
827 1171 940 1243 99),
981 1171 1118 1228 duas
1161 1186 1353 1227 causas
1407 1170 1462 1225 in
1501 1169 1763 1226 anteriori
1802 1169 2032 1224 concilio
2065 1168 2136 1224 si-

556 1264 671 1320 mul
698 1262 1020 1334 dijudicatas
1044 1261 1285 1331 praefert,
1315 1260 1542 1314 alteram
1574 1258 1817 1314 Ratherii
1859 1258 2134 1313 Veronen-

555 1353 635 1407 sis
685 1350 924 1422 episcopi
980 1358 1169 1405 contra
1217 1348 1470 1404 Milonem
1520 1348 1848 1413 invasorem,
1904 1347 2131 1402 alteram

553 1441 703 1498 Petri
750 1440 1149 1512 archiepiscopi
1193 1440 1525 1494 Ravennatis
1569 1448 1758 1495 contra
1812 1439 2130 1495 Honestum.

563 1552 584 1587 ι
611 1534 741 1591 Item
766 1550 885 1606 quae
908 1534 1053 1589 circa
1075 1533 1393 1589 Ratherinm
1416 1534 1779 1588 Veronensem
1800 1532 2129 1602 episcopum,

556 1625 641 1681 vel
671 1626 814 1682 circa
847 1624 1065 1681 Petrum
1100 1623 1374 1680 Ravenna:
1412 1621 1873 1693 archiepiscopum
1922 1636 2023 1676 usu
2051 1619 2137 1676 vel

558 1714 951 1771 consuetudine
999 1720 1401 1784 provenerunt,
1460 1712 1528 1766 ab
1581 1710 1831 1765 omnibus
1880 1709 2136 1781 abrogata

2232 553 2251 585 ι
2276 532 2470 588 Petrus
2510 534 2674 588 etiam
2709 534 3149 603 archiepiscopus
3176 531 3548 587 Ravennatem
3591 531 3806 587 dimisit

2227 621 2519 678 Ecclesiam
2541 665 2555 686 ,
2595 624 2680 678 cui
2709 640 2830 680 mox
2860 626 3035 679 adhuc
3057 624 3350 695 superstiti,
3389 623 3665 680 Honestus
3693 624 3807 693 pri-

2231 727 2319 767 mo
2354 712 2602 768 videlicet
2638 714 2834 769 Ottone
2882 715 3122 770 habenas
3168 715 3380 785 imperii
3418 716 3764 785 gubernante
3790 756 3808 780 ,

2231 803 2509 859 successit.
2541 825 2559 857 ι
2593 805 2851 860 Eamdem
2890 822 3002 861 rem
3027 846 3042 871 ,
3072 820 3379 874 annumque
3399 819 3463 860 ex
3489 804 3597 859 alio
3623 804 3817 872 utique

2231 893 2380 950 fonte
2407 895 2653 965 designat
2679 895 2841 950 etiam
2869 896 3149 950 Albericus
3174 896 3227 949 in
3252 894 3525 950 Chronico
3554 894 3819 952 editionis

2231 983 2482 1040 Leilmitii
2538 985 2605 1039 ad
2661 1000 2869 1039 annum
2917 985 3015 1040 971
3056 1000 3072 1039 :
3111 1004 3128 1037 ι
3168 985 3364 1040 Petrus
3429 984 3820 1039 Ravennatum

2232 1076 2601 1146 episcOpatum
2625 1077 2851 1142 dimisit,
2873 1087 2997 1147 post
3017 1092 3176 1146 quem
3198 1077 3318 1132 loco
3341 1077 3512 1147 ipsius
3539 1076 3847 1135 Honestas

2232 1166 2526 1238 prmlicitur
2576 1166 2639 1238 (t.
2680 1165 2725 1221 ll
2750 1168 2955 1222 Access.
2990 1166 3216 1233 Πεδίον..
3257 1182 3311 1237 p.
3342 1167 3455 1238 19).
3491 1186 3511 1220 ι
3541 1167 3694 1223 Idem
3724 1167 3822 1222 alii

2234 1270 2423 1311 omnes
2453 1256 2713 1322 tradunt,
2747 1256 2882 1311 adeo
2907 1266 2967 1312 ut
2997 1257 3139 1312 hanc
3168 1258 3492 1312 sententiam
3525 1276 3544 1310 ί
3569 1271 3825 1312 commu-

2238 1362 2359 1403 nem
2389 1366 2408 1399 ι
2448 1346 2548 1416 ipsi
2587 1345 2875 1401 Annalium
2920 1345 3406 1403 Camaldulensium
3455 1356 3716 1403 auctores
3744 1344 3826 1400 fa-

2238 1446 2472 1493 teantur.
2492 1437 2585 1493 His
2603 1447 2782 1494 autem
2804 1440 3058 1495 omnibus
3070 1439 3275 1495 erroris
3291 1448 3472 1496 notam
3491 1439 3822 1511 impingere.

2236 1527 2459 1599 perinde
2479 1543 2544 1583 ac
2558 1528 2604 1583 si
2628 1529 2821 1586 Petrus
2837 1544 2978 1584 anno
3001 1528 3099 1585 971
3123 1545 3228 1585 non
3252 1528 3827 1599 dimiseritepiscopa—

2240 1629 2374 1684 tum,
2399 1618 2491 1675 sed
2520 1619 2588 1675 ab
2608 1622 2919 1691 episcopatu
2951 1621 3190 1693 dejectus
3212 1622 3396 1688 fuerit,
3448 1631 3568 1683 acta
3601 1621 3826 1677 concilii

2241 1708 2524 1765 Remensis
2542 1723 2648 1766 non
2663 1709 2836 1765 solum
2850 1725 2955 1766 non
2979 1712 3343 1782 cogunt,quin
3371 1711 3548 1781 potius
3569 1712 3830 1766 videntur

480 1806 483 1809 ⁷
560 1811 710 1861 sunt.
747 1802 989 1875 Uterque
1031 1803 1175 1858 enim
1221 1818 1323 1858 nec
1373 1799 1726 1856 abdicationis
1774 1806 2027 1870 porrecto
2069 1797 2132 1853 li-
2163 1795 2208 1854 Β
2235 1801 2484 1870 exigere,
2522 1808 2583 1855 ut
2608 1800 2962 1872 dejectionem
2996 1800 3111 1871 ejus
3160 1819 3225 1858 ac
3254 1804 3485 1859 subinde
3509 1803 3817 1858 restitutio-

559 1895 726 1963 bello,
769 1910 871 1951 nec
900 1894 1329 1951 sacerdotalibus
1374 1891 1634 1963 depositis
1662 1890 1966 1962 insignibus
2008 1906 2137 1946 suc-

563 2001 835 2043 cessorem
884 1993 1208 2058 acceperat,
1253 1984 1544 2040 Ratherius
1592 1982 1811 2052 quidem
1854 1981 2138 2047 Milonem,

563 2076 757 2132 Petrus
782 2091 911 2132 vero
933 2075 1231 2132 Honestum
1260 2074 1406 2131 beati
1439 2071 1769 2144 Apollinaris
1802 2071 2077 2126 abbatem.
2116 2090 2135 2124 ι

562 2166 678 2223 Etsi
710 2167 764 2221 in
793 2166 878 2222 his
917 2166 1099 2222 verbis
1128 2165 1273 2221 nulla
1317 2164 1507 2235 synodi
1551 2162 1830 2232 Papiensis
1859 2162 1953 2217 ﬁat
1994 2178 2143 2217 men-

462 2262 467 2269 '
564 2256 678 2322 tio,
716 2264 1004 2325 utramque
1038 2264 1217 2310 tamen
1258 2252 1501 2308 Ratherii
1539 2250 1865 2307 Veronensis
1894 2258 1951 2305 et
1996 2249 2145 2305 Petri

567 2345 898 2400 Ravennatis
932 2360 1152 2401 causam
1180 2345 1369 2399 eodem
1401 2361 1420 2395 ι
1449 2342 1689 2397 omnium
1727 2361 1746 2393 ι
1771 2339 1978 2410 judicio
2006 2338 2145 2408 diju-

572 2435 810 2490 dicatam
838 2433 1006 2490 fuisse
1034 2434 1226 2504 liquet.
1265 2433 1399 2488 Cum
1444 2447 1574 2487 vero
1597 2436 1672 2487 ex'
1711 2430 2001 2499 descriptis
2040 2429 2146 2485 Ra-

571 2524 730 2579 therii
760 2524 941 2579 verbis
967 2532 1153 2593 pateat
1196 2523 1357 2593 hujus
1384 2536 1601 2576 causam
1628 2519 1797 2575 fuisse
1822 2519 2060 2574 decisam
2090 2520 2145 2574 in

540 2617 781 2689 ‘synodo
824 2615 1094 2686 Papiensi,
1142 2616 1281 2671 idem
1316 2615 1383 2671 de
1420 2615 1567 2671 Petri
1615 2613 1946 2671 Ravennatis
1979 2628 2146 2669 causa

570 2705 854 2761 dicendum
882 2714 987 2760 est.

545 2796 549 2803 ’
642 2798 731 2853 84.
790 2797 979 2854 Patres
1035 2797 1269 2855 Joannes
1337 2799 1662 2856 Benedictus
1725 2797 2040 2854 Mitarellius
2092 2808 2149 2855 et

572 2887 861 2945 Anselmus
914 2889 1292 2957 Costadonius,
1329 2892 1422 2962 qui
1476 2892 1645 2948 multo
1688 2892 1866 2947 studio
1914 2899 1970 2947 et
2018 2907 2148 2947 eru-

575 2980 778 3037 ditione
843 2982 1083 3038 Annales
1167 2982 1611 3040 Camaldulenses
1691 2984 2000 3056 digessere,
2066 2983 2148 3039 lo-

575 3077 805 3140 quentes
864 3071 931 3126 de
994 3071 1232 3128 Honesto
1262 3113 1277 3138 ,
1334 3074 1425 3142 qui
1476 3073 1641 3128 Petro
1708 3073 2007 3139 successit,
2068 3071 2152 3126 ni—

2242 1905 2366 1946 nem
2392 1891 2683 1947 evehamus
2706 1900 2833 1947 ante
2853 1904 3054 1948 annum
3078 1893 3203 1958 971,
3234 1902 3289 1949 et
3316 1894 3520 1950 idcirco
3552 1892 3820 1962 dejectio-

2243 1994 2365 2034 nem
2416 1980 2584 2050 ipsius
2611 1982 3010 2051 distinguamus
3048 1999 3078 2036 a
3107 1984 3459 2049 dimissione,
3505 2000 3629 2055 quae
3684 1999 3833 2039 anno

2243 2069 2339 2123 971
2380 2070 2701 2140 assignanda
2727 2082 2831 2127 est.
2860 2071 2916 2127 In
2950 2072 3138 2128 iisdem
3171 2074 3426 2129 nimirum
3458 2074 3835 2130 Remensibus

2247 2161 2414 2232 gestis
2437 2177 2543 2216 non
2572 2171 2779 2217 tantum
2805 2162 2950 2219 Petri
2972 2163 3223 2233 dejectio,
3250 2180 3408 2234 quam
3433 2181 3595 2221 unam
3620 2165 3832 2221 laudati

2259 2262 2515 2309 auctores
2566 2255 3004 2320 eonsiderarunt,
3030 2257 3123 2312 sed
3147 2266 3203 2311 et
3243 2256 3515 2314 restitutio
3547 2257 3836 2329 perspicue

2248 2345 2522 2409 innuitur,
2576 2360 2696 2400 cum
2720 2355 2842 2401 acta
2876 2356 3062 2402 contra
3096 2348 3268 2418 ipsum
3290 2386 3305 2412 ,
3350 2349 3547 2417 quibus
3594 2350 3824 2405 scilicet

2248 2435 2316 2489 ab
2345 2435 2658 2505 episcopatu
2710 2434 2887 2491 fuerat
2914 2437 3140 2507 ejectus,
3174 2456 3193 2489 «ι
3224 2438 3292 2491 ab
3316 2438 3567 2494 omnibus
3612 2438 3836 2511 (synodi

2247 2525 2435 2595 utique
2453 2524 2727 2594 Patribus)
2775 2524 2887 2597 [ex]
2916 2526 3170 2598 abrogata
3199 2547 3219 2581 ι
3261 2528 3496 2583 tradunt.
3528 2528 3584 2582 In
3606 2543 3672 2583 ea
3703 2543 3835 2584 seu-

2251 2616 2417 2670 tentia
2443 2655 2458 2680 ,
2487 2630 2593 2685 qua
2633 2615 2873 2687 dejectus
2902 2618 3142 2671 creditur
3167 2632 3309 2672 anno
3333 2619 3460 2684 97I,
3490 2619 3738 2675 Honeste
3786 2621 3838 2676 ei

2251 2708 2564 2778 subrogato,
2588 2706 2656 2763 de
2695 2707 2864 2778 ipsius
2887 2709 3225 2765 restitutione
3256 2708 3492 2766 Honesto
3518 2711 3745 2768 excluso
3773 2729 3841 2769 ne

2252 2799 2470 2854 verbum
2495 2798 2742 2869 quidem;
2771 2813 2874 2853 nec
2920 2800 3239 2855 documenta
3269 2798 3387 2868 ejus
3412 2802 3692 2872 temporis,
3715 2818 3843 2872 quae

2250 2891 2543 2948 Honestum
2572 2892 2625 2946 in
2666 2906 2762 2946 sua
2791 2891 2916 2947 sede
2956 2906 3331 2961 perseverasse
3363 2893 3658 2948 ostendant
3688 2908 3841 2948 anno

2251 2983 2356 3039 972
2402 2990 2459 3037 et
2493 2983 2842 3052 sequentibus
2887 2982 3049 3037 etiam
3077 2990 3195 3051 post
3218 2982 3364 3037 Petri
3390 2991 3649 3048 mortem,
3674 2963 3841 3053 hujus

2256 3074 2653 3130 restitutionem
2707 3088 2771 3127 ac
2802 3072 3156 3128 remotionem
3204 3070 3422 3127 Honesti
3470 3087 3536 3128 eo
3594 3080 3844 3143 tempore

576 3134 655 3212 hil
713 3160 780 3214 de
827 3159 1077 3229 Papiensi
1105 3202 1121 3226 ,
1190 3134 1273 3217 vel
1338 3134 1444 3218 alia
1502 3164 1747 3233 synodo,
1816 3178 1937 3233 quae
1991 3134 2151 3217 Petri
2179 3134 2223 3197 Ο
2258 3180 2596 3238 nequaquam
2624 3165 2919 3236 patiuntur.
2958 3163 3129 3219 Porro
3169 3163 3222 3217 in
3255 3163 3484 3218 laudatis
3519 3164 3690 3234 gestis
3707 3134 3842 3220 ’Βε-

577 3262 796 3303 causam
828 3246 1222 3319 dijudiraverit,
1265 3252 1546 3322 suspicati,
1597 3252 1711 3306 btec
1757 3261 2001 3308 actorum
2048 3250 2153 3306 Re-

581 3342 786 3397 mensis
845 3342 1039 3414 synodi
1080 3344 1244 3399 verba
1308 3345 1740 3414 praecedentibus
1787 3345 1971 3401 statim
2032 3344 2156 3401 sub-

573 3436 719 3508 jecta
777 3436 1021 3493 referunt
1073 3456 1088 3493 :
1144 3457 1163 3491 ι
1200 3438 1395 3495 Petrus
1468 3439 1763 3494 Honestum
1839 3440 2156 3495 monasterii

578 3528 723 3584 beati
753 3529 1080 3600 Apollinaris
1122 3530 1371 3586 abbatem
1396 3529 1600 3601 (supple
1646 3529 2155 3602 receperat),'quem

579 3619 876 3677 Honestum
929 3620 1062 3694 [eux]
1095 3622 1325 3679 domnus
1355 3620 1592 3679 Joannes
1630 3637 1767 3693 papa
1801 3628 2159 3693 cognomento

580 3708 765 3772 Bonus
787 3713 855 3767 ad
903 3713 1327 3767 consecrandum
1374 3714 1526 3783 prius
1551 3713 1654 3767 sibi
1698 3712 1939 3768 oblatum
1980 3712 2154 3779 vidit,

582 3816 745 3871 quam
775 3801 844 3858 de
868 3802 1017 3858 Petri
1040 3802 1358 3871 dejectione,
1387 3804 1470 3858 vel
1493 3804 1635 3859 fama
1661 3804 1940 3858 nuntiante
1966 3819 2159 3873 cogno-

552 3899 756 3967 verat.
789 3909 807 3943 ι
860 3891 1005 3948 Duos
1070 3907 1234 3962 porro
1289 3892 1557 3949 Honestos
1628 3894 1991 3964 distinguunt;
2044 3894 2160 3951 haec

586 3988 769 4036 autem
797 3981 963 4037 verba
990 3981 1057 4035 de
1086 3980 1324 4038 Honeste
1347 3982 1389 4037 II
1417 3982 1757 4053 intelligunt,
1810 3999 1968 4055 quem
1998 3982 2161 4039 Joan-

584 4083 682 4124 nes
715 4084 851 4141 papa
882 4073 1235 4127 consecravit.
1270 4072 1426 4128 Hunc
1472 4088 1603 4128 vero
1650 4070 1912 4128 Joannem
1946 4088 2162 4144 ,cogno-

586 4168 772 4215 mento
819 4152 1113 4216 «Bonum:
1168 4177 1275 4217 non
1323 4161 1586 4216 Joannem
1611 4161 1735 4225 XII,
1781 4160 1935 4231 cujus
1984 4178 2161 4217 mores

586 4250 1064 4319 mprebensionem
1135 4252 1515 4319 incurrerunt,
1565 4251 1660 4307 sed
1723 4250 1984 4306 Joannem
2047 4252 2161 4307 XII

587 4339 757 4398 fuisse
779 4343 1111 4410 existimant,
1138 4344 1229 4414 qui
1254 4346 1320 4400 ad
1343 4342 1691 4414 apostolicam
1713 4344 1895 4399 sedem
1919 4344 2163 4400 ascendit

2258 3258 2533 3317 mensibus
2554 3272 2717 3313 causa
2732 3266 2787 3312 et
2808 3256 3082 3311 restitutio
3106 3255 3252 3311 Petri
3272 3271 3392 3311 cum
3417 3270 3576 3310 causa
3600 3263 3657 3310 et
3685 3258 3843 3310 resti-

2261 3350 2464 3405 tntione
2488 3347 2729 3402 Ratherii
2767 3347 2840 3401 ita
2869 3346 3214 3417 conjungitnr
3236 3385 3254 3411 ,
3296 3354 3354 3399 ut
3376 3353 3607 3414 utraque
3645 3344 3842 3401 eodem

2254 3439 2457 3512 judicio
2524 3436 2706 3493 decisa
2756 3436 2921 3492 fuerit
2950 3476 2967 3502 ,
3021 3446 3077 3489 et
3121 3434 3398 3504 abrogatis
3447 3433 3585 3489 actis
3646 3442 3839 3488 contra

2259 3537 2567 3598 utrumque,
2606 3526 2800 3597 quibus
2828 3524 2988 3581 Petro
3016 3524 3224 3595 dejecto
3255 3524 3546 3589 llonestus,
3576 3521 3843 3579 Ratherio

2246 3619 2438 3677 autem
2456 3619 2581 3676 Milo
2619 3617 2876 3675 suﬂ‘ectus
2902 3618 3100 3682 fuerat,
3154 3625 3379 3687 uterque
3400 3616 3454 3670 in
3484 3631 3636 3670 suam
3657 3616 3843 3672 sedem

2260 3711 2422 3766 fuerit
2443 3710 2742 3766 restitutus.
2775 3708 2926 3768 Sicut
2951 3723 3079 3779 ergo
3101 3717 3219 3762 acta
3248 3707 3301 3761 in
3328 3706 3645 3762 Ratherimn
3679 3706 3843 3762 abro-

2259 3814 2381 3874 gata
2410 3804 2628 3859 fuerunt
2656 3804 2710 3858 in
2740 3802 2968 3857 concilio
2995 3800 3241 3871 Papiensi
3269 3799 3393 3854 anni
3421 3798 3546 3865 962,
3576 3799 3650 3855 ita
3676 3802 3842 3855 etiam

2262 3898 2459 3951 ibidem
2487 3898 2783 3965 eodemque
2808 3912 2949 3950 anno
2996 3894 3165 3949 recisa
3192 3934 3208 3959 ,
3234 3908 3355 3961 qua:
3390 3892 3444 3946 in
3471 3891 3692 3947 Petrum
3741 3893 3841 3947 Ra-

2262 3994 2544 4041 vennatem
2615 3995 2765 4054 gesta
2817 3985 3054 4039 fuerunt.
3120 3982 3410 4036 Restitutio
3475 3982 3638 4052 igitur
3684 3982 3843 4053 hujus

2261 4077 2476 4131 decreta
2517 4074 2569 4128 in
2598 4074 2800 4145 synodo
2822 4071 3067 4142 Papiensi
3093 4070 3282 4126 referri
3321 4071 3508 4138 nequit
3530 4072 3598 4127 ad
3634 4089 3836 4127 annum

2262 4166 2360 4221 971
2394 4206 2407 4229 ,
2441 4164 2533 4219 sed
2584 4163 2709 4218 huic
2739 4177 2882 4217 anno
2916 4159 3053 4231 aIIigi
3088 4160 3247 4215 debet
3278 4174 3340 4216 ea
3394 4160 3740 4231 episeOpatus
3765 4161 3840 4217 di-

2264 4255 2471 4320 missio,
2500 4269 2661 4324 quam
2691 4252 2747 4308 S.
2777 4252 2967 4307 Petrus
2991 4249 3281 4307 Damianus
3304 4257 3360 4304 et
3379 4249 3466 4304 alii
3487 4265 3675 4305 omnes
3699 4266 3845 4305 eom-

2264 4347 2410 4401 muni
2433 4345 2693 4401 sententia
2722 4344 3094 4406 prodiderunt.
3123 4342 3308 4411 Itaque
3337 4341 3443 4396 duo
3474 4339 3612 4396 facta
3639 4342 3836 4398 distinc

596 4447 740 4489 anno
773 4433 898 4488 965.
931 4432 1030 4489 Hic
1058 4443 1236 4490 autem
1265 4434 1311 4490 si
1340 4426 1675 4489 consecravit
1695 4432 1990 4489 Honestum
2014 4475 2030 4500 ,
2060 4432 2164 4487 Pa-
2196 4482 2245 4543 υ
2270 4440 2477 4507 guenda
2506 4479 2521 4504 ,
2560 4439 2755 4509 quibus
2777 4436 2958 4493 omnia
2993 4435 3387 4499 conciliantur,
3432 4442 3490 4489 ut
3519 4448 3586 4488 ne
3614 4449 3753 4502 opus
3776 4435 3845 4489 sit

596 4521 793 4543 _=-__,_
835 4520 1016 4543 __.,___-
1068 4538 1193 4543 ,μμ
1526 4522 1631 4543 ,τω
1695 4522 1753 4543 μ
1812 4537 1961 4543 ---ω
2019 4521 2163 4543 ηὼς
2288 4532 2301 4543 .
2435 4530 2479 4543 ..
2620 4539 2630 4543 -
2797 4537 2808 4543 -
3062 4541 3106 4543 ,κ
3146 4526 3183 4543 η
3262 4542 3299 4543 η

590 4521 795 4591 piensis
835 4520 1021 4593 utique
1066 4524 1304 4595 synodus
1349 4525 1475 4578 anni
1526 4522 1633 4579 962
1689 4522 1757 4578 de
1805 4537 1968 4578 causa
2019 4521 2166 4577 Petri

590 4623 779 4673 contra
817 4616 1112 4701 Honestum
1136 4618 1381 4687 judicare
1427 4634 1534 4674 non
1562 4619 1759 4689 potuit.
1788 4619 2028 4674 Censent
2059 4619 2163 4672 ita-

591 4720 696 4775 que
723 4705 953 4762 laudatis
988 4708 1167 4764 verbis
1192 4708 1381 4778 synodi
1412 4708 1698 4765 Remensis
1727 4708 1955 4763 indicari
1976 4751 1992 4776 ,
2025 4711 2169 4778 quod

591 4794 792 4851 accidit
810 4810 954 4851 anno
993 4796 1092 4851 971
1123 4837 1137 4862 ,
1168 4812 1276 4865 quo
1302 4795 1496 4852 Petrus
1526 4796 1766 4853 Honeste
1800 4797 2166 4852 Ravennatem

590 4887 1112 4959 archiepiscopatum
1166 4888 1435 4945 dimisisse
1495 4889 1764 4955 traditur;
1826 4890 1915 4943 ubi
1983 4898 2161 4945 tamen

1698 5074 1737 5084 us

2270 4532 2404 4586 duos
2435 4530 2700 4585 Iloncstos
2732 4537 3005 4591 astruere,
3053 4541 3116 4581 ac
3146 4525 3430 4581 Bernensis
3464 4524 3652 4596 synodi
3679 4525 3841 4579 verba

2270 4621 2527 4677 aliorsum
2553 4618 2923 4688 interpretari.
2948 4616 3145 4671 Petrus
3177 4616 3429 4670 nimirum
3452 4614 3628 4684 primo
3645 4613 3716 4668 ab
3739 4614 3843 4685 epi-

2277 4722 2504 4783 scopatu
2557 4711 2868 4765 Ravennate
2910 4708 3161 4764 exclusus
3201 4707 3303 4762 sub
3343 4706 3550 4761 Joanne
3597 4704 3711 4768 XII,
3742 4705 3836 4773 qui

2272 4805 2488 4876 ignarus
2517 4802 2832 4871 df‘jeCllUuIS
2864 4803 2982 4872 ejus
3013 4799 3309 4855 Honestum
3351 4798 3709 4853 consecravit.
3746 4797 3843 4853 Ne-

2272 4909 2377 4964 que
2408 4901 2614 4947 moveat
2641 4906 2936 4962 cognomen
2967 4911 2983 4941 c
3013 4891 3213 4944 Bonus.
3249 4909 3266 4940 ι
3299 4887 3409 4944 Nisi
3441 4888 3585 4943 enim
3629 4887 3680 4941 in
3711 4888 3844 4943 hanc

594 4987 819 5036 mouent
877 4998 896 5032 ι
925 4997 1032 5036 non
1059 4996 1178 5038 esse
1220 4983 1436 5038 veritati
1475 4982 1632 5052 plane
1667 4982 1907 5037 innixam
1955 4981 2169 5052 opinio-
2273 5001 2460 5042 vocem
2484 4999 2639 5040 error
2664 4982 2899 5053 irrepsit.
2921 4981 3156 5038 Joannes
3178 4980 3269 5035 XII
3298 4978 3517 5041 irunica,
3552 4977 3632 5032 vel
3656 4992 3723 5032 ex
3745 4977 3843 5033 alio

3069 5073 3109 5084 τι
3352 5070 3382 5084 ιο
3424 5071 3436 5082 σ
3540 5077 3551 5084 .
3598 5069 3632 5084 α-
3697 5068 3733 5084 Α
3800 5078 3809 5084 .
