4038 5388
284 340 363 396 93
1290 321 1823 386 PROLEGOMENA.
1864 349 1934 359 —-
1974 316 2298 373 RATIIERlI
2341 316 2497 372 VITA
3488 315 3557 371 94

281 458 498 511 mensis
555 453 767 509 concilii
824 452 1033 506 Patres.
1081 447 1302 501 Factum
1341 444 1566 499 alterum
1600 440 1657 494 S.
1688 438 1876 492 Petrus
1905 432 1954 491 Α
1982 431 2168 486 limum
2194 433 2501 503 episcopum
2528 442 2714 487 contra
2740 433 2986 488 Milouem
3013 435 3288 504 probaret,
3310 447 3374 489 eo
3406 448 3557 488 revo-

285 545 595 598 Damianus
648 551 703 597 et
749 541 952 610 antiqui
991 538 1280 594 cbrouistze
1329 532 1603 589 memoria:
1645 527 1877 584 tradide-

286 642 440 687 runt.
470 634 631 687 Anno
668 633 877 687 scilicet
919 631 1014 685 97l
1053 629 1265 691 Petrus,
1300 627 1463 681 rebus
1484 640 1604 679 cum
1644 620 1879 675 llonesto

284 723 620 794 compositis
646 763 660 785 ,
697 723 1063 792 episcopatum
1112 719 1286 773 eidem
1336 724 1526 785 sponte
1553 712 1783 775 dimisit;
1818 724 1879 763 ac

282 821 583 881 propterea
632 802 1012 879 subscﬂuentia
1043 809 1361 861 documenta
1395 802 1617 859 llonesti
1644 799 1879 872 episcopi

284 901 626 954 mentionem
657 899 893 962 faciunt,
936 898 1025 969 qui
1051 913 1179 969 erga
1226 896 1677 966 prmdecessorem
1724 906 1879 945 suum

288 1000 487 1058 gratus
514 1030 529 1053 ,
586 1000 709 1059 post
738 988 907 1058 ipsius
933 997 1161 1042 mortem
1193 1001 1333 1040 anno
1379 985 1482 1040 9Ἱᾶ
1514 980 1881 1036 anniversaria

286 1091 449 1130 sacra
475 1092 575 1147 pro
602 1077 720 1145 ejus
746 1078 922 1130 anima
953 1077 1208 1137 instituit,
1237 1086 1292 1129 ut
1322 1074 1506 1128 videre
1532 1073 1688 1127 estin
1712 1071 1879 1125 docu-

290 1173 477 1217 mento
505 1180 533 1216 a
553 1166 868 1219 memoratis
887 1164 1168 1219 annalistis
1189 1162 1691 1217 Camaldulensibus
1716 1159 1882 1214 relato

289 1262 425 1306 tom.
454 1253 507 1317 l,
543 1252 677 1325 [CXI]
707 1255 1015 1325 appendicis
1045 1269 1168 1323 pag.
1200 1254 1287 1308 95.

359 1345 451 1399 85.
495 1345 651 1401 Nunc
700 1349 915 1401 tertiam
952 1347 1228 1418 Papiensis
1277 1347 1463 1417 synodi
1496 1360 1716 1400 causam
1754 1359 1881 1414 pro-

290 1433 553 1489 feramus.
585 1435 928 1491 Frodoardus
951 1437 1017 1490 ad
1044 1452 1242 1489 annum
1269 1435 1373 1489 962
1402 1449 1619 1489 causam
1646 1430 1885 1503 suggerit

290 1523 540 1595 llugonis
600 1525 917 1592 llcmensis,
982 1543 1142 1595 quam
1212 1527 1262 1579 itt
1313 1525 1553 1579 Romana
1607 1525 1881 1595 primum,

292 1627 486 1686 postea
520 1634 649 1673 vero
675 1618 728 1673 in
760 1618 1005 1688 Papiensi
1031 1619 1234 1688 synodo
1260 1616 1607 1685 dijudicatam
1637 1623 1880 1668 testatur.

288 1707 508 1765 Mortuo
534 1711 741 1765 sci!icet
761 1712 979 1765 Attaldo
1001 1710 1291 1764 Remorum
1314 1710 1552 1763 antistite
1574 1708 1744 1777 pridie
1766 1706 1880 1760 Kal.

1979 536 2165 590 catur,
2224 527 2349 595 quia
2402 526 2548 582 nullo
2585 528 2847 581 canonico
2886 528 3091 598 judicio
3118 529 3423 598 depositus,
3460 542 3560 585 nec

1979 624 2171 684 sponte
2216 618 2448 684 cedens,
2490 618 2583 672 sed
2633 618 2744 672 sola
2798 619 2845 673 vi
2893 619 3142 675 exclusus
3172 620 3350 674 Iiloni
3380 619 3556 675 locum

1980 707 2223 761 dederat.
2262 708 2385 763 llaec
2420 720 2597 765 autem
2629 712 2767 765 ratio
2793 726 2912 765 cum
2940 711 3026 765 illa
3075 713 3346 777 concinit,
3378 727 3497 781 qum
3526 726 3559 766 a

1979 798 2227 869 Papicusi
2254 800 2481 855 concilio
2506 802 2795 870 approbata
2828 842 2841 867 ,
2894 801 2947 856 in
2980 802 3116 857 actis
3145 802 3429 857 Remensis
3471 818 3560 872 sy—

1981 890 2104 945 nodi
2138 892 2265 945 anni
2297 891 2390 947 99!
2423 892 2689 947 indicatur
2720 893 2784 947 iis
2811 894 2989 947 verbis
3017 911 3029 947 :
3063 912 3081 945 ‹
3111 892 3222 949 Nec
3258 894 3559 948 abdicatio-

1981 981 2065 1034 nis
2086 991 2334 1050 porrecto
2357 982 2556 1045 libello,
2580 998 2677 1036 nec
2708 983 3130 1039 sacerdotalibus
3153 984 3412 1054 depositis
3431 983 3561 1038 insi-

1983 1072 2176 1143 gnibus
2216 1087 2587 1126 successorem
2620 1082 2914 1144 receperat.
2952 1093 2971 1124 ι
3567 1066 3573 1080 ’

2054 1165 2144 1220 86.
2188 1162 2481 1221 Ratherius
2512 1167 2564 1219 in
2603 1166 2759 1235 epist.
2813 1166 2845 1220 8
2886 1166 2952 1220 ad
2993 1166 3266 1229 Milonem,
3296 1181 3443 1220 num.
3486 1166 3520 1220 '5
3546 1148 3571 1229 ,’

1984 1256 2260 1325 imperiale
2288 1257 2523 1312 edictum
2553 1266 2838 1321 memorat,
2882 1268 2935 1310 et
2976 1257 3388 1327 jusjurandum,
3419 1258 3563 1325 quod

1984 1363 2088 1400 non
2119 1357 2226 1401 tam
2259 1346 2552 1401 Ratlterius
2578 1389 2592 1412 ,
2627 1364 2785 1417 quam
2819 1347 2941 1403 Milo
2966 1348 3146 1404 Ottoni
3173 1350 3562 1420 praestiterunt.

1991 1437 2247 1492 «Suadeo
2305 1439 2546 1509 cogites,
2594 1439 2795 1507 inquit,
2852 1454 3013 1508 quam
3062 1450 3249 1494 contra
3298 1440 3565 1508 teipsum,

1985 1544 2108 1583 cum
2141 1540 2426 1598 persancte
2482 1531 2836 1600 imperatori,
2877 1539 2933 1585 ut
2975 1540 3027 1586 et
3069 1548 3202 1601 ego,
3234 1531 3568 1602 fidcmjura-

1984 1621 2158 1686 veris,
2188 1636 2349 1691 agas;
2384 1637 2508 1676 cum
2557 1622 2759 1676 editum
2790 1622 2931 1677 illius
2953 1623 3230 1677 destruere
3252 1621 3481 1684 moliris,
3512 1631 3569 1676 et

1988 1714 2129 1778 illos,
2157 1714 2248 1783 qui
2283 1716 2332 1769 ei
2359 1714 2495 1769 idem
2524 1714 2897 1785 jusjurandum
2933 1715 3198 1779 fecerunt,
3220 1715 3359 1783 quod
3390 1724 3441 1766 tu
3462 1754 3474 1774 ,
3500 1712 3568 1767 ad

291 1799 547 1855 Oetobris
590 1803 715 1855 anni
770 1803 905 1867 961,
943 1802 1009 1856 de
1040 1817 1353 1855 successore
1401 1800 1644 1871 eligendo
1689 1813 1881 1869 magna

1992 1806 2067 1859 tui
2108 1807 2160 1859 iu
2194 1808 2293 1860 hoc
2334 1807 2597 1861 trahendo
2628 1806 2886 1860 auxilium
2929 1806 3178 1875 pejurare
3208 1803 3505 1873 compellis.
3544 1823 3561 1854 ι

296 1892 579 1945 contentio
612 1892 752 1958 fuit,
782 1909 901 1962 qum
936 1894 1004 1946 ad
1037 1909 1233 1946 annum
1266 1902 1579 1961 sequentem
1611 1898 1882 1961 protracta

291 1982 683 2053 est.llugonem
700 1985 842 2037 enim
857 1985 1164 2054 episcopum
1183 1994 1338 2037 antea
1358 1982 1881 2038 exeomtnunicatum

298 2082 464 2141 atque
488 2072 771 2140 depulsum
807 2075 1192 2145 consanguinei
1223 2074 1339 2143 ejus
1363 2075 1733 2143 redintegrare
1764 2088 1882 2126 mo-

296 2160 594 2226 liebantur,
638 2161 849 2217 favente
882 2163 1104 2232 llugone
1132 2165 1264 2218 duce
1294 2163 1651 2218 Francorum.
1684 2163 1880 2216 Lollia-

298 2252 413 2306 rius
435 2252 735 2307 Galliarum
762 2270 853 2308 rex
889 2273 906 2306 ι
934 2255 1146 2309 locutus
1167 2271 1289 2309 cum
1315 2255 1537 2325 Hugone
1562 2255 1884 2309 consobrino

294 2360 418 2407 suo,
456 2364 474 2395 ι
510 2346 584 2398 ait
608 2346 949 2399 Frodoardus
986 2347 1037 2399 in
1064 2347 1331 2401 Chronico
1353 2362 1441 2401 an.
1475 2346 1598 2411 962,
1635 2366 1652 2396 ι
1686 2345 1884 2415 petitus

295 2446 377 2487 est
412 2435 482 2488 ab
509 2450 575 2489 eo
600 2476 614 2499 ,
659 2446 715 2489 ut
748 2436 971 2506 pra-fato
1013 2438 1221 2508 Hugoui
1275 2439 1593 2492 Remensem
1636 2438 1885 2491 restituat

294 2525 704 2595 cpisc0patum;
750 2528 979 2596 indeque
1038 2528 1279 2582 inducias
1327 2528 1675 2598 paciscuntur
1714 2542 1885 2597 usque

297 2617 363 2669 ad
396 2618 630 2672 medium
665 2618 868 2673 mensis
909 2619 1128 2690 Aprilis.
1166 2618 1415 2690 Synodus
1473 2619 1728 2673 tredecim
1773 2619 1886 2688 epi-

296 2725 581 2779 scoporum
616 2711 667 2764 in
696 2727 833 2781 pago
859 2711 1112 2766 Meldensi
1143 2727 1303 2780 super
1324 2712 1619 2767 Maternam
1638 2712 1881 2777 fluvium,

296 2815 360 2853 ex
398 2800 653 2855 Remensi
709 2802 956 2856 videlicet
988 2818 1049 2856 ac
1078 2801 1374 2858 Senonensi
1405 2804 1623 2859 diu'cesi
1648 2804 1901 2859 celebra-'

301 2900 407 2957 tur,
460 2882 782 2959 przesidente
842 2892 1142 2947 Senonensi
1211 2893 1461 2962 prarsule,
1517 2897 1886 2966 satagcntibus

297 2983 615 3050 quibusdam
648 2986 916 3055 episcopis
944 3027 957 3049 ,
1004 2995 1063 3040 ut
1096 2985 1304 3057 llugoni
1344 2986 1485 3057 δεθρέ
1516 2988 1664 3042 dicto
1689 2990 1884 3044 redde-

300 3083 451 3128 retur
524 3074 792 3131 Renteuse
854 3078 1229 3147 episcopium;
1288 3080 1646 3135 renitentibus
1703 3089 1883 3134 autem

1985 1895 2233 1952 Edictum
2263 1897 2498 1960 Ottonis,
2549 1898 2691 1967 quod
2721 1898 2847 1951 Milo
2870 1906 3055 1966 postea
3103 1895 3320 1949 molitus
3346 1902 3429 1947 est
3478 1892 3572 1945 dc-

1989 1986 2241 2051 struere‘,
2278 2003 2398 2042 cum
2430 1988 2746 2042 Ratherium
2778 2003 3091 2058 oppugnare
3118 2001 3221 2040 non
3250 1984 3485 2049 destitit,
3519 1991 3573 2038 et

1984 2073 2321 2130 Veronenses
2356 2076 2581 2132 clericos
2615 2076 2852 2130 fautores
2884 2090 3010 2129 suos
3045 2075 3097 2129 in
3130 2073 3379 2129 eumdem
3419 2087 3572 2125 com-

1985 2170 2172 2234 movit,
2206 2169 2333 2223 illud
2355 2184 2476 2223 esse
2509 2170 2742 2234 videtur,
2770 2184 2877 2237 quo
2902 2168 3150 2221 laudatus
3181 2182 3271 2220 rex
3298 2166 3571 2220 Veronam

1986 2258 2285 2326 ingressus,
2321 2258 2639 2313 Ratlterium
2672 2259 2723 2311 iu
2750 2274 2901 2312 suam
2930 2259 3109 2312 sedem
3143 2257 3433 2311 restituens
3452 2294 3466 2318 ,
3494 2263 3566 2307 ut~

1984 2345 2284 2415 legitimum
2315 2347 2627 2416 episcopum
2673 2347 2741 2399 ab
2770 2347 3021 2400 omnibus
3064 2345 3226 2415 recipi
3270 2343 3467 2407 voluit,
3518 2352 3575 2398 et

1988 2450 2054 2488 ne
2085 2435 2209 2504 quid
2246 2436 2297 2488 in
2328 2451 2451 2489 eum
2479 2445 2798 2500 tentaretur,
2835 2436 3091 2505 praecepit
3121 2454 3132 2489 :
3164 2436 3304 2489 unde
3332 2442 3458 2489 sunt
3482 2434 3573 2488 illa

1989 2524 2040 2578 in
2072 2526 2257 2579 eadem
2282 2526 2347 2579 ad
2380 2526 2631 2581 Milonem
2660 2526 2883 2596 epistola
2910 2545 2921 2577 :
2957 2546 2973 2574 ι
3004 2526 3202 2580 Contra
3230 2523 3577 2594 imperatoris

1988 2614 2128 2667 mala
2160 2616 2339 2669 omnia
2370 2616 2741 2671 iuterdicentis
2771 2628 3153 2685 praeceptum.»
3182 2613 3571 2683 Jusjurandum

1988 2722 2137 2770 vero,
2170 2722 2275 2775 quo
2309 2717 2416 2761 tum
2442 2707 2589 2773 Milo,
2626 2720 2734 2763 tum
2784 2708 3096 2773 Ratlterius,
3122 2719 3231 2763 tum
3260 2707 3439 2763 caeteri
3462 2724 3577 2762 om-

1988 2812 2084 2851 nes
2115 2798 2286 2853 eidem
2316 2799 2546 2870 principi
2583 2800 2741 2854 fidem
2782 2800 3003 2869 polliciti
3027 2810 3189 2864 sunt,
3218 2800 3333 2868 ejus
3359 2814 3575 2870 quoque

1988 2886 2149 2939 edicti
2202 2888 2567 2942 obedientiam
2613 2889 2954 2957 requirebat;
3004 2905 3067 2944 ac
3118 2898 3403 2958 propterea
3447 2892 3576 2941 dum

1990 2973 2115 3028 Milo
2137 2985 2322 3029 contra
2339 2976 2655 3030 Ratherium
2684 2978 2870 3032 turbas
2893 2977 3167 3039 excitavit,
3189 2976 3316 3030 illud
3340 2976 3577 3031 edictum

1992 3067 2143 3121 nisus
2170 3066 2332 3121 fuisse
2358 3068 2667 3133 destruere,
2721 3075 2776 3121 et
2820 3083 2924 3121 una
2960 3084 3077 3123 cum
3110 3066 3410 3122 fautoribus
3464 3068 3578 3121 suis

297 3165 566 3234 pnecipnc
592 3165 857 3221 Roricone
881 3165 1250 3231 Lauduneusi,
1275 3176 1330 3221 et
1366 3167 1597 3224 Gibuino
1632 3170 1880 3223 Catalau-

1989 3158 2203 3228 perjurii
2235 3159 2439 3213 crimen
2469 3160 2660 3213 dicitur
2689 3160 3003 3215 incurrisse.
3050 3158 3117 3213 Ut
3170 3159 3294 3214 Milo
3348 3159 3415 3213 ad
3478 3174 3567 3213 ce-

298 3256 453 3310 neusi
479 3258 797 3326 praesulibus
820 3299 835 3324 ,
874 3268 930 3313 et
956 3260 1321 3314 asserentibus
1345 3300 1359 3326 ,
1397 3262 1539 3330 quod
1571 3278 1599 3325 ει
1631 3270 1708 3315 tot
1761 3262 1883 3332 epi-

298 3347 478 3415 scopis
509 3350 982 3415 evcomunicatus,
1010 3367 1039 3404 a
1064 3351 1256 3404 ntiuuri
1287 3366 1510 3406 numero
1537 3351 1740 3407 absolvi
1775 3368 1881 3406 non

296 3447 531 3506 poterat.
584 3440 658 3493 Ita
714 3442 1035 3511 relinquitur
1066 3458 1235 3512 usque
1280 3444 1344 3498 ad
1396 3445 1882 3514 interrogationem

297 3542 453 3596 papae
502 3527 751 3584 Romani.
790 3550 807 3580 ι
863 3530 930 3584 Ει
960 3541 1081 3601 post
1136 3533 1393 3587 nonnulla
1447 3536 1636 3589 eodem
1689 3551 1878 3591 anno:

304 3636 323 3668 ι
359 3618 579 3686 Legatio
606 3622 829 3675 veniens
852 3623 918 3676 ab
944 3620 1152 3678 Joanne
1183 3640 1319 3694 papa
1351 3625 1571 3680 intimat
1598 3627 1881 3695 praefatum

299 3708 576 3779 llugonem
621 3713 893 3781 quondam
930 3715 1238 3784 episcopum
1281 3725 1388 3770 tam
1426 3718 1494 3773 ab
1534 3718 1651 3787 ipso
1700 3734 1835 3790 papa
1866 3761 1881 3786 ,

299 3815 460 3867 quam
491 3800 558 3853 ab
600 3802 744 3854 omni
798 3801 1039 3857 Romana
1081 3805 1287 3875 synodo
1315 3808 1840 3862 excommunicatum
1866 3849 1880 3874 ,

298 3892 394 3946 scd
428 3892 498 3945 ab
530 3892 633 3946 alia
678 3894 883 3963 synodo
931 3896 1073 3965 apud
1117 3894 1337 3966 Papiam
1378 3898 1670 3954 celebrata.
1716 3898 1883 3967 Cujus

300 3983 588 4053 legationis
620 3984 814 4038 redditi
851 3986 1113 4040 certiores
1140 4002 1236 4056 per
1257 3987 1562 4042 Brunonem
1610 3990 1881 4058 archiepi-

299 4084 521 4135 scopum
571 4068 1025 4138 (Coloniensem)
1077 4072 1337 4141 elegimus
1393 4073 1459 4127 ad
1510 4075 1880 4146 episc0patum

299 4159 619 4213 Remensem
650 4158 961 4215 Odalricum
998 4160 1259 4217 illustrem
1287 4163 1541 4220 clericum
1567 4206 1581 4220 .
1620 4205 1633 4219 .
1668 4208 1681 4220 .
1726 4208 1739 4221 .
1762 4168 1879 4237 qui-

299 4264 405 4316 que
461 4247 649 4303 Remis
686 4250 969 4303 ordinatur
994 4252 1062 4305 ab
1085 4252 1350 4321 episcopis
1372 4252 1606 4310 Widone
1634 4254 1880 4311 Suessio-

299 4338 419 4391 nico
444 4378 459 4399 ,
488 4336 760 4393 Roricone
786 4338 1127 4395 Lauduneusi
1155 4381 1170 4405 ,
1210 4362 1227 4393 ι
1267 4352 1373 4397 etc.
1406 4342 1639 4399 induciae
1690 4361 1720 4399 a
1754 4361 1880 4416 rege

298 4429 557 4485 Lotbario
605 4440 661 4485 et
706 4430 930 4501 llugone
983 4431 1117 4486 duce
1169 4432 1369 4487 idcirco
1407 4444 1581 4502 pactae
1630 4436 1880 4491 videnlur

1988 3248 2219 3303 dentium
2250 3248 2512 3305 Ratherio
2547 3251 2915 3321 episc0patutn
2944 3251 3151 3306 facilius
3190 3251 3572 3315 induceretur,

1988 3339 2209 3408 sponsio
2234 3338 2460 3395 forsitan
2490 3382 2504 3406 ,
2529 3349 2623 3395 aut
2651 3341 2840 3395 saltem
2867 3358 3056 3412 magna
3085 3356 3208 3411 spes
3250 3338 3574 3396 succedendi

1992 3427 2070 3481 illi
2098 3428 2368 3497 proposita
2410 3428 2532 3495 fuit,
2559 3445 2681 3484 cunt
2730 3430 2865 3485 alter
2887 3440 3030 3484 esset
3070 3428 3184 3485 fere
3221 3438 3576 3499 septuagena-

1990 3520 2124 3585 rius,
2153 3521 2288 3575 alter
2313 3536 2442 3575 vero
2469 3520 2764 3573 admodum
2784 3518 3016 3585 juvenis.
3049 3518 3185 3572 Hinc
3210 3518 3500 3572 Ratherius
3526 3516 3577 3570 in

1991 3620 2287 3665 memorata
2319 3610 2546 3679 epistola
2582 3610 2859 3678 inquirens
2880 3625 2978 3662 cur
3000 3625 3028 3661 a
3058 3608 3254 3661 Milone
3305 3621 3573 3677 oppugne-

1991 3709 2079 3753 tur
2104 3718 2116 3752 :
2145 3699 2267 3753 [hec
2292 3714 2479 3763 causa,
2515 3698 2711 3767 inquit,
2753 3716 2769 3748 ιι
2798 3698 3085 3760 recentior,
3132 3697 3243 3750 imo
3265 3694 3572 3765 praesentis-

1988 3791 2125 3846 sima
2157 3799 2273 3855 est,
2308 3791 2451 3860 quod
2493 3804 2594 3845 nec
2625 3788 2863 3853 morior,
2922 3803 3022 3843 nec
3070 3788 3227 3850 ineo,
3266 3794 3324 3839 ιιι
3361 3785 3578 3849 incitas,

1985 3876 2210 3947 fugam:
2253 3898 2271 3929 ι
2326 3878 2591 3932 alterutro
2644 3877 2789 3931 enim
2844 3877 3003 3931 modo
3051 3876 3139 3931 ille
3184 3876 3235 3929 in
3277 3873 3584 3929 Veronensi.

1983 3967 2293 4037 episcopatu
2320 3968 2707 4033 successisset,
2757 3967 2833 4020 uti
2880 3966 3095 4037 quidem
3123 3965 3411 4029 successit,
3457 3978 3578 4018 cum

1983 4059 2272 4115 Ratlterius
2308 4076 2449 4116 anno
2475 4061 2579 4116 968
2618 4060 2985 4130 episcopatum
3020 4074 3243 4131 prorsus
3268 4057 3494 4113 dimisit.

2041 4149 2123 4204 87.
2138 4149 2193 4205 S.
2212 4150 2465 4206 Metronis
2480 4166 2697 4221 corpus,
2711 4151 2853 4220 quod
2871 4151 2922 4203 in
2938 4149 3157 4205 basilica
3174 4146 3428 4203 S.\'italis
3443 4163 3594 4201 mar...

1982 4240 2117 4309 tyris
2140 4241 2540 4305 continebatur,
2558 4256 2621 4294 ac
2648 4238 3130 4295 innumerabilibus
3146 4238 3386 4293 clarebat
3408 4238 3575 4292 mira-

1981 4334 2286 4399 culis,clam
2304 4333 2615 4405 subreptum
2633 4332 2811 4404 [cxm]
2828 4342 2883 4387 et
2897 4332 3001 4386 alio
3023 4340 3355 4402 asportatum
3379 4330 3479 4385 fuit
3493 4331 3580 4387 die

1979 4425 2047 4481 27
2069 4426 2308 4481 Januarii
2327 4427 2471 4481 annii
2495 4425 2621 4488 962,
2638 4434 2697 4480 ut
2714 4425 3069 4480 indicavimus
3084 4423 3243 4495 paulo
3259 4432 3406 4489 ante,
3423 4439 3575 4478 num.

305 4541 322 4572 ι
353 4536 523 4595 usque
551 4520 618 4574 ad
650 4521 887 4576 medium
912 4522 1112 4575 mensis
1138 4522 1339 4591 Aprilis
1363 4543 1380 4574 ι
1431 4525 1555 4578 anni
1582 4524 1710 4590 962,
1742 4524 1883 4595 quod
1918 4532 1972 4593 ι)
1998 4517 2086 4572 8l.
2115 4516 2282 4584 llujus
2315 4516 2531 4587 quidem
2574 4516 2701 4569 fttrti
2748 4516 2966 4572 dubium
2998 4515 3260 4586 inspergit
3291 4512 3583 4568 Ratlterius

300 4612 398 4667 sub
427 4585 478 4666 id
504 4621 723 4679 tempus
750 4611 1122 4665 controversia
1156 4585 1207 4664 in
1234 4612 1440 4681 synodo
1467 4585 1726 4669 Meldensi
1756 4585 1889 4669 diri—

299 4704 491 4757 menda
534 4711 875 4773 speraretur.
905 4700 1038 4756 Cum
1070 4717 1200 4756 vero
1230 4702 1465 4772 episcopi
1489 4704 1539 4756 in
1568 4714 1748 4773 partes
1778 4705 1888 4759 dls-

299 4794 420 4848 cissi
454 4794 708 4848 eamdem
738 4807 957 4847 causam
984 4793 1049 4844 ad
1075 4790 1303 4845 Romani
1340 4794 1606 4863 pontificis
1628 4793 1888 4863 judicium

301 4885 671 4945 remisissent,
712 4882 955 4937 Romana
980 4882 1217 4953 synodus
1244 4892 1365 4951 post
1392 4884 1631 4954 Aprilem
1662 4885 1845 4939 habita
1872 4926 1885 4952 ,

242 4980 245 4983 ’
298 4984 347 5029 et
368 4976 651 5045 aliquanto
672 4974 833 5028 etiam
854 4973 1121 5043 posterior
1144 4973 1381 5043 synodus
1406 4973 1686 5045 Papiensis
1717 4992 1884 5046 agno-

299 5067 484 5121 scitur.
516 5066 600 5121 Ne
630 5078 796 5134 porro
842 5065 974 5119 duas
996 5064 1230 5135 synodos
1258 5063 1434 5132 Papiae
1464 5065 1563 5119 hoc
1593 5080 1736 5121 anno
1781 5067 1886 5122 962

297 5158 603 5214 celebratas
625 5155 830 5225 absque
858 5157 1184 5211 necessitate
1211 5165 1537 5222 astruamus,
1562 5172 1790 5226 quarum
1812 5160 1885 5214 al-

295 5261 402 5305 tera
435 5251 505 5306 de
556 5247 823 5308 Ratherio
866 5246 1165 5302 Veronensi
1214 5262 1279 5302 ac
1330 5247 1491 5303 Petro
1539 5247 1856 5308 Ravennate

1869 5295 1884 5319 9

294 5341 448 5362 -In---
494 5339 521 5362 .‘
591 5336 634 5356 ,1³
666 5354 671 5355 ν
692 5354 699 5355 ί
724 5352 817 5364 «c‘n
842 5336 1092 5364 “Aman”:
1130 5339 1451 5365 ηΑσιΙΑ.-Ιτη..ι
1500 5337 1682 5365 ...ΙΛ-ιῖι
1709 5358 1721 5365 .
1777 5352 1882 5365 .--η

724 5352 817 5364 «non
842 5336 1092 5364 "Aman":
1130 5339 1451 5366 ΑΑσιΙΑ.-Ιτηιιδ
1500 5337 1682 5366 ...ΙΑκῖι
1709 5358 1721 5366 ι

1994 4616 2049 4669 in
2082 4614 2238 4668 titulo
2265 4614 2547 4669 lnvectivm
2573 4654 2587 4678 ,
2618 4612 2703 4666 his
2732 4612 2951 4667 verbis:
3000 4629 3018 4661 ‹
3050 4610 3366 4680 Exportatio
3399 4608 3583 4677 dep10¢

1996 4718 2148 4760 ratur
2177 4706 2346 4761 sextis
2377 4715 2607 4761 exeunte
2635 4704 2771 4759 Jano
2809 4704 3086 4769 Kalendis,
3121 4703 3356 4757 inaniter
3387 4716 3583 4771 quam-

1992 4799 2093 4852 vis.
2140 4796 2366 4853 Factum
2398 4809 2630 4865 namque
2657 4795 2727 4849 sit
2755 4810 2855 4850 nec
2888 4810 2955 4849 ne
2979 4834 2993 4858 ,
3046 4791 3421 4864 temporalium
3451 4790 3595 4847 nulli:

1996 4888 2271 4961 cognitum
2302 4888 2439 4944 bene
2469 4887 2683 4942 fuerit.»
2716 4887 2935 4943 Addens
2976 4901 3138 4955 porro
3185 4904 3203 4936 ι
3238 4884 3362 4936 licet
3386 4884 3582 4940 verisir-

1998 4981 2144 5046 mile,
2180 4988 2306 5033 tunc
2333 4979 2592 5050 temporis
2618 4993 2740 5033 cum
2767 4990 2948 5034 actum
2971 4984 3077 5040 est,
3103 4974 3344 5029 creditur
3366 4982 3516 5028 certe
3537 4993 3585 5028 ει

1995 5073 2275 5142 vulgarem
2316 5073 2383 5127 de
2429 5071 2571 5126 furto
2618 5066 2885 5136 ejusmodi
2936 5066 3244 5138 opinionem
3277 5062 3588 5133 signiﬁcat;

1996 5182 2058 5221 ac
2134 5164 2185 5218 in
2270 5163 2390 5233 ipsa
2446 5163 2709 5219 Invectiva
2781 5154 2987 5218 furtum
3064 5158 3239 5226 ipsum
3304 5166 3590 5223 peractum

1995 5256 2298 5332 praesumit.
2334 5256 2495 5314 Certe
2526 5269 2652 5311 vero
2684 5254 2763 5309 vel
2807 5257 2951 5311 idem
2974 5257 3217 5306 sanctum
3242 5261 3441 5317 corpus
3465 5250 3595 5305 sub-

2830 5344 2994 5368 “--.IIA
3024 5347 3136 5368 una.
3169 5350 3546 5368 κηηιιηηυυιοηιννι
3571 5354 3588 5367 ο
