4038 5388
501 303 573 359 95

1466 305 1867 363 RATIIERIUS
1908 302 2341 364 VERONE‘NSIS
2378 310 2774 371 EPISCOPUS.

476 396 823 477 Franciscus
846 420 1160 477 Mauzonius
1177 421 1410 478 Oratorii
1434 422 1718 495 presbyter
1743 422 1798 476 in
1822 417 2082 491 opusculo
2108 414 2157 476 Α
2184 430 2451 491 praecepto
2478 425 2699 492 perinde
2730 428 3029 492 constructi,
3067 429 3278 484 veniam
3304 428 3616 484 eorumdem
3648 428 3762 485 cri-

496 510 643 567 edito
672 511 898 569 Veronae
929 531 1019 570 an.
1047 514 1185 571 I756
1211 557 1227 582 ,
1255 517 1340 572 cui
1374 516 1593 572 titulus:
1630 516 1843 571 Notizie
1870 516 2078 569 intorno

496 619 530 656 α
559 612 712 658 santo
750 603 1004 660 Metroue.
1049 606 1329 677 Frequens
1377 616 1497 663 erat
1539 624 1639 679 per
1685 608 1801 663 lucc
1835 616 2076 676 tempora

471 710 681 768 sacras
707 696 964 766 reliquias
989 706 1083 753 aut
1112 713 1338 770 corpora
1370 697 1559 753 furari.
1592 699 1704 754 Hoc
1740 706 1923 752 autem
1962 697 2077 751 fur.

496 792 609 840 tum
641 801 707 841 eo
758 787 971 845 facilius
998 789 1235 855 accidit,
1271 790 1399 859 quia
1446 805 1567 845 cum
1617 805 1685 844 ex
1732 788 1851 857 ejus
1898 787 2075 842 aetatis

495 875 668 931 abusu
693 878 808 948 jatn
834 896 864 934 a
895 881 1171 951 sexaginta
1194 881 1351 934 annis
1377 880 1610 935 laudatae
1628 879 1870 934 basilica:
1892 877 2072 932 reddi-

495 975 585 1021 tus
618 967 770 1023 laicis
792 970 845 1025 in
870 971 1193 1027 beneficium
1225 972 1458 1028 militare
1500 971 1683 1026 traditi
1719 977 1923 1032 essent,
1957 967 2076 1022 nul-

494 1054 580 1111 Ius
602 1057 884 1130 presbyter
914 1059 1023 1114 illic
1057 1061 1328 1132 degebat,
1373 1063 1464 1131 qui
1513 1077 1728 1117 sacrum
1777 1075 1976 1130 corpus
2019 1067 2075 1112 et

492 1147 777 1204 ecclesiam
808 1151 1126 1206 custodiret.
1154 1151 1226 1208 Ut
1249 1152 1482 1221 primum
1514 1151 1638 1205 furti
1663 1151 1852 1205 notitia
1883 1151 1935 1205 in
1959 1148 2075 1203 vul-

490 1254 618 1310 gum
663 1239 861 1309 prodiit
891 1241 1055 1305 (forte
1083 1242 1283 1312 prodiit
1323 1242 1412 1297 die
1439 1252 1630 1298 octava
1662 1240 1812 1305 Maii,
1839 1256 1942 1309 qua
1979 1240 2073 1291 de-

489 1330 683 1400 positio
712 1332 769 1386 S.
803 1332 1060 1390 Metronis
1083 1334 1418 1404 celebratur)
1463 1334 1646 1403 plures
1675 1334 1730 1388 in
1758 1334 2069 1403 episcopum

488 1420 703 1491 culpam
729 1420 976 1490 rejicere,
1009 1432 1063 1479 et
1093 1414 1272 1480 acrius
1301 1424 1544 1494 obloqui,
1587 1440 1651 1480 ac
1686 1424 1733 1480 si
1778 1423 1949 1493 ipsius
1980 1438 2071 1477 ne-

487 1510 740 1581 gligentia
771 1553 786 1578 ,
837 1514 922 1568 vel
971 1515 1135 1570 etiam
1185 1529 1452 1570 consensu
1503 1515 1705 1569 furtum
1758 1515 2067 1585 ltujusmodi

486 1609 762 1670 patratum
795 1602 1005 1659 fuisset.
1035 1604 1167 1660 Cum
1209 1605 1495 1676 episcopus
1521 1646 1535 1669 ,
1567 1606 1657 1675 qui
1704 1606 2063 1675 pangebatur,

485 1700 645 1749 esset.
689 1693 805 1763 ipse
848 1693 1171 1760 Ralberius,
1201 1696 1525 1753 Invectivam
1570 1697 1915 1763 lucubravit,
1960 1711 2065 1765 qua

2180 509 2383 564 minum
2404 511 2783 581 deprecantes,
2808 531 2904 585 per
2928 516 3046 572 loca
3069 534 3223 573 sacra
3249 519 3756 590 peregrinabantur;

2177 612 2397 657 sanctus
2426 613 2605 659 autem
2634 605 2807 660 Metro
2835 616 3025 662 catena
3073 608 3193 678 pedi
3226 609 3500 679 imposita,
3537 607 3763 678 plumbo

2176 706 2294 746 eam
2325 693 2379 746 in
2408 710 2601 766 magno
2631 696 2805 766 lapide
2832 706 2958 752 ante
2980 698 3476 775 januanhlaudatze
3514 698 3762 753 ecclesia:

2174 781 2505 855 ob‘flrmans,
2555 787 2840 855 septennio
2886 787 3081 841 ibidem
3129 790 3399 858 pu‘nitens
3439 790 3761 844 immoratus

2173 880 2278 935 est,
2307 874 2479 929 donec
2504 876 2671 930 clavis
2693 918 2708 939 ,
2740 893 2844 946 qua
2895 888 3099 933 calente
3149 894 3325 934 seram
3364 878 3660 943 clauserat,
3705 880 3759 933 in

2173 964 2475 1031 proximum
2505 964 2749 1021 Athesim
2774 968 2842 1020 ab
2865 967 2981 1037 ipso
3002 966 3269 1037 projecta,
3300 967 3408 1023 Deo
3434 968 3762 1037 disponente

2174 1052 2391 1107 inventa
2421 1054 2541 1109 fuit.
3796 1060 3819 1107 ἑ

2242 1142 2330 1197 88.
2364 1144 2443 1198 Ad
2476 1146 2576 1200 hoc
2600 1147 2818 1201 circiter
2866 1156 3081 1219 tempus
3128 1147 3410 1204 referenda
3456 1158 3586 1205 sunt
3635 1165 3759 1220 quae

2173 1246 2359 1288 narrat
2390 1236 2677 1293 Ratlterius
2733 1249 2873 1310 part.
2919 1256 2936 1294 ι
2981 1240 3393 1310 De‘contemptu
3460 1258 3751 1304 canonum,

2172 1339 2324 1377 nmn.
2348 1324 2401 1379 8.
2440 1344 2458 1377 ι
2489 1324 2624 1380 Nam
2653 1337 2707 1382 et
2734 1344 2835 1399 ego
2860 1329 2976 1399 ipse
3005 1332 3298 1399 quondam,
3331 1346 3453 1385 cum
3487 1330 3758 1400 imperiali

2170 1424 2439 1485 przecepto
2481 1432 2797 1487 urgeremur
2824 1418 3060 1474 Gardam
3090 1421 3345 1475 obsidere
3373 1428 3618 1475 castrum
3647 1461 3661 1485 ,
3703 1430 3760 1476 et

2170 1507 2409 1579 episcopi
2438 1515 2493 1564 et
2518 1510 2701 1565 clerici
2747 1512 2903 1566 istius
2949 1514 3241 1581 provinciae
3266 1554 3280 1579 ,
3321 1528 3423 1567 non
3473 1512 3758 1584 religionis

2170 1597 2386 1666 quidem
2417 1614 2624 1665 amore,
2657 1602 2749 1655 sed
2796 1601 2995 1657 laboris
3035 1603 3398 1658 obtenderent
3446 1603 3574 1658 odio
3602 1642 3619 1669 ,
3670 1605 3756 1659 sui

2174 1689 2274 1743 hoc
2297 1690 2503 1745 ordinis
2530 1692 2753 1746 minime
2776 1691 2911 1758 fore;
2938 1693 3222 1763 petulanti,
3243 1704 3302 1749 ut
3322 1710 3483 1764 sape,
3500 1695 3757 1764 respondi

483 1782 612 1838 dum
636 1783 690 1838 in
708 1755 851 1842 alios
882 1786 1091 1856 culpam
1124 1786 1310 1853 refert,
1351 1802 1408 1843 se
1452 1788 1625 1858 ipsum
1663 1786 1921 1842 defendit.
1953 1785 2065 1841 Hoc
2097 1755 2142 1814 Β
2170 1796 2448 1836 sermone:
2483 1780 2550 1837 Ut
2601 1797 2705 1837 non
2755 1785 3075 1852 permittunt
3124 1776 3365 1842 canones
3412 1787 3616 1843 clerico
3656 1802 3759 1855 pu-

482 1875 799 1944 opusculum
829 1885 949 1945 post
979 1877 1191 1932 tertiam
1221 1878 1458 1932 flatlterii
1495 1878 1889 1933 restitutionem
1918 1876 2064 1931 Iucu-

2166 1884 2354 1939 gnare,
2402 1871 2474 1925 ita
2506 1887 2606 1927 nec
2637 1881 2906 1944 stuprare.
2931 1894 2949 1926 ι
2998 1874 3223 1931 Factum
3271 1878 3572 1940 indicatur,
3606 1878 3756 1947 quod

481 1961 698 2016 bratum
727 1965 861 2019 satis
891 1964 1093 2022 indicat
1121 1966 1487 2039 Frisingeusis
1524 1966 1719 2033 codex,
1754 1967 1808 2021 in
1846 1981 1953 2036 quo
1984 1966 2067 2019 iu-
2166 1961 2468 2031 contigerat
2492 1963 2638 2017 circa
2668 1978 2866 2018 annum
2891 1964 3013 2019 962.
3050 1965 3184 2021 Cum
3220 1968 3362 2022 enim
3401 1967 3528 2024 Otto
3560 1968 3614 2022 in
3646 1968 3757 2025 Ita-

484 2059 690 2124 tegrum
727 2056 1081 2112 describitur:
1130 2058 1185 2112 in
1228 2074 1293 2113 eo
1324 2059 1468 2113 enim
1518 2058 1690 2129 ipsius
1734 2072 1896 2128 opera
1943 2064 2064 2127 post

480 2144 696 2199 tertiam
726 2147 1125 2205 restitutionem
1166 2150 1369 2220 scripta
1400 2150 1737 2205 solummodo
1779 2149 2061 2204 continen-

479 2240 584 2287 tur.
615 2233 759 2289 Idem
789 2236 960 2292 multo
999 2238 1301 2294 evidentius
1339 2238 1627 2294 confirmat
1677 2238 2060 2309 «imperatoris

474 2320 703 2393 Augusti
735 2344 752 2376 ι
786 2326 975 2382 titulus
1004 2326 1188 2384 Ottoni
1222 2330 1460 2386 tributus
1490 2346 1641 2385 num.
1666 2331 1721 2395 3,
1753 2332 1844 2400 qui
1870 2346 2059 2387 mense

474 2410 773 2472 Februario
803 2419 929 2473 anni
956 2419 1062 2474 962
1089 2422 1156 2476 ab
1181 2422 1368 2477 codem
1402 2431 1713 2491 assumptus
1742 2420 1864 2482 fuit.
1909 2421 2054 2477 Licet

472 2519 638 2575 porro
668 2505 843 2575 ipsum
875 2507 1080 2563 furtum
1108 2510 1398 2581 contigerit
1424 2509 1513 2565 die
1546 2510 1612 2563 27
1641 2510 1890 2565 Januarii
1926 2512 2055 2565 anni

454 2592 734 2675 ejusdem,
766 2606 821 2651 ut
857 2597 1031 2654 fusius
1057 2600 1112 2655 in
1145 2600 1516 2656 admonitione
1548 2598 1907 2667 conjecimus;
1953 2601 2056 2655 hoc

472 2689 655 2740 tamen
683 2687 1003 2757 opusculum
1034 2688 1291 2761 deinceps
1314 2699 1597 2745 exaratum
1623 2730 1639 2755 ,
1676 2690 1852 2745 eidem
1884 2705 2049 2755 anno,

466 2772 552 2828 vel
592 2775 660 2831 ad
691 2790 961 2833 summum
998 2779 1207 2835 ineunti
1254 2795 1398 2836 anno
1433 2781 1683 2849 sequenti
1729 2780 2052 2851 affigendum

467 2868 658 2925 suadet
707 2869 959 2927 laudatus
1004 2871 1373 2943 Frisingeusis
1411 2872 1580 2927 codex
1610 2913 1625 2938 ,
1678 2872 1733 2927 in
1778 2886 1887 2941 quo
1928 2886 2051 2928 cum

465 2959 646 3014 omnia
676 2960 923 3017 Ratberii
966 2977 1130 3033 opera
1163 2962 1216 3016 in
1253 2962 1690 3034 cbronologicam
1731 2962 1931 3018 seriem
1965 2962 2049 3016 vi-

464 3047 665 3104 dentur
705 3050 988 3120 disposita,
1040 3060 1154 3106 tum
1200 3067 1329 3107 vero
1365 3053 1471 3107 hoc
1512 3050 1832 3122 opusculum
1874 3052 2050 3122 primo

466 3137 589 3195 loco
618 3137 951 3197 describitur
976 3150 1105 3197 ante
1140 3141 1383 3196 Batherii
1420 3140 1591 3215 [αχεν]
1622 3144 1951 3198 sententiam
1993 3144 2047 3197 in

463 3225 697 3283 clericos
718 3230 788 3284 ab
824 3228 1076 3297 iuvasore
1111 3230 1411 3296 ordinatos,
1443 3246 1606 3301 quam
1636 3231 1817 3286 datam
1847 3230 2053 3287 videbi-

360 3373 364 3378 .
465 3324 590 3374 mus
615 3319 799 3376 Idibus
820 3319 1103 3375 Februarii
1140 3321 1269 3375 anni
1300 3322 1601 3392 sequentis.
1633 3321 1872 3393 ldipsum
1896 3337 2049 3378 com-

459 3408 655 3479 probat
680 3409 949 3480 particula
1004 3404 1261 3481 (nupera
1298 3410 1355 3465 in
1396 3426 1681 3467 numerum
1712 3411 1930 3467 tertium
1961 3413 2047 3466 in-

460 3510 634 3566 serta,
712 3515 819 3571 qua
884 3508 1077 3556 auctor
1133 3500 1273 3556 hanc
1328 3499 1657 3558 Invectivam
1710 3518 1819 3557 non
1879 3502 2049 3557 multo

458 3597 585 3658 post
620 3588 963 3659 imperatoris
1008 3588 1309 3661 ingressum
1340 3590 1395 3646 in
1424 3590 1634 3650 Italiam
1678 3591 1939 3662 scriptam
1968 3592 2046 3647 si-

462 3677 709 3748 gniﬁcat.
740 3677 887 3734 Idem
919 3687 1099 3734 autem
1125 3680 1446 3750 opusculum
1475 3682 1697 3736 maximi
1724 3681 1917 3738 haberi
1948 3682 2044 3737 de-

456 3765 582 3821 bet:
631 3766 833 3821 etenim
884 3764 1175 3823 vetustius'
1204 3766 1764 3836 est‘documentum,
1817 3785 1886 3825 ex
1937 3785 2046 3840 quo

459 3854 520 3909 S.
545 3852 802 3911 Metronis
821 3863 996 3925 gesta,
1014 3855 1140 3913 licet
1158 3859 1398 3929 pressius
1426 3850 1771 3927 indicata,iad
1792 3875 1891 3917 nos
1923 3876 2046 3932 per-

457 3956 743 4001 venerunt.
769 3945 906 4002 Dum
934 3947 1226 4006 Ratherius
1245 3942 1395 4006 num.
1419 3950 1480 4018 2,
1496 3952 1773 4008 veteribus
1788 3952 2040 4019 laudatis,

457 4036 552 4106 qui
588 4045 899 4093 sanctorum
941 4040 1289 4111 antiquorum
1320 4053 1441 4099 acta
1478 4044 1789 4114 scripsere;
1847 4063 1867 4095 ι
1897 4032 2044 4101 nunc

456 4144 613 4205 vero,
637 4129 776 4200 prob
822 4131 1022 4201 pudor!
1062 4152 1083 4187 ι
1138 4134 1362 4202 subdit,
1402 4152 1421 4186 ι
1452 4136 1654 4191 nostris
1686 4137 1872 4207 utique
1908 4153 2041 4193 avo-

454 4237 686 4293 rumque
736 4224 1137 4295 temporibus...
1176 4234 1324 4281 tanta
1367 4228 1556 4284 orbem
1610 4228 1791 4300 inOpia
1842 4230 2043 4284 invasit

454 4313 800 4383 scriptorum,
825 4324 884 4370 ut
909 4318 953 4372 si
989 4332 1094 4386 qua
1118 4317 1204 4372 vel
1233 4318 1459 4385 nostris,
1500 4319 1583 4374 v‘el
1627 4318 1867 4385 illorum,
1899 4335 2039 4389 quos

453 4402 699 4474 protulit,
730 4407 1062 4474 temporibus
1089 4406 1267 4477 aliqua
1298 4408 1615 4463 meritorum
1653 4406 1854 4464 eﬂ'ulsit
1897 4424 2037 4480 prae-

465 4493 728 4562 rogativa,
762 4495 935 4565 magis
966 4496 1068 4551 hoc
1090 4496 1301 4568 vulgus,
1333 4512 1493 4568 quam
1523 4498 1753 4568 quilibet
1777 4498 2035 4553 extulerit

452 4583 724 4639 litteratus
743 4601 789 4651 ;›
817 4585 1019 4640 nullam
1040 4585 1366 4643 S.Metronis
1388 4589 1577 4654 vitam,
1600 4587 1744 4643 nulla
1775 4588 2035 4644 miracula

455 4674 661 4745 scripta
688 4674 860 4731 fuisse
898 4677 1201 4749 significat;
1232 4678 1509 4749 solamque
1550 4694 1836 4750 superesse
1864 4680 2035 4735 tradi-

454 4763 656 4819 tionem
688 4766 991 4836 vulgarem,
1022 4766 1089 4823 ex
1121 4784 1225 4838 qua
1256 4785 1365 4824 una
1394 4772 1510 4841 ipse
1539 4765 1817 4842 proficere
1835 4772 2032 4842 potuit.

454 4852 632 4908 Verba
655 4869 819 4924 porro
841 4875 860 4907 ι
880 4871 1105 4912 avorum
1133 4858 1465 4930 temporibus
1485 4880 1504 4912 ›
1522 4861 1769 4916 eumdem
1785 4871 2033 4916 sanctum

457 4956 477 4990 ι
505 4955 731 4996 avorum
756 4962 775 4996 ι
826 4946 975 5000 κιθῑί
1005 4961 1312 5017 supparem,
1344 4948 1429 5004 vel
1479 4948 1667 5004 saltem
1715 4964 1824 5003 non
1865 4948 2032 5003 multo

453 5029 819 5098 antiquiorem
859 5032 1088 5089 innuunt
1113 5076 1128 5101 ,
1174 5036 1266 5106 qui
1297 5047 1580 5107 propterea
1612 5038 1678 5093 ad
1715 5052 1915 5092 noumn
1949 5038 2030 5092 vel

452 5125 702 5171 octavum
755 5121 1014 5176 smculum
1065 5125 1337 5194 pertinere
1396 5125 1631 5181 videtur.
1689 5124 2033 5180 Paenitentiam

453 5222 624 5277 genus
644 5250 658 5275 ,
690 5211 777 5265 cui
821 5210 912 5268 ille
956 5230 1077 5271 sese
1107 5215 1354 5285 addixit,
1382 5225 1441 5273 ut
1469 5217 1646 5274 ferrea
1682 5226 1869 5272 catena
1899 5232 2033 5273 saxo

452 5298 705 5369 alligatus
748 5310 874 5358 ante
926 5304 983 5361 S.
1014 5305 1204 5365 Vitatis
1243 5309 1499 5381 martyris
1532 5309 1816 5365 coclesiam
1849 5308 2032 5362 tandiu

2068 4466 2118 4524 D

2169 2049 2296 2103 liam
2329 2052 2567 2108 venisset
2594 2053 2694 2107 sub
2720 2053 2882 2108 finem
2913 2058 3047 2133 anui
3081 2056 3179 2112 961
3210 2099 3224 2122 ,
3254 2067 3314 2112 ut
3358 2059 3753 2129 Berengarium

2161 2139 2201 2193 11
2226 2138 2375 2212 [cxv]
2401 2142 2694 2213 subigeret,
2731 2144 2777 2198 is
2799 2145 2851 2198 in
2877 2144 2933 2198 S.
2952 2144 3149 2202 Leonis
3171 2149 3424 2218 Oppidum
3446 2162 3570 2204 sese
3592 2165 3752 2205 rece-

2162 2229 2261 2299 pit,
2293 2229 2456 2285 Willa
2501 2241 2681 2286 autem
2726 2232 2843 2301 ejus
2883 2250 3020 2289 uxor
3064 2236 3116 2290 in
3168 2238 3459 2307 quamdam
3488 2238 3753 2305 insulam,

2160 2338 2281 2392 qua:
2307 2322 2504 2377 dicitur
2524 2324 2590 2377 ad
2615 2321 2900 2389 SJulium,
2919 2340 2983 2381 ac
3003 2336 3264 2395 praeterea
3295 2336 3404 2384 tres
3425 2329 3543 2384 alia:
3566 2330 3749 2391 muni,-

2161 2412 2359 2479 tiones,
2384 2412 2585 2477 Garda,
2615 2414 2979 2480 Travallium,
3010 2426 3066 2471 et
3105 2417 3256 2474 lacus
3284 2417 3513 2473 Cumani
3544 2419 3750 2485 insula,

2159 2502 2228 2557 ab
2264 2503 2505 2572 ejusdem
2552 2503 2856 2567 fautoribus
2888 2509 3234 2564 tenebantur.
3275 2511 3431 2566 Anno
3462 2510 3568 2567 962
3594 2521 3750 2583 post.-

2157 2610 2319 2665 quam
2348 2596 2490 2651 idem
2516 2596 2643 2652 Otto
2671 2598 2856 2653 Romae
2893 2599 3190 2670 imperator
3235 2603 3581 2659 renuntiatus
3621 2603 3744 2661 fuit.

2158 2688 2391 2742 insulam
2432 2688 2499 2743 ad
2524 2687 2583 2743 S.
2608 2688 2807 2745 Iulium
2831 2691 3014 2760 coapit.
3040 2691 3174 2751 Cum
3204 2709 3336 2750 vero
3365 2694 3500 2749 alias
3528 2710 3749 2765 quoque

2154 2779 2487 2835 munitiones
2512 2795 2828 2851 oppugnare
2870 2784 3174 2853 cogitaret,
3222 2784 3322 2840 sub
3353 2785 3493 2841 idem
3527 2794 3748 2857 tempus

2154 2870 2442 2940 episcopos
2490 2871 2816 2927 etclericos
2847 2872 3005 2927 istius
3044 2873 3336 2944 provinciae
3380 2875 3642 2945 compulit
3672 2878 3744 2931 ad

2152 2961 2490 3019 obsidionem
2512 2961 2726 3025 Gardte,
2753 2977 2873 3031 qua:
2899 2970 3077 3017 tamen
3104 2973 3336 3019 exeunte
3361 2972 3565 3019 tantmn
3595 2980 3746 3020 anno

2153 3050 2259 3106 963
2293 3051 2347 3105 in
2373 3050 2490 3119 ejus
2518 3060 2843 3121 potestatem
2879 3055 3028 3106 venit
3052 3092 3068 3117 ,
3097 3062 3155 3107 ut
3186 3051 3545 3123 continuatur
3572 3050 3745 3123 Regi-

2156 3142 2317 3196 nonis
2342 3153 2398 3197 et
2426 3141 2698 3196 annalista
2733 3142 2879 3197 Saxo
2918 3143 3277 3197 tradiderunt.
3324 3142 3449 3198 Ilaec
3495 3152 3739 3197 castrum

2155 3239 2276 3286 erat
2305 3232 2725 3287 munitissimum
2763 3234 2816 3287 in
2860 3233 3084 3289 dioecesi
3136 3234 3432 3289 Veronensi
3476 3232 3545 3288 ad
3580 3248 3741 3288 oram

2154 3321 2305 3377 lacus
2344 3322 2563 3387 Benaci,
2593 3323 2645 3378 in
2675 3338 2782 3393 quo
2821 3322 2979 3394 paulo
3020 3333 3145 3378 ante
3180 3323 3466 3380 Adelaides
3493 3323 3740 3380 Lotharii

2154 3414 2294 3483 regis
2323 3414 2475 3468 vidua
2507 3414 2729 3485 (Doule
2752 3414 2870 3468 Vita
2902 3414 3106 3479 Mutil.,
3133 3413 3225 3470 lib.
3257 3416 3307 3484 ι)
3336 3432 3365 3471 a
3398 3416 3734 3486 Bereugario

2150 3503 2192 3558 11
2235 3505 2446 3575 captiva
2493 3504 2710 3559 detenta
2758 3502 2953 3557 fuerat.
2997 3503 3245 3572 Episcopi
3293 3519 3423 3559 vero
3458 3512 3514 3559 et
3543 3505 3737 3561 clerici

2151 3593 2309 3649 istius
2340 3593 2632 3665 provincize
2654 3633 2668 3658 ,
2697 3608 2832 3660 quos
2854 3592 2981 3648 Otto
3011 3594 3078 3646 ad
3109 3592 3346 3647 Gardam
3373 3595 3736 3651 obsidendam

2149 3684 2418 3751 incitavit,
2441 3685 2514 3739 illi
2548 3684 2783 3751 fuerunt,
2808 3686 2899 3754 qui
2938 3685 3080 3741 hanc
3116 3685 3280 3740 Italia:
3306 3696 3511 3756 partem
3537 3688 3736 3745 Garda:

2147 3771 2465 3828 viciniorem
2499 3772 2828 3838 incolebant,
2858 3788 2966 3827 non
2998 3786 3127 3828 vero
3148 3790 3337 3842 omnes
3362 3776 3508 3846 regni
3536 3777 3729 3842 Italici,

2146 3870 2241 3915 aut
2288 3862 2678 3933 Longobardim
2703 3902 2718 3927 ,
2769 3870 2829 3917 ut
2863 3878 2967 3916 non
3008 3862 3209 3917 nemini
3254 3863 3428 3918 visum
3455 3874 3558 3920 est.
3591 3865 3729 3922 Nam

2148 3948 2318 4005 Valdo
2337 3952 2620 4021 episcopus
2641 3950 2922 4005 Comensis
2939 3952 2990 4005 in
3016 3952 3117 4005 alia
3144 3953 3362 4008 militari
3384 3956 3732 4025 expeditione

2146 4026 2464 4110 occupatus,
2497 4040 2727 4096 insulam
2755 4041 2809 4095 in
2842 4040 2962 4095 lacu
2992 4040 3235 4096 Cumano
3264 4045 3597 4115 expugnavit
3630 4063 3725 4103 au.

2124 4130 2280 4193 '964.
2325 4139 2385 4185 ut
2423 4130 2722 4202 Reginonis
2745 4132 3093 4187 continuator
3123 4143 3327 4188 narrat.
3360 4134 3607 4206 Episcopi
3639 4138 3726 4191 ui-

2145 4222 2337 4275 mirum
2364 4230 2419 4276 et
2443 4221 2627 4276 clerici
2669 4220 2782 4291 jam
2831 4221 2954 4277 inde
2983 4238 3012 4277 a
3047 4221 3226 4278 Caroli
3259 4223 3434 4295 Magni
3467 4229 3727 4295 tempori-

2144 4314 2242 4365 bus
2289 4326 2441 4365 arma
2479 4311 2741 4377 induere,
2786 4320 2843 4368 et
2893 4312 2947 4367 in
2993 4314 3290 4368 exercitum
3334 4314 3606 4384 proﬁcisci
3645 4318 3717 4372 ab

2142 4402 2274 4471 ipsis
2314 4402 2529 4473 regibus
2562 4403 2896 4475 cogebantur
2939 4419 3006 4459 eo
3049 4405 3299 4471 nomine,
3337 4404 3481 4475 quod
3537 4406 3724 4463 multis

2146 4497 2417 4566 regalibus
2446 4498 2779 4560 fruerentur,
2815 4507 2871 4553 et
2900 4498 3137 4553 ferendis
3163 4499 3517 4554 vassallorum
3539 4502 3724 4556 oneri-

2142 4589 2244 4669 bus
2294 4592 2649 4645 crederentur
2692 4591 2962 4645 obstricti.
3011 4589 3124 4646 Huc
3167 4591 3384 4660 quidem
3431 4592 3497 4645 de
3552 4606 3754 4699 causae

2147 4700 2166 4730 4
2191 4681 2409 4736 ducitur
2444 4680 2603 4736 hodie
2641 4680 2971 4735 levissimum
3001 4720 3015 4745 ,
3060 4681 3233 4750 inquit
3283 4681 3572 4737 llatherius
3595 4722 3610 4747 ,
3659 4680 3743 4761 ut"

2140 4771 2292 4840 quasi
2317 4778 2535 4841 propter
2556 4769 2869 4825 fidelitatem
2891 4770 2973 4824 sui
2997 4771 3224 4825 senioris
3240 4770 3313 4839 (id
3329 4779 3414 4825 est
3432 4760 3721 4842 principis)-

2143 4861 2293 4915 malit
2332 4862 2616 4934 presbyter
2653 4861 2907 4917 loricatus
2943 4862 3173 4931 proeliari
3197 4902 3212 4927 ,
3258 4877 3420 4932 quam
3464 4863 3716 4931 perjurus

2139 4952 2351 5018 vocari;
2395 4967 2518 5007 cum
2553 4962 2732 5008 tamen
2777 4952 3074 5023 perjurium
3099 4952 3413 5024 gravissima
3442 4953 3717 5022 poeniten-

2141 5041 2212 5096 tia
2233 5082 2248 5108 ,
2275 5042 2417 5097 istud
2456 5057 2583 5098 vero
2623 5043 2766 5097 nulla
2795 5044 3002 5113 expiari
3026 5043 3239 5098 dicatur
3267 5041 3414 5114 (Par.
3442 5042 3560 5097 Ille
3584 5059 3711 5098 cou-

2138 5142 2333 5203 temptu
2356 5151 2475 5187 can.
2508 5149 2563 5187 n.
2593 5133 2680 5198 12,
2705 5132 2830 5204 (col.
2856 5134 2984 5197 551,
3011 5132 3087 5203 1)).
3120 5151 3142 5183 ι

2209 5222 2297 5277 89.
2342 5221 2501 5291 Plura
2525 5222 2684 5292 bujus
2713 5221 3030 5291 corruptela:
3068 5221 3312 5289 exempla
3341 5221 3497 5277 affert
3522 5221 3709 5277 Mura-

2143 5312 2313 5367 torius
2368 5312 2432 5383 (t.
2467 5312 2506 5366 11
2550 5311 2723 5381 Antiq.
2782 5310 2957 5365 Italic.
3000 5311 3128 5366 diss.
3169 5311 3283 5379 26).
3333 5312 3484 5368 Licet
3524 5325 3715 5375 autem
