4038 5388
222 189 289 244 97
1232 183 1772 244 PROLEGOVLuI-i.
1815 213 1821 219 -

1932 182 2249 236 nu'i‘llElill
2292 182 2474 238 V'iTA.
3446 188 3516 244 9'8

220 299 585 363 describitur,
610 302 724 355 hinc
746 306 1021 371 leguntur:
1054 319 1072 350 ι
1095 298 1203 355 Nec
1228 300 1295 355 ab
1318 300 1627 354 hominibus
1652 294 1819 365 ipsius
1849 296 1897 354 Α
1993 295 2230 371 clesiam.
2268 295 2545 371 Sermones
2582 288 2708 371 (iniri
2750 300 3003 369 ejusdem,
3037 310 3082 353 et
3115 300 3423 369 opuswlum
3455 305 3524 355 de

222 391 468 447 ecclesia:
500 392 724 447 hostilis
766 394 1035 461 expeditio
1069 393 1379 462 requiratur
1402 433 1416 455 ,
1461 392 1561 445 nisi
1602 388 1820 459 quando

222 484 531 539 necessitas
562 485 788 538 utilitati
815 500 999 555 regum
1033 485 1217 549 fuerit,
1252 484 1409 537 simul
1441 498 1563 537 cum
1591 497 1687 536 suo
1709 480 1822 549 epi-

223 588 385 643 scopo
409 583 708 645 pergant.»
742 575 854 629 Etsi
880 590 1008 629 vero
1032 575 1250 644 quidam
1292 575 1454 627 etiam
1498 576 1667 627 sancti
1701 571 1818 641 epi-

220 665 368 734 sc0pi
394 664 451 718 id
475 666 695 719 servitii
722 666 1087 735 praestiterint,
1114 674 1173 718 ut
1196 665 1260 719 de
1282 664 1337 718 S.
1361 663 1611 718 Udalrico
1638 664 1818 731 Augu-

227 766 383 809 stano
408 757 667 812 antistite
696 758 858 811 tradit
886 758 937 810 in
974 759 1089 826 ejus
1124 758 1243 811 Vita
1260 756 1540 811 Ccrardus
1564 767 1716 809 nu'm.
1752 753 1817 807 l5

229 860 278 903 et
303 849 403 915 56;
444 850 541 903 alii
576 858 757 903 tamen
805 850 872 903 ab
919 850 1019 903 hac
1062 848 1368 916 corruptela
1399 848 1819 909 abhorruerunt,

234 940 303 991 uti
331 939 401 992 de
433 938 493 991 S.
523 937 790 991 Radbodo
815 936 1145 1004 Trajectensi
1168 935 1336 1007 [cxvi]
1358 937 1609 1005 episcopo
1632 934 1682 987 in
1708 932 1823 999 ejus

241 1026 357 1082 Vita
386 1028 628 1081 traditur
653 1043 803 1082 num.
830 1028 889 1081 11
922 1030 985 1098 (t.
1016 1026 1099 1081 VII
1122 1027 1234 1080 Act.
1265 1025 1367 1081 SS.
1402 1025 1591 1080 Ordiu.
1624 1024 1820 1077 Bened.

239 1133 357 1187 pag.
382 1117 479 1187 5|)
514 1136 568 1170 ιι
595 1117 838 1185 Cumque
867 1133 894 1171 a
930 1132 1053 1185 rege
1091 1117 1515 1180 invitaretur,ut
1545 1114 1744 1183 aliquid
1773 1114 1823 1166 ei

232 1215 515 1276 praestaret
538 1206 726 1269 oﬁicii,
754 1207 980 1260 comiter
1004 1208 1329 1274 respondere
1350 1204 1587 1259 solebat:
1612 1203 1822 1258 iustum

231 1306 309 1350 est
332 1296 751 1350 sublimioribus
771 1295 991 1349 obedire
1020 1295 1396 1363 potestatibus,
1423 1294 1518 1347 sed
1540 1294 1824 1362 epise0po-

235 1403 351 1440 rum
408 1402 523 1441 non
571 1402 696 1441 esse
734 1387 1107 1441 saecularibus.
1141 1386 1406 1456 implicari
1454 1386 1718 1455 negotiis,
1768 1385 1823 1438 in

229 1493 461 1546 quorum
505 1476 705 1531 castris
750 1476 949 1532 milites
996 1476 1198 1532 Christi
1246 1476 1479 1530 militant
1508 1516 1523 1539 ,
1574 1474 1824 1543 quisnam

232 1572 500 1643 ambigit?
527 1571 735 1626 Debent
764 1572 838 1625 illi
866 1572 1223 1642 spiritualiter
1256 1573 1426 1626 induti
1457 1572 1625 1625 armis
1649 1570 1825 1625 eccle-

1990 366 2383 437 propriolapsu.
2409 367 2655 437 Tempore
2672 366 3101 437 Quddragesimw
3127 366 3252 423 anui
3275 371 3380 425 964
3407 373 3520 426 lue-

1994 436 2143 486 resim
2176 435 2824 509 Αιριιιγοροηᾳοΐρήἰιιινωη
2850 435 2906 492 in
2937 440 3078 493 hisce
3098 440 3332 509 partibus
3362 457 3519 495 rena-

1992 513 2098 555 tom
2124 506 2355 579 confutet
2374 506 2647 573 prolixiori
2666 525 2920 572 sermone,
2938 526 3037 577 quo
3051 506 3204 579 etiam
3220 512 3522 579 perstringit

2029 575 2335 648 uorumdum
2358 591 2583 629 errorem
2614 584 2751 633 circa
2774 575 3009 632 sanctum
3036 575 3359 631 Mirlmélem.
3387 575 3525 648 Αρο-

2015 644 2131 723 ogia
2155 642 2384 723 ejusdem
2415 652 2686 715 sermonis,
2722 668 2826 723 qua
2862 648 3116 702 nonnulla
3141 648 3254 701 loca
3282 649 3418 703 male
3432 642 3526 703 ’έκ-

1970 774 1975 777 ν
1994 714 2196 765 tellecta
2217 714 2567 783 explicantur.

1993 833 2081 889 90.
2113 834 2404 890 Ratherius
2436 835 2733 892 Veronensi
2760 838 2871 893 sedi
2902 840 3183 896 restitutus
3213 852 3337 897 ante
3360 843 3518 897 ﬁnem

1928 923 2054 976 anni
2085 924 2179 977 96l
2200 964 2213 987 ,
2242 938 2365 978 cum
2393 925 2621 980 subinde
2654 936 2763 980 tum
2818 939 3086 998 praecepto
3123 929 3350 986 Joannis
3404 932 3517 997 XII,

1926 1022 2037 1064 tum
2061 1010 2267 1078 judicio
2292 1014 2669 1083 episcoporum
2700 1017 2911 1071 concilii
2938 1017 3218 1085 Papiensis
3256 1022 3517 1077 celebrati

1924 1112 2045 1172 post
2078 1104 2310 1156 medium
2338 1120 2538 1159 annum
2565 1106 2669 1161 962
2693 1107 2744 1160 in
2773 1109 2960 1163 eadem
2990 1112 3119 1165 sede
3163 1111 3519 1169 conﬁrmatus

1928 1191 2133 1250 fuisset.
2168 1193 2233 1247 de
2264 1194 2527 1249 ordinatis
2550 1211 2579 1249 a
2612 1197 2806 1251 Milone
2838 1214 2949 1252 sua:
2971 1201 3114 1256 sedis
3140 1202 3390 1258 invasere
3416 1204 3526 1258 sol-

1927 1280 2107 1335 licitus
2131 1295 2250 1336 esse
2271 1284 2455 1351 coepit.
2486 1284 2619 1338 Cum
2648 1286 2791 1339 enim
2828 1284 2940 1355 jam
2968 1288 3092 1343 inde
3121 1305 3150 1343 a
3194 1292 3359 1360 gestis
3385 1307 3519 1346 con-

1914 1380 2012 1423 ‘tra
2036 1386 2145 1433 eos,
2180 1372 2274 1441 qui
2296 1373 2532 1429 ordinati
2556 1374 2773 1430 fuerant
2804 1393 2832 1430 a
2865 1378 3219 1434 Constantino
3266 1382 3524 1437 Romanae

1928 1458 2185 1513 Ecclesia:
2232 1462 2482 1516 invasore
2538 1465 2680 1533 (vid.
2730 1465 2788 1519 P.
2832 1465 3110 1533 Cuannoa,
3163 1468 3396 1525 Histoire
3432 1472 3522 1527 des

1929 1546 2280 1615 Sacramenta,
2308 1558 2347 1605 t.
2376 1549 2439 1617 V,
2460 1562 2596 1620 part.
2622 1569 2681 1618 ιι,
2706 1570 2754 1609 c.
2779 1555 2855 1627 6),
2882 1557 3255 1613 nonnullorum
3282 1560 3528 1631 irrepsis-

229 1639 490 1724 siasugis,
510 1677 609 1731 ,πο
628 1662 771 1732 regis
795 1671 849 1716 ει
872 1639 1050 1732 p'npuji
1076 1663 1268 1727 salute,
1287 1678 1437 1732 pace,
1458 1672 1513 1717 ρι
1531 1663 1822 1717 smmum“,
1856 1639 1897 1697 Β
1926 1652 2009 1696 set
2033 1643 2237 1712 opinio,
2265 1645 2636 1702 ordinationes
2664 1649 2930 1717 ejusmodi
2985 1653 3054 1708 ab
3110 1654 3334 1711 intrusis
3386 1657 3526 1713 cele-

230 1766 349 1805 cum
378 1750 500 1804 suis
546 1749 834 1803 Dominum
880 1751 1201 1820 deprecari,
1250 1751 1523 1806 continuis
1565 1751 1817 1821 precibus

229 1841 542 1893 animarum
575 1838 723 1892 lucra
751 1853 1026 1907 quaerere,
1075 1855 1178 1893 non
1213 1841 1411 1894 sectari
1454 1848 1695 1895 terrena.
1728 1839 1827 1895 Mi-

230 1929 366 1989 lites,
396 1927 615 1981 militiae
644 1928 807 1996 regiae
829 1928 1044 1998 cingulo
1072 1929 1409 1997 praecinctos,
1440 1927 1826 1997 beneﬁciisque

232 2018 545 2072 cumulatos
579 2019 633 2073 id
662 2027 921 2087 pnestare
951 2034 1048 2088 par
1075 2027 1211 2074 est.»
1255 2019 1549 2075 Ratherius
1575 2020 1827 2075 similiter

235 2112 298 2165 ab
325 2111 433 2165 hoc
466 2110 694 2164 militari
723 2111 971 2175 servitio,
1000 2112 1143 2180 quod
1172 2112 1286 2183 lege
1323 2113 1585 2167 canonica
1613 2112 1826 2167 clericis

241 2202 595 2271 interdictum
628 2200 747 2254 loco
790 2200 1003 2255 laudato
1040 2200 1256 2265 fatetur,
1292 2201 1657 2256 alienissimus
1682 2200 1822 2255 fuit:

236 2294 375 2347 unde
404 2292 462 2345 in
490 2291 784 2358 Qualitatis
822 2289 1128 2358 cuizjectura
1174 2307 1321 2345 num.
1350 2292 1411 2357 5,
1444 2292 1510 2345 de
1540 2292 1655 2360 ipso
1692 2291 1824 2346 scri—

234 2384 407 2437 bitur:
460 2402 479 2432 ι
514 2382 837 2451 Imperatori
871 2398 973 2435 non
1005 2382 1241 2436 servit...
1272 2382 1323 2434 in
1360 2382 1660 2435 exercitum
1690 2397 1829 2435 nun-

234 2489 453 2543 quama
488 2472 672 2527 Solum
705 2472 798 2525 ubi
839 2486 973 2540 opus
1004 2479 1170 2535 esset,
1203 2486 1308 2525 non
1354 2481 1411 2525 ut
1454 2471 1586 2539 ipse,
1630 2470 1723 2525 sed
1768 2480 1827 2525 ut

235 2560 345 2628 ejus
369 2561 575 2614 milites
599 2560 967 2623 mitterentur,
983 2560 1081 2613 sibi
1106 2569 1433 2630 prceceptum
1461 2560 1625 2614 fuisse
1646 2559 1827 2629 prodit

234 2652 287 2706 in
325 2652 618 2706 ltinerario
648 2667 799 2705 num.
832 2652 885 2713 l,
916 2666 1013 2705 nec
1052 2667 1155 2705 non
1197 2651 1248 2704 in
1276 2665 1524 2705 sermone
1554 2651 1629 2704 De
1657 2650 1825 2704 Maria

234 2755 285 2797 et
314 2744 554 2806 Martha,
582 2758 729 2795 num.
758 2742 907 2795 LE1;
940 2742 1020 2796 his
1044 2742 1218 2810 palam
1247 2742 1338 2805 ﬁt,
1361 2756 1520 2809 quam
1542 2756 1824 2811 perperam

235 2834 451 2902 quidam
495 2832 828 2887 crediderit.
872 2831 1188 2886 Ratherium
1232 2832 1284 2886 in
1326 2831 1610 2886 obsidione
1632 2830 1825 2886 Gardze

234 2923 555 2992 imperatori
592 2922 828 2977 militare
860 2923 1140 2977 servitium
1170 2923 1515 2990 praestitisse,
1543 2936 1715 2991 eaque
1754 2923 1823 2977 de

1926 1733 2136 1793 bratas.
2180 1736 2363 1791 irritas
2386 1752 2535 1802 esse;
2565 1739 2857 1796 Ratherius
2886 1759 3101 1813 quoque
3152 1746 3347 1802 dubius
3402 1746 3526 1815 fuit,

1930 1842 2058 1880 num
2091 1826 2149 1891 ii,
2176 1828 2266 1897 qui
2295 1844 2325 1882 a
2357 1829 2552 1885 Milone
2574 1832 2641 1885 ad
2666 1832 3011 1889 diaconatum
3034 1836 3119 1891 vel
3158 1839 3524 1895 sacerdotium

1927 1919 2161 1987 promoti
2187 1917 2423 1985 fuerant,
2447 1936 2575 1977 vere
2604 1937 2786 1978 essent
2816 1925 3028 1980 diaconi
3062 1928 3145 1982 vel
3191 1929 3525 1995 sacerdotes,

1927 2020 1994 2059 an
2025 2022 2160 2061 nova
2184 2008 2526 2065 ordinatione
2552 2011 2876 2082 indigerent.
2910 2015 3049 2072 Hinc
3098 2017 3379 2074 Dominica
3433 2036 3523 2077 se-

1928 2098 2102 2149 cunda
2134 2096 2417 2153 Februarii
2443 2101 2570 2154 anni
2602 2101 2730 2167 965,
2754 2119 2873 2172 qua:
2896 2105 2999 2161 hoc
3040 2124 3182 2163 anno
3230 2110 3414 2165 incidit
3472 2112 3525 2165 in

1929 2186 2069 2239 diem
2094 2194 2340 2240 octavam
2372 2186 2613 2255 ejusdem
2640 2194 2861 2257 mensis,
2893 2195 3167 2250 decretum
3192 2198 3380 2262 edidit,
3414 2214 3522 2268 quo

1922 2280 2087 2349 jussit
2116 2282 2396 2337 ordinatos
2418 2298 2448 2337 a
2475 2283 2674 2339 Milone
2709 2305 2727 2337 ι
2762 2303 2935 2356 usque
2962 2289 3027 2343 ad
3068 2300 3352 2346 venturam
3385 2292 3521 2363 legi-

1929 2371 2075 2425 timaa
2100 2372 2459 2429 ordinationis
2486 2375 2626 2430 diem
2660 2377 2728 2431 ab
2756 2376 2948 2441 oﬁicio,
2996 2379 3047 2433 in
3079 2396 3186 2450 quo
3241 2382 3525 2453 illegaliter

1928 2465 2041 2534 ipse
2071 2479 2165 2519 eos
2190 2465 2443 2531 instituit,
2472 2468 2766 2523 abstinere.
2800 2488 2817 2520 ι
2850 2470 2982 2525 Cum
3008 2486 3139 2527 vero
3170 2473 3333 2529 iidem
3362 2476 3511 2530 ordi—

1928 2555 2037 2609 nati
2065 2570 2291 2625 magnas
2316 2557 2418 2610 hac
2438 2558 2504 2613 de
2534 2572 2591 2611 re
2615 2559 2800 2614 turbas
2828 2562 3158 2617 excitassent
3184 2604 3197 2626 ,
3234 2566 3521 2635 episcopus

1927 2647 2142 2717 quidem
2170 2649 2430 2717 postridie
2454 2652 2667 2704 curavit
2698 2660 2755 2705 ut
2780 2652 2921 2707 idem
2961 2655 3240 2711 decretum
3294 2658 3507 2726 recipe-

1928 2748 2096 2807 retur,
2123 2741 2217 2796 sed
2243 2740 2467 2797 frustra.
2516 2742 2653 2797 Hinc
2684 2742 2790 2797 alio
2820 2745 3038 2800 decreto
3065 2746 3131 2800 ad
3155 2748 3372 2802 eosdem
3403 2750 3513 2804 cle-

1927 2835 2067 2890 ricos
2099 2837 2354 2892 directoa
2380 2838 2546 2905 priori
2576 2839 2754 2908 rigore
2783 2840 3106 2906 desciscens,
3144 2857 3238 2897 eos
3284 2844 3514 2913 proprize

1924 2927 2362 2983 conscientizeita
2395 2929 2672 2984 dimittere
2700 2940 2921 2985 coactus
2969 2931 3091 2995 fuit,
3143 2940 3200 2987 ut
3241 2933 3516 2987 nihilomi-

236 3028 397 3066 causa
434 3012 659 3066 militari
702 3013 965 3069 beneﬁcio
993 3012 1060 3067 ab
1084 3028 1149 3067 eo
1172 3013 1338 3067 fuisse
1366 3014 1644 3078 donatum,
1674 3013 1825 3083 cujus
1852 3004 1903 3067 Ο
1931 3031 2031 3071 nus
2060 3015 2298 3085 ipsorum
2324 3017 2697 3073 ordinationes
2725 3018 2776 3072 in
2805 3018 3027 3073 dubium
3052 3020 3247 3074 iterum
3292 3036 3515 3075 revoca-

231 3104 284 3156 in
307 3103 504 3156 eodem
537 3102 824 3157 itinerario
855 3120 1002 3157 num.
1029 3104 1062 3157 4
1082 3144 1094 3167 ,
1138 3104 1402 3169 meminit,
1442 3105 1530 3158 ubi
1561 3120 1688 3159 suos
1714 3105 1822 3159 cle-

234 3194 378 3247 ricos
412 3192 697 3261 alloquens
725 3193 834 3246 ait:
871 3193 1033 3247 «Cum
1061 3195 1128 3247 de
1152 3208 1271 3247 mea
1307 3195 1682 3264 paupertatnla
1714 3210 1823 3249 non

234 3285 335 3338 sim
383 3283 543 3337 vobis
594 3284 733 3353 adeo
780 3284 1143 3349 inhumanus,
1189 3294 1247 3338 ut
1294 3286 1513 3339 militari
1559 3286 1826 3341 beneﬁcio

230 3362 484 3439 habeam,
509 3383 564 3429 et
587 3375 689 3429 hoc
716 3376 905 3444 gratis,
935 3377 1117 3430 decem
1141 3391 1207 3430 ex
1230 3378 1382 3431 vobis
1408 3377 1623 3432 ditatos.
1641 3396 1658 3427 ι
1686 3377 1824 3431 Mili-

230 3468 361 3520 taria
405 3465 669 3520 beneﬁcia
704 3466 1023 3519 dicebantur
1050 3466 1243 3532 fundi,
1287 3468 1379 3535 qui
1418 3468 1822 3522 usufructuario

220 3558 340 3626 jure
373 3556 535 3610 laicis
576 3555 784 3622 collati,
814 3556 1101 3622 militandi,
1155 3567 1249 3611 aut
1284 3558 1499 3621 milites,
1528 3574 1650 3613 cum
1687 3575 1821 3629 OpllS

227 3660 390 3716 esset,
420 3651 672 3705 mittendi
698 3666 835 3705 onus
862 3648 1180 3705 aﬁ‘erebant.
1212 3652 1469 3719 Quaedam
1494 3668 1621 3705 vero
1648 3668 1715 3706 ex
1739 3654 1820 3705 his

222 3742 325 3797 etsi
356 3740 1133 3806 traderenturecclesiasticis,
1166 3758 1287 3796 cum
1319 3752 1493 3797 tamen
1520 3743 1659 3797 idem
1686 3744 1820 3797 mili-

225 3834 371 3887 tandi
414 3842 511 3887 aut
552 3822 783 3885 militum
821 3832 1226 3902 dirigendorum
1272 3848 1411 3888 onus
1454 3833 1816 3902 imponerent,

224 3924 545 3979 militarium
576 3923 966 3977 beneﬁciorum
1007 3925 1267 3979 rationem
1316 3924 1638 3979 retinebant.
1702 3923 1819 3979 Non

226 4018 397 4071 solum
428 4018 791 4086 imperatores
824 4016 1091 4086 ejusmodi
1137 4016 1401 4072 beneﬁcia
1429 4017 1817 4083 conferebant,

225 4125 413 4165 verum
444 4108 607 4162 etiam
635 4108 876 4177 episcopi
903 4147 918 4170 ,
945 4124 1065 4162 cum
1101 4108 1344 4162 ecclesia:
1391 4107 1587 4163 fundos
1628 4109 1817 4164 eadem

226 4216 344 4254 cum
394 4200 731 4269 obligatione
780 4198 1015 4269 cuipiam
1061 4201 1482 4253 committerent.
1534 4199 1673 4254 ilinc
1726 4201 1815 4270 qui

227 4291 488 4348 beneﬁcia
517 4290 680 4359 hujus
715 4290 932 4359 generis
972 4292 1041 4345 ab
1077 4291 1278 4345 eisdem
1323 4292 1695 4355 obtinuerant,
1728 4308 1817 4346 ec-

1930 3105 2018 3159 rit.
2053 3106 2131 3159 Ex
2158 3106 2261 3160 hoc
2284 3106 2454 3161 altero
2480 3107 2698 3161 decreto
2721 3109 3062 3177 perspicuum
3096 3108 3173 3173 ﬁt,
3233 3110 3514 3165 ordinatos

1927 3197 1995 3251 ab
2026 3198 2274 3251 invasere
2305 3198 2359 3252 in
2385 3197 2466 3251 sui
2495 3198 2862 3253 defensionem
2893 3200 3205 3269 opposuisse
3230 3200 3370 3254 inter
3418 3216 3520 3255 ete-

1931 3296 2064 3349 tera,
2098 3287 2390 3342 nonnullos
2419 3290 2773 3359 presbyteros
2802 3306 2865 3343 ex
2891 3292 2975 3355 iis,
3009 3291 3098 3358 qui
3124 3291 3191 3345 ab
3215 3307 3279 3346 eo
3306 3291 3521 3347 fuerant

1926 3374 2181 3436 ordinati,
2213 3375 2280 3428 ad
2309 3376 2679 3444 episcopatum
2714 3376 2883 3431 fuisse
2930 3389 3228 3446 promotos,
3287 3396 3386 3433 nec
3435 3359 3541 3432 ta-'

1929 3479 2057 3518 men
2104 3466 2170 3518 de
2222 3480 2409 3519 eorum
2461 3466 2752 3536 episcopali
2810 3470 3217 3522 consecratione
3265 3471 3517 3524 dubitari.

1926 3555 2212 3608 Ratherius
2240 3556 2340 3609 etsi
2372 3557 2473 3610 hac
2500 3556 2550 3609 in
2582 3573 2640 3609 re
2678 3557 2812 3610 nolit
2856 3558 3103 3621 deﬁnire,
3154 3560 3283 3613 satis
3338 3570 3518 3614 tamen

1924 3646 2069 3701 dubii
2095 3646 2394 3718 inspergit;
2438 3647 2710 3717 aliumque
2738 3648 2947 3721 [cxvtu]
2988 3650 3213 3705 abusum
3255 3651 3517 3717 obtrudit,

1922 3752 2030 3805 quo
2057 3737 2274 3805 quidam
2303 3738 2515 3792 diaconi
2538 3740 2656 3794 sine
2704 3740 3107 3811 presbyteratus
3150 3743 3343 3797 ordine
3397 3744 3511 3813 epi-

1920 3829 2066 3896 scopi
2095 3830 2397 3883 consecrati
2422 3828 2655 3884 fuerant.
2691 3830 2840 3885 llanc
2866 3846 2994 3885 vero
3026 3833 3516 3898 consecrationem,

1920 3919 1997 3972 uti
2027 3931 2243 3980 vocant,
2267 3935 2363 3989 per
2392 3920 2586 3975 saltum
2616 3936 2923 3991 quanquam
2952 3937 3053 3976 non
3080 3924 3363 3992 approbet,
3427 3924 3514 3977 ni-

1921 4010 2211 4065 hilominus
2240 4011 2528 4065 invalidam
2560 4027 2664 4066 non
2703 4012 2957 4077 afﬁrmat,
2988 4026 3055 4068 eo
3108 4016 3252 4085 quod
3305 4015 3364 4081 ii,
3424 4017 3516 4085 qui

1919 4101 2019 4157 hos
2047 4113 2455 4165 consecrarant,
2516 4104 2760 4158 dicerent
2792 4106 2844 4159 in
2876 4107 3186 4176 episcopatu
3228 4109 3511 4179 presbyte-

1920 4201 2097 4247 ratum
2127 4194 2415 4248 contineri.
2443 4195 2538 4248 llic
2570 4196 2824 4249 nimirum
2850 4212 3044 4253 sensus
3070 4208 3153 4253 est
3186 4210 3243 4254 ut
3278 4201 3512 4266 videtur,

1922 4282 2136 4339 illorum
2186 4285 2472 4338 verborum
2518 4285 2633 4354 ejus
2685 4288 2928 4342 decreti:
2960 4308 2979 4340 ι
3014 4287 3400 4347 Astruentibus
3438 4291 3517 4346 fa-

225 4382 515 4437 ciesiarum
550 4381 717 4443 vassi,
760 4395 855 4433 seu
895 4380 1109 4434 vassalli
1137 4381 1463 4445 evadebant,
1492 4393 1654 4450 atque
1684 4382 1815 4435 uni-
1842 4366 1899 4425 D
1922 4376 1993 4430 cli
2030 4375 2340 4429 auctoribus
2365 4415 2379 4440 ,
2423 4376 2511 4443 qui
2562 4386 2705 4431 θεεθι
2746 4377 3029 4447 episcopus
3053 4420 3067 4444 ν
3119 4392 3517 4450 consequenter

227 4474 375 4528 lites»
408 4472 887 4541 nuncupabantnr.
919 4471 1209 4524 Ratlierius
1239 4472 1422 4539 itaque
1447 4488 1569 4527 cum
1599 4474 1694 4527 «de
1720 4488 1817 4527 sua

206 4564 644 4635 'paupertatulai
695 4561 935 4615 militare
973 4560 1294 4616 beneﬁcium
1340 4563 1524 4617 decem
1569 4578 1679 4617 sua:
1717 4563 1820 4616 Ec-

227 4658 404 4711 clesiae
446 4655 661 4709 clericis
698 4670 759 4708 se
800 4654 1012 4708 dedisse
1053 4655 1307 4724 scripsit.
1355 4670 1460 4707 non
1496 4655 1819 4710 beneﬁcium

231 4747 429 4803 indicat
458 4748 525 4801 ab
559 4747 895 4816 imperatore
923 4746 1048 4799 olim
1074 4747 1174 4799 sibi
1208 4747 1464 4801 collatum
1487 4762 1553 4801 eo
1582 4750 1818 4813 nomine,

227 4837 368 4905 quod
411 4836 510 4905 ipsi
551 4836 821 4891 servisset
868 4854 885 4885 (
910 4835 962 4887 in
1009 4836 1304 4900 exercitu,»
1347 4837 1412 4890 ad
1442 4852 1602 4906 quem
1639 4858 1654 4888 ι
1683 4856 1819 4893 nuu-

229 4941 429 4994 quam)
472 4928 740 4990 accessit;
776 4925 872 4979 sed
914 4923 1134 4981 fundum
1182 4927 1419 4994 aliquem
1449 4944 1516 4983 ex
1560 4929 1820 4985 Ecclesia:

229 5016 380 5071 bonis
420 5018 485 5072 ad
527 5017 909 5088 episcopatum
958 5024 1009 5069 et
1061 5018 1371 5086 episcopum
1426 5018 1820 5085 pertinentibus

206 5107 510 5179 .sig‘niﬁcat,
542 5122 653 5177 quo
686 5120 798 5159 non
828 5104 879 5157 in
911 5106 1422 5169 ecclesiasticorum,
1454 5107 1549 5161 sed
1580 5108 1631 5161 in
1677 5107 1818 5159 mili-

231 5197 421 5252 tarium
449 5198 850 5254 beneﬁciorum
890 5193 1115 5254 formam
1143 5198 1362 5255 eosdem
1396 5198 1621 5253 clericos
1646 5199 1817 5274 dona-

231 5298 393 5343 verat.

1922 4468 2064 4535 quod
2095 4466 2395 4535 presbyter,
2429 4474 2521 4519 aut
2550 4467 2803 4521 sacerdos
2849 4468 3034 4537 utique
3074 4468 3232 4524 foret.
3273 4489 3292 4522 ›
3328 4470 3511 4525 Solum

1922 4567 2096 4627 optat,
2113 4568 2169 4611 ut
2193 4576 2209 4607 ε
2237 4559 2325 4626 qui
2347 4557 2688 4614 ordinatione
2704 4559 3008 4627 hujusmodi
3028 4564 3202 4617 sortiti
3228 4573 3353 4617 sunt
3375 4582 3512 4633 pric-

1924 4651 2182 4712 sulatum,
2214 4663 2243 4701 a
2275 4649 2518 4718 legitimo
2566 4651 2843 4720 pontiﬁce,
2876 4654 2951 4722 (id
2981 4662 3063 4708 est
3089 4670 3192 4708 non
3239 4655 3307 4708 ab
3354 4657 3508 4708 iuva-

1926 4742 2071 4809 sore)
2100 4739 2299 4808 indepti
2326 4740 2527 4796 fuerint
2560 4743 2922 4797 diaconatum.
2955 4762 2973 4793 ι

1997 4832 2085 4886 91.
2119 4831 2334 4886 Annum
2362 4832 2467 4887 963
2499 4834 2735 4887 maxime
2777 4834 3093 4902 comprobat
3145 4834 3363 4888 tertium
3415 4833 3515 4888 do-

1924 4931 2260 4987 cumentum,
2291 4924 2433 4994 quod
2464 4925 2567 4980 hac
2596 4938 2761 4994 super
2784 4940 2845 4979 re
2874 4926 3157 4995 scriptum,
3196 4937 3346 4979 certo
3392 4939 3517 4979 cer-

1926 5015 2033 5069 tius
2062 5015 2127 5067 ad
2154 5015 2402 5070 eumdem
2436 5030 2637 5072 annum
2658 5015 2913 5085 pertinet.
2944 5016 3037 5070 Est
3060 5013 3269 5067 libellus
3317 5027 3517 5069 exara-

1926 5112 2014 5159 tus
2043 5104 2263 5172 quidem
2296 5105 2437 5176 stylo
2465 5117 2738 5175 manuque
2778 5104 3039 5167 Ratherii,
3104 5112 3159 5156 at
3192 5102 3522 5162 Veronensis

1924 5194 2055 5248 cleri
2111 5195 2330 5249 nomine
2381 5196 2677 5267 inscriptus
2720 5195 2784 5249 ad
2843 5194 3150 5262 pontiﬁcem
3206 5195 3521 5266 clerumqne

1925 5287 2231 5342 Romanum
2286 5299 2623 5359 caeterosque
2677 5286 2970 5340 Christiani
3027 5284 3176 5339 orbis
3216 5289 3517 5358 episcopos,
