4038 5388
528 283 598 338 99
1503 280 1899 337 ΒΑΤΗΕΒΙΕΞ
1939 278 2121 336 VERO

2224 279 2371 337 NSJS
2411 279 2803 340 EPISCOPUS.

3664 282 3769 338 H30

527 389 906 466 episcoporum
954 391 1162 459 judicio
1205 390 1562 444 deliniendam
1600 390 1902 458 subjiciant.
1960 389 2102 444 Inter
2129 395 2174 453 Α
2205 393 2437 448 maxime
2468 407 2607 449 esset
2635 398 2919 458 incertum,
2964 395 3083 464 quis
3117 393 3368 450 Romana:
3414 393 3527 448 sedi
3587 396 3778 463 βαθεῖα

529 498 767 541 canones
787 482 1111 554 praecipuam
1140 480 1660 534 animadversionem
1707 489 1946 533 meretur
1994 479 2104 532 fra-

529 583 806 642 gmentum
837 570 1050 626 concilii
1075 569 1453 625 Lateranensis
1482 569 1582 623 sub
1615 567 1890 636 Stephano
1924 565 1988 621 lll
2035 568 2101 622 de

526 664 790 721 ordinatis
827 678 856 716 a
905 661 1256 716 Constantino
1312 661 1566 714 Romanze
1622 659 1767 712 sedis
1833 659 2104 721 invasore,

526 755 677 828 quod
711 770 777 809 ex
804 755 907 809 hoc
931 752 1110 807 libello
1145 760 1349 806 tantum
1399 751 1621 821 prodiit.
1670 749 1957 803 Ratherius
2008 764 2105 800 an-

529 855 637 899 tem
663 846 766 899 hoc
789 841 970 896 libello
997 856 1128 896 usus
1153 841 1384 903 videtur,
1413 849 1472 891 ut
1501 838 1602 892 hac
1641 837 1726 890 via
1759 835 2108 890 auctoritates

531 940 871 1004 exponeret,
914 929 986 986 ob
1034 945 1170 999 quas
1212 929 1280 983 de
1322 928 1637 982 memoratis
1680 925 2108 980 ordinationibus

531 1025 909 1094 ambigendum
939 1022 1182 1094 putabat.
1211 1023 1463 1090 Plerique
1490 1021 1630 1074 enim
1666 1026 1844 1074 textus
1881 1032 1948 1072 eo
1992 1024 2108 1071 ten-

532 1115 666 1170 dunt
710 1122 768 1168 nt
799 1113 900 1168 illa:
929 1110 1480 1171 declarenturirritae,
1511 1118 1567 1163 et
1604 1107 1717 1163 sola
1748 1104 2110 1161 miserationis

532 1206 702 1275 gratia
731 1205 944 1261 clericis
981 1204 1200 1273 perinde
1223 1201 1490 1256 ordinatis
1517 1200 1606 1254 ille
1633 1197 1832 1269 gradus
1886 1197 2112 1266 permit-

535 1304 697 1359 tatur,
727 1309 884 1363 quem
909 1303 1034 1348 ante
1060 1292 1456 1348 ordinationem
1487 1289 1646 1358 hujus
1666 1286 1884 1357 generis
1916 1285 1969 1338 in
2013 1297 2109 1338 sua

537 1384 784 1440 Ecclesia
831 1383 1170 1438 obtinebant.
1229 1381 1425 1436 Parum
1459 1379 1562 1434 illis
1603 1378 1856 1448 prodesse
1898 1383 2110 1445 poterat

532 1472 794 1540 ejusmodi
827 1472 1034 1526 libellus
1079 1471 1170 1541 qui
1194 1471 1428 1540 episcopi
1465 1468 1641 1539 potius
1676 1481 1836 1537 quam
1885 1464 2111 1520 clerico.

534 1577 656 1617 rum
688 1577 908 1616 causam
941 1568 1260 1630 propugnat.
1294 1557 1466 1612 Minus
1504 1566 1685 1610 autem
1708 1554 1969 1624 juvabant
1998 1552 2107 1616 illa,

533 1654 733 1724 quibus
755 1661 873 1723 post
895 1651 1152 1706 recitatos
1179 1650 1278 1705 sibi
1305 1647 1544 1717 ohjectos
1569 1647 1635 1701 ab
1658 1646 1910 1715 episcopo
1935 1657 2106 1698 cano-

2207 482 2375 536 deret.
2395 482 2644 537 Kalendis
2676 485 2859 554 itaque
2880 485 3102 554 Augusti
3130 484 3286 552 hujus
3313 484 3439 537 anni
3487 484 3602 553 ipse
3661 485 3778 552 epi-

2205 586 2397 640 scopus
2424 573 2733 642 pmdictum
2755 573 2990 627 libellum
3017 574 3145 629 cleri
3169 574 3250 628 sui
3279 574 3494 628 nomine
3523 573 3777 630 lucubra-

2207 660 2306 724 vit,
2333 675 2396 713 ac
2424 670 2709 730 propterea
2734 662 2908 716 eidem
2940 678 3082 717 anno
3101 663 3424 734 assignanda
3450 673 3577 718 sunt
3603 664 3776 718 etiam

2206 747 2312 802 duo
2348 750 2704 817 przecedentia
2732 749 2970 818 ejusdem
3017 752 3230 807 decreta
3251 752 3450 822 scripta
3475 769 3661 808 mense
3680 753 3785 808 Fe-

2207 837 2442 900 bruario,
2478 855 2596 908 quae
2617 841 2740 894 huic
2765 841 2941 896 libello
2971 843 3307 897 occasionem
3331 843 3548 896 dedere.

2277 929 2367 983 92.
2420 929 2735 984 Ratherium
2766 948 2870 986 non
2920 932 3151 988 defuisse
3182 932 3363 989 officio
3405 933 3782 1004 episcoporum

2208 1018 2510 1086 praecipuo,
2548 1019 2799 1073 nimirum
2858 1020 3157 1076 ministerio
3194 1023 3364 1085 verbi,
3401 1039 3468 1078 ex
3515 1025 3787 1079 sermoni-

2209 1109 2333 1173 bus,
2362 1110 2452 1178 qui
2483 1121 2790 1182 supersunt,
2819 1113 3072 1180 colligere
3115 1113 3260 1168 licet.
3297 1114 3538 1180 Quatuor
3576 1131 3787 1170 sermo-

2210 1214 2307 1253 nes
2338 1200 2552 1254 habitos
2598 1215 2741 1255 anno
2790 1201 2895 1256 963
2922 1203 3114 1274 obtigit
3149 1203 3407 1259 invenire.
3448 1203 3664 1258 Primus
3721 1205 3789 1259 de

2210 1287 2652 1359 Quadragesima,
2680 1291 2781 1346 etsi
2807 1293 3006 1357 brevis,
3031 1293 3316 1362 perutilem
3342 1303 3519 1348 tamen
3542 1309 3607 1347 ac
3631 1296 3788 1362 praxi

2209 1389 2497 1445 congruam
2520 1376 2704 1444 jejunii
2735 1381 2995 1434 rationem
3025 1382 3276 1450 explicat.
3309 1381 3524 1438 Primus
3560 1384 3689 1438 item
3721 1385 3791 1437 de

2211 1465 2438 1530 Pascha,
2465 1484 2528 1522 ex
2554 1485 2662 1538 quo
2701 1471 2944 1539 corporis
2981 1471 3130 1544 [cxx]
3159 1483 3211 1528 et
3261 1475 3540 1545 sanguinis
3585 1475 3790 1530 Christi

2212 1557 2456 1610 sumendi
2481 1557 2762 1627 disciplina
2806 1560 2907 1616 hoc
2938 1575 3151 1631 quoque
3185 1571 3422 1632 tempore
3467 1563 3656 1634 vigens
3700 1564 3788 1616 di~

2211 1646 2507 1714 gnoseitur,
2532 1649 2691 1717 quale
2717 1649 2789 1704 sit
2815 1665 2997 1705 verum
3025 1651 3274 1719 paschale
3301 1651 3554 1723 gaudium
3595 1653 3788 1721 aperit,

537 1760 654 1808 nes,
687 1744 812 1798 dum
844 1742 1252 1812 praesentientes
1277 1741 1343 1794 de
1372 1755 1431 1794 se
1457 1749 1637 1794 actum
1664 1736 1802 1801 fore,
1827 1737 1870 1792 si
1902 1750 1990 1790 res
2023 1749 2115 1788 ca-
2145 1735 2188 1795 Β
2216 1735 2731 1807 instructionemque
2752 1739 2962 1794 derivat
2983 1756 3047 1795 ex
3071 1739 3130 1795 S.
3160 1740 3324 1797 Paulo
3346 1757 3410 1796 ac
3431 1758 3494 1796 ex
3525 1758 3798 1798 czeretno-

537 1835 770 1890 nouihus
819 1832 1200 1896 decideretur,
1244 1831 1312 1884 ad
1370 1827 1798 1884 miscricordiam
1877 1824 2117 1894 judicum

539 1923 910 1991 confugientes
937 1920 1316 1993 praeferuntur,
1346 1922 1592 1989 hancque
1621 1927 1680 1972 ut
1699 1916 1974 1973 efficacius
1996 1930 2119 1984 per-

539 2021 806 2074 moveant,
841 2011 1331 2066 remunerationem
1361 2017 1416 2065 et
1448 2008 1754 2063 mercedem
1777 2005 1980 2059 eisdem
2009 2018 2116 2058 non

536 2106 770 2160 obscure
800 2101 1121 2172 pollicentur
1145 2099 1188 2153 si
1214 2098 1484 2153 faventem
1515 2097 1617 2150 sibi
1660 2095 1983 2149 sententiam
2041 2091 2120 2146 fe-

539 2199 681 2245 rant.
713 2209 731 2241 ‹
764 2188 916 2256 Quod
953 2187 997 2240 si
1028 2187 1201 2250 nobis,
1242 2205 1259 2237 ι
1296 2187 1564 2255 inquiunt,
1601 2202 1620 2234 ι
1646 2183 1697 2236 in
1729 2191 1882 2235 tanto
1904 2180 2117 2233 anima-

537 2294 656 2336 rum
693 2292 1014 2334 succurrere
1043 2275 1337 2347 dignamini
1361 2273 1621 2346 periculo,
1650 2287 1811 2342 quem
1860 2269 1984 2324 inde
2030 2283 2118 2324 re-

541 2380 938 2426 muneratorem
990 2381 1208 2438 sperare
1247 2365 1527 2430 debeatis,
1585 2362 1763 2418 doceri
1817 2359 2122 2414 nullatenus

543 2459 811 2530 indigetis.
837 2456 972 2512 Cum
994 2470 1120 2509 vero
1148 2453 1361 2524 plurimi
1395 2451 1563 2506 simus
1592 2489 1606 2512 ,
1657 2463 1764 2502 non
1813 2445 2120 2500 defuturum

541 2549 926 2620 promittimus,
981 2545 1072 2614 qui
1131 2545 1198 2596 ad
1243 2551 1476 2595 vestram
1523 2539 1710 2594 redeat
1757 2537 2119 2601 sanctitatem,

544 2643 679 2696 dans
708 2641 758 2694 in
785 2639 939 2692 vobis
965 2634 1140 2710 [cxrx]
1165 2633 1390 2706 gloriam
1419 2633 1528 2686 Deo
1555 2638 1856 2698 vestrzeque
1884 2626 2123 2696 paterni-

546 2729 644 2784 tati
669 2728 1014 2798 condignam,
1041 2725 1290 2794 quirites,
1319 2737 1456 2792 quos
1485 2721 1610 2776 hinc
1631 2717 1919 2789 specialius
1940 2731 2124 2786 preca-

548 2834 692 2883 tuur,
720 2814 1032 2877 venerandi,
1059 2813 1384 2878 mercedem,
1423 2831 1442 2864 ι
1487 2809 1613 2867 Hatc
1642 2807 1890 2864 fortassis
1922 2805 2124 2861 indicio

548 2914 696 2970 sunt,
722 2903 1038 2957 Ratherimn
1073 2901 1338 2964 timuisse,
1370 2914 1436 2953 ne
1480 2899 1561 2954 sui
1608 2897 1792 2964 clerici
1842 2896 1908 2951 ad
1940 2902 2125 2950 extor-

548 2996 816 3069 quendum
845 2991 1129 3047 victoriam
1153 3006 1214 3045 ea
1241 2998 1352 3044 arte
1381 2997 1676 3053 uterentur,
1714 3002 1875 3058 quam
1907 2984 2123 3056 quidem

2218 1825 2342 1888 niis,
2374 1841 2493 1894 qua:
2517 1826 2568 1880 in
2590 1829 2826 1896 paschali
2849 1845 2988 1898 agno
3005 1831 3211 1886 edendo
3241 1831 3499 1887 lsraelitis
3541 1837 3796 1902 praescri-

2217 1922 2322 1982 pta:
2359 1912 2587 1969 fuerant.
2621 1915 2812 1971 Sermo
2847 1919 3052 1988 primus
3097 1919 3164 1973 de
3203 1919 3532 1975 Ascensione
3573 1922 3660 1975 die
3685 1922 3794 1977 Do-

2219 2005 2414 2059 minica
2444 2019 2570 2061 ante
2607 2007 2708 2062 hoc
2749 2007 2966 2074 festum,
3017 2019 3076 2064 ut
3127 2009 3380 2075 videtur,
3426 2012 3664 2074 habitus,
3728 2012 3796 2065 de

2219 2095 2396 2146 triduo
2422 2093 2776 2164 Rogationum
2805 2097 3136 2166 potissimum
3162 2100 3289 2172 agit.
3325 2100 3458 2155 Cum
3497 2101 3581 2155 his
3609 2112 3794 2156 autem

2218 2181 2630 2253 Rogationihus,
2662 2199 2798 2254 quas
2828 2200 3080 2240 vocamus
3102 2185 3314 2242 litanias
3333 2189 3588 2254 minores,
3613 2199 3800 2246 noster

2220 2282 2412 2328 auctor
2439 2274 2804 2344 complectens
2859 2275 3093 2344 majores
3146 2277 3384 2343 litanias,
3435 2295 3554 2348 qua:
3597 2280 3800 2350 pariter

2220 2362 2359 2416 intra
2384 2364 2886 2432 quinquagesimam
2917 2366 3224 2434 paschalem
3247 2367 3613 2432 celebrantur,
3646 2369 3798 2438 lapsu

2220 2451 2601 2521 cbronologico
2629 2452 2845 2507 litanias
2907 2457 3204 2525 generatim
3259 2456 3489 2527 primum
3513 2473 3540 2510 a
3575 2457 3637 2512 8.
3666 2457 3803 2512 Gre-

2221 2539 2391 2610 gorio,
2423 2540 2543 2594 dein
2565 2555 2595 2594 a
2619 2539 2676 2594 S.
2711 2540 2972 2597 Mamerto
2996 2543 3282 2598 Viennensi
3313 2545 3581 2611 inductas,
3607 2548 3798 2611 tradit,

2223 2645 2344 2686 cum
2373 2630 2431 2684 8.
2490 2629 2787 2686 Mamertus
2832 2631 2893 2686 S.
2939 2631 3200 2703 Gregorio
3246 2633 3516 2704 antiquior
3563 2637 3805 2692 minores

2222 2719 2440 2776 litanias
2456 2723 2687 2791 primum
2716 2721 3025 2789 instituerit,
3057 2731 3166 2776 tum
3197 2737 3322 2777 vero
3351 2737 3447 2791 pro
3471 2709 3801 2793 pestilentia:

2225 2813 2546 2868 necessitate
2574 2827 2667 2868 eas
2691 2814 3082 2884 praescripserit
3104 2814 3162 2867 8.
3185 2813 3499 2884 Gregorius,
3531 2830 3651 2884 quae
3678 2815 3805 2869 sub.

2232 2904 2358 2959 inde
2392 2903 2496 2959 diei
2521 2903 2743 2958 25‘Maii
2772 2902 2960 2966 aliisue,
2992 2901 3219 2970 majores
3269 2903 3470 2958 litania:
3509 2903 3793 2973 appellate

2229 2994 2466 3050 fuerunt.
2497 2993 2767 3062 Jejunium
2799 3009 2960 3064 porro
2999 2993 3148 3049 hisce
3211 2993 3564 3064 Rogationum
3613 2995 3807 3050 diebus

550 3100 646 3140 θος
672 3084 775 3138 alia
799 3081 1084 3136 occasione
1114 3088 1298 3150 Ροειθτι
1320 3077 1628 3133 adhibuisse
1651 3077 1992 3147 θκβιοτθιυῐη
2039 3074 2131 3128 “et
2156 3075 2202 3138 C
2231 3085 2646 3150 observandum,
2682 3085 2758 3138 uti
2781 3099 2810 3138 a
2835 3083 2894 3140 8.
2937 3084 3196 3140 Mamerto
3249 3085 3425 3140 fuerat
3474 3087 3805 3148 institutum.

551 3174 582 3247 ς
614 3175 699 3229 19.
736 3171 892 3227 Hunc
915 3169 1153 3224 libellum
1198 3186 1218 3219 ι
1247 3167 1495 3225 Kalendis
1519 3166 1744 3236 Attgusti
1768 3185 1786 3218 ι
1829 3167 2124 3236 signatum,

553 3277 696 3317 anno
713 3262 817 3316 963
849 3259 1167 3328 alligendum
1200 3256 1334 3312 nihil
1369 3257 1694 3312 dubitamus.
1750 3255 1806 3310 Id
1844 3254 2130 3310 conficitur

555 3361 671 3406 tum
692 3366 759 3405 ex
787 3349 1161 3418 inscriptione,
1191 3357 1300 3400 tum
1333 3361 1398 3401 ex
1453 3365 1470 3396 ι
1513 3345 1769 3400 Kalendis
1821 3343 2069 3414 Augusti.
2104 3362 2122 3393 1

553 3441 838 3510 Inscriptio
868 3439 952 3493 his
977 3439 1158 3492 verbis
1203 3436 1522 3505 exprimitur
1551 3454 1564 3489 :
1595 3453 1613 3486 ‹
1646 3433 1874 3489 Domino
1929 3441 2130 3486 sanctae

556 3530 816 3585 Romame
858 3526 1021 3591 sedis,
1053 3526 1358 3594 quicunque
1395 3532 1499 3587 est,
1542 3522 1859 3595 apostolico,
1909 3527 1964 3574 et
2009 3518 2132 3572 rmi-

553 3636 711 3676 verso
741 3617 974 3683 senatui,
1007 3625 1310 3686 sanctamque
1333 3624 1390 3670 et
1418 3615 1691 3670 canonicze
1716 3612 1848 3682 legis
1874 3610 2131 3666 latoribus

553 3711 848 3774 universis,
876 3709 1004 3763 hinc
1049 3707 1264 3761 denmm
1311 3714 1500 3760 sancto
1542 3703 1707 3760 ρωιυί
1747 3703 1986 3777 omnium
2031 3701 2132 3756 sub

549 3799 814 3855 catholica
847 3798 950 3851 fide
977 3795 1306 3864 degentium,
1337 3793 1520 3848 clerus
1566 3791 1745 3847 omnis
1788 3800 1992 3846 sancta:
2029 3791 2134 3846 Ve-

556 3889 805 3945 ronensis
845 3886 1098 3942 Ecclesia:
1145 3885 1338 3939 debitae
1391 3883 1690 3938 devotionis
1734 3882 2072 3952 obsequium.
2109 3900 2128 3933 ι

560 3981 738 4037 Verba
773 3998 792 4030 ι
820 3977 1046 4031 Domino
1067 3985 1268 4029 sancta:
1309 3974 1562 4029 Romanae
1609 3973 1773 4037 sedis,
1828 3975 2134 4042 quicunque

555 4079 668 4134 est,
697 4066 1010 4138 apostolico,
1049 4085 1068 4117 ι
1100 4063 1231 4118 illud
1278 4073 1486 4133 tempus
1529 4062 1785 4127 indicant,
1841 4077 1965 4131 quo,
2012 4075 2134 4116 cum

557 4157 630 4211 de
659 4154 973 4225 deponendo
1005 4151 1210 4208 Joanne
1238 4150 1330 4204 Xll
1355 4159 1627 4220 ageretur,
1649 4150 1936 4206 Ratherins
1979 4150 2135 4221 igno-

557 4248 740 4313 rabat,
767 4253 896 4300 num
927 4244 1066 4298 idem
1101 4241 1358 4308 Joannes,
1407 4240 1535 4294 dum
1577 4241 1693 4295 haec
1746 4240 2032 4305 scriberet,
2068 4255 2135 4293 an

560 4351 693 4391 vero
717 4336 854 4390 alius
887 4332 1182 4388 Romanam
1228 4329 1542 4386 cathedram
1590 4328 1877 4384 obtineret.
1926 4328 2136 4382 Rumor

2229 3175 2518 3230 Ratberius
2559 3175 2796 3229 insinuat
2823 3174 2986 3245 (quod
3030 3175 3157 3228 item
3195 3174 3391 3246 ingerit
3431 3175 3485 3228 in
3527 3173 3802 3244 Synodica

2229 3281 2378 3319 num.
2411 3264 2498 3333 10)
2525 3280 2626 3318 non
2655 3265 2836 3318 minus
2859 3263 2910 3318 in
2942 3263 3260 3328 minoribus,
3285 3279 3447 3334 quant
3495 3263 3547 3317 iu
3589 3263 3810 3331 majori-

2229 3353 2330 3409 bus
2363 3354 2582 3409 litaniis.
2609 3353 2778 3425 Hujus
2823 3363 3000 3408 autem
3036 3353 3245 3422 jcjunii,
3298 3353 3440 3423 quod
3475 3368 3504 3407 a
3548 3354 3652 3408 ritu
3704 3355 3811 3408 Ro-

2230 3462 2403 3500 mana:
2429 3447 2728 3515 pratsertim
2765 3445 3016 3500 Ecclesia:
3039 3436 3495 3515 quinquagesima:
3538 3445 3812 3514 paschalis

2233 3543 2470 3605 tempore
2492 3544 2609 3588 erat
2637 3534 2896 3596 alienum,
2924 3532 3225 3603 apologiam
3249 3533 3539 3602 quamdam
3596 3535 3699 3588 hoc
3755 3535 3809 3588 in

2231 3640 2480 3682 sermone
2541 3624 2752 3678 videtur
2799 3631 3058 3678 allexere.
3147 3623 3400 3677 Errorem
3449 3624 3810 3691 quorumdam

2231 3733 2531 3789 praecavere
2559 3717 2767 3780 nititur,
2790 3715 2880 3784 qui
2912 3715 3210 3784 baptizatos
3238 3728 3363 3769 cum
3412 3713 3521 3768 sola
3575 3714 3678 3768 fide
3717 3730 3808 3769 sa-

2232 3807 2398 3864 lutem
2426 3815 2810 3861 consecuturos
2847 3819 2912 3858 ex
2951 3805 3180 3872 quodam
3211 3803 3523 3875 e‘t'angclico
3554 3805 3806 3859 testimo-

2233 3896 2322 3949 nio
2347 3910 2631 3964 perperam
2660 3894 2930 3948 intellecto
2954 3895 3306 3948 confiderent.
3341 3895 3521 3949 Alium
3561 3911 3807 3952 errorem

2233 3984 2610 4040 nommllorum
2640 3984 2869 4038 evellere
2891 3983 3087 4047 studet,
3115 3984 3203 4053 qui
3233 3984 3547 4054 grandinem
3601 3994 3658 4038 et
3706 3983 3812 4037 ful-

2237 4075 2381 4130 mina
2416 4090 2446 4128 a
2471 4075 2682 4128 diabolo
2705 4081 2796 4128 aut
2836 4073 2992 4126 malis
3021 4073 3327 4127 hominibus
3379 4073 3592 4128 diabolo
3647 4075 3809 4128 mini-

2233 4173 2442 4218 strante
2506 4162 2748 4216 immissa
2810 4161 3231 4214 arbitrabantur.
3308 4161 3546 4216 Tandem
3603 4163 3814 4232 primus

2235 4266 2412 4306 sermo
2433 4249 2501 4305 de
2523 4248 2837 4304 Pentecoste
2869 4247 3086 4317 hujusce
3109 4247 3230 4304 festi
3259 4249 3623 4303 celebritatem
3669 4249 3814 4316 ejus-

2237 4357 2341 4411 que
2368 4341 2674 4397 celebrandi
2715 4341 2928 4393 modum
2958 4339 3195 4407 exponit.
3221 4338 3324 4394 Alii
3356 4355 3654 4402 sermones,
3678 4355 3815 4409 quos

555 4436 739 4481 autem
768 4425 832 4480 de
855 4424 1060 4480 Joanne
1090 4420 1511 4492 Xlldepouendo
1532 4435 1748 4489 serpere
1769 4420 1934 4491 cmpit
1961 4439 1978 4470 r
2004 4427 2121 4475 ante

2231 4408 2367 4486 edax
2392 4438 2600 4501 tempus
2633 4445 2735 4484 non
2755 4429 2976 4492 ademit,
3000 4428 3117 4480 aliis
3134 4429 3287 4482 annis
3301 4429 3604 4497 assignandi
3623 4408 3811 4484 erunt.

557 4517 854 4580 Cancrum,
887 4535 904 4567 ι
942 4516 993 4570 id
1020 4525 1101 4569 est
1123 4523 1248 4568 ante
1274 4515 1414 4568 diem
1458 4512 1520 4565 2|
1570 4511 1713 4567 Junii
1763 4528 1868 4582 qua
1917 4513 1996 4568 sol
2029 4530 2047 4564 ι
2079 4514 2132 4568 in

558 4609 826 4664 Cancrum
859 4625 880 4660 ι
914 4606 1234 4676 ingreditur,
1267 4605 1392 4658 anni
1419 4603 1545 4668 963,
1581 4612 1718 4658 teste
1749 4604 2128 4659 continuatorc

563 4697 882 4768 Liutprandi
929 4714 944 4750 :
993 4695 1265 4766 depositus
1312 4709 1440 4748 vero
1487 4693 1586 4748 fuit
1631 4695 1683 4747 in
1729 4693 2136 4764 pseudosynodo

565 4792 810 4847 Romana
833 4803 1016 4843 mense
1037 4785 1322 4842 Novembri
1349 4785 1472 4839 anni
1497 4785 1759 4855 ejusdem.
1793 4783 1947 4838 llunc
1981 4799 2134 4838 eum-

565 4885 688 4938 dem
719 4895 916 4936 anuum
938 4879 1256 4933 confirmant
1285 4877 1541 4932 Kalends:
1562 4876 1788 4948 Augusti
1820 4894 1833 4929 :
1866 4877 1950 4930 hzc
1977 4876 2138 4946 siqui-

561 4975 690 5032 ,dcm
721 4987 820 5028 nec
844 4969 1067 5027 Joannis
1108 4968 1202 5024 χιι
1233 4967 1565 5038 pontificatui
1614 4976 1937 5037 congruunt,
1994 4975 2139 5036 post-

575 5080 725 5086 .-.---...
757 5063 933 5086 --J-...
1001 5076 1027 5088 Α
1055 5075 1156 5088 Iul-ll
1205 5058 1374 5090 tua...”
1428 5059 1698 5092 ᾹΛηΛι-ἶιηο
1779 5057 2108 5094 νιιηηηονηνῖί

2304 4522 2392 4576 95.
2420 4520 2748 4590 Opusculum
2798 4522 2870 4574 De
2895 4520 3114 4589 proprio
3159 4519 3308 4586 lapsu
3354 4535 3452 4573 cur
3503 4521 3629 4574 huic
3671 4537 3815 4576 anno

2239 4613 2365 4676 965,
2397 4613 2478 4666 vel
2514 4609 2716 4666 ineunti
2769 4625 2913 4662 anno
2969 4609 3073 4663 964
3118 4609 3489 4662 ascribcndum
3543 4619 3814 4678 putemus,

2248 4702 2444 4757 videsis
2469 4711 2580 4755 not.
2618 4703 2641 4754 l
2676 4701 2726 4753 in
2747 4701 2981 4767 primum
3037 4713 3336 4751 sermonem
3389 4699 3455 4752 de
3507 4698 3821 4769 Quadragc-

2243 4790 2406 4844 sima.
2434 4789 2532 4842 llic
2561 4807 2579 4838 ‹
2612 4788 2867 4856 proprius
2906 4787 3084 4854 lapsus
3116 4805 3132 4835 ι
3164 4786 3356 4856 lingua:
3386 4786 3566 4856 lapsus
3596 4788 3716 4853 fuit,
3752 4791 3816 4842 de

2243 4893 2351 4948 quo
2383 4877 2524 4931 aliud
2553 4891 2762 4943 quoque
2803 4875 3118 4943 Opuseulum
3147 4885 3321 4929 exstat
3363 4877 3682 4947 iqscriptum
3741 4879 3815 4932 De

2241 4971 2417 5025 otioso
2439 4983 2705 5023 sermone.
2746 4967 2991 5035 Ejusdem
3021 4966 3198 5036 lapsus
3227 4967 3284 5021 fit
3313 4967 3475 5021 etiam
3515 4969 3719 5023 mentio
3758 4969 3810 5022 in

2242 5057 2521 5094 nnnlilnlic
2547 5055 2852 5094 nnnipnlnrst

2912 5069 3036 5094 nllm
3095 5058 3126 5094 ’7
3197 5056 3282 5094 “hi
3335 5056 3653 5094 “(uitari-nu

3707 5073 3815 5094 ηιιςῆ
