4038 5388
210 260 302 315 l0!

1216 250 1755 309 PROLEGOMENA.
1796 279 1867 291 --
1906 250 2234 307 RATHEltll
2280 252 2461 308 VITA.

3357 256 3460 311 101

207 373 607 443 morphitarum
657 370 876 422 haeresis
924 374 1108 420 renata
1156 367 1209 420 iu
1255 366 1474 422 dimcesi
1508 364 1787 420 \‘icentina
1819 380 2141 445 Amosyna,
2200 384 2262 423 ac
2316 369 2632 438 pcenitenua
2691 383 2811 423 cum
2862 368 3067 440 jejunio
3114 367 3468 447 copulantur.

208 464 509 522 Veronensi
557 462 803 523 ﬁnitima,
832 475 990 529 quam
1023 457 1318 513 confutavit
1360 456 1649 510 Ralherius
1674 470 1789 509 ser-

208 571 365 612 mone
414 571 451 608 ιι
503 553 660 606 valde
706 552 914 621 prolixo
944 552 1008 604 de
1050 549 1491 619 Quadragesima.
1538 566 1556 599 ι
1591 546 1793 601 Nudius

205 647 347 701 cuitu
380 646 598 707 tertius,
631 663 648 693 ι
678 642 847 711 inquit
877 656 1021 693 num.
1046 640 1135 704 29,
1170 656 1187 689 ι
1225 639 1442 709 quidam
1471 637 1793 691 nostratium

207 738 387 794 retulit
420 737 610 798 nobis,
663 734 1008 803 presbyteros
1036 728 1331 784 Vicentinre
1360 727 1647 793 dimcesis,
1696 742 1793 782 no-

207 840 345 881 stros
370 827 564 894 utique
592 824 793 877 vicinos
815 864 828 885 ,
857 831 1045 891 putare
1074 835 1393 890 corporeum
1426 820 1592 874 Deum
1622 834 1742 874 esse
1774 858 1789 882 ,

208 923 301 974 hac
331 920 602 987 siquidem
637 916 921 969 occasione
944 913 1215 977 inductus,
1249 914 1389 981 quod
1419 912 1469 966 in
1501 911 1795 981 Scripturis

206 1010 420 1078 legatur
490 1026 502 1058 :
560 1004 715 1059 Oculi
750 1004 958 1057 Domini
1001 1019 1156 1072 super
1181 1012 1376 1071 justas,
1410 1011 1457 1055 et
1489 1018 1643 1054 aures
1680 1000 1794 1069 ejus

206 1100 255 1149 in
284 1113 465 1165 preces
494 1110 676 1148 eorum
711 1090 883 1159 (Psal.
916 1107 1104 1151 xxxiii,
1137 1090 1259 1159 lii);
1311 1097 1365 1144 et
1410 1107 1423 1143 :
1478 1088 1666 1142 Manus
1693 1098 1797 1142 tua:

208 1186 442 1253 fecerunt
476 1201 559 1237 me
591 1182 761 1253 (Psal.
794 1198 957 1234 cxvm
978 1222 991 1243 ,
1030 1181 1146 1247 75);
1177 1190 1232 1232 et
1272 1195 1285 1231 :
1318 1178 1599 1232 Faciamus
1630 1180 1797 1231 Itami-

210 1292 321 1327 nem
350 1272 421 1325 ad
456 1274 735 1341 imaginem
766 1280 812 1324 et
848 1270 1245 1323 similitudinem
1294 1277 1521 1321 nostram
1560 1266 1711 1337 (Gen.
1757 1282 1793 1331 ι,

216 1364 342 1433 ‘26).
382 1382 399 1413 ι
428 1361 485 1415 Id
513 1377 636 1415 cum
660 1361 1015 1431 permovisset
1044 1358 1377 1427 episcopum,
1404 1356 1587 1410 habito
1625 1356 1675 1408 iu
1705 1372 1799 1425 po-

214 1456 340 1525 pulo
390 1467 660 1516 sermone,
692 1466 797 1520 quo
835 1450 966 1504 tanti
999 1449 1201 1503 erroris
1228 1448 1521 1518 periculum
1571 1464 1599 1501 a
1643 1464 1790 1501 com-

216 1546 384 1599 misso
416 1543 516 1596 sibi
549 1557 708 1612 grege
737 1548 978 1603 arceret,
1026 1537 1379 1608 deprehendit
1427 1537 1674 1591 eumdem
1723 1538 1796 1591 ita

212 1633 534 1705 quibusdam
583 1632 877 1694 inhaesisse,
924 1638 983 1683 ut
1027 1627 1308 1683 nonnullos
1337 1628 1497 1682 etiam
1528 1626 1800 1682 Veronen-

208 1742 291 1781 ses
338 1726 655 1779 sacerdotes
682 1732 992 1790 occuparet,
1022 1720 1111 1790 qui
1140 1720 1373 1790 episcopi
1400 1719 1659 1773 concione
1697 1734 1793 1771 au-
1824 1743 1867 1801 Β

208 1816 314 1868 dita
360 1815 837 1868 obmurmurantes
882 1811 1177 1865 dixerunt:
1228 1830 1244 1860 ι
1292 1809 1429 1876 Quid
1480 1807 1789 1879 faciemus?

210 1905 389 1973 Usque
422 1918 563 1956 nunc
595 1901 795 1971 aliquid
830 1900 1001 1953 visum
1031 1909 1114 1953 est
1165 1900 1318 1954 nobis
1370 1900 1435 1954 de
1486 1901 1594 1954 Deo
1624 1900 1785 1953 scire.

211 1997 366 2050 Modo
398 1997 610 2049 videtur
641 1994 825 2057 nobis,
873 1993 1013 2062 quod
1043 1992 1173 2045 nihil
1200 1993 1421 2046 omnino
1448 1994 1513 2046 sit
1546 1992 1714 2056 Deus,
1745 1991 1789 2045 si

207 2095 367 2157 caput
398 2102 501 2139 non
538 2086 719 2148 habet,
766 2084 952 2138 oculos
979 2099 1081 2136 non
1113 2084 1297 2145 habet,
1330 2098 1520 2136 manus
1545 2098 1649 2136 non
1689 2084 1786 2136 ha-

210 2172 329 2244 bet,
380 2183 544 2250 pedes
596 2196 700 2233 non
750 2179 929 2233 habet.
968 2198 986 2230 ι
1038 2178 1267 2231 Tantum
1319 2178 1500 2245 itaque
1547 2190 1789 2229 errorem

205 2271 364 2327 ollicii
397 2273 478 2326 sui
524 2287 647 2325 esse
692 2270 839 2323 duxit
874 2270 1035 2323 latius
1074 2267 1321 2322 refellere
1351 2268 1401 2321 in
1435 2267 1649 2320 laudato
1679 2282 1791 2319 ser-

209 2380 366 2419 mone
392 2363 629 2418 secundo
660 2364 725 2415 de
747 2361 1187 2430 Quadragcsitna,
1216 2360 1305 2430 qui
1332 2359 1409 2413 sic
1433 2358 1744 2412 inscribitur
1770 2374 1784 2412 :

214 2477 228 2507 ι
265 2458 458 2511 Sermo
492 2455 646 2508 valde
695 2454 933 2523 prolixus
978 2454 1043 2507 de
1078 2452 1496 2522 Quadragesima
1544 2451 1788 2505 Ralherii

209 2545 563 2608 Veronensis,
613 2543 698 2598 vel
728 2541 972 2598 ineliicax
1001 2558 1058 2596 se
1085 2542 1317 2605 vivente,
1368 2549 1427 2594 ut
1453 2549 1535 2594 est
1574 2540 1674 2593 sibi
1709 2540 1789 2592 vi-

210 2656 362 2704 sum,
394 2639 652 2707 garritus.
692 2656 709 2688 ι
744 2636 897 2690 llunc
927 2647 1230 2689 sermonem
1258 2632 1529 2701 pertinere
1555 2632 1621 2684 ad
1651 2631 1792 2697 Qua-

214 2730 578 2799 dragesimam
603 2727 727 2780 anni
758 2726 861 2781 964
897 2742 960 2780 ex
994 2735 1102 2778 not.
1136 2724 1156 2776 l
1194 2722 1529 2792 exploratum
1558 2720 1666 2774 lict.
1695 2719 1792 2775 llic

208 2835 409 2883 sermo,
464 2835 557 2873 seu
610 2820 789 2888 potius
822 2826 1086 2871 tractatus
1113 2814 1316 2868 divisus
1342 2813 1393 2866 in
1426 2812 1791 2882 paragraphos

208 2909 297 2973 bl,
330 2924 497 2962 unum
534 2917 619 2961 est
647 2923 714 2961 ex
747 2906 1129 2976 insignioribus
1158 2919 1223 2957 ac
1267 2902 1589 2971 perutilihus
1616 2902 1793 2970 operi-

210 3000 308 3052 bus
363 3012 485 3066 quze
545 2996 835 3049 Ratherius
877 2994 1109 3063 scripsit.
1160 2993 1369 3046 Etenim
1415 3006 1537 3046 cum
1595 2991 1791 3061 stylmn

214 3089 346 3143 satis
378 3088 607 3142 nitidum
643 3086 881 3156 praefert,
929 3094 1039 3138 tum
1078 3099 1206 3139 vero
1252 3092 1449 3153 praeter
1477 3082 1797 3137 confutatio-

212 3194 333 3233 nem
384 3176 608 3231 hteresis
674 3173 1349 3243 Anthr0pomorphitarum
1410 3172 1605 3225 multas
1658 3171 1790 3226 alias

208 3269 457 3339 egregias
506 3267 889 3321 instructiones
937 3266 1191 3320 continet.
1259 3264 1416 3318 Initio
1479 3263 1791 3333 perstringit

208 3359 474 3428 quosdam
502 3358 721 3421 abusus,
755 3356 951 3425 quibus
989 3355 1415 3424 quadragesimae
1445 3354 1787 3407 observantia

211 3446 568 3501 inﬁciebatur.
604 3444 727 3499 Illos
754 3445 1040 3514 vituperat,
1071 3443 1161 3511 qui
1193 3441 1401 3495 alterno
1429 3442 1513 3495 die
1537 3441 1784 3511 jejunan-

213 3550 327 3599 tes.
380 3546 438 3591 et
484 3536 692 3590 alterno
744 3535 977 3605 crapulae
1019 3544 1073 3587 et
1122 3533 1370 3587 ebrietati
1424 3532 1785 3601 indulgentes,

210 3630 683 3701 quadragesimam
725 3642 783 3681 se
811 3628 1101 3680 observare
1126 3624 1530 3687 existimabant,
1562 3637 1680 3675 cum
1713 3622 1788 3675 vi-

210 3722 343 3790 ginti
378 3729 581 3773 tantum
608 3717 797 3786 jejunii
829 3718 943 3770 dies
986 3716 1320 3777 vicesimam,
1360 3729 1463 3767 non
1497 3728 1627 3766 vero
1659 3729 1791 3781 qna-

214 3812 572 3881 dragesimam
608 3809 869 3862 facerent.
917 3807 1146 3875 Antiqua
1192 3804 1466 3874 jejunandi
1513 3802 1791 3871 disciplina

207 3902 317 3970 jam
356 3900 632 3968 mitigata,
686 3898 881 3952 licebat
908 3913 1048 3950 noua
1091 3896 1218 3950 hora
1264 3892 1527 3963 jejunium
1562 3892 1786 3946 solvere.

213 3992 441 4058 Quidam
474 4006 598 4044 vero
633 3991 735 4044 hac
758 4002 1012 4042 concessa
1044 3988 1174 4039 hora
1204 3985 1334 4038 nihil
1364 3992 1667 4046 sumentes,
1721 3998 1786 4036 eo

215 4083 321 4136 line
350 4082 417 4135 ad
447 4091 660 4135 noctem
691 4094 860 4149 usque
912 4078 1154 4147 quotidie
1191 4075 1519 4145 jejunabaut,
1552 4082 1609 4126 ut
1646 4094 1661 4123 ι
1700 4089 1793 4126 ηο-

213 4180 297 4226 cle
346 4173 497 4242 quasi
546 4186 670 4226 cum
726 4170 941 4224 licentia
986 4178 1229 4223 ventrem
1276 4165 1513 4219 valerent
1556 4164 1793 4233 ingurgi-

216 4282 350 4323 tare.
398 4287 415 4318 ι
447 4266 592 4320 Alios
620 4262 818 4331 arguit,
847 4261 938 4330 qui
958 4257 1145 4328 jejunii
1176 4257 1415 4312 solvendi
1445 4260 1631 4313 horam
1659 4258 1793 4310 adeo

213 4356 610 4428 praeveniebant
638 4354 754 4422 ipso
786 4350 1024 4405 Sabbato
1054 4357 1259 4411 sancto,
1291 4357 1351 4401 ut
1374 4349 1503 4402 hora
1538 4349 1691 4401 tertia
1719 4347 1788 4400 ob

1966 456 2053 509 95.
2083 456 2283 511 Prwter
2312 459 2983 529 Anthropomorphitarum
3010 460 3198 514 haeresi
3308 478 3471 534 quam

1898 550 2055 604 latius
2084 562 2137 604 et
2167 552 2375 605 naviter
2409 551 2627 616 refellit,
2665 552 2829 605 alium
2878 552 3200 606 crassiorem
3230 568 3473 609 errorem

1898 641 1949 691 in
1988 641 2174 694 eodem
2222 656 2467 695 sermone
2514 642 2846 712 perstringit,
2895 656 3003 711 quo
3048 640 3107 696 S.
3158 642 3473 701 Michaelem

1896 732 2028 785 feria
2057 733 2291 785 secunda
2324 732 2545 786 missam
2574 742 2796 788 cantare
2822 734 3041 801 quidam
3072 734 3472 800 existimantes,

1896 819 2179 874 ecclesiam
2231 819 2348 888 ejus
2376 819 2562 873 eodem
2602 822 2687 875 die
2718 822 2893 890 potius
2920 836 3079 891 quam
3106 822 3226 877 aliis
3249 823 3475 878 visitare

1896 908 2141 979 religioni
2172 910 2455 963 ducebant.
2507 909 2673 964 Recta
2715 911 2840 966 licet
2872 920 2927 966 et
2972 928 3105 967 sana
3134 922 3276 969 esset
3305 915 3358 968 in
3390 914 3475 968 his

1897 999 2137 1055 Ratherii
2169 1002 2449 1063 doctrina;
2501 1002 2672 1057 vitare
2722 1013 2898 1057 tamen
2928 1019 3033 1058 non
3065 1006 3240 1073 potuit
3282 1021 3465 1075 repre-

1897 1091 2207 1145 hensionem
2242 1091 2640 1157 nonnullorum,
2666 1093 2756 1161 qui
2785 1092 2987 1162 aliquot
3016 1095 3319 1149 sententias
3344 1111 3471 1149 con-

1899 1189 1979 1233 tra
2027 1180 2647 1251 Anthmpomorphitas,
2696 1193 2750 1237 et
2796 1193 2985 1237 contra
3035 1185 3471 1254 superstitiosum

1898 1270 1956 1326 S.
1992 1270 2266 1327 Michaelis
2312 1273 2514 1328 cultum
2566 1274 2743 1328 minus
2774 1284 2922 1330 recte
2964 1275 3180 1332 fuerant
3208 1279 3463 1333 assecuti.

1898 1361 2081 1430 Itaque
2109 1377 2229 1416 sese
2260 1363 2456 1417 clarius
2481 1364 2754 1433 explicare
2785 1366 3191 1437 debuit,.idque
3214 1370 3470 1439 appendi-

1898 1453 1946 1506 ci
1977 1454 2319 1523 apologoticm
2353 1455 2591 1525 ejusdem
2622 1456 2888 1512 sermonis
2912 1472 3131 1514 causam
3160 1459 3329 1516 dedit.

1900 1572 1928 1644 §
1973 1573 2088 1649 μ’.
2135 1606 2205 1614 -
2242 1574 2397 1649 Liber
2436 1575 2819 1649 Ratherii_.'De
2864 1587 3155 1649 contemptu
3191 1597 3472 1636 canonum.

1974 1643 2309 1721 Quir-caussa
2338 1646 2531 1721 fuerint
2557 1646 3027 1721 scribendisAYitia
3058 1643 3103 1721 et
3147 1650 3338 1721 abusus
3381 1652 3473 1721 qui

1970 1717 2025 1767 in
2071 1714 2233 1787 clero-
2270 1715 2664 1787 g_rassabantur.
2731 1717 2805 1770 De
2846 1717 3125 1787 illegitimis
3170 1714 3476 1773 clericorum

1961 1780 2240 1853 ronjugiis‘.
2273 1780 2356 1839 De
2396 1787 2566 1839 minus
2594 1802 2743 1856 requa
2774 1780 3069 1841 reddituum
3106 1789 3479 1843 ecclesiastico-

1961 1870 2074 1926 tlum
2106 1856 2491 1920 distributione,
2524 1864 2572 1909 et
2614 1856 2765 1926 malis
2798 1857 2984 1910 exinde
3011 1858 3275 1926 profectis.
3312 1859 3478 1913 Nisus

1958 1921 2193 1977 Ratherii
2246 1932 2300 1976 ut
2340 1926 2619 1994 (nquiorem
2657 1921 3080 1979 distributionem
3107 1921 3395 1991 induceret,
3428 1938 3475 1981 et

1960 2003 2262 2060 potestatem
2318 1997 2672 2062 episcoporum
2725 1995 3007 2048 canonibus
3062 2008 3313 2050 asserlam
3365 2002 3475 2051 viu-

1961 2064 2179 2115 dicaret.
2224 2064 2492 2127 Quantum
2530 2065 2819 2117 obstiterint
2850 2066 3043 2130 clerici,
3075 2080 3119 2119 et
3153 2083 3265 2120 cur.

1959 2150 2046 2205 96.
2090 2151 2201 2204 Sub
2230 2161 2437 2220 tempus
2478 2152 2608 2219 (vid.
2665 2161 2777 2206 not.
2829 2153 2881 2206 in
2932 2153 3025 2208 lib.
3076 2153 3152 2207 De
3185 2163 3477 2224 contemptu

1890 2244 2033 2311 can.)
2073 2241 2499 2311 quadragesima:
2558 2242 2685 2296 anni
2749 2242 2853 2297 964
2894 2242 3038 2297 aliud
3091 2244 3299 2312 insigne
3343 2259 3477 2313 opus

1890 2334 2179 2389 Ratherius
2200 2334 2365 2389 edidit
2393 2334 2587 2402 duplici
2621 2332 2774 2389 titulo
2804 2334 3153 2403 inscriptum,
3185 2332 3475 2402 Perpendi-

1891 2425 2091 2490 culum,
2106 2439 2199 2478 seu
2226 2425 2300 2478 De
2324 2433 2634 2493 contemptu
2654 2438 2943 2480 canonum.
2963 2424 3034 2479 Ut
3057 2433 3277 2495 pateant
3300 2440 3477 2481 causa:

1891 2514 2049 2584 hujus
2093 2515 2304 2583 operis,
2354 2529 2461 2583 quo
2497 2514 2643 2569 vitiis
2682 2515 2734 2567 in
2784 2514 2927 2569 clero
2965 2515 3336 2585 grassantibus
3376 2516 3478 2571 ob-

1894 2604 2033 2657 viam
2069 2604 2167 2669 ire,
2201 2612 2254 2657 et
2287 2618 2567 2658 sacrorum
2599 2618 2865 2658 canonum
2894 2605 3291 2659 observantiam
3320 2620 3476 2660 revo-

1891 2708 2016 2747 care
2051 2693 2252 2748 studuit
2285 2692 2524 2764 [cxxm],
2553 2708 2639 2747 res
2666 2693 2825 2747 altius
2865 2695 3150 2762 repetenda
3181 2705 3283 2748 est.
3319 2695 3476 2748 Sem-

1889 2773 1987 2854 per
2020 2782 2130 2852 jam
2170 2784 2290 2838 inde
2328 2799 2357 2837 a
2398 2784 2478 2837 sui
2518 2783 2858 2853 episcopatus
2894 2783 3049 2837 initio
3094 2783 3237 2836 inter
3276 2782 3479 2839 Rathc-

1891 2876 2029 2929 rium
2077 2884 2124 2928 et
2161 2874 2387 2929 clericos
2428 2873 2766 2929 Veronenses
2796 2873 3076 2929 dissidium
3122 2873 3291 2941 viguit
3328 2873 3476 2945 (Dis-

1889 2964 2092 3028 cordia,
2143 2979 2197 3016 ιι.
2260 2964 2310 3029 l,
2352 2963 2431 3033 5),
2486 2962 2635 3033 quod
2680 2978 2749 3017 ex
2816 2964 3205 3018 scnteutiarum
3258 2964 3478 3018 dissidio

1823 3072 1867 3133 ρ
1897 3058 2157 3127 originem
2190 3056 2437 3110 duxerat.
2470 3056 2761 3126 EpiscopUS
2788 3055 2932 3110 enim
2964 3054 3017 3108 in
3053 3055 3221 3109 sacris
3257 3056 3481 3109 canoni-

1893 3151 1994 3205 bus
2027 3148 2295 3213 eruditus,
2332 3164 2453 3201 eum
2481 3165 2575 3203 eos
2600 3148 2841 3203 desertos
2864 3156 2920 3199 et
2949 3146 3219 3217 neglectos
3248 3146 3475 3210 videret,

1891 3256 2079 3297 eorum
2098 3240 2495 3295 observantiam
2515 3239 2810 3309 disciplinze
2831 3238 2949 3293 zelo
2971 3239 3179 3293 volebat
3200 3238 3473 3293 inducere.

1890 3333 2081 3389 Clerici
2104 3342 2324 3389 econtra
2350 3334 2547 3388 abusus
2568 3349 2597 3387 a
2623 3332 2903 3401 disciplina
2946 3346 3211 3386 canonum
3237 3331 3474 3386 maxime

1892 3422 2280 3486 abhorrentes,
2316 3424 2405 3492 qui
2457 3423 2618 3477 latius
2657 3422 2983 3478 inoleverant
3012 3463 3026 3487 ,
3073 3423 3478 3477 consuetudinis

1892 3515 2110 3567 nomine
2157 3515 2333 3569 licitos
2368 3515 2503 3579 rati,
2543 3515 2795 3584 episcopo
2825 3515 3109 3577 obsistere,
3150 3529 3218 3567 ne
3249 3529 3279 3567 a
3322 3514 3472 3577 suis,

1891 3610 1967 3661 uti
2021 3608 2325 3667 vocabant,
2380 3606 2858 3661 consuetudinibus
2908 3604 3322 3669 abducerentur,
3370 3620 3477 3659 non

1891 3699 2224 3753 desinebant.
2284 3696 2418 3750 llinc
2473 3698 2524 3749 in
2582 3695 2717 3750 libro
2766 3695 3080 3751 Discordite.
3132 3711 3280 3748 num.
3317 3695 3369 3757 l,
3418 3708 3487 3749 se'

1892 3805 2165 3858 nunquam
2200 3788 2437 3857 potuisse
2463 3787 2538 3840 ait
2562 3802 2682 3841 cum
2716 3786 2904 3840 iisdem
2933 3784 3145 3839 clericis
3170 3784 3307 3837 mire
3345 3798 3476 3837 con-

1892 3881 2149 3944 cordiam,
2192 3900 2209 3931 ‹
2247 3896 2369 3934 cum
2412 3880 2483 3933 illi
2516 3893 2730 3948 semper
2759 3876 3201 3932 consuetudinem
3232 3882 3479 3929 anteces-

1891 3989 2072 4028 sorum
2110 3972 2453 4043 pontiﬁcibus
2481 3970 2593 4026 suis
2626 3971 2961 4025 incessanter
2990 3967 3267 4023 rebellium
3294 4007 3309 4032 ,
3347 3982 3474 4021 san-

1890 4068 1991 4121 ctis
2029 4078 2083 4122 ct
2125 4082 2153 4119 a
2205 4065 2312 4119 Deo
2351 4063 2580 4119 decretis
2617 4062 2957 4132 prmtulerint
2997 4061 3293 4115 canonibus
3326 4072 3340 4111 :
3378 4071 3477 4128 ego

1892 4167 2105 4211 sanctos
2135 4166 2187 4210 et
2213 4172 2243 4209 a
2274 4156 2383 4211 Deo
2409 4155 2653 4208 decretos
2680 4167 2915 4207 canones
2945 4167 2973 4205 a
3002 4150 3215 4205 diabolo
3246 4148 3477 4203 inventis

1892 4245 2251 4317 praeferendos
2291 4244 2592 4315 putaverim
2624 4244 2829 4299 usibus.
2863 4262 2880 4295 ι
2922 4241 3185 4295 Maximus
3224 4238 3472 4311 quidem,

1892 4346 1947 4392 et
1990 4351 2017 4389 a
2068 4336 2238 4390 sacris
2282 4334 2580 4389 canonibus
2629 4332 2862 4386 maxime
2912 4330 3228 4399 reprobatus
3274 4328 3477 4381 abusus

212 4415 483 4518 crapulam
514 4454 569 4500 et
596 4415 917 4498 ebrietatem
950 4439 1175 4509 pedibus
1207 4446 1495 4502 nutarent;
1551 4452 1649 4491 nec
1681 4454 1784 4489 non
1820 4415 1865 4473 ί)
1894 4435 2012 4481 erat
2054 4426 2372 4481 clericorum
2411 4442 2428 4473 ι
2468 4422 2851 4518 mulierositas,
2890 4434 3133 4518 i-quamI
3158 4418 3263 4518 late
3289 4425 3479 4518 et-pu-

216 4540 351 4603 illos,
405 4538 497 4607 qui
527 4536 614 4590 die
644 4534 829 4589 C(ente
855 4530 1063 4586 Domini
1096 4540 1219 4583 ante
1249 4544 1445 4583 nonam
1478 4529 1670 4583 missas
1697 4544 1789 4582 ce—

212 4628 512 4692 lebrabant,
564 4624 759 4697 [cxxu]
792 4630 848 4677 et
896 4619 1123 4674 subinde
1164 4616 1425 4688 jejunium
1474 4616 1785 4681 solvebant;

214 4718 605 4784 nonnullasque
631 4713 904 4768 exstitisse
950 4709 1278 4772 subindicat,
1324 4707 1413 4776 qui
1442 4706 1787 4761 violationem

206 4807 386 4877 jejunii
434 4806 521 4860 bis
550 4805 761 4858 duobus
789 4802 979 4855 diebus
1024 4798 1207 4853 Coena:
1236 4797 1447 4850 Domini
1478 4805 1533 4850 et
1567 4794 1787 4850 Sabbati

212 4902 375 4957 sancti
403 4916 469 4955 ea
503 4898 712 4951 ratione
735 4894 1100 4950 excusandam
1129 4889 1409 4960 putabant,
1435 4890 1577 4958 quod
1607 4889 1658 4941 hi
1687 4889 1790 4941 duo

212 4996 319 5048 dies
350 4989 693 5060 compensari
723 4987 965 5041 dicerent
996 4985 1207 5039 duobus
1234 4981 1353 5034 aliis
1375 4978 1565 5050 jejunii
1599 4980 1789 5033 diebus

211 5082 637 5155 quadragesima:
687 5077 932 5145 adjectis,
973 5076 1226 5130 nimirum
1276 5079 1468 5139 quarta
1514 5080 1567 5124 ct
1601 5069 1788 5140 quinta

214 5176 339 5228 feria
370 5184 498 5226 ante
525 5172 759 5241 primam
794 5167 1123 5221 Dominicam
1155 5162 1603 5232 quadragesimae,
1658 5176 1781 5214 cum

216 5266 337 5318 olim
370 5284 388 5314 ι
427 5270 591 5333 caput
635 5258 824 5328 jejunii
855 5277 872 5308 ι
905 5274 933 5311 a
985 5258 1154 5329 prima
1194 5253 1471 5308 Dominica
1508 5252 1784 5321 inciperet.

221 5358 323 5388 Δις..
375 5368 538 5388 ..ιη-ιη
586 5352 692 5388 alia
725 5350 850 5388 vitia
879 5352 929 5388 in
959 5351 1263 5388 ini-montem.
1292 5346 1579 5388 irrnnnntin
1614 5350 1787 5388 nntat-

1896 4518 2033 4571 blice
2080 4526 2413 4587 grassantem
2464 4513 2515 4567 in
2569 4510 2843 4568 Discordia
2894 4510 2978 4564 his
3024 4508 3202 4563 verbis
3247 4506 3479 4577 explicat

1898 4626 2044 4663 num.
2088 4610 2190 4660 tu
2229 4606 2537 4661 Prohibitas
2569 4604 2715 4659 enim
2751 4602 2804 4656 in
2854 4600 3070 4655 Nicaena
3119 4597 3323 4669 synodo
3360 4612 3449 4649 mu

1898 4700 2054 4753 lieres
2075 4709 2180 4752 tam
2202 4694 2737 4758 consuetudinaliter,
2772 4700 2987 4760 tamque
3014 4688 3226 4759 publice
3255 4686 3472 4746 habere,

1897 4800 2007 4844 tam
2050 4786 2368 4859 parvipensa
2414 4784 2508 4838 Dei
2551 4793 2605 4838 et
2644 4781 2923 4839 hominum
2971 4776 3273 4832 rev'erentia
3302 4815 3315 4834 ,
3364 4772 3479 4841 ipso

1894 4896 2109 4951 quoque
2160 4878 2354 4933 timore
2406 4876 2665 4946 gehennae
2705 4870 2974 4924 intantum
3028 4862 3369 4936 posthabito,
3423 4864 3487 4909 ut

1890 4978 2081 5040 putent
2111 4968 2246 5023 adeo
2274 4965 2388 5022 tleri
2425 4978 2528 5018 non
2571 4960 2730 5017 modo
2772 4958 2965 5021 licere,
3005 4955 3095 5009 sed
3126 4951 3478 5040 etiamcpor-

1891 5035 2027 5127 tere,
2066 5067 2124 5113 ut
2148 5072 2305 5113 nemo
2340 5057 2444 5110 hoc
2471 5054 2650 5109 facere
2689 5048 2957 5113 devitans,
2984 5044 3242 5127 videatut:
3256 5035 3334 5089 eis
3358 5047 3483 5103 pes-

1890 5124 2027 5207 simo
2074 5147 2181 5211 illo,
2231 5144 2373 5217 quod
2403 5142 2692 5212 Apostolus
2730 5138 2784 5191 in
2828 5132 3068 5204 Epistola
3104 5128 3183 5217 ad
3211 5124 3482 5217 ltoniauos

1892 5246 2175 5302 memorat,
2208 5238 2412 5293 scelere
2439 5248 2596 5304 posse
2625 5241 2836 5291 carere,
2880 5239 2987 5279 non
3020 5218 3112 5273 tibi
3139 5215 3348 5304 videtur
3368 5211 3477 5265 dia-

1895 5336 2078 5388 bolum
2116 5303 2474 5384 invenisse'ti
2528 5319 2725 5381 Clerici
2774 5313 2983 5369 scilicet
3014 5310 3085 5362 ita
3120 5303 3318 5375 passim
3359 5314 3511 5377 mu-v
