4038 5388
562 244 667 304 106

1515 241 1915 304 RATHERIUS
1958 242 2386 303 VERONENSIS
2424 247 2818 309 EPISCOPUS.

3706 262 3806 320 104

558 382 786 459 expers,
812 388 1043 445 nefando
1071 401 1134 444 ac
1165 386 1398 458 pessimo
1424 385 1611 443 sceleri
1632 428 1645 452 ,
1672 385 1816 457 quod
1841 382 2138 442 detestatur
2166 355 2213 416 Α
2240 394 2387 433 num.
2438 380 2505 447 4,
2536 390 2726 439 auctor
2772 394 2957 443 noster
3006 388 3232 447 clericos
3277 400 3430 448 notat
3482 408 3501 447 ι
3533 397 3808 453 canonica:

555 480 845 561 Apostolus
862 522 878 548 ,
909 480 1227 539 deserviret.

623 571 713 629 97.
752 564 867 628 Hoc
890 571 1080 627 vitium
1124 579 1230 626 tam
1266 571 1376 627 late
1403 572 1703 639 obtinebat,
1731 580 1791 627 ut
1815 587 1881 627 eo
1910 587 2015 627 non
2047 587 2135 628 so-

552 661 665 718 lum
692 663 924 733 majores
948 673 1004 718 et
1023 662 1245 717 ditiores
1271 661 1478 728 clerici,
1510 662 1601 718 sed
1631 662 1864 717 minores
1890 662 2052 717 etiam
2079 671 2136 719 et

549 751 904 824 pauperiores
940 751 1266 809 laborarent.
1300 751 1532 823 Majores
1570 753 1786 823 quidem
1822 767 1885 807 ac
1912 752 2133 843 ditiores

550 852 809 900 notantur
852 850 993 913 part.
1048 842 1072 897 1
1114 843 1191 897 De
1211 850 1519 913 contemptu
1547 857 1838 907 canonum,
1868 839 2018 896 num.
2057 839 2128 907 4,

549 946 673 988 cum
703 946 798 988 eos
825 925 1126 1002 potioribus
1160 939 1217 986 et
1241 930 1591 1001 amplioribus
1625 928 1880 986 Ecclesia:
1911 928 2132 987 redditi-

502 1074 505 1077 .
546 1023 650 1078 bus
688 1023 885 1078 ditatus
918 1015 1026 1077 bac
1060 1018 1128 1077 de
1160 1036 1324 1078 causa
1357 1021 1498 1076 inter
1533 1030 1757 1077 czeteras
1787 1022 1981 1089 tradat,
2016 1039 2035 1073 ι
2068 1030 2128 1076 ut

546 1110 783 1173 habeant
818 1125 1056 1182 quoque,
1090 1109 1232 1166 unde
1275 1107 1399 1166 ﬁliis
1428 1126 1659 1176 uxores,
1697 1109 1907 1167 ﬁliabus
1945 1110 2130 1182 acqui-

546 1210 674 1256 rant
703 1199 941 1258 maritos.
973 1221 993 1254 ι
1039 1196 1272 1256 Minores
1299 1216 1429 1257 vero
1460 1209 1514 1257 et
1555 1201 1905 1273 pauperiores
1943 1200 2126 1259 clerici

544 1290 855 1346 indicantur
898 1291 949 1346 in
991 1289 1286 1356 Discordia,
1324 1307 1473 1346 num.
1506 1291 1558 1355 6,
1601 1293 1688 1347 ubi
1710 1302 1993 1363 postquam
2033 1308 2127 1350 eos

544 1380 612 1437 ad
642 1381 900 1437 mulieres
945 1380 1294 1437 dimittendas
1323 1381 1585 1452 imperiali
1616 1391 1884 1454 praecepto
1907 1383 2127 1439 adactos

541 1464 809 1543 prodidit,
852 1473 994 1527 hanc
1033 1486 1220 1525 eorum
1260 1472 1661 1527 excusationem
1707 1471 1918 1527 subdit:
1947 1471 2126 1554 (οη)-

539 1562 688 1618 nium
723 1575 859 1634 pene
886 1563 1163 1618 excusatio
1187 1562 1416 1630 exstitit,
1441 1578 1546 1618 non
1575 1578 1734 1634 posse
1755 1572 1976 1635 propter
2008 1563 2126 1619 ino-

536 1653 685 1724 piam
711 1654 815 1710 hoc
837 1653 945 1709 ullo
972 1654 1130 1709 modo
1161 1653 1306 1721 fieri;
1341 1654 1576 1725 potuisse
1603 1669 1733 1711 vero
1757 1650 2049 1725 utcunque,
2076 1655 2121 1711 si
2149 1696 2198 1757 Β

540 1746 867 1817 stipendium
894 1745 1103 1820 [cxxrv]
1134 1748 1373 1803 debitum
1400 1763 1468 1804 ex
1493 1748 1652 1825 rebus
1677 1748 1996 1806 habuissent
2020 1749 2121 1807 Ec-

540 1836 737 1893 clesiae.
772 1856 792 1891 ›
838 1835 1098 1893 Notanda:
1146 1852 1309 1894 voces
1355 1856 1375 1890 ι
1417 1840 1659 1895 omnium
1690 1859 1710 1894 ι
1743 1848 1799 1896 et
1843 1860 1860 1893 ι
1897 1846 2119 1912 propter

541 1926 801 1997 inopiam,
844 1948 864 1982 ι
910 1944 1031 1999 quae
1081 1944 1193 1985 rem
1230 1930 1643 2000 pauperioribus
1688 1931 1845 1988 valde
1873 1948 2117 1989 commu-

537 2032 661 2072 nem
726 2018 1032 2091 designaut.
1087 2019 1367 2087 Quatenus
1400 2031 1595 2078 autem
1655 2042 1673 2075 ι
1715 2023 1911 2094 impiae
1945 2043 1964 2076 ι
2020 2038 2118 2094 per

535 2107 790 2165 mulieres
862 2110 1267 2181 prospicerent,
1317 2112 1576 2183 explicari
1630 2124 1807 2184 potest
1863 2131 1931 2171 ex
1996 2116 2115 2186 epi-

536 2199 674 2255 stola
709 2200 871 2255 coaevi
917 2201 1156 2271 episcopi
1205 2202 1423 2259 Attonis
1467 2204 1826 2262 Vereellensis
1863 2207 1930 2262 ad
1956 2222 2114 2263 suum

533 2287 738 2345 clerum
765 2289 1028 2347 adversus
1070 2291 1298 2350 clericos
1344 2294 1742 2352 incontinentes
1768 2296 1788 2368 (
1812 2297 1897 2353 t.i
1927 2296 2109 2368 Spicil.

530 2377 760 2444 Aenum,
805 2392 861 2447 p.
910 2378 1060 2450 440).
1096 2398 1115 2431 ι
1153 2379 1291 2437 Sunt
1330 2382 1423 2451 qui
1459 2383 1527 2438 de
1569 2384 1892 2439 feminarum
1929 2395 2117 2447 contu-

532 2464 725 2520 berniu
752 2480 812 2521 se
836 2480 1100 2522 excusare
1122 2476 1390 2538 quaerunt,
1418 2468 1545 2524 dum
1571 2486 1725 2526 suam
1752 2473 1908 2542 quasi
1932 2487 2115 2530 neces-

532 2554 751 2609 sitatem
801 2564 1099 2625 exponunt.
1149 2556 1318 2612 Aiunt
1349 2558 1517 2626 enim,
1563 2559 1690 2629 quia
1719 2561 1822 2617 nisi
1872 2561 2111 2633 ipsarum

531 2643 784 2698 manibus
805 2651 1253 2709 sustentaremur,
1281 2646 1393 2702 iam
1418 2645 1584 2714 fame,
1607 2649 1693 2705 vel
1717 2651 1958 2707 nuditate
1982 2652 2113 2708 deli-

534 2748 807 2797 curemus.

599 2824 689 2881 98.
722 2825 962 2883 Dubitari
1004 2837 1210 2899 potest,
1257 2846 1385 2886 num
1437 2833 1557 2889 hzec
1611 2833 1951 2893 clericorum.
1988 2816 2111 2893 mu-

527 2916 799 2975 lierositas
851 2919 985 2977 adeo
1040 2923 1343 2978 communis
1390 2933 1447 2980 et
1500 2910 1737 2998 publica,
1785 2943 1904 2999 quae
1959 2926 2133 2985 licita

2237 467 2341 539 legi
2393 469 2857 545 adversos’usque
2906 476 2972 531 ad
3024 488 3245 548 nuptum
3292 482 3590 552 publicum.
3624 504 3644 539 ι
3680 482 3810 557 (Ne-

2234 566 2340 629 que
2390 560 2476 617 bis
2521 565 2903 621 contradicunt
2950 567 3041 622 illa
3094 572 3334 628 auctoris
3376 575 3541 629 verba
3590 574 3717 632 libri
3773 591 3808 631 v

2234 649 2677 723 Prteloquiorum,
2715 674 2861 714 num.
2903 660 2992 727 l8,
3034 661 3138 715 col.
3172 660 3293 731 155,
3338 679 3388 720 c.
3425 666 3622 735 quibus
3663 668 3809 724 inter

2232 742 2338 798 alia
2387 745 2701 802 discrimina
2751 748 3240 808 ecclesiasticorum
3281 770 3311 809 a
3359 755 3512 812 laicis
3556 765 3809 815 recenset

2231 831 2397 899 istud,
2451 854 2469 885 ι
2511 836 2653 921 (ιιιρά
2702 851 2809 892 non
2855 855 2886 894 a
2924 842 3098 907 nobis,
3158 852 3220 897 ut
3272 844 3341 899 ab
3384 845 3485 909 eis,
3532 847 3807 903 ducuntur

2230 936 2448 979 uxores.
2502 944 2521 978 ι
2572 924 2699 983 ﬂare
2726 929 2868 985 enim
2908 931 2976 986 ab
3009 934 3127 1001 ipso
3156 934 3356 1006 scripta
3388 934 3597 1008 jamdiu
3652 948 3802 1007 ante,

2228 1027 2296 1067 ex
2344 1020 2459 1071 toto
2506 1026 2758 1074 contextu
2806 1036 2909 1076 non
2958 1022 3264 1080 referuntur
3307 1028 3374 1082 ad
3420 1029 3674 1097 clericos,
3706 1034 3805 1088 sed

2228 1100 2295 1157 ad
2339 1105 2641 1177 episcopos,
2674 1109 2740 1164 de
2782 1124 3008 1179 quorum
3048 1115 3288 1172 moribus
3327 1117 3522 1174 ibidem
3567 1137 3636 1175 ex
3676 1136 3806 1192 pro-

2227 1194 2407 1265 posito
2446 1196 2685 1275 disserit.
2728 1198 2877 1256 Alias
2908 1217 3035 1259 vero
3080 1216 3236 1274 parte
3276 1209 3512 1265 secunda
3554 1210 3631 1266 De
3666 1228 3800 1268 con-

2229 1292 2432 1355 temptu
2461 1302 2746 1356 canonum,
2774 1306 2922 1347 num.
2975 1293 3032 1359 2,
3078 1295 3182 1350 col.
3230 1296 3356 1364 567,
3387 1314 3437 1354 c.
3468 1300 3557 1354 ubi
3594 1301 3708 1374 agit
3735 1306 3801 1359 de

2226 1375 2468 1432 moribus
2537 1376 2891 1446 clericorum,
2941 1397 3061 1437 cum
3113 1385 3255 1440 inter
3298 1388 3615 1445 discrimina
3668 1392 3799 1447 isto-
3845 1404 3852 1412 ’

2226 1477 2344 1518 rum
2387 1479 2419 1518 a
2466 1464 2654 1533 laicis,
2696 1467 2885 1525 iisdem
2936 1470 3050 1528 fere
3104 1471 3525 1547 Prteloquiorum
3570 1482 3796 1538 vocibus

2225 1551 2491 1619 referens,
2518 1571 2637 1625 qua:
2674 1558 2892 1615 clericis
2922 1572 3048 1618 sunt
3092 1579 3216 1619 cum
3244 1567 3513 1638 episcopis
3550 1585 3795 1627 commu-

2225 1642 2336 1708 nia,
2384 1644 2553 1713 istud,
2588 1665 2608 1700 ι
2638 1648 2781 1717 quod
2809 1663 2916 1705 non
2945 1651 3014 1708 ab
3043 1653 3196 1723 ipsis,
3226 1665 3283 1711 ut
3313 1672 3343 1712 a
3374 1658 3546 1725 laicis,
3576 1659 3793 1716 ducun-

2225 1745 2313 1793 tur
2346 1754 2573 1808 uxores,
2612 1761 2632 1796 ι
2686 1742 2888 1801 idcirco
2911 1746 3123 1804 videtur
3142 1751 3417 1819 omisisse,
3443 1756 3569 1826 quia
3594 1760 3796 1828 nuptize

2219 1844 2327 1884 non
2400 1829 2476 1886 ita
2542 1841 2701 1889 erant
2761 1851 2793 1892 a
2831 1834 3065 1907 clericis,
3118 1850 3178 1898 ut
3219 1847 3295 1909 ab,
3340 1847 3609 1919 episcopis
3651 1851 3790 1907 alie-

2218 1916 2357 1991 nas.)
2414 1918 2529 1977 Hoc
2588 1923 2770 1995 itaque
2827 1930 3024 1986 sazculo
3081 1932 3135 1988 in
3204 1916 3404 1994 nostris
3478 1916 3793 2012 regionibus

2218 2024 2326 2066 non
2365 2012 2594 2070 obscura
2638 2018 2877 2074 emicant
2933 2021 3088 2078 initia
3136 2026 3255 2097 ejus
3310 2032 3635 2101 corruptela:
3669 2049 3791 2104 quas

2217 2104 2465 2171 sequenti
2525 2107 2721 2164 saeculo
2785 2111 2958 2182 magis
3016 2114 3185 2172 multo
3245 2117 3535 2187 deferbuit,
3597 2124 3788 2179 multo.

2216 2205 2324 2283 que
2371 2193 2492 2249 nisu
2542 2197 2759 2254 defensa
2819 2201 2924 2257 fuit
2972 2218 3003 2258 a
3074 2207 3265 2265 multis
3328 2217 3790 2283 propugnantibus

2216 2279 2379 2337 licere
2438 2286 2687 2356 conjugia
2741 2289 3083 2348 clericorum.
3147 2294 3227 2351 lta
3292 2279 3457 2355 etiam
3502 2279 3614 2357 sub
3684 2305 3786 2360 hoc

2217 2377 2429 2441 tempus
2483 2391 2502 2424 ι
2549 2375 2650 2445 ipsi
2701 2376 2885 2434 clerici
2935 2382 3112 2453 palam
3168 2401 3366 2444 uxores
3407 2390 3711 2459 ducebant,
3764 2414 3785 2448 ι

2220 2459 2300 2513 uti
2353 2460 2582 2543 habetur
2626 2463 2945 2534 (MABILLON.
3013 2486 3063 2526 c.
3114 2473 3145 2526 7
3188 2475 3304 2531 Act.
3356 2476 3457 2534 SS.
3512 2479 3580 2536 0.
3626 2481 3696 2536 B.
3728 2498 3783 2554 p.

2212 2536 2432 2639 Sinin
2482 2551 2604 2607 Vita
2654 2553 2712 2609 s.
2746 2556 3021 2615 Adalberti
3076 2564 3312 2637 episcopi
3346 2567 3633 2639 Pragensis
3679 2536 3786 2630 sa;

2212 2638 2315 2693 culi
2339 2637 2524 2714 [ουν]
2550 2642 2741 2700 decimi
2769 2663 2918 2703 num.
2954 2651 3034 2715 ll,
3062 2668 3269 2710 necnon
3299 2658 3354 2712 in
3380 2637 3590 2731 Anglia,
3623 2669 3685 2716 ut
3706 2665 3788 2717 vi-

2212 2727 2339 2784 dere
2362 2739 2445 2785 est
2466 2734 2606 2802 apud
2635 2735 2948 2793 0rdericum
2968 2737 3218 2811 Vitalem,
3243 2745 3336 2802 lib.
3358 2762 3391 2800 v
3410 2727 3610 2805 Hister.
3634 2751 3784 2807 Eccl.

2209 2833 2333 2889 pag.
2362 2819 2486 2888 574,
2518 2823 2741 2896 ejusque
2786 2828 2863 2882 rei
2897 2829 3151 2887 indicium
3187 2845 3366 2891 exstat
3389 2839 3553 2893 etiam
3582 2842 3636 2894 in
3666 2842 3786 2897 Vita

2210 2908 2269 3000 ξ.
2303 2909 2606 2970 Etholvoldi
2646 2917 2880 2989 episcOpi
2902 2919 3291 2981 Wiutoniensis
3320 2941 3375 2980 n.
3406 2928 3470 2982 16
3504 2928 3783 3000 (ΜΑιιιιιη

529 3007 831 3063 habebatur
857 3049 873 3073 ,
924 3010 991 3066 de
1033 3010 1349 3069 concubinis
1374 3054 1391 3080 ,
1427 3030 1566 3085 quas
1608 3017 1724 3087 ipso
1765 2997 1946 3076 divino
1978 3018 2104 3090 jure
2131 3030 2175 3094 α
2206 2997 2303 3094 il?"
2324 3014 2384 3094 Pf
2417 3001 2562 3073 602%
2595 3004 2996 3064 Observandum
3030 3027 3158 3068 νθτο
3188 3024 3274 3069 εει
3315 3018 3432 3072 δεῖξε
3465 2997 3719 3090 εόιιὶυείε
3751 3037 3786 3076 ³

526 3097 830 3166 prohibitas
866 3099 1115 3169 ignorare
1157 3109 1368 3171 poterat
1405 3120 1582 3171 nemo,
1625 3108 1970 3179 intelligenda
2006 3112 2100 3167 sit.

528 3185 824 3244 Balberius
851 3189 1069 3259 quidem
1101 3210 1120 3244 ι
1152 3192 1459 3266 conjugium
1487 3216 1506 3249 ι
1536 3198 1908 3257 intercessisse
1939 3202 2106 3273 signi-

535 3273 684 3339 ficat,
714 3291 836 3332 cum
871 3277 925 3332 in
953 3277 1241 3345 Qualitatis
1267 3284 1602 3353 conjectura,
1641 3305 1791 3345 num.
1818 3290 1853 3345 2
1879 3291 2104 3349 clericos

527 3367 790 3439 ejusmodi
843 3371 1163 3429 mulieribus
1215 3372 1433 3442 iunctos
1485 3379 1735 3436 adulterii
1793 3396 2131 3450 accusans,.

534 3476 554 3510 ι
591 3457 801 3529 iilegale
857 3459 1162 3533 conjugium
1211 3465 1456 3521 nominat
1502 3469 1858 3537 adulterium;
1897 3492 1916 3524 ι
1961 3481 2015 3528 et
2046 3473 2100 3528 in

524 3547 890 3620 Apologetico,
923 3566 1071 3605 num.
1121 3552 1153 3605 7
1207 3553 1274 3609 de
1325 3554 1538 3612 clericis
1593 3561 1927 3630 monogamis
1977 3561 2054 3616 ait
2086 3578 2127 3615 ει

530 3654 552 3689 ι
587 3636 932 3693 Adulterium
986 3639 1259 3709 publicum
1309 3643 1438 3699 dum
1488 3645 1696 3717 illegale
1739 3649 1928 3719 utique
1972 3666 2104 3705 con-

519 3730 728 3804 iugium
775 3733 877 3799 sit;
928 3753 947 3786 ι
991 3743 1047 3789 et
1100 3736 1153 3789 in
1185 3736 1485 3806 Discordia,
1536 3756 1684 3796 num.
1712 3742 1780 3795 l:
1822 3761 1841 3793 ε
1878 3742 2103 3799 Adulter

523 3822 671 3877 enim
703 3823 862 3879 nobis
890 3831 994 3890 est,
1023 3825 1114 3894 qui
1164 3836 1352 3883 contra
1397 3843 1633 3886 canones
1670 3832 1897 3889 uxorius
1936 3842 2038 3889 est.
2074 3854 2093 3889 ι

523 3914 645 3968 Vox
697 3931 717 3964 ι
762 3913 987 3969 uxorius
1022 3932 1042 3967 ι
1091 3915 1398 3989 coniugium
1453 3935 1575 3976 cum
1628 3920 1855 3977 muliere
1907 3923 2100 3979 initum

522 4000 824 4071 praesumit.
875 4001 1013 4058 Hinc
1064 4005 1338 4062 decretum
1369 4008 1559 4080 synodi
1597 4008 1927 4066 Ravennatis
1964 4028 2099 4068 cou-

525 4102 611 4155 tra
657 4091 978 4149 clericorum
1036 4095 1483 4153 mulierositatem
1527 4106 1641 4154 tum
1692 4100 1922 4155 Romani
1964 4117 2103 4173 pon-

524 4179 686 4238 tiﬁcis
726 4183 1072 4250 auctoritate,
1104 4192 1219 4242 tum
1268 4186 1614 4257 imperatoris
1661 4200 1930 4262 praecepto
1983 4209 2102 4249 mu-

525 4270 721 4336 nitum,
767 4271 1059 4330 Ratherius
1085 4274 1141 4330 iu
1171 4274 1470 4346 Discordia,
1500 4295 1648 4334 num.
1691 4280 1744 4335 6.
1784 4279 1871 4337 his
1918 4282 2095 4339 verbis

2203 3090 2420 3149 clericis
2447 3096 2635 3152 saltem
2656 3098 2929 3171 plerisque
2973 3103 3103 3158 inita
3148 3114 3274 3161 ante
3314 3109 3535 3165 ordines
3567 3126 3787 3181 sacros,

2202 3181 2277 3237 ita
2308 3192 2482 3239 tamen
2516 3196 2574 3241 ut
2617 3191 2706 3258 qui
2758 3191 2839 3246 sic
2883 3194 3162 3251 duxissent
3198 3212 3395 3254 uxores
3448 3216 3554 3256 non
3606 3204 3787 3259 dimit-

2204 3280 2377 3329 terent
2407 3277 2631 3345 clerum,
2646 3282 2739 3336 sed
2764 3282 2816 3337 in
2836 3297 2901 3338 eo
2925 3298 3323 3356 permanerent,
3344 3300 3398 3346 et
3425 3291 3494 3346 ab
3520 3296 3785 3352 uxoribus

2202 3370 2541 3435 nequaquam
2579 3373 2831 3440 separati,
2877 3376 2944 3431 ad
2992 3393 3175 3435 sacros
3223 3382 3385 3436 etiam
3415 3385 3635 3440 ordines
3656 3403 3785 3456 pro-

2203 3470 2570 3515 movet-eatur.
2606 3462 2774 3534 Hujus
2827 3471 2902 3522 rei
2959 3474 3229 3542 prmeipua
3262 3477 3537 3539 ,videntur
3578 3480 3781 3537 indicia

2202 3548 2255 3603 iu
2318 3554 2575 3631 opusculo
2630 3552 2873 3613 Ratherii
2935 3562 3002 3617 de
3060 3563 3239 3635 Nuptu
3292 3566 3499 3624 illicito.
3540 3569 3781 3641 Nuptum

2202 3638 2469 3724 illicitum,
2496 3644 2645 3714 cujus
2675 3663 2836 3703 causa
2867 3651 2969 3706 hoc
3010 3656 3323 3724 opusculum
3362 3658 3598 3729 scripsit,
3627 3638 3785 3729 fuere

2202 3720 2401 3804 nuptiae
2453 3736 2729 3805 cujusdam
2782 3741 3004 3810 clerici,
3042 3720 3216 3816 quem
3270 3758 3426 3819 pater
3472 3720 3589 3820 ejus
3632 3724 3781 3811 item

2203 3825 2431 3883 clericus
2454 3844 2576 3883 cum
2608 3830 2788 3886 clerici
2811 3832 2921 3888 ﬁlia
2949 3838 3293 3894 matrimonio
3311 3840 3589 3910 junxerat.
3619 3843 3782 3899 Aliud

2201 3929 2416 3984 quoque
2457 3916 2680 3973 alterius
2720 3920 2907 3976 clerici
2933 3923 3240 3995 conjugium
3278 3936 3430 3998 patre
3451 3943 3782 3999 procurante

2202 4005 2392 4059 initum
2428 4005 2626 4063 ibidem
2651 4022 2933 4067 memorat.
2967 4014 3077 4071 Hos
3104 4028 3282 4074 autem
3314 4029 3369 4075 et
3397 4021 3531 4077 alios
3572 4023 3782 4081 similes

2201 4096 2428 4154 clericos
2454 4099 2684 4173 conjugii
2717 4118 2879 4160 causa
2919 4122 3024 4163 non
3066 4111 3304 4166 evasisse
3342 4111 3530 4180 laicos,
3573 4117 3668 4171 sed
3723 4116 3781 4171 in

2202 4186 2348 4242 clero
2373 4190 2673 4257 perstitisse
2703 4192 2929 4249 innuunt
2966 4194 3051 4252 illa
3083 4216 3230 4254 unm.
3262 4198 3320 4267 6,
3356 4202 3551 4272 quibus
3591 4214 3781 4260 noster

2201 4279 2487 4352 episcOpns
2527 4273 2769 4340 clericos.
2796 4286 3196 4347 incontinentes
3243 4292 3541 4362 alloquens,
3578 4314 3597 4347 ι
3634 4296 3781 4363 Quo-

522 4362 822 4432 expressit:
861 4383 880 4417 ι
924 4364 1059 4422 Cum
1113 4366 1180 4423 de
1228 4367 1545 4426 dimittenda
1577 4371 1966 4430 mulierositate
1989 4375 2098 4430 Au-
2123 4366 2177 4426 D
2201 4369 2364 4437 circa,
2405 4393 2424 4425 ι
2460 4375 2653 4444 inquit,
2710 4394 2728 4427 ι
2766 4381 3016 4435 monendi
3075 4390 3132 4436 et
3181 4384 3521 4453 obsecrandi,
3555 4386 3774 4455 fratres,

523 4455 748 4525 gustalis
776 4457 1105 4513 intonuisset
1127 4459 1389 4516 adversus
1434 4461 1556 4517 illos
1592 4462 1861 4530 voluntas,
1897 4485 1917 4519 ι
1964 4475 2101 4534 etc.,

522 4543 580 4598 in
633 4544 863 4613 epistola
911 4561 1043 4600 vero
1106 4546 1174 4601 ad
1220 4546 1563 4615 Nannonem.
1595 4569 1745 4609 num.
1796 4555 1832 4609 2
1884 4558 2102 4613 vocavit

529 4642 559 4681 ‹’
586 4630 911 4702 legationem
935 4632 1104 4702 ipsius
1125 4647 1276 4703 papae
1299 4634 1366 4690 de
1391 4638 1648 4697 uxoribus
1669 4643 2001 4703 dimittendis
2028 4666 2041 4703 :
2074 4668 2094 4702 ι

523 4718 599 4773 ita
640 4727 700 4774 ut
747 4720 888 4774 idem
943 4720 1013 4775 sit
1070 4721 1194 4777 «de
1234 4722 1549 4782 dimittenda
1610 4732 2024 4803 mulierositate,
2073 4758 2091 4791 ι

521 4823 589 4864 ac
623 4826 644 4861 ι
677 4809 745 4864 de
773 4810 1033 4865 uxoribus
1064 4811 1424 4870 dimittendis.
1464 4837 1482 4869 ι
1534 4817 1747 4878 Uxores
1799 4824 1964 4895 igitur
2001 4829 2100 4885 ba-

522 4895 812 4962 bebantur,
842 4913 963 4968 qua:
993 4913 1114 4954 cum
1138 4899 1353 4959 clericis
1387 4905 1769 4966 cohabitabant
1797 4913 2052 4972 mulieres
2081 4934 2095 4970 :

526 4984 689 5055 idque
728 4985 833 5040 etsi
879 4989 1177 5045 canonibus
1218 5001 1364 5048 esset
1412 4994 1795 5067 interdictum,
1835 5011 1891 5058 et
1942 4988 1968 5058 Vc
2012 5006 2097 5062 lex

525 5075 674 5131 nulla
714 5075 904 5132 altaris
955 5080 1217 5136 ministris
1265 5083 1541 5157 indulgeat
1581 5091 1830 5165 conjugia
1885 5096 2096 5167 (Itiner.

526 5179 584 5217 n.
657 5163 780 5232 15);
819 5184 837 5215 ι
906 5181 1067 5223 omne
1133 5177 1311 5227 tamen
1381 5163 1716 5246 lmjusmodi
1753 5163 2098 5244 interdictum

525 5252 917 5308 consuetudine
947 5256 1284 5328 abrogatum,
1332 5274 1387 5321 et
1425 5278 1651 5327 eatenus
1697 5272 1811 5331 haec
1848 5279 2096 5352 conjugia

504 5332 694 5388 dicere
741 5343 1130 5388 crednhnnlnr-
1182 5361 1234 5388 ne
1284 5356 1352 5388 ιι..
1400 5363 1760 5388 ..-Αληιη-.-η
1809 5369 1842 5388 1·
1946 5332 1967 5351 θ
2010 5332 2041 5352 ο
2090 5386 2093 5388 .

1182 5361 1234 5388 ﬂ.
1284 5356 1352 5388 :ln
1400 5363 1760 5388 Λ·Α,Ιι.1.--ι--..
1809 5369 1824 5388 I

2205 4469 2266 4514 ut
2287 4463 2412 4531 quia
2445 4465 2741 4534 prohiberi,
2776 4470 2910 4538 proh
2944 4469 3127 4526 dolor!
3178 4488 3209 4527 a
3241 4475 3555 4532 mulieribus
3582 4479 3779 4536 valetis

2203 4553 2349 4609 nullo
2376 4550 2570 4623 modo;
2609 4559 2746 4614 lilios
2790 4561 2856 4617 de
2904 4562 3055 4618 vobis
3098 4575 3382 4635 generatos
3429 4568 3776 4626 dimitteretis

2203 4645 2392 4701 saltem
2423 4663 2543 4704 esse
2582 4650 2768 4717 laicos,
2801 4652 2938 4708 tilias
2975 4655 3127 4711 laicis
3146 4654 3464 4729 jungerctis,
3506 4668 3565 4715 ut
3607 4662 3691 4716 vel
3722 4664 3775 4718 iu

2204 4735 2312 4791 line
2362 4738 2551 4792 saltem
2603 4748 2783 4795 vestro
2823 4744 3248 4811 terminaretur,
3299 4757 3355 4803 et
3402 4766 3668 4820 nusquam
3721 4753 3774 4807 in

2204 4827 2369 4882 ﬁnem
2417 4828 2595 4883 sceculi
2629 4830 2854 4887 duraret
2891 4834 3208 4889 adulterium
3257 4849 3516 4893 vestrum.
3556 4860 3575 4893 ι
3609 4843 3776 4897 Adul-

2206 4917 2397 4973 terium
2449 4918 2540 4984 hic
2594 4935 2809 4991 quoque
2867 4934 3025 4979 vocat
3070 4926 3389 4985 clericorum
3439 4932 3774 5004 conjugium.

2211 5026 2231 5059 ι
2263 5010 2535 5080 Nusquam
2570 5031 2588 5064 ι
2648 5027 2778 5069 vero
2831 5034 2849 5066 ι
2880 5015 2933 5071 in
2966 5014 3123 5072 ﬁnem
3152 5022 3330 5076 smculi
3364 5041 3384 5074 ι
3445 5023 3645 5078 durare
3681 5040 3775 5094 po-

2206 5101 2395 5157 tuisset
2432 5104 2752 5161 adulterium
2800 5121 2868 5161 ex
2917 5113 3228 5168 memoratis
3279 5116 3561 5187 conjugiis,
3600 5117 3645 5173 si
3678 5117 3773 5172 lilii

2202 5191 2382 5274 clerici
2438 5205 2563 5264 post
2618 5198 2924 5270 conjugium
2971 5203 3299 5262 excidissent
3352 5223 3382 5263 e
3424 5207 3593 5276 clero,
3623 5219 3679 5265 et
3718 5210 3773 5265 in

2202 5284 2462 5343 laicorum
2492 5290 2714 5360 gradum
2746 5295 3080 5351 transissent.
3125 5296 3249 5354 Ideo
3278 5309 3456 5357 autem
3495 5301 3550 5357 in
3574 5319 3776 5374 perpe-
