4038 5388
239 285 327 342 105

1216 293 1744 352 PROLEGOMENA.
1783 326 1852 336 -—-
1895 295 2218 352 RATIIERII
2255 295 2408 352 VITA

3355 299 3453 359 l06

231 413 340 470 ptos
380 413 525 455 eiero
568 400 925 466 addicerent,
973 413 1026 458 et
1087 407 1429 463 matrimonio
1476 410 1784 480 jungerent,
1814 412 1860 468 Α
1889 408 2240 464 ecclesiarum
2294 410 2543 464 omnibus
2587 408 2828 465 ecclesia:
2896 410 3124 478 clericis,
3170 415 3264 469 sed
3301 415 3456 485 juxta

232 490 569 560 sitt‘iiliterque
608 491 656 544 in
707 492 862 546 fntcnt
916 494 1094 549 surculi
1145 507 1421 553 contracta
1469 499 1784 554 clericorum

231 582 491 652 conjugia,
552 583 873 637 adulterium
936 597 1254 656 perpetuum
1308 591 1613 644 redderent.
1675 589 1786 643 Huc

231 672 486 741 pertinent
524 671 613 726 illa
661 671 898 741 ejusdem
940 678 1150 731 muneri
1185 696 1198 731 :
1252 698 1269 729 ι
1306 679 1439 733 Cum
1487 681 1784 750 presbyter,

230 777 308 821 aut
332 767 614 832 diaconus,
645 783 863 822 uxorem
892 769 1185 838 legitimam
1237 788 1339 826 non
1371 775 1541 843 possit
1592 773 1789 828 habere

229 859 266 912 si
301 857 458 910 lilium
512 859 581 912 de
611 859 724 928 ipsa
755 859 1130 926 fornicatione,
1161 861 1264 926 vel,
1293 864 1434 932 quod
1488 865 1638 934 pejus
1684 874 1785 930 est,

229 949 473 1003 adulterio
534 951 794 1019 genitum,
832 970 849 1002 ι
907 953 1131 1008 subaudi
1176 971 1194 1004 ι
1255 963 1309 1007 et
1360 957 1702 1011 matrimonio
1756 970 1787 1008 a

229 1047 361 1110 patre
376 1038 628 1106 junctum
663 1039 790 1095 facit
816 1043 1219 1113 presbyterum;
1251 1045 1336 1099 ille
1378 1045 1605 1100 alterunt
1636 1047 1702 1101 de
1730 1043 1795 1101 se

227 1130 458 1184 similiter
503 1131 747 1200 genitum
803 1131 932 1186 facit
980 1135 1358 1206 presbyterum
1395 1153 1410 1200 ;
1462 1136 1548 1191 ille
1594 1137 1786 1191 iterum

227 1235 395 1284 srntm;
439 1235 602 1274 suum
653 1221 789 1275 alter
821 1223 1049 1289 iterum;
1083 1225 1350 1293 pnllulans
1381 1227 1508 1282 illud
1534 1243 1701 1296 usque
1733 1229 1786 1283 in

227 1311 367 1363 linem
397 1309 586 1364 taliter
616 1310 960 1373 adulterium,
994 1313 1148 1381 cujus
1190 1327 1293 1379 ρει,
1348 1317 1455 1371 nisi
1509 1318 1648 1373 illius
1695 1318 1787 1388 qui

225 1399 335 1453 illud
355 1399 608 1469 primitus
633 1401 988 1456 seminavit?»
1017 1401 1259 1458 Notanda
1283 1406 1555 1462 distinctio
1583 1427 1600 1458 ι
1622 1407 1785 1462 lilium

224 1492 280 1546 de
325 1491 704 1556 fornicatione,
748 1493 848 1557 vel,
882 1496 1022 1564 quod
1055 1495 1205 1566 pejus
1254 1506 1355 1561 est,
1407 1499 1474 1551 de
1528 1499 1789 1554 adulterio

225 1581 463 1651 genitum.
491 1580 690 1634 Filium
715 1582 780 1635 de
797 1581 1174 1638 fornicatione)
1192 1601 1312 1640 eum
1335 1597 1524 1641 auctor
1537 1587 1786 1658 appellat,

222 1686 361 1739 quem
387 1670 621 1725 clericus
648 1687 710 1724 ex
747 1672 913 1726 libera
942 1674 1182 1740 muliere,
1216 1674 1423 1748 [εχει-ι]
1449 1693 1541 1732 seu
1591 1693 1789 1732 concu-

1887 502 2158 570 propriam
2191 502 2517 557 voluntatem
2545 503 2674 558 solis
2694 503 3010 559 diaconibus
3046 515 3100 560 et
3127 509 3455 580 presbyteris

1889 591 2107 655 debent,
2138 607 2256 660 qua:
2297 591 2591 648 Veronensi
2636 594 2877 650 ecclesiae
2929 595 3119 652 collata
3159 606 3318 664 sunt,
3361 615 3455 654 ce.

1888 683 2034 743 dere,
2058 703 2076 733 ι
2096 693 2201 737 etc.
2217 683 2414 738 Confer
2439 685 2601 738 etiam
2632 685 3034 756 Apologeticum
3054 687 3280 760 [cxxvu]
3304 705 3457 744 num.

1888 771 1939 824 7.
1976 772 2128 838 Quod
2166 791 2184 824 ι
2217 774 2344 828 solis
2370 775 2682 830 diacnnibns
2721 787 2776 830 et
2799 781 3129 848 presbyteris
3165 800 3183 832 ι
3221 782 3318 847 ait,
3345 796 3454 836 non

1889 861 1955 915 de
1982 863 2232 917 omnibus
2255 864 2566 920 diaconibus
2595 875 2649 919 et
2675 868 3001 938 presbyteris
3046 869 3456 939 intelligendum

1888 963 1989 1020 est,
2023 957 2113 1010 sed
2142 955 2208 1010 de
2233 954 2543 1023 majoribus,
2584 973 2718 1026 quos
2761 960 3039 1013 canonicos
3089 961 3457 1030 appellamus;

1888 1056 2043 1100 erant
2065 1046 2206 1100 enim
2233 1046 2318 1100 alii
2363 1047 2646 1102 inferiores
2669 1050 2990 1119 presbyteri,
3014 1051 3104 1119 qui
3132 1053 3183 1104 in
3210 1051 3459 1106 Judicato

1890 1133 2195 1188 indicantur
2245 1150 2530 1203 pauperes,
2578 1144 2632 1190 et
2688 1156 2706 1186 ι
2760 1137 3062 1206 presbyteri
3106 1138 3364 1208 capellani
3434 1157 3454 1190 ι

1891 1223 2235 1276 nominantur
2260 1241 2272 1275 :
2304 1223 2402 1277 hos
2430 1235 2608 1278 autem
2634 1233 2758 1277 ante
2787 1224 3192 1297 presbyteratus
3209 1227 3457 1283 ordinem

1890 1310 1943 1364 in
1988 1311 2273 1366 diaconatu
2304 1313 2611 1383 aliquandiu
2655 1315 2963 1370 constitisse
3014 1315 3147 1370 nihil
3181 1325 3265 1372 est
3307 1317 3463 1373 dubio

1891 1400 2130 1455 tandum.

1962 1492 2082 1547 lOU.
2113 1493 2236 1548 Hmc
2259 1495 2435 1550 minus
2461 1511 2613 1565 aequa
2638 1497 2941 1552 reddituum
2970 1499 3462 1555 ecclesiasticorum

1890 1583 2195 1639 distributio
2221 1585 2446 1640 aliorum
2471 1603 2683 1658 quoque
2706 1589 2982 1653 vitiorum,
3015 1605 3133 1658 qua:
3153 1599 3201 1645 et
3231 1589 3464 1658 majores

1889 1683 1944 1730 et
1973 1676 2254 1733 inferiores
2284 1680 2512 1735 clericos
2549 1682 2880 1746 inliciebant,
2920 1698 3138 1737 causam
3169 1685 3466 1752 przebuisse

222 1761 329 1813 bina
355 1761 723 1829 suscepisset;
756 1779 773 1811 ι
811 1763 878 1816 de
905 1763 1173 1818 adulterio
1194 1784 1212 1816 ι
1243 1775 1420 1818 autem
1449 1783 1595 1830 eum,
1624 1782 1781 1836 quem
1815 1766 1857 1825 Β
1888 1768 2115 1822 traditur
2145 1769 2242 1838 (De
2273 1783 2566 1840 contemptu
2591 1789 2731 1836 cum,
2770 1782 2908 1843 part.
2945 1789 2983 1838 ι,
3037 1789 3090 1826 ιι.
3120 1773 3195 1843 4).
3234 1772 3464 1841 Majores

222 1850 619 1919 suscepissetex
647 1851 840 1922 illegali
867 1853 1136 1924 conjugio,
1166 1858 1306 1924 quod
1329 1855 1574 1910 Ratberii
1607 1857 1782 1927 lingua

227 1940 586 1995 «adulterium
630 1961 648 1993 ι
715 1943 933 1996 dicitur.
996 1945 1165 1998 Erant
1213 1946 1375 2016 igitur
1429 1945 1634 2011 clerici,
1693 1949 1784 2017 qui

221 2032 530 2086 concubinas
573 2032 812 2098 alebant,
864 2035 1022 2090 erant
1066 2036 1154 2089 alii
1181 2039 1271 2106 qui
1315 2053 1532 2092 uxores.
1582 2037 1784 2093 Horum

223 2132 380 2177 autem
412 2123 503 2177 lilii
529 2124 644 2178 fere
673 2141 861 2181 omnes
884 2129 1114 2182 erantin
1142 2129 1344 2184 clerum
1373 2131 1616 2200 ascripti,
1653 2132 1786 2187 adeo

223 2215 340 2268 utin
373 2231 391 2265 ‹
424 2215 715 2270 ltinerario
775 2235 794 2268 ι
846 2233 994 2271 num.
1036 2219 1089 2284 5,
1120 2219 1211 2273 vix
1239 2220 1472 2290 aliquem
1504 2223 1784 2290 puerulum

223 2305 268 2358 in
293 2305 429 2360 clero
462 2307 744 2360 inventum
769 2308 833 2362 iri
861 2307 1108 2377 alIirmet,
1143 2312 1234 2379 qui
1277 2331 1296 2363 ‹
1337 2328 1634 2380 manzeres,
1680 2335 1698 2367 ι
1737 2316 1787 2370 id

220 2404 293 2449 est
325 2413 387 2450 ex
414 2396 798 2461 fornicatione,
827 2408 919 2453 aut
947 2400 1214 2456 adulterio
1240 2412 1400 2457 natus
1427 2419 1534 2458 non
1556 2414 1720 2459 esset.
1761 2426 1779 2458 ι

223 2483 271 2537 Si
303 2501 582 2542 manzeres
632 2486 948 2557 abjicerem,
981 2505 1139 2559 quem
1190 2505 1256 2545 ex
1303 2492 1491 2548 iisdem
1549 2495 1788 2564 puerulis

222 2585 352 2629 stare
387 2577 438 2630 in
463 2578 640 2631 choro
670 2579 1078 2647 permitterem?
1114 2600 1132 2632 ι
1164 2580 1364 2637 Omnes
1395 2582 1522 2637 item
1547 2585 1788 2653 exceptis

221 2667 440 2736 puerulis
461 2669 570 2722 hoc
586 2668 785 2738 illegali
806 2669 1054 2740 conjugio
1072 2671 1308 2727 irretitos
1331 2673 1503 2727 innuit
1524 2675 1784 2729 scribens.

225 2773 242 2806 ‹
274 2755 325 2810 Si
365 2759 704 2814 multinubos
753 2776 783 2814 a
824 2761 1082 2816 clericatu
1122 2763 1458 2832 repellerem,
1489 2779 1648 2834 quem
1685 2766 1788 2821 nisi

223 2849 456 2915 puerulos
500 2852 559 2904 in
597 2852 824 2906 ecclesia
862 2854 1269 2924 relinquerem?
1306 2875 1324 2906 ι
1375 2857 1504 2912 Esto
1548 2873 1644 2927 per
1691 2860 1788 2930 hy-

221 2941 479 3008 perbolen)
497 2953 565 2996 et
591 2944 1058 3013 exaggerationem
1084 2946 1378 3014 scripserit,
1409 2961 1476 3000 ex
1506 2947 1590 3001 his
1613 2958 1788 3002 tamen

221 3031 452 3087 omnibus
487 3034 681 3100 negari
719 3049 824 3087 non
863 3044 1037 3104 potest
1077 3036 1264 3090 vitium
1297 3035 1559 3106 ejusmodi
1591 3039 1788 3094 multos

223 3121 316 3176 imo
336 3121 629 3193 plerosque
658 3124 888 3180 clericos
909 3141 1220 3196 occupasse.

281 3212 363 3266 99.
393 3213 719 3268 lnferiorum
748 3215 1067 3270 clericorum
1091 3217 1493 3273 excusationem
1520 3238 1538 3271 ε
1575 3229 1794 3291 propter

223 3302 440 3371 inopiam
487 3324 506 3357 ι
551 3306 716 3376 paulo
746 3316 871 3360 ante
909 3308 1284 3363 indicavimus.
1333 3310 1484 3366 Alius
1539 3311 1790 3367 nimirum

223 3395 406 3451 abusus
449 3397 787 3462 increverat,
815 3413 923 3466 quo
967 3415 1090 3453 cum
1131 3399 1361 3467 majores
1394 3401 1574 3456 clerici
1605 3418 1793 3457 onmes

221 3482 324 3538 fere
351 3487 602 3542 ecclesia:
659 3488 904 3543 redditus
961 3490 1061 3544 sibi
1091 3491 1476 3556 vindicassent,
1513 3492 1794 3548 inferiores

227 3577 441 3630 maxima
467 3587 717 3647 egestate
738 3579 1136 3649 premebantur.
1167 3599 1186 3632 ‹
1214 3580 1390 3636 Causa
1430 3601 1449 3634 ι
1488 3583 1540 3636 id
1571 3593 1672 3648 est,
1708 3599 1793 3639 res

224 3675 269 3719 et
301 3667 431 3719 bona
471 3687 487 3717 ι
525 3667 744 3720 illorum
780 3685 798 3719 ι
831 3668 1147 3723 clericorum
1183 3671 1424 3726 ecclesiae
1463 3673 1794 3729 cathedralis

230 3775 245 3804 ι
276 3771 389 3810 cum
417 3759 528 3812 Deo
558 3759 734 3827 gratia
763 3774 868 3813 non
908 3761 1192 3816 mediocris
1222 3763 1314 3826 sit,
1347 3763 1420 3817 ita
1467 3780 1563 3833 per
1583 3779 1793 3820 massa-

225 3847 367 3902 ritias
401 3857 457 3903 et
511 3849 624 3902 alia
682 3847 986 3916 hujusmodi
1019 3859 1195 3905 exstat
1233 3853 1424 3917 divisa,
1465 3861 1522 3907 ut
1576 3854 1793 3923 quidam

227 3939 422 3992 illorum
471 3939 604 3994 inde
657 3941 946 4006 ditescant,
1000 3941 1283 3997 multitudo
1324 3958 1454 3998 vero
1483 3954 1796 4014 paupertate

225 4026 552 4098 languescat;
595 4038 653 4083 et
683 4031 840 4099 (proli
872 4030 1085 4100 nefas!)
1135 4033 1224 4101 qui
1281 4034 1454 4103 majus
1486 4035 1596 4090 Deo
1632 4036 1684 4090 in
1706 4051 1798 4092 ec—

227 4117 374 4172 clesia
395 4114 664 4175 exhibent
685 4121 986 4184 servilium,
1013 4132 1104 4176 aut
1127 4123 1278 4187 nihil,
1306 4134 1398 4177 aut
1414 4126 1676 4180 modicum
1709 4143 1799 4181 ac-

227 4209 442 4276 cipiant;
475 4211 570 4278 qui
605 4225 742 4279 pene
772 4209 904 4262 nihil
935 4210 998 4264 de
1026 4209 1290 4265 famulitio
1312 4228 1546 4282 unquam
1573 4216 1800 4270 actitant

228 4296 446 4364 Domini,
492 4301 799 4368 locupletes
847 4301 913 4356 de
951 4303 1113 4356 rebus
1159 4303 1541 4359 ecclesiasticis
1585 4306 1732 4359 fiant.
1773 4326 1792 4358 ο

229 4388 297 4442 lta
324 4391 372 4444 in
403 4389 692 4444 Discordia
732 4407 881 4444 num.
913 4392 963 4444 6.
995 4410 1013 4442 ι
1035 4392 1136 4446 Per
1163 4394 1496 4447 massaritias
1516 4415 1533 4446 ι
1562 4395 1800 4450 dividere

1887 1857 2030 1911 enim
2089 1859 2276 1925 ditali,
2333 1859 2550 1916 facilius
2611 1871 2804 1916 contra
2857 1861 3167 1930 episcopum
3215 1870 3466 1930 poterant

1887 1951 2172 2017 rebellare,
2208 1963 2260 2007 et
2311 1953 2381 2007 ita
2436 1954 2699 2010 dominari
2746 1954 3113 2016 inferioribus,
3157 1963 3217 2007 ut
3272 1969 3365 2008 eos
3409 1954 3467 2006 in

1886 2055 2012 2096 suas
2064 2053 2261 2112 partes,
2315 2059 2438 2098 cum
2497 2044 2713 2108 vellent,
2762 2044 2926 2098 etiam
2983 2058 3084 2113 per
3144 2051 3466 2113 potestatem

1887 2131 2075 2185 laieam
2104 2133 2447 2202 compellere,
2484 2143 2538 2188 et
2567 2135 2633 2187 ad
2673 2132 3049 2201 jusjurandum
3073 2133 3349 2186 fidelitatis
3374 2131 3462 2184 alii

1885 2223 2156 2291 episcopo,
2190 2239 2347 2291 quem
2404 2224 2777 2287 attraxissent,
2828 2222 3189 2291 pra'standum
3250 2235 3464 2289 cogere,

1887 2319 1958 2375 et,
1991 2313 2034 2365 si
2074 2328 2177 2365 non
2207 2312 2509 2378 obcdircnt,
2543 2313 2608 2366 de
2638 2313 2868 2368 ecclesia
2908 2313 3071 2367 etiam
3109 2310 3305 2378 ejicere
3337 2326 3464 2380 pos-

1889 2408 2027 2453 sent.
2087 2399 2375 2456 lnferiores
2425 2411 2603 2456 autem
2655 2417 2775 2456 cum
2829 2418 2934 2456 non
2992 2402 3272 2464 haberent,
3325 2402 3468 2454 unde

1889 2503 2125 2559 congrue
2153 2491 2416 2557 viverent,
2441 2499 2495 2546 et
2527 2492 2720 2546 studiis
2754 2490 3050 2560 officiisque
3079 2489 3468 2544 ecclesiasticis

1889 2592 2167 2646 vacarent,
2196 2580 2309 2635 haec
2340 2583 2590 2636 deserere
2626 2581 2706 2634 vel
2745 2580 3016 2651 negligere
3064 2595 3171 2633 non
3199 2579 3463 2633 vereban-

1893 2679 2009 2735 tur;
2037 2685 2102 2724 ex
2124 2685 2231 2740 quo
2259 2671 2410 2724 initia
2433 2672 2757 2741 deteguntur
2781 2680 2836 2724 et
2862 2686 3040 2724 causa:
3064 2685 3162 2723 cur
3197 2669 3466 2722 minorum

1890 2760 2136 2814 ordinum
2195 2759 2367 2814 cilicia
2433 2761 2701 2815 declinare
2743 2800 2758 2825 ,
2841 2774 2905 2812 ac
2962 2759 3165 2812 sensim
3233 2758 3469 2813 deficere

1890 2849 2173 2918 coeperint.
2227 2848 2414 2903 Tantis
2487 2849 2642 2903 malis
2721 2857 2780 2903 ut
2831 2849 3127 2904 remedium
3203 2848 3470 2917 prteberet

1890 2937 2192 3007 episcOpus,
2233 2938 2523 3007 aequiorem
2569 2937 2869 2992 reddituum
2907 2937 3352 2992 distributionem
3384 2939 3466 2990 in-

1893 3033 2190 3088 ducendam
2217 3034 2464 3088 credidit.
2497 3033 2554 3088 ld
2583 3049 2693 3088 suae
2722 3033 3009 3112 potestatis
3039 3047 3160 3087 esse
3181 3031 3468 3088 contende-

1811 3117 1862 3184 C
1893 3124 1985 3178 bat
2029 3139 2096 3178 ex
2143 3127 2312 3178 sacris
2364 3126 2678 3190 canonibus,
2721 3140 2856 3194 quos
2897 3125 2948 3176 in
2992 3124 3133 3178 hanc
3181 3138 3292 3177 rem
3341 3128 3468 3176 ante

1893 3231 2045 3270 suam
2106 3217 2395 3270 secundam
2457 3216 2827 3284 expulsionem
2891 3215 3166 3269 memoriae
3213 3212 3468 3281 iuvandae

1894 3319 2056 3360 causa
2085 3304 2404 3374 collegerat.
2439 3303 2624 3373 Neque
2663 3319 2792 3360 vero
2819 3319 2971 3358 mens
2995 3300 3109 3370 ejus
3133 3311 3253 3357 erat
3281 3301 3468 3356 cathe-

1892 3393 2056 3448 dralis
2083 3395 2326 3449 ecclesia:
2372 3394 2529 3448 bonis
2557 3395 2848 3463 quidquam
2897 3393 3204 3460 decerpere,
3237 3391 3465 3460 aliisque

1892 3485 2194 3550 vindicare;
2223 3487 2315 3538 sed
2345 3485 2396 3538 id
2418 3500 2580 3538 unum
2609 3483 2986 3552 prospiciebat,
3007 3490 3064 3535 ut
3084 3496 3204 3550 quae
3226 3481 3467 3550 ejusdem

1895 3578 2140 3632 ecclesia:
2192 3576 2337 3630 clero
2376 3575 2670 3646 generatim
2729 3573 2942 3626 fuerant
2985 3572 3199 3636 collata,
3243 3571 3470 3638 :equiori

1895 3668 2184 3738 partitione
2228 3665 2545 3735 congruenti
2603 3664 2840 3718 omnium
2907 3663 3168 3732 cujusque
3219 3661 3470 3716 ordinum

1895 3757 2213 3812 clericorum
2237 3755 2611 3810 sustentationi
2634 3753 2958 3819 sufﬁcerent,
2980 3769 3046 3808 ne
3068 3753 3280 3808 divinus
3295 3752 3474 3807 cultus

1896 3859 1951 3904 et
2000 3863 2156 3903 sacra
2208 3845 2379 3902 cilicia
2425 3846 2804 3901 detrimentum
2852 3855 3127 3914 caperent,
3167 3855 3224 3900 et
3260 3843 3350 3898 alii
3401 3845 3473 3898 ob

1897 3941 2119 3995 nimiam
2162 3954 2340 3993 rerum
2367 3936 2750 3991 abundantiam
2802 3946 2964 4005 atque
2995 3937 3289 4005 potentiam
3330 3936 3476 3990 inso-

1898 4031 2188 4094 lescerent,
2215 4029 2304 4082 alii
2348 4028 2417 4082 ob
2460 4028 2652 4097 inopia:
2693 4029 3060 4082 causationem
3094 4025 3476 4079 mulierositati

1899 4123 2196 4185 studerent,
2230 4135 2526 4188 omnesque
2575 4120 2627 4171 in
2675 4118 2871 4171 diversi
2921 4117 3133 4187 generis
3161 4117 3293 4170 vitia
3334 4116 3473 4170 dila-

1899 4211 2176 4267 berentur.
2203 4209 2347 4263 Nihil
2387 4210 2606 4279 justius,
2647 4216 2701 4261 et
2748 4207 2917 4262 sacris
2959 4207 3257 4262 canonibus
3306 4206 3478 4275 magis

1900 4317 2215 4370 consonum.
2251 4298 2386 4353 lluic
2412 4309 2587 4352 tamen
2616 4297 2922 4350 auctoritati
2954 4304 3008 4349 et
3044 4295 3284 4365 :equitati
3313 4295 3480 4349 Vero--

1902 4373 2097 4447 neiises
2139 4389 2322 4445 clerici
2375 4389 2789 4458 haudquaquam
2839 4386 3260 4456 acquiescentes,
3307 4387 3480 4442 solam

230 4478 357 4534 idem
395 4490 500 4547 est,
554 4496 622 4535 ac
666 4497 762 4549 per
807 4497 1012 4550 campos
1049 4492 1097 4535 et
1149 4482 1321 4536 vineas
1361 4482 1618 4545 dividere,
1657 4485 1798 4552 quod
1830 4483 1877 4540 D
1904 4486 1990 4540 cui
2033 4484 2422 4546 innitebantur,
2452 4481 2903 4548 praedecessorum
2935 4494 3154 4533 suorum
3194 4489 3484 4533 consuetu-

229 4569 642 4640 inazqualitatem
669 4570 827 4624 facile
857 4571 1062 4626 induxit
1084 4571 1178 4643 (γ.
1212 4581 1324 4626 not.
1355 4574 1408 4639 7,
1445 4573 1498 4627 in
1527 4575 1797 4647 Discant.)

230 4659 558 4718 l‘otentiores
577 4661 730 4716 enim
746 4669 801 4714 et
817 4658 1042 4727 majores
1055 4662 1241 4717 clerici
1263 4662 1446 4731 plures
1469 4678 1532 4718 ac
1553 4665 1802 4720 meliores

232 4767 435 4822 campos
463 4753 570 4809 sibi
597 4753 1022 4820 vindicaverant,
1063 4770 1130 4809 ex
1158 4754 1352 4824 quibus
1395 4758 1802 4824 pmbendarum

233 4844 564 4912 pinguiorum
613 4844 766 4912 origo
799 4843 1148 4912 dignoscitur.
1199 4844 1459 4900 Similiter
1509 4848 1561 4901 in
1617 4849 1804 4904 eodem

235 4948 383 5002 opere
426 4949 584 4988 num.
636 4933 690 4986 2.
744 4936 1091 5001 conqueritur
1132 4950 1146 4989 :
1196 4951 1215 4984 σ
1275 4934 1428 5000 Quod
1479 4938 1809 5007 generaliter

234 5028 471 5082 omnibus
497 5036 587 5082 est
602 5025 821 5080 clericis
835 5025 1154 5098 delegatum,
1174 5028 1252 5081 ita
1273 5027 1607 5096 inaequaliter
1632 5037 1688 5083 et
1712 5046 1810 5098 per

236 5122 562 5175 niassaritias
606 5118 884 5182 dividitur,
912 5129 970 5175 ut
1013 5123 1234 5192 quidam
1285 5119 1496 5173 illorum
1533 5121 1656 5175 inde
1679 5124 1810 5179 liant

737 5205 1130 5238 Inlllln|nl:nn:M:
1192 5207 1410 5238 IIII:I.-Iril

236 5221 289 5238 ον
324 5210 685 5238 ιιηιιηηηιοῖιιιῖο
737 5210 1130 5238 ΙΛιὶιιηΙηΙῖι-υηεωέ
1192 5210 1410 5238 ιιιιῖιιιινιι
1444 5211 1788 5238 ηπηιιῖηηιιξιη-

1907 4577 2088 4630 dinem
2111 4573 2475 4642 Opponebaut,
2503 4584 2728 4638 eamque
2755 4571 2947 4637 cuique
2968 4569 3228 4637 atquitati,
3252 4571 3477 4637 quibus-

1907 4686 2013 4741 que
2036 4666 2333 4724 canouibus
2352 4662 2751 4717 anteferendam
2781 4662 3062 4731 putabant.
3088 4663 3151 4714 Et
3177 4677 3280 4713 non
3312 4661 3483 4716 solum

1911 4761 2146 4832 majores
2186 4755 2367 4811 clerici
2397 4753 2612 4818 divites,
2639 4766 2822 4806 verum
2868 4751 3030 4804 etiam
3083 4751 3245 4818 (quod
3288 4749 3480 4802 mirum

1908 4849 2138 4914 accidet)
2165 4845 2448 4902 inferiores
2491 4856 2755 4914 pauperes
2801 4839 3201 4910 congruentiori
3241 4837 3315 4890 illi
3352 4835 3488 4889 divi-

1908 4945 2043 4999 sioni
2061 4939 2390 5001 reddituum,
2407 4933 2549 5004 quael
2565 4930 2789 5002 cxxvut]
2811 4931 2912 4984 sibi
2932 4929 3238 4999 profuisset,
3255 4926 3492 4978 maxime

1907 5035 2251 5093 obsistebant
2278 5029 2486 5086 duabus
2509 5028 2574 5083 de
2596 5023 2777 5080 causis
2807 5022 2927 5094 (lbi.
2952 5039 3003 5076 ιι.
3041 5023 3094 5084 4,
3124 5024 3178 5071 et
3215 5015 3491 5070 Discordia

1911 5143 1966 5180 ιι.
1997 5126 2050 5197 6)
2096 5144 2109 5177 :
2144 5121 2341 5191 prima,
2380 5127 2438 5169 ut
2465 5112 2800 5185 paupertatis
2846 5109 3129 5197 occasione
3172 5118 3230 5156 se
3277 5102 3492 5197 facilius

1913 5191 2127 5238 ..---'--..
2163 5225 2190 5238 ,ε
2219 5210 2400 5238 ,ιε-,ςηη
2435 5204 2656 5238 comma
2686 5201 3013 5238 autut-mmm-
3046 5194 3232 5238 altera.
3266 5191 3408 5238 nurui
3438 5205 3497 5238 se
