4038 5388
530 270 559 323 Ἰ
569 266 632 323 07

1497 266 1893 325 RATHERIUS
1931 262 2364 325 VERONENSIS
2400 265 2798 324 EPISCOPUS.

3680 264 3785 323 £08

526 379 631 451 (De
658 386 945 449 contemptu
965 394 1083 433 can.
1099 386 1241 448 part.
1264 377 1412 451 vix):
1436 398 1456 432 ι
1479 378 1593 435 sola
1613 378 1820 437 scilicet
1841 386 2107 449 potestate
2134 383 2181 441 Α
2209 391 2431 447 scopum
2483 378 2810 432 concitatum
2866 377 3107 444 vidisset,
3158 386 3368 447 tempus
3421 385 3785 448 opportunum

529 469 734 526 ordinis
772 469 870 538 ipsi
904 470 1187 538 permissa,
1209 480 1446 541 potestas
1465 470 1877 541 jurisdictionis,
1917 469 2102 525 distri-

527 561 732 626 butiva,
762 569 817 616 et
842 560 1164 619 vindicativa
1185 562 1406 617 omnino
1434 562 1847 631 impediebatur.

596 650 717 706 iOl.
747 649 1026 715 Canones,
1078 668 1212 721 quos
1273 661 1461 706 contra
1509 654 1674 708 hosce
1732 653 1931 706 abusus
1978 659 2102 705 ante

528 739 816 797 secundam
846 742 1213 811 expulsionem
1239 744 1549 813 collegerat,
1574 744 1942 801 inmemorato
1963 742 2102 797 libro

527 835 604 889 De
652 843 959 902 contemptu
1018 850 1283 889 canonum
1326 836 1427 889 sub
1473 834 1942 905 quadragesimam
1975 833 2099 888 anni

525 923 629 979 964
673 923 918 996 digessit,
962 932 1017 977 ct
1067 924 1252 978 edidit.
1303 922 1402 977 ilic
1455 923 1590 978 liber
1644 924 1696 977 in
1748 924 1881 978 duas
1919 931 2100 992 partes

524 1017 891 1089 disﬁnguitur.
923 1019 976 1073 In
1014 1019 1184 1088 prima
1224 1027 1349 1089 post
1391 1019 1554 1073 breve
1599 1018 1943 1087 prooemium,
1992 1031 2099 1086 quo

523 1111 793 1167 scribendi
837 1110 1176 1166 occasionem
1232 1111 1454 1175 indicat,
1508 1124 1742 1165 canones
1792 1117 1847 1163 et
1882 1110 2099 1165 decreta

521 1198 789 1268 producit,
820 1199 1016 1270 quibus
1057 1199 1311 1269 episcopo
1345 1214 1449 1252 non
1498 1198 1670 1253 solum
1710 1213 1889 1252 rerum
1941 1198 2098 1267 spiri-

520 1289 769 1345 tualium.
804 1291 897 1347 sed
929 1289 1304 1360 temporalium
1337 1290 1502 1344 etiam
1543 1288 1787 1344 ecclesiae
1833 1288 2096 1344 iuniorum

519 1397 651 1438 cura
671 1394 727 1438 et
757 1382 1087 1451 dispensatio
1118 1381 1513 1437 committitur:
1555 1397 1660 1451 qua
1705 1380 1748 1436 si
1780 1390 1986 1445 careat,
2042 1381 2096 1434 in

520 1472 655 1544 ipsis
679 1474 842 1529 rebus
864 1473 1235 1544 spiritualihus
1261 1473 1554 1539 modicum,
1594 1480 1689 1526 aut
1731 1470 1962 1526 nihilum
1996 1484 2095 1542 po-

517 1565 667 1621 terit.
688 1564 922 1632 Etenim,
950 1566 1149 1634 inquit,
1172 1580 1319 1619 num.
1343 1562 1398 1629 ι,
1422 1582 1447 1615 r
1469 1579 1592 1619 cum
1618 1563 1891 1618 rarissime
1912 1562 2099 1617 videas

516 1653 687 1725 gratis
702 1653 929 1722 aliquos,
954 1654 1049 1708 sed
1060 1662 1152 1707 aut
1170 1654 1378 1716 timore,
1394 1661 1485 1707 aut
1506 1652 1864 1708 confmderari
1877 1666 2093 1719 amore;

2202 465 2448 531 credidit,
2476 482 2583 535 quo
2605 466 2845 537 ejusdem
2879 466 3009 521 cieri
3054 467 3320 536 capitibus
3350 482 3535 524 secum
3572 469 3785 535 ascitis,

2201 558 2256 612 in
2299 573 2421 614 eum
2458 558 2662 628 aliquid
2704 557 2992 615 violentius
3018 566 3267 613 tentaret.
3310 558 3478 629 Hujus
3507 560 3770 630 conspira-

2202 648 2363 703 tionis
2393 648 2589 703 indicia
2622 649 3005 705 suboleverunt
3034 668 3052 700 ι
3086 649 3297 719 inclyta:
3328 649 3400 702 illi
3431 649 3573 714 duci,
3607 668 3627 701 ι
3668 666 3789 719 qua:

2200 738 2517 793 [lathcrium
2548 740 2749 794 idcirco
2778 741 2987 796 tuitioni
3012 741 3225 795 comitis
3254 742 3675 806 commendavit,
3710 740 3788 796 uti

2206 833 2439 886 traditur
2463 831 2515 886 in
2547 852 2564 883 ι
2599 833 2886 899 Qualitatis
2919 833 3228 901 conjectura
3261 852 3280 885 ι
3316 849 3463 887 num.
3499 833 3586 887 16.
3623 852 3644 884 ι
3680 833 3785 887 Hu-

2192 922 2492 991 iuscemodi
2544 924 2596 978 in
2646 940 2731 980 me
2781 924 2887 979 dux
2944 923 3141 995 inclyta
3174 924 3529 992 comperiens
3580 938 3782 985 mores.

2199 1017 2431 1087 indeque
2486 1017 2617 1071 mihi
2668 1016 2915 1072 inimicos
2965 1032 3061 1086 per
3102 1016 3311 1086 plures,
3355 1015 3787 1085 destitutumque

2198 1108 2494 1161 amicorum
2526 1107 2798 1176 pnusidio,
2843 1116 3027 1176 utpote
3068 1107 3354 1170 advenam,
3379 1105 3644 1169 omnium,
3692 1119 3787 1158 ve-

2200 1196 2303 1249 rita
2344 1210 2412 1250 ne
2461 1195 2615 1265 pejus
2663 1196 2825 1250 etiam
2867 1195 3000 1249 mihi
3036 1209 3198 1264 quam
3245 1193 3471 1263 contig't
3516 1191 3781 1260 eveniret,

2198 1286 2595 1340 commendavit
2628 1300 2712 1339 nte
2740 1285 2950 1339 tuitioni
2979 1284 3195 1339 comitis
3238 1300 3344 1337 non
3378 1282 3567 1353 ignoti.
3602 1302 3621 1336 ι
3656 1280 3784 1335 11ωο

2203 1394 2222 1426 α
2251 1376 2356 1429 dux
2412 1374 2611 1447 inclyta
2660 1393 2679 1426 ι
2735 1383 2855 1429 erat
2892 1373 3113 1429 Juilitba
3160 1373 3374 1429 Henrici
3423 1372 3464 1426 ll
3521 1370 3783 1440 ltajoaria:

2198 1465 2352 1520 ducis
2394 1474 2586 1530 mater,
2637 1478 2759 1534 quin
2805 1479 2926 1519 cum
2957 1462 3221 1534 Bajoaritc
3249 1463 3507 1517 ducatum
3540 1458 3704 1515 simul
3729 1467 3785 1512 ct

2199 1556 2493 1612 Marchiam
2539 1554 2906 1610 Veronensem
2957 1556 3049 1609 lilii
3088 1566 3252 1610 artate
3280 1554 3507 1609 minoris
3557 1552 3781 1609 nomine

2199 1648 2623 1711 administraret,
2662 1648 2765 1702 hoc
2811 1656 3049 1718 tempore
3095 1662 3200 1700 una
3247 1660 3370 1699 cum
3408 1644 3519 1698 [ilio
3551 1642 3781 1698 Verona:

515 1745 659 1803 unde
715 1755 770 1802 te
802 1746 1096 1810 verebitur,
1128 1746 1213 1801 cui
1271 1746 1406 1800 nihil
1455 1747 1601 1801 vales
1650 1744 1901 1800 auferre?
1951 1745 2095 1799 unde
2126 1728 2169 1786 Β
2195 1738 2441 1809 degebat.
2491 1737 2709 1793 Confer.
2742 1736 2771 1809 ς
2800 1738 2896 1802 12,
2937 1753 3086 1792 num.
3143 1736 3210 1791 76
3238 1745 3293 1793 et
3334 1736 3423 1791 77.
3472 1754 3490 1787 ι
3523 1735 3721 1791 Comes
3755 1754 3775 1787 ι

515 1837 738 1902 amabit,
793 1837 880 1891 cui
930 1836 1062 1891 nihil
1118 1845 1271 1906 potes
1330 1836 1614 1891 conferre?
1670 1856 1690 1890 ι
1746 1836 1865 1890 Alia
1925 1834 2093 1891 multa

516 1927 682 1991 addit,
709 1927 905 1997 quibus
921 1928 1025 1981 etsi
1049 1927 1118 1981 ob
1143 1927 1583 1992 iuvalescentem,
1607 1941 1768 1997 quem
1796 1927 2095 1995 exstirpare

514 2022 713 2085 studet,
742 2020 1136 2076 Veronensium
1158 2020 1480 2077 clericorum
1509 2021 1738 2075 abusum
1775 2034 1869 2074 eos
1895 2020 2096 2073 acriter

512 2120 568 2165 et
593 2111 855 2166 accrbiori
878 2111 1015 2184 stylo
1029 2112 1265 2183 exagitet
1285 2110 1379 2179 (V.
1413 2110 1744 2165 Discordiam
1765 2126 1821 2163 n.
1844 2109 1956 2179 5.);
1987 2125 2092 2164 non

513 2211 692 2258 tamen
719 2204 771 2259 vi
803 2212 858 2258 et
878 2214 1164 2273 prmeepto,
1184 2204 1278 2258 sed
1311 2202 1519 2257 ratione
1540 2211 1595 2257 et
1622 2202 1875 2256 suasione
1902 2201 2089 2255 utitur.

512 2292 731 2348 Transit
781 2296 849 2347 ad
897 2308 1162 2348 canonum
1202 2301 1592 2362 contemptum,
1621 2307 1783 2362 quem
1835 2299 1942 2346 tam
1986 2291 2094 2346 late

508 2393 695 2453 patere
720 2384 797 2438 ait
819 2382 1035 2448 unm.6,
1069 2402 1089 2434 ι
1121 2393 1180 2437 ιιι
1218 2384 1488 2438 nemiuem
1518 2383 1762 2437 invenire
1787 2398 1973 2438 eorum
1992 2397 2091 2437 va-

508 2473 646 2527 leam
679 2482 1008 2539 curatorem,
1050 2487 1080 2527 a
1121 2474 1384 2528 vilissimo
1434 2474 1619 2540 utique
1649 2472 1890 2528 ecclesiae
1920 2487 2091 2542 usque

508 2566 576 2619 ad
600 2565 1105 2635 praestantissimum
1140 2583 1185 2628 ι,
1207 2573 1312 2618 etc.
1342 2562 1498 2617 Tanti
1528 2571 1872 2633 contemptus
1895 2578 2091 2619 causas

507 2652 682 2710 fusius
707 2653 1070 2723 prosequitur,
1093 2668 1321 2721 quarum
1358 2653 1630 2723 prtecipua
1672 2663 1809 2716 erat,
1843 2668 1957 2716 eos,
1996 2652 2088 2723 qui

508 2759 778 2800 canonum
836 2743 1234 2797 observantiam
1286 2758 1604 2813 promovere
1631 2784 1647 2808 ,
1693 2752 1750 2798 et
1796 2743 2091 2798 violatores

506 2833 777 2889 debebant
828 2846 1212 2901 compescere,
1260 2834 1314 2886 in
1355 2848 1592 2887 canones
1638 2833 1783 2903 ipsos
1838 2848 2084 2901 peccare.

504 2925 728 2994 Aliquot
772 2923 1019 2993 exempla
1070 2923 1280 2986 inserit,
1330 2938 1450 2994 quae
1498 2924 1632 2980 cieri
1687 2924 2088 2995 corruptionem

506 3028 886 3085 canonumque
928 3022 1295 3084 contemptum
1354 3016 1651 3070 niaximum
1711 3023 1982 3070 astrnunt.
2012 3012 2085 3069 -ln

2196 1838 2375 1883 autem
2427 1843 2572 1881 «non
2602 1828 2829 1899 ,iguotus
2859 1846 2878 1879 ι
2928 1826 3222 1882 vocabatur
3271 1824 3473 1890 Bucco,
3524 1825 3626 1880 sub
3669 1840 3779 1893 quo

2194 1919 2312 1977 haec
2340 1923 2671 1993 conspiratio
2706 1921 2953 1991 contigit.
2988 1920 3124 1976 Vide
3146 1919 3430 1989 epistolam
3459 1918 3526 1973 l2
3562 1918 3781 1971 adAni-

2195 2012 2464 2077 brosium,
2527 2029 2677 2068 num.
2735 2012 2789 2066 5.
2838 2011 2937 2065 ilic
2990 2011 3228 2080 prirnum
3288 2008 3546 2063 Bathcrio
3602 2005 3780 2061 fuerat

2195 2104 2457 2168 infensus,
2483 2104 2619 2159 adeo
2643 2111 2703 2157 ut
2732 2103 2777 2157 is
2798 2117 2857 2157 se
2882 2102 2950 2156 ab
2974 2117 3040 2155 eo
3062 2100 3278 2155 liberari
3306 2108 3654 2169 percuperct;
3682 2097 3777 2151 εεξά

2195 2193 2500 2248 interventu
2565 2194 2795 2248 laudata:
2865 2190 3068 2265 [cus]
3128 2191 3281 2246 ducis
3336 2191 3543 2261 eidem.
3593 2188 3778 2245 favere

2193 2283 2359 2352 coepit
2380 2298 2442 2338 ac
2471 2293 2752 2354 propterea
2784 2282 2885 2352 ipsi
2918 2281 3102 2337 comiti
3142 2290 3327 2335 noster
3358 2280 3646 2351 episcopus
3676 2294 3774 2349 ap-

2193 2373 2324 2427 tavit
2352 2372 2440 2427 illa
2468 2370 2643 2428 Ovidii
2666 2370 2803 2443 (Ep.
2838 2386 2876 2425 ll
2902 2370 2971 2424 ad
2996 2367 3286 2439 Nannon.)
3318 2386 3331 2421 :

2314 2484 2495 2534 Probra
2529 2483 2868 2543 Theraphnetn
2889 2483 2973 2544 qui
2991 2482 3187 2532 dixerat
3210 2488 3325 2531 ante
3349 2482 3553 2541 maritis,

2376 2547 2484 2596 Mox
2521 2550 2697 2595 cecinit
2720 2545 2891 2594 laudes
2915 2545 3222 2608 proSperlore
3248 2546 3363 2607 lyra.

2194 2649 2260 2704 Et
2286 2649 2551 2704 rationem
2578 2649 2768 2704 addit:
2809 2667 2827 2700 ι
2850 2648 3140 2719 Postquam
3168 2647 3315 2701 enim
3351 2646 3418 2701 de
3443 2645 3552 2709 illo,
3586 2664 3606 2698 ι
3640 2646 3772 2700 mihi

2191 2742 2376 2810 utique
2418 2740 2649 2805 infenso,
2710 2759 2730 2792 ί
2759 2740 3046 2795 dixeram:
3082 2738 3183 2806 Qui
3233 2738 3482 2793 liberavit
3515 2736 3773 2791 lsraelem

2190 2833 2257 2886 de
2303 2846 2462 2884 manu
2516 2830 2837 2895 Pharaonis,
2897 2829 3090 2884 liberet
3140 2827 3458 2882 Ratbcrium
3501 2829 3568 2881 de
3607 2842 3773 2880 manu

2190 2920 2485 2987 Bucconis;
2543 2922 2671 2978 dum
2727 2921 2817 2977 ille
2866 2920 3114 2976 abiturus
3169 2919 3439 2974 meliorari
3494 2920 3774 2989 coepisset,

2176 3017 2328 3085 ccepi
2374 3026 2429 3072 et
2457 3031 2557 3087 ego
2583 3015 2763 3070 taliter
2806 3015 3067 3086 aggarire.
3105 3033 3125 3066 ι
3179 3014 3457 3082 Quatenus
3502 3023 3685 3066 autem
3728 3013 3776 3067 is

503 3114 663 3176 parte
725 3104 917 3169 altera,
968 3118 1088 3172 quae
1144 3102 1312 3157 multo
1367 3104 1584 3160 hrevior
1633 3113 1733 3169 est,
1763 3104 2082 3160 clericorum
2114 3077 2159 3135 Ο
2189 3107 2243 3161 in
2307 3106 2619 3162 memoratis
2681 3107 2945 3177 angustiis
2989 3104 3253 3161 Ratherio
3308 3104 3526 3168 faverit,
3586 3104 3776 3159 videa-

507 3194 974 3258 incontinentiam,
1005 3194 1167 3247 aliam
1204 3193 1528 3263 peculiarem
1556 3204 1905 3265 contemptus
1931 3211 2088 3255 canet

505 3284 659 3343 num‘
680 3301 898 3341 causam
930 3284 1169 3355 prail‘ert,
1211 3301 1276 3340 ex
1310 3300 1415 3354 qua
1452 3286 1614 3340 iidem
1645 3285 1825 3341 clerici
1853 3303 1885 3341 a
1934 3286 2088 3343 laicis

508 3378 747 3433 maximo
772 3376 1102 3445 contemptui
1121 3374 1472 3430 habebantur.
1503 3374 1794 3430 Sacrorum
1827 3377 2086 3432 librorum

507 3465 922 3521 auctoritatibus
949 3475 1004 3518 et
1033 3465 1192 3518 minis
1237 3465 1576 3533 potissimum
1605 3466 1794 3520 utitur.
1832 3465 2087 3528 Ubertus.

504 3560 572 3613 ad
614 3574 773 3629 quem
821 3557 924 3612 hoc
977 3571 1113 3627 opus
1160 3557 1361 3613 direxit
1408 3557 1649 3628 epistolae
1696 3560 1938 3624 nomine,
1969 3568 2087 3613 erat

502 3651 790 3720 episcopus
840 3648 1149 3704 Parmensis
1183 3646 1399 3703 Ottonis
1435 3649 1783 3719 imperatoris
1836 3649 2086 3714 intimus,

503 3742 596 3810 qui
633 3742 701 3794 ab
734 3739 924 3794 eodem
951 3741 1272 3797 comitatum
1299 3738 1539 3807 ejusdem
1571 3741 1812 3795 civitatis
1834 3741 2087 3796 obtinue-

506 3843 621 3897 rat;
640 3831 761 3885 dein
783 3845 910 3885 vero
923 3830 1461 3885 adarchicancollarii
1480 3833 1797 3903 dignitatem
1821 3834 2086 3888 ascendit.
2126 3885 2132 3892 .

508 3920 717 3995 [cxxu]
743 3923 792 3976 ls
820 3922 1088 3991 quondam
1126 3936 1156 3974 a
1186 3920 1446 3976 Rathcrio
1474 3924 1725 3991 petierat,
1751 3932 1812 3978 ut
1853 3924 2089 3993 aliquam

506 4029 746 4085 precem,
775 4028 894 4083 quae
936 4013 1033 4081 ipsi
1071 4011 1355 4067 familiaris
1388 4022 1557 4077 esset,
1607 4014 1674 4067 ad
1716 4028 1779 4068 se
1808 4015 2087 4082 dirigeret.

504 4104 662 4161 Nunc
705 4107 878 4161 cidem
925 4105 1323 4170 satisfacturos,
1367 4107 1419 4159 in
1478 4108 1584 4160 line
1631 4107 1800 4175 partis
1845 4108 2094 4161 secundae

510 4215 533 4249 ι
567 4195 846 4252 collectam
878 4215 898 4249 ι
935 4196 1193 4265 appendit
1229 4204 1545 4265 escerptam
1580 4212 1614 4250 e
1658 4196 1799 4251 libro
1840 4196 2092 4267 liturgieo

504 4286 644 4343 alius
666 4281 875 4352 Uberti,
898 4286 988 4356 qui
1015 4284 1324 4341 Parmensis
1347 4294 1467 4340 erat
1506 4286 1735 4349 amicus,
1772 4304 1792 4338 ι
1822 4297 1986 4357 atque
2023 4288 2092 4341 ad

2189 3214 2332 3253 "llis.

2261 3288 2383 3344 105.
2427 3288 2557 3343 Erat
2583 3289 2810 3343 Veronae
2838 3288 2892 3342 in
2935 3288 3181 3343 inferiori
3217 3295 3371 3356 parte
3407 3285 3523 3356 ejus
3549 3286 3772 3351 montis,

2192 3380 2245 3437 in
2267 3395 2373 3450 quo
2397 3395 2541 3435 nunc
2569 3379 2627 3436 S.
2660 3378 2801 3434 Petri
2837 3389 3072 3436 castrum
3098 3380 3260 3433 sitmn
3319 3386 3422 3441 est,
3457 3364 3769 3446 pmsidium

2190 3487 2290 3541 pro
2312 3488 2379 3528 eo
2409 3482 2650 3542 tempore
2683 3472 2818 3527 satis
2849 3480 3042 3537 tntum,
3071 3472 3213 3539 quod
3242 3489 3260 3522 ι
3281 3469 3545 3524 Palatium
3569 3487 3595 3521 ε»
3624 3468 3771 3523 dice-

2190 3565 2348 3619 batur
2376 3565 2392 3631 (
2421 3560 2481 3617 V.
2508 3563 2708 3628 Qualit.
2735 3563 2954 3631 conject.
2987 3579 3042 3617 n.
3070 3562 3156 3627 14,
3181 3573 3228 3616 et
3259 3571 3367 3615 not.
3392 3561 3431 3630 ).
3462 3560 3576 3614 Huc
3606 3570 3665 3612 ut
3688 3575 3776 3614 sc-

2190 3672 2249 3711 se
2278 3654 2567 3710 Ratherius
2608 3655 2895 3723 reciperet,
2937 3652 3115 3708 Bucco
3166 3653 3537 3707 mandaverat.
3570 3651 3771 3705 Verum

2189 3744 2524 3814 episcOpales
2553 3741 2698 3797 aedes
2729 3742 2815 3797 ille
2862 3742 3112 3798 deserere
3158 3740 3350 3795 noluit.
3373 3740 3430 3793 lu
3462 3740 3559 3793 has
3588 3740 3772 3808 itaque

2190 3845 2525 3891 armatorum
2561 3834 2790 3904 irruptio
2814 3832 2954 3888 facta
3003 3842 3109 3897 est,
3137 3849 3242 3901 qua
3268 3832 3554 3902 episcopus
3579 3842 3773 3901 captus

2190 3936 2245 3980 et
2311 3927 2573 3981 abductus
2624 3924 2745 3981 fuit.
2802 3923 3052 3980 Milonem
3114 3925 3442 3995 principuum
3491 3933 3766 3978 auctorem

2182 4016 2360 4071 ’l‘uisse
2406 4016 2576 4086 liquet
2621 4031 2686 4070 ex
2718 4017 2877 4086 epist.
2914 4017 2948 4073 8
2996 4016 3063 4072 ad
3117 4017 3365 4072 eumdem
3409 4016 3767 4084 iinpetitorem

2193 4123 2347 4161 suum
2366 4107 2588 4175 scripta.
2625 4126 2644 4157 ι
2675 4106 2759 4161 Me
2801 4106 3278 4177 comprehendisti,
3311 4106 3609 4169 adduxisti,
3641 4122 3769 4176 spo-

2192 4199 2356 4261 liasti,
2381 4199 2672 4254 exsulasti:
2706 4199 2772 4252 ad
2800 4200 3030 4254 dedecus
3052 4201 3165 4255 haec
3189 4200 3370 4253 omnia
3396 4208 3573 4253 tamen
3603 4199 3772 4269 impe-

2195 4292 2415 4355 ratoris,
2441 4300 2516 4355 et,
2550 4290 2680 4345 licet
2722 4290 3086 4355 dissimulent,
3134 4291 3330 4346 ducum
3361 4301 3708 4355 nostrorum,
3744 4310 3764 4342 ι

502 4395 593 4436 me
617 4421 633 4446 ,
693 4379 868 4450 inquit
899 4419 915 4445 ,
964 4379 1393 4450 persequendum
1431 4378 1633 4433 socius.
1670 4399 1688 4431 ι
1723 4378 1861 4434 Hinc
1913 4378 2086 4434 Uber-
2119 4416 2165 4474 D
2193 4382 2446 4435 nimirum
2476 4378 2709 4435 Juditha:
2728 4390 2784 4435 et
2804 4379 3021 4435 Henrici
3053 4380 3113 4435 ll.
3142 4379 3200 4434 In
3223 4380 3466 4434 eamdem
3488 4381 3772 4449 conspira-

503 4477 620 4522 tum
664 4467 1012 4524 Parmensem
1060 4467 1301 4522 Ratherii
1332 4467 1579 4523 hostibus
1623 4465 1822 4524 favisse
1851 4468 2088 4537 suspicio

503 4568 608 4614 est.
641 4558 762 4628 ipsa
786 4574 919 4614 vero
969 4577 990 4612 ι
1025 4558 1248 4615 collecta
1284 4578 1303 4611 ›
1351 4558 1405 4613 in
1436 4557 1610 4614 Missa:
1640 4558 1910 4615 sacriﬁcio
1951 4560 2088 4615 reci-

504 4652 693 4716 tanda,
720 4660 909 4707 contra
937 4666 1202 4706 canonum
1231 4650 1522 4707 violatores
1545 4659 1598 4707 et
1623 4660 1812 4707 contra
1833 4666 2089 4722 persecu-

505 4750 654 4797 tores
682 4749 961 4811 compacta
998 4741 1228 4796 videtur.

514 4900 542 4971 §
583 4900 716 4957 XVI.
750 4931 823 4942 --
860 4899 1077 4956 Ineunte
1114 4915 1251 4953 anno
1281 4898 1415 4971 965,
1448 4897 1725 4971 Rutherius
1764 4895 1958 4971 Milone
1998 4897 2083 4949 iu-

582 4989 761 5026 vasere
790 4981 972 5042 agente
999 4972 1243 5042 capitur:
1274 4968 1563 5042 Restitutus
1596 4966 1755 5036 paulo
1777 4976 1888 5042 post
1921 4968 2085 5018 inter-

584 5052 733 5095 ventu
755 5035 902 5094 ducis
926 5035 1181 5093 Juditliw.
1209 5038 1478 5093 Iudicium
1504 5048 1549 5092 et
1577 5035 1878 5104 compositio
1907 5044 2088 5087 contra

548 5111 830 5192 "rebelles:
855 5109 1066 5192 Quqnto
1104 5110 1159 5192 iis
1181 5109 1427 5190 periculo
1469 5107 1641 5194 ritilius
1678 5113 1992 5194 versaretur,
2038 5113 2086 5158 et

2190 4469 2391 4524 tionem
2449 4483 2641 4524 omnes
2690 4482 2830 4539 pene
2876 4469 3105 4524 clericos
3153 4469 3513 4533 consensisse,
3566 4470 3678 4524 imo
3718 4478 3774 4524 et

2187 4560 2491 4630 cmijunctis
2515 4560 2708 4615 studiis
2744 4562 2989 4615 eamdem
3021 4562 3359 4617 maehinatos
3387 4562 3438 4615 in
3483 4560 3772 4616 [tinet-ario

2190 4652 2380 4706 scribit
2431 4661 2579 4705 num.
2628 4649 2684 4703 ι.
2737 4668 2759 4701 α
2789 4650 2873 4704 Ab
2896 4650 3084 4705 eodem
3137 4651 3387 4708 invasere
3416 4669 3436 4704 ι
3494 4650 3767 4722 (Milone)

2196 4759 2217 4792 ι
2236 4741 2389 4795 vobis
2409 4755 2515 4795 non
2544 4740 2758 4810 penitus
2786 4739 2840 4793 in
2892 4747 3099 4795 tantum
3129 4739 3353 4808 ignaris,
3390 4753 3565 4807 neque
3591 4740 3771 4793 eidem

2190 4829 2504 4892 contrariis,
2554 4836 2615 4882 ut
2658 4827 2803 4882 inille
2854 4842 2960 4882 non
3011 4826 3309 4894 defuerint,
3358 4827 3449 4897 qui
3480 4842 3579 4883 vos
3634 4842 3771 4897 pene

2193 4935 2383 4976 omnes
2424 4920 2620 4975 nedum
2650 4919 3013 4984 consensisse,
3062 4919 3165 4974 hoc
3193 4919 3520 4974 crediderint
3554 4919 3766 4974 machi-

2193 5025 2377 5073 nasse,
2401 5017 2587 5077 postea
2632 5009 3101 5078 comprehensum,
3152 5008 3383 5077 pulsum,
3436 5008 3770 5075 injuriatum.

2194 5102 2583 5172 exspoliatum,
2639 5100 2895 5156 custodia:
2961 5100 3399 5171 mancipatum,i
3437 5109 3541 5157 etc.
3594 5099 3769 5156 Unum
