4038 5388
245 300 268 352 ’1
277 295 346 354 09

1241 293 1775 353 PROLEGOUENA.
1818 325 1887 336 —-
1924 293 2252 352 ιιΑτιιΕωι
2296 297 2472 356 VITA.

3405 311 3506 371 ne

245 418 337 463 attt
362 408 436 465 28
462 406 707 462 Januarii
738 421 824 460 an.
854 406 977 462 965.
1016 407 1161 462 Diem
1189 417 1436 462 astruunt
1466 407 1551 462 illa
1596 408 1647 461 in
1687 407 1833 472 Qua-
1864 412 1903 469 Α
1934 423 2093 476 quem
2123 410 2474 464 ecclesiarum
2509 414 2777 482 reparatio
2807 431 2903 486 per
2927 417 3040 473 haec
3067 427 3308 493 tempora
3350 433 3503 496 parti.

241 503 406 554 litatis
463 501 784 570 conjectura,
835 517 980 553 ntun.
1031 503 1110 555 6:
1151 520 1168 553 ι
1207 501 1340 555 Cum
1382 502 1570 556 fuisset
1617 512 1824 571 captus,

239 595 403 662 coepit
463 602 692 646 cantare
737 592 1123 647 stultissimus.
1170 594 1308 648 Ecce
1359 593 1500 663 quod
1545 594 1828 663 concupivi

236 683 342 753 jam
384 685 569 738 video.
607 682 832 736 Putabat
863 684 1028 746 enim,
1075 683 1292 748 fatetur,
1343 687 1482 752 quod
1514 695 1657 738 esset
1704 695 1830 738 tunc

241 783 455 850 penitus
515 783 896 850 cxpellendus;
953 793 1006 834 et
1036 783 1322 853 gaudebat,
1361 783 1501 850 quod
1555 782 1669 851 ipse
1721 798 1826 835 non

241 872 509 926 dimiserit
539 874 930 940 episcopatum,
961 874 1052 926 sed
1083 873 1428 943 episcopatus
1453 888 1572 925 eum
1603 889 1615 925 :
1643 882 1696 925 et
1725 873 1826 925 hac

240 973 355 1016 arte
420 965 660 1028 volebat,
718 975 776 1018 ut
841 966 1011 1028 dicit,
1065 974 1308 1033 repetere
1359 966 1769 1018 monasterium.
1805 986 1822 1015 ι

240 1054 413 1108 Verba
463 1074 482 1105 ι
509 1055 648 1108 Ecce
689 1057 830 1125 quod
879 1055 1159 1126 concupivi
1199 1055 1310 1123 jam
1341 1054 1538 1108 video»
1603 1065 1729 1109 sunt
1775 1057 1824 1109 iu

241 1147 538 1215 antipbona
589 1147 655 1200 ad
699 1147 1011 1200 Benedictus
1039 1148 1265 1200 duorum
1313 1145 1519 1217 [cum]
1566 1146 1825 1201 festorum

242 1237 294 1290 S.
325 1239 574 1308 Agnetis,
607 1240 840 1308 primum
887 1240 975 1293 die
1003 1239 1092 1303 2i,
1124 1240 1245 1292 dein
1272 1240 1343 1294 28
1373 1238 1636 1301 Januarii,
1665 1255 1825 1308 quam

241 1328 438 1381 idcirco
484 1339 738 1383 cantasse
767 1331 998 1392 videtur,
1025 1329 1151 1398 quia
1196 1328 1460 1384 alterutro
1509 1330 1595 1384 die
1639 1339 1829 1398 captus

240 1417 352 1470 fuit.
411 1419 682 1473 Similiter
728 1419 861 1472 alios
887 1435 1096 1483 versus,
1133 1429 1188 1474 et
1228 1421 1552 1489 antipbonas
1596 1421 1826 1482 dierum,

237 1509 324 1578 qui
350 1511 476 1563 dum
515 1510 783 1564 scriberet
811 1510 1193 1574 decurrebant,
1222 1525 1486 1580 usurpare
1525 1516 1825 1577 consuevit,

241 1607 295 1651 ut
373 1599 498 1653 aliis
553 1599 686 1654 locis
754 1599 1077 1654 videbimus.
1125 1601 1339 1654 Annum
1409 1616 1537 1654 vero
1583 1602 1687 1655 965
1744 1603 1826 1655 hi-

238 1689 412 1742 storia:
477 1701 807 1755 contextus,
877 1707 1036 1760 quem
1093 1692 1447 1761 sulijicimus,
1510 1693 1827 1763 comproba-

242 1783 334 1835 liii-

309 1871 426 1925 104.
471 1871 592 1925 Non
655 1873 824 1926 multo
883 1885 1006 1944 post
1079 1875 1373 1931 liatlicrius
1424 1877 1824 1946 «imperatoris

231 1959 542 2024 clementia,
576 1971 632 2015 et
661 1963 923 2016 subventu
969 1963 1434 2018 excellentissimis
1459 1964 1611 2019 ducis
1633 1984 1650 2015 ι
1676 1963 1825 2018 Judi-

243 2051 340 2104 tbze
377 2063 604 2121 ereptus
657 2062 712 2106 et
762 2054 1011 2108 reductus
1063 2053 1163 2107 fuit
1202 2054 1414 2125 (ltiner.
1461 2071 1515 2108 n.
1575 2054 1651 2124 4).
1710 2054 1823 2108 Non

234 2151 409 2194 tamen
425 2144 744 2212 conquievit
770 2143 1004 2210 rebellio,
1026 2145 1134 2199 imo
1149 2160 1207 2197 ea
1233 2146 1412 2214 erupit
1427 2146 1684 2214 apertius,
1703 2162 1822 2199 cum

242 2247 339 2284 non
370 2232 695 2286 liatherium
730 2242 938 2286 tantum
987 2235 1290 2303 impeteret,
1314 2251 1500 2288 verum
1543 2243 1600 2288 et
1650 2235 1822 2304 ipsum

241 2322 483 2376 comitem
527 2323 860 2387 Bucconem,
903 2324 993 2392 qui
1032 2323 1291 2378 Ratlierio
1339 2324 1820 2394 patrocinabatur:

243 2412 372 2465 unde
394 2420 587 2466 auctor
616 2414 670 2465 in
700 2414 857 2481 epist.
895 2415 961 2467 lii
987 2415 1053 2467 ad
1082 2415 1427 2468 Ambrosium
1453 2430 1598 2468 num.
1630 2416 1683 2478 5,
1711 2415 1820 2469 ait:

246 2521 263 2553 ι
296 2504 556 2560 Bucconis
587 2505 642 2558 in
684 2507 973 2573 pra-sentin
1001 2507 1462 2574 conspirationem
1491 2520 1654 2573 super
1675 2521 1822 2571 eum,

244 2609 422 2663 meque
447 2595 723 2650 fecerunt.
759 2615 777 2646 ι
820 2595 915 2649 llic
952 2612 1136 2651 comes
1164 2597 1484 2651 Ratherium
1516 2606 1824 2660 monuerat,

238 2685 496 2739 .nedomui
528 2687 852 2756 episcopali,
901 2689 954 2741 in
1005 2703 1112 2757 qua
1161 2697 1306 2742 tanta
1357 2687 1672 2756 pertulerat,
1706 2702 1825 2742 sese

244 2774 457 2843 amplius
496 2778 769 2841 crederet,
806 2779 898 2832 sed
928 2787 986 2830 ut
1020 2795 1038 2829 ‹
1092 2787 1300 2832 curtem
1337 2777 1499 2831 altam
1529 2777 1820 2848 (Qualiter.

237 2868 448 2935 conject.
478 2887 530 2920 n.
564 2868 655 2937 M)
703 2870 770 2923 ab
796 2871 1068 2939 episcopio
1097 2886 1200 2924 non
1231 2871 1385 2939 longe
1401 2871 1668 2935 dissitam,
1705 2887 1826 2941 qua:

245 2957 486 3010 munitior
513 2968 656 3021 erat,
685 2959 964 3014 incoleret.
991 2961 1176 3014 Paruit
1225 2961 1328 3021 ille,
1359 2974 1587 3030 eamque
1615 2977 1679 3014 ex
1709 2977 1827 3014 mu-

243 3049 346 3102 nita
386 3051 739 3105 munitiorem
784 3052 1035 3105 reddidit.
1086 3051 1378 3106 Crescente
1419 3051 1645 3106 tumultu
1679 3052 1816 3106 idem

1935 500 2116 566 nebat,
2154 503 2307 555 ocius
2332 503 2662 558 subveniret.
2700 506 2951 565 Porticus
2977 511 3296 584 intelligitur
3335 521 3509 575 cccle-

1933 589 2026 642 sia:
2063 591 2121 642 δ.
2147 591 2294 644 Petri
2331 593 2381 646 in
2411 604 2593 649 monte
2622 595 2808 666 (Ibid).
2842 598 2958 655 Huc
3004 601 3189 672 itaque
3216 604 3509 666 Ratberius

1933 678 2116 731 statim
2158 683 2421 744 ascendit,
2465 699 2527 737 ac
2567 688 2946 742 restaurationi
2981 706 3196 746 tuanum
3245 696 3508 764 admovxt,

1935 769 2303 838 porticusque,
2342 773 2494 841 cujus
2530 776 2768 844 reliquiae
2800 795 2941 834 nunc
2965 781 3160 837 ibidem
3190 801 3502 856 supersunt,

1933 857 2020 911 ille
2073 875 2191 914 esse
2247 864 2487 916 creditur
2535 881 2692 934 quem
2742 868 3031 927 Ratherius
3086 875 3294 930 refecit.
3353 881 3505 934 Hunc

1929 958 2110 1002 autem
2167 953 2336 1005 sancti
2399 953 2546 1008 Petri
2601 957 2786 1022 situm,
2832 961 2898 1012 ad
2944 977 3102 1030 quem
3163 981 3258 1033 per
3306 971 3508 1038 gradus

1931 1041 2344 1107 ascendebatur,
2384 1059 2494 1097 sme
2525 1047 2736 1102 tuitioni
2781 1063 3163 1118 opportunum,
3198 1072 3266 1110 ne
3297 1074 3327 1110 a
3372 1057 3507 1113 civi-

1935 1138 2041 1184 tate
2067 1141 2124 1186 et
2150 1135 2442 1188 cathedra“
2475 1137 2685 1206 longius
2708 1141 2940 1209 abesset,
2969 1146 3108 1200 haud
3151 1149 3503 1204 deserendum

1931 1223 2158 1289 putavit.
2185 1223 2392 1278 lnimici
2419 1227 2633 1294 quidem
2672 1229 2787 1296 ejus
2817 1233 2868 1285 in
2911 1237 3383 1303 reprehensionem
3415 1256 3507 1293 vo-

1931 1323 2144 1378 carunt,
2161 1317 2302 1384 quod
2317 1318 2646 1386 episcopales
2660 1323 2803 1376 aedes
2825 1340 2928 1378 non
2958 1337 3242 1396 repeteret.
3268 1329 3500 1385 Pravum
3592 1311 3600 1318 ”

1931 1411 2112 1456 autem
2139 1404 2351 1458 illorum
2379 1409 2664 1463 consilium
2706 1413 2964 1483 detegens
2990 1415 3042 1469 iu
3069 1415 3354 1482 Qualimtis
3380 1437 3504 1474 con-

1921 1490 2132 1560 jectura
2154 1509 2302 1547 num.
2331 1495 2426 1549 15:
2457 1515 2475 1546 ι
2503 1496 3013 1571 Tutemalignitatis,
3041 1507 3232 1577 inquit,
3259 1525 3326 1564 ne
3347 1511 3509 1566 silea-

1935 1591 2022 1634 tur
2058 1581 2312 1650 intentio,
2364 1587 2618 1644 maluisse
2678 1601 2730 1646 te
2791 1597 2992 1663 optimc
3034 1599 3168 1664 scio,
3223 1601 3317 1654 tali
3362 1607 3506 1671 quod

1932 1685 2181 1727 versarer
2232 1675 2285 1728 in
2335 1676 2473 1742 loco,
2522 1695 2589 1733 ex
2637 1697 2743 1751 quo
2793 1685 3026 1741 inimicis
3069 1704 3245 1744 essem
3289 1695 3502 1750 adibilis

1858 1762 1899 1820 Β
1930 1761 2082 1824 meis,
2109 1780 2284 1834 neque
2325 1775 2374 1820 te
2405 1769 2604 1833 dolere,
2638 1775 2780 1839 quod
2803 1776 3018 1830 domum
3047 1790 3352 1847 suspectam
3380 1783 3508 1836 reti--

1927 1855 2158 1921 queritn,
2197 1858 2290 1910 sed
2323 1861 2469 1927 quod
2514 1878 2598 1916 me
2629 1863 2680 1916 in
2725 1866 2917 1920 tutiore
2974 1868 3286 1924 locaveriin.
3313 1891 3330 1922 ι
3367 1873 3506 1928 lliuc

1929 1944 2103 2012 ipsum
2164 1948 2359 2003 ibidem
2411 1952 2754 2009 immoratum
2815 1958 3116 2015 videbimus
3177 1967 3242 2016 ad
3305 1980 3506 2019 annum

1929 2049 2098 2103 usque
2125 2035 2250 2102 968,
2291 2055 2397 2107 quo
2439 2043 2507 2096 ad
2554 2045 2896 2102 Ambrosium
2943 2052 3230 2120 epistolam
3269 2057 3502 2125 scripsit,

1928 2133 1982 2178 et
2011 2126 2239 2181 subinde
2267 2126 2528 2185 Veronam
2555 2135 2712 2204 plane
2734 2140 2993 2195 deseruit.

1999 2214 2121 2268 105.
2163 2215 2291 2272 Post
2315 2221 2511 2275 multas
2532 2223 2792 2291 ejusmodi
2817 2230 3217 2288 vicissitudines
3237 2237 3503 2305 judicium

1930 2308 2144 2361 tandem
2188 2310 2254 2364 de
2309 2313 2599 2370 rebellibus
2650 2317 2976 2374 institutum.
3023 2324 3128 2378 Sed
3185 2329 3286 2382 etsi
3340 2331 3504 2385 multa

1926 2399 2153 2453 crimina
2175 2414 2230 2455 et
2265 2405 2461 2459 damna
2518 2409 2872 2465 versabantur
2925 2413 2977 2468 in
3021 2430 3206 2481 causa,
3261 2424 3501 2476 omnium

1929 2495 2108 2542 tamen
2166 2495 2474 2559 cognitione
2540 2503 2902 2567 pranerntissa
2977 2505 3042 2558 de
3107 2522 3213 2561 uno
3267 2510 3506 2580 pcrjurio

1923 2587 2107 2632 actum
2154 2581 2277 2648 fuit,
2307 2600 2414 2653 quo
2461 2587 2514 2640 in
2561 2591 2936 2659 conjuratione
2971 2607 3159 2651 contra
3187 2613 3246 2652 se
3269 2603 3502 2656 excitata

1919 2670 2292 2741 jusjurandum
2345 2679 2653 2749 imperatori
2708 2688 3011 2753 praastituin
3072 2689 3255 2744 laesum
3306 2692 3504 2750 fuerat.

1931 2785 1950 2816 ε
1980 2767 2114 2821 Cum
2157 2773 2566 2840 comprehensio
2608 2779 2733 2844 mei,
2766 2799 2785 2829 ι
2819 2781 2993 2848 inquit
3039 2784 3092 2836 in
3123 2785 3309 2839 eodem
3342 2803 3503 2857 opere

1926 2871 2076 2909 num.
2115 2859 2202 2923 l6,
2243 2880 2260 2911 ι
2307 2865 2568 2931 expulsio,
2615 2868 2887 2935 spoliatio,
2934 2873 3205 2940 abductio,
3250 2881 3499 2944 rctrusio,

1925 2949 2166 3006 ecclesia:
2213 2954 2474 3023 direptio,
2546 2958 2738 3014 domus
2793 2963 3118 3032 episcopalis
3179 2969 3501 3035 destructio,

1926 3039 2282 3112 eleemosyna':
2330 3044 2670 3115 imperatoris
2711 3051 2925 3117 deletio,
2968 3054 3096 3110 facti
3152 3057 3293 3113 illius
3322 3079 3340 3111 ι
3375 3063 3502 3132 (quo

243 3151 412 3192 comes
461 3140 632 3194 ιυιίιιε
676 3139 792 3194 [ιη-ε
840 3140 1009 3205 duxit,
1047 3141 1093 3195 si
1121 3141 1406 3210 episcopus
1456 3150 1815 3196 memorum.“
1847 3115 1890 3178 C
1923 3127 2128 3184 scilicet
2155 3131 2442 3189 liatherius
2481 3137 2549 3192 ab
2587 3139 2700 3206 ipso
2728 3140 3054 3211 imperatore
3086 3146 3502 3204 fueratrestitu-

249 3228 546 3285 «Palatium
582 3250 600 3282 ›
669 3233 720 3284 in
788 3242 971 3287 monte
1031 3243 1400 3289 constructum
1480 3237 1814 3290 ascenderet.

250 3333 267 3368 ‹
289 3318 682 3389 Obtemperavi,
707 3340 725 3373 ι
751 3322 945 3390 inquit,
974 3341 990 3373 ι
1015 3324 1377 3378 vastissimum
1402 3334 1518 3378 erat
1549 3343 1560 3376 :
1594 3341 1819 3394 recupe-

246 3411 340 3463 rari
363 3430 383 3463 ι
412 3413 497 3482 (id
541 3422 631 3466 est
684 3415 959 3483 reparari)
997 3433 1014 3465 ι
1039 3417 1190 3470 ocius
1240 3416 1363 3471 feci.
1387 3436 1404 3468 ο
1466 3416 1654 3488 (Ιὸἰᾱ.)
1684 3419 1816 3472 Cum

244 3513 362 3555 vero
409 3503 658 3557 etiamin
705 3503 1010 3559 Bucconem
1055 3506 1283 3560 rebelles
1331 3508 1734 3576 conspirarent;
1774 3509 1819 3562 is

240 3594 480 3662 praecepit
515 3603 582 3647 ut
609 3609 703 3647 sua
736 3610 872 3647 uxor
903 3596 967 3649 ac
995 3596 1086 3650 lilii
1117 3613 1220 3650 una
1262 3613 1383 3651 cum
1418 3598 1676 3652 Ratbcrio
1719 3599 1816 3651 ha-

242 3679 463 3736 bitarent
499 3685 558 3737 in
604 3705 621 3735 ε
652 3684 893 3750 Palatio;
931 3705 948 3737 ι
983 3686 1096 3756 ipse
1125 3703 1252 3740 vero
1274 3703 1455 3743 comes
1491 3690 1545 3742 in
1588 3689 1812 3751 circum,

244 3787 330 3827 seu
347 3777 824 3846 amphitheatrum,
851 3778 992 3846 quod
1018 3777 1100 3832 vel
1123 3787 1246 3833 tunc
1273 3779 1429 3849 vulgo
1451 3779 1818 3848 appellabatur

249 3881 268 3914 ί
288 3865 472 3932 Arena,
497 3888 514 3920 ι
541 3877 594 3922 et
617 3884 680 3921 ex
705 3869 954 3937 opposito
978 3868 1149 3923 latere
1173 3870 1380 3924 civitati
1411 3871 1660 3940 praesidio
1678 3880 1814 3934 erat,

249 3969 358 4010 sese
381 3961 599 4028 recepit.
637 3959 962 4028 Episcopum
1004 3977 1108 4014 una
1149 3977 1270 4014 cum
1321 3961 1536 4015 comitis
1567 3976 1734 4016 uxore
1762 3971 1815 4016 et

246 4046 364 4102 liliis
394 4050 444 4103 in
477 4051 668 4105 eodem
699 4069 715 4100 ι
750 4050 952 4120 palatio
978 4071 997 4103 ι
1059 4051 1254 4122 degere
1297 4052 1472 4105 visum
1504 4062 1590 4106 est
1621 4055 1818 4122 perab-

244 4139 477 4193 surdum.
531 4141 671 4196 Hinc
732 4141 826 4194 ille
872 4161 888 4191 ι
922 4143 1159 4212 palatio:
1213 4143 1420 4206 relicto,
1485 4144 1817 4213 episc0pales

245 4229 378 4284 cedes
403 4231 524 4287 licet
569 4233 953 4288 formidolosas
988 4234 1220 4302 repetiit.
1266 4232 1381 4287 Non
1415 4249 1580 4288 ausus
1611 4235 1809 4288 ibidem

252 4320 432 4377 diutitts
455 4325 676 4390 morari,
703 4325 939 4379 Gardam
966 4326 1382 4379 munitissimum
1409 4327 1662 4396 Oppidum
1691 4343 1815 4396 pro-

254 4409 405 4466 ﬁcisci
432 4417 722 4485 cogitabat,
757 4416 850 4469 sed
881 4431 1001 4470 cum
1044 4415 1294 4484 paschale
1325 4415 1522 4470 festum
1563 4417 1812 4471 immine-

255 4513 346 4567 ret,
383 4509 516 4574 quod
552 4523 696 4561 anno
725 4506 832 4561 965
879 4508 1067 4561 incidit
1115 4509 1167 4560 in
1212 4508 1354 4561 dietn
1379 4508 1450 4562 ‘26
1484 4507 1700 4573 Martii;
1745 4526 1813 4564 ne

251 4595 623 4666 episcopalibus
669 4599 874 4654 ofﬁciis
908 4601 958 4653 in
1013 4609 1162 4654 tanta
1196 4600 1535 4654 solemnitate
1576 4601 1811 4665 deesset,

255 4682 398 4753 elegit
440 4687 490 4741 in
552 4690 793 4742 civitatis
833 4688 1028 4758 angulo
1061 4688 1235 4742 locum
1277 4687 1438 4756 juris,
1470 4699 1526 4743 u-t
1575 4689 1812 4754 videtur,

252 4777 520 4843 publici,in
550 4799 654 4851 quo
679 4790 737 4835 ut
764 4782 1051 4836 zediticiut'n
1069 4783 1172 4837 sibi
1205 4791 1567 4846 construeret,
1601 4784 1814 4837 comitis

254 4866 503 4925 licentiam
528 4875 792 4942 quaesivit.
829 4873 1096 4942 Quidquid
1145 4883 1322 4928 autem
1366 4874 1466 4930 hoc
1504 4890 1610 4928 non
1641 4876 1814 4928 solum

255 4963 732 5038 Consentienteﬂsed
757 4966 919 5019 etiam
938 4965 1233 5035 opitulante
1262 4962 1434 5018 fuerat
1456 4975 1814 5029 exstructum,

258 5046 385 5103 iilico
414 5065 813 5110 concrematum
845 5055 961 5108 fuit.
989 5056 1124 5110 Dum
1171 5050 1311 5108 istud
1329 5055 1615 5110 aedilicium
1648 5057 1812 5110 vellet

260 5149 526 5209 restruere,
573 5161 755 5201 comes
788 5147 942 5200 initio
989 5147 1288 5216 prohibuit,
1350 5146 1542 5202 deinde
1610 5148 1806 5202 iterum

261 5233 498 5297 permisit.
544 5236 823 5292 Restruxit
867 5247 1043 5292 autem
1094 5236 1308 5292 melius.
1375 5235 1479 5292 Sed
1519 5253 1642 5292 cum
1697 5240 1813 5293 hzcc

261 5326 450 5360 rnmilic
479 5345 667 5360 nnnnnn
707 5330 949 5360 tvl\'llu\.no
994 5330 1353 5360 nunn:n:nnnun
1386 5329 1645 5360 [λιιι-Λώτ.
1676 5331 1784 5360 ἷ-ιῖη

1925 3221 2038 3289 tus)
2070 3238 2090 3271 ‹
2115 3221 2371 3292 diti-actio,
2404 3228 2551 3283 urbis
2576 3230 2820 3313 irruptio,
2857 3237 3172 3291 reverentiae
3206 3240 3500 3308 imperiali:

1925 3309 2225 3380 vilipcnsio,
2275 3324 2331 3369 et
2382 3317 2485 3370 alia
2556 3309 2723 3373 multa
2781 3322 2865 3376 bis
2937 3326 3264 3380 cobairen-tia
3327 3332 3501 3384 adhuc

1923 3416 2143 3471 essent,
2213 3418 2271 3462 ut
2327 3420 2382 3464 et
2443 3414 2684 3467 existunt
2747 3416 2798 3468 in
2863 3430 3066 3482 causa;
3131 3423 3503 3478 melioratioue

1923 3496 2132 3564 relicta,
2156 3500 2220 3553 de
2249 3508 2358 3553 sola
2388 3503 2716 3571 pejeratione
2741 3507 3075 3561 liomicidalis
3102 3524 3449 3578 perageretur
3477 3534 3495 3564 ι

1925 3585 2084 3655 [forte
2123 3601 2338 3658 peracta
2371 3593 2482 3663 est]
2524 3595 2860 3648 solummodo
2909 3612 3091 3650 causa.
3147 3599 3484 3655 Melioratim

1924 3693 2020 3744 pro
2067 3679 2400 3735 discussione
2433 3694 2488 3735 et
2525 3685 2901 3738 emendatione
2944 3688 3236 3756 accipitur:
3268 3692 3409 3743 unde
3445 3693 3498 3744 ίιι

1922 3769 2205 3824 ltinemrio
2241 3788 2387 3826 nmn.
2414 3774 2448 3827 4
2477 3775 2724 3830 similiter
2749 3779 3030 3846 quaeritur,
3062 3795 3122 3834 ea
3149 3782 3353 3848 omnia,
3377 3800 3496 3853 qua:

1923 3860 1974 3913 in
2016 3875 2074 3914 se
2122 3864 2408 3918 commissa
2464 3864 2694 3932 fuerant,
2743 3871 3037 3924 indiscussa
3087 3873 3246 3941 fuisse
3288 3876 3502 3941 relicta,

1918 3951 2070 4018 quasi
2100 3953 2154 4004 in
2177 3958 2250 4006 eis
2279 3954 2352 4006 nil
2377 3955 2597 4008 inveniri
2636 3959 2826 4011 valeret
2855 3961 2993 4029 quod
3037 3964 3340 4031 reprehendi
3366 3966 3498 4036 legi-

1921 4042 2015 4095 bus
2049 4041 2121 4095 vel
2149 4043 2326 4097 leviter
2348 4057 2540 4114 posset.
2567 4047 2854 4116 Pejeratio,
2890 4052 2955 4105 de
2989 4069 3094 4122 qua
3131 4061 3502 4113 tantummodo

1921 4142 2103 4188 actum
2131 4134 2248 4199 fttit,
2287 4137 2356 4190 ad
2376 4153 2500 4191 eam
2526 4140 2684 4194 [idem
2718 4143 2968 4208 refertur,
3007 4161 3167 4214 quam
3216 4159 3267 4202 et
3299 4149 3501 4206 Ruthe-

1923 4226 2052 4290 rius,
2080 4237 2134 4281 et
2173 4227 2294 4282 Milo
2324 4240 2380 4284 et
2417 4228 2756 4287 Veronenses
2785 4249 2982 4290 omnes
3020 4238 3200 4292 Ottoni
3239 4241 3502 4297 Veronam

1921 4316 2164 4384 ingresso
2204 4315 2540 4387 juraverant.
2583 4321 2740 4377 Hanc
2789 4325 2976 4395 utique
3017 4327 3259 4384 l‘iatberii
3314 4334 3499 4387 hostes

1923 4409 2357 4475 \iolarunt,dum
2397 4415 2829 4480 persecutionem
2880 4418 2932 4470 in
2987 4435 3109 4473 eum
3158 4437 3503 4479 commovenr

1927 4509 2005 4552 tes
2032 4539 2045 4563 ,
2080 4499 2343 4569 [cxxxiii]
2399 4503 2752 4573 irruptionem
2804 4507 3047 4564 fecerunt
3093 4511 3149 4564 in
3197 4513 3386 4568 urbem
3416 4556 3430 4578 ,
3459 4530 3502 4568 ti

1927 4600 2002 4646 tot
2030 4593 2132 4646 alia
2180 4593 2281 4663 ipsi
2311 4602 2366 4647 et
2406 4596 2648 4650 ecclesiae
2697 4597 2990 4654 inferentes
3035 4602 3195 4666 mala,
3227 4605 3505 4673 imperiali

1926 4682 2053 4736 illud
2092 4683 2326 4736 edictum
2373 4685 2544 4739 moliti
2595 4695 2720 4740 sunt
2748 4688 3046 4755 destruere,
3083 4708 3195 4762 quo
3237 4694 3362 4748 Otto
3394 4695 3502 4748 Ra-

1925 4774 2159 4828 tberium
2208 4776 2499 4831 restituens
2564 4793 2895 4848 praeceperat
2949 4799 3017 4838 ne
3083 4785 3212 4853 quid
3269 4789 3391 4840 mali
3449 4790 3502 4841 in

1925 4866 2174 4922 eumdem
2214 4870 2632 4925 committerent.
2685 4871 2815 4928 Vide
2840 4891 2962 4944 qua:
3010 4881 3324 4945 scripsimus
3355 4879 3385 4951 §
3421 4882 3506 4946 l5,

1926 4975 2074 5012 num.
2104 4959 2192 5013 86.
2227 4958 2368 5012 Nihil
2397 4969 2575 5015 tamen
2608 4963 2672 5016 de
2705 4971 2783 5018 tot
2811 4981 2874 5020 ac
2899 4976 3006 5021 tam
3039 4968 3289 5038 gravibus
3318 4971 3510 5025 crimi-

1927 5050 2082 5103 tubus
2137 5058 2330 5102 contra
2378 5047 2695 5105 Rathcrium
2762 5060 3088 5124 perpetratis
3143 5056 3193 5108 in
3240 5055 3511 5120 judicium

1924 5140 2210 5193 deductum
2247 5139 2366 5190 luit.
2402 5141 2585 5194 Solum
2615 5141 2913 5210 perjurium
2937 5147 3238 5198 multatum.

1997 5233 2120 5286 106.
2157 5234 2288 5298 Qua:
2319 5241 2498 5288 autem
2553 5237 2856 5303 compositio
2909 5239 2958 5291 in
3015 5240 3112 5290 hoc
3156 5235 3363 5303 judicio
3412 5257 3511 5310 pro

1926 5325 2227 5360 Ιηιῖιιοηιηιιῖ
2271 5325 2506 5360 ﬂuvius-in
2537 5327 2824 5360 nnnclilnlo
2863 5330 3018 5360 Γ-ιηοιέι
3078 5343 3168 5360 oon
3197 5343 3299 5360 ηηα
3335 5334 3500 5360 ηιιιιιη
