4038 5388
485 280 581 336 ill

1441 266 1840 325 RATHEBIUS
1882 263 2315 323 VERONENSlS
2350 263 2748 322 EPISCOPUS.

3635 265 3740 321 ΗΞ

484 398 623 454 sent,
662 404 680 439 ι
712 401 796 442 me
822 385 986 449 adito,
1013 402 1030 435 ι
1051 383 1251 447 subdit,
1279 392 1295 432 ι
1326 382 1392 437 de
1410 381 1660 436 thesauro
1684 377 1926 434 ecclesia:
1957 378 2054 432 tri-
2082 380 2130 438 Α
2160 376 2303 443 dam,
2336 377 2640 446 imperium,
2668 387 2722 431 et
2752 391 2857 432 non
2897 391 2990 448 per
3010 376 3422 449 signiticantiam
3451 379 3686 449 aliquam
3717 402 3737 433 ι

486 482 631 551 ginta
664 479 776 533 fere
804 478 973 533 libras
995 483 1321 545 acceperunt
1349 483 1535 528 mutuo
1561 473 1660 527 sub
1687 473 1790 526 hac
1817 479 2055 525 attamen

486 570 754 635 cautione,
787 577 846 625 ut
867 568 910 622 si
939 565 1007 620 ad
1042 574 1253 633 tempus
1296 563 1400 617 hoc
1444 561 1775 631 persolutum
1822 574 1930 614 non
1961 559 2060 613 ha-

488 663 732 717 buissent
748 667 1033 721 statutum,
1060 656 1219 727 dupla
1242 660 1628 723 componerent
1652 651 2053 706 emendatione.

489 751 626 805 Sunt
651 751 762 821 jam
811 749 936 802 anni
998 756 1144 811 tres,
1176 743 1308 799 nihil
1354 742 1588 799 reddunt
1640 742 1884 799 omnino.
1924 760 1943 793 ι
1981 739 2057 793 Ex

488 842 573 896 his
615 839 905 910 postremis
935 836 1116 892 verbis
1152 843 1360 903 tempus
1397 833 1600 887 laudati
1630 829 1852 899 judicii,
1894 837 1950 884 et
1972 846 2061 883 ca-

486 943 656 1001 ptura:
678 929 920 984 Ratherii
942 928 1119 998 palam
1149 925 1382 981 elicitur.
1414 924 1626 979 Etenim
1652 922 1876 992 epistola
1904 922 1972 976 l2
1993 924 2061 975 ad

483 1022 829 1078 Ambrosium
864 1019 1096 1088 scripta
1153 1015 1254 1070 fuit
1306 1015 1566 1070 Kalendis
1611 1014 1739 1068 Julii
1776 1013 1904 1067 anui
1933 1012 2058 1067 968.

487 1112 800 1169 Triennium
823 1124 973 1180 ergo,
1004 1108 1147 1178 quod
1172 1123 1201 1161 a
1230 1106 1397 1161 multa
1422 1105 1510 1160 illa
1536 1106 1590 1159 in
1619 1104 1838 1159 laudato
1855 1104 2062 1174 judicio

486 1205 727 1266 decreta,
762 1208 816 1253 et
840 1215 872 1253 a
898 1208 1083 1253 mutuo
1112 1196 1251 1252 datis
1273 1195 1426 1252 libris
1452 1196 1674 1267 triginta
1709 1193 1938 1259 efﬂuxit,
1975 1196 2062 1248 in-

487 1291 617 1361 cipit
661 1288 840 1344 medio
890 1287 1109 1342 circiter
1142 1301 1286 1341 anno
1323 1285 1450 1350 965,
1492 1300 1556 1340 ac
1600 1285 1825 1354 proinde
1872 1285 1929 1338 in
1963 1284 2065 1338 hoc

488 1392 699 1452 tempus
746 1379 876 1434 illud
914 1378 1177 1448 judicium
1228 1387 1284 1433 et
1329 1378 1648 1447 compositio
1687 1377 1949 1431 incidunt.
1996 1375 2065 1430 Ut

488 1480 667 1526 :mtem
694 1484 991 1543 congruum
1026 1477 1235 1537 tempus
1278 1468 1435 1523 detur
1474 1467 1539 1521 iis
1569 1465 1816 1521 Ratherii
1857 1465 2068 1535 vicissi-

488 1560 762 1615 tudinibus
788 1573 906 1628 qua:
933 1572 964 1611 a
1012 1557 1099 1612 die
1139 1566 1379 1628 captura:
1402 1556 1520 1625 ejus
1554 1557 1620 1610 ad
1672 1557 1773 1609 hoc
1804 1554 2065 1624 judicium

488 1667 659 1720 usque
707 1650 1073 1721 contigerunt,
1130 1648 1269 1702 idem
1315 1656 1503 1718 captus
1557 1646 1883 1717 perspicitur
1922 1645 2066 1699 circa

2162 464 2259 536 (uti
2279 473 2458 521 actum
2480 465 2657 520 fuerat
2677 468 2815 535 apud
2837 465 3091 536 inclytam
3112 466 3347 538 ducem),
3375 488 3393 520 ι
3422 468 3516 524 sed
3534 469 3743 539 simpli-

2160 556 2295 610 citer
2320 565 2375 612 et
2401 564 2588 626 aperte
2613 557 2679 611 ad
2715 556 3137 625 intelligendum,
3180 574 3301 613 nam
3333 569 3529 617 caetera
3557 561 3742 613 omnia

2162 644 2368 709 moliris
2398 645 2691 700 incassum.
2736 645 3053 717 pMemorat
3092 666 3109 698 ι
3152 649 3454 718 pontifices,
3505 669 3524 701 ι
3569 651 3620 704 id
3660 660 3745 706 est

2162 734 2465 808 episcopos,
2498 739 2709 795 Milonis
2745 758 2764 792 ι
2812 740 3069 797 fautores.
3120 763 3138 796 ι
3173 743 3229 797 lu
3269 743 3571 815 fragmento
3606 747 3744 802 alte-

2164 830 2276 884 rius
2307 830 2545 900 epistolae
2577 833 2646 887 ad
2684 834 2930 887 eumdem
2970 833 3162 905 (Epist.
3194 837 3274 906 9),
3304 853 3421 906 qua:
3459 840 3558 892 sub
3600 841 3747 895 idem

2167 930 2397 991 tempus,
2424 923 2723 992 eademque
2747 924 2813 978 de
2842 940 3003 980 causa
3044 928 3241 997 scripta
3281 927 3400 993 fuit,
3432 930 3536 984 duo
3563 930 3744 984 Immi-

2163 1028 2292 1066 nnm
2325 1026 2523 1083 genera
2555 1014 2980 1083 distinguuntur,
3016 1031 3245 1085 quorum
3280 1018 3365 1071 alii
3399 1018 3577 1073 Miloni
3617 1036 3749 1074 con-

2164 1104 2487 1167 sentiebant,
2520 1104 2611 1157 alii
2648 1105 2908 1162 Ratherio
2943 1123 3286 1178 nequaquam
3324 1110 3745 1180 opitulabantur.

2164 1191 2496 1262 Reproduxit
2514 1194 2616 1248 hac
2636 1196 2920 1251 occasione
2943 1193 3336 1252 Conclusionem
3357 1198 3749 1254 deliberativum

2165 1282 2349 1337 Leodii
2385 1282 2647 1353 Scriptam
2678 1301 2821 1341 anno
2850 1286 2974 1352 955,
3022 1302 3144 1341 cum
3185 1290 3251 1342 ad
3296 1291 3594 1344 cedendum
3625 1290 3756 1345 Bal-

2165 1370 2316 1427 drico
2344 1373 2716 1445 episcopatum
2758 1375 3141 1431 Leodieensem
3173 1376 3414 1446 pluribus
3448 1379 3755 1449 impellere-

2167 1470 2274 1517 tur.
2318 1463 2494 1518 Pauca
2528 1473 2735 1519 tantum
2773 1466 2970 1536 adjecit
3016 1466 3067 1520 in
3104 1466 3233 1532 line,
3260 1468 3453 1537 quibus
3501 1469 3751 1523 declarat

2167 1567 2262 1608 sex
2287 1561 2343 1607 et
2366 1553 2549 1609 decem
2572 1555 2782 1624 priores
2805 1554 3042 1623 ejusdem
3069 1557 3312 1626 opusculi
3329 1559 3582 1625 rationes,
3614 1575 3758 1630 quas

2170 1644 2222 1698 in
2250 1645 2561 1702 Leodicensi
2590 1663 2718 1703 casu
2742 1648 2940 1716 attulit,
2969 1664 3123 1718 reque
3140 1650 3323 1705 valere
3353 1650 3406 1706 in
3429 1653 3757 1721 Vcronensi,

490 1744 634 1798 diem
680 1741 738 1795 S.
770 1741 993 1809 Agnetis
1020 1741 1145 1795 anui
1173 1739 1435 1809 ejusdem.
1477 1739 1630 1795 Hune
1671 1739 1920 1794 eumdem
1969 1754 2070 1792 an-
2099 1748 2147 1808 Β
2174 1748 2374 1805 easque
2403 1752 2547 1792 nunc
2586 1737 2968 1807 reproducere,
3003 1749 3063 1794 ut
3116 1759 3134 1791 ι
3187 1742 3484 1813 pravigeris
3512 1746 3759 1815 compul-

490 1847 620 1887 num
670 1831 957 1886 conlirmat
1007 1846 1187 1886 sermo
1238 1832 1292 1885 in
1341 1830 1550 1885 octavis
1601 1829 1826 1884 Paschre
1867 1827 2068 1883 habito

491 1937 634 1977 anno
660 1921 782 1977 968.
813 1922 869 1976 ln
906 1922 1007 1977 hoc
1036 1922 1179 1977 enim
1221 1921 1389 1976 libras
1416 1922 1584 1975 ferme
1626 1920 1985 1990 quadraginta
2015 1919 2067 1972 in

492 2013 887 2068 restauratione
922 2012 1113 2068 domus
1142 2012 1481 2082 episcopalis,
1517 2027 1639 2081 quae
1683 2013 1735 2065 in
1773 2018 2070 2065 memorata

497 2106 791 2161 rebellione
818 2107 1088 2161 destructa
1118 2106 1318 2171 fuerat,
1355 2120 1416 2160 se
1452 2123 1471 2157 ι
1505 2105 1607 2159 hoc
1653 2103 1883 2158 triennio
1923 2122 1942 2154 ι
1976 2118 2070 2158 ex-

490 2195 740 2266 pendisse
771 2196 951 2250 tradit.
977 2196 1064 2250 Ab
1091 2196 1298 2250 octavis
1326 2202 1506 2248 autem
1533 2192 1755 2248 Pasehae
1788 2192 1913 2247 anni
1943 2190 2068 2257 968,

491 2286 537 2341 si
565 2300 662 2354 per
697 2303 715 2335 ι
749 2285 1039 2340 triennium
1080 2302 1099 2337 ι
1148 2284 1430 2347 ascendas,
1468 2298 1532 2338 ex
1572 2296 1679 2351 quo
1708 2282 2072 2336 restauranda:

492 2374 675 2429 domui
704 2374 991 2444 episcopali
1027 2389 1247 2446 operam
1273 2373 1404 2429 dare
1426 2377 1591 2444 coepit
1613 2371 1922 2436 Ratherius,
1945 2386 2069 2442 per-

490 2464 678 2518 venies
701 2463 766 2516 ad
795 2479 995 2517 annum
1014 2465 1139 2519 965.

566 2551 692 2606 107.
735 2552 864 2607 Past
890 2553 1021 2607 illud
1043 2553 1330 2622 judicium,
1365 2568 1472 2622 quo
1498 2552 1633 2607 nihil
1675 2552 1741 2606 de
1779 2551 1934 2606 malis
1959 2550 2074 2619 epi-

495 2658 660 2713 scopo
705 2642 869 2698 illatis
930 2652 1111 2698 actum
1161 2652 1215 2698 et
1259 2643 1543 2698 multatum
1594 2641 1736 2708 fuit,
1792 2642 2072 2697 rebellium

496 2733 669 2789 animi
697 2734 847 2802 pacis
881 2733 1102 2789 consilia
1151 2749 1257 2789 non
1310 2734 1564 2789 inierunt.
1594 2733 1716 2789 ⁸ιιιιο
1742 2748 1875 2788 cum
1928 2732 2076 2786 nulla

496 2822 895 2879 conciliationis
940 2839 1065 2894 spes
1106 2823 1402 2895 effulgeret,
1435 2823 1562 2879 illud
1610 2838 1775 2878 unum
1814 2822 2074 2878 Ratherio

497 2931 783 2987 superesse
811 2916 985 2970 visum
1008 2924 1115 2981 est,
1146 2916 1192 2971 si
1211 2936 1241 2982 ,ι
1273 2925 1493 2986 accepto
1517 2914 1818 2969 animarum
1844 2915 2018 2984 pretio
2048 2932 2069 2966 ι

497 3007 682 3063 Miloni
708 3008 1073 3079 episcopatum
1099 3008 1315 3063 cederet
1337 3007 1614 3078 (Qualitat.
1630 3006 1857 3076 conject.
1883 3022 1936 3061 ιι.
1962 3006 2073 3077 l6).

2172 1828 2387 1883 soribus
2409 1846 2430 1880 ι
2458 1829 2798 1897 respondeat.
2824 1828 2896 1884 Se
2931 1845 3060 1885 vero
3081 1846 3184 1887 non
3210 1847 3486 1888 cessurum
3514 1849 3755 1906 unquam

2170 1918 2480 1987 profitetur,
2525 1918 2627 1974 nisi
2673 1920 2758 1975 vel
2796 1922 3059 1977 canonico
3100 1920 3324 1992 judicio,
3363 1924 3448 1980 vel
3488 1927 3758 1997 imperiali

2168 2018 2434 2080 potestate
2460 2010 2708 2080 pellatur.

2244 2104 2366 2159 108.
2419 2103 2643 2173 Magnas
2695 2104 2864 2161 fuisse
2907 2108 3169 2178 ejusmodi
3219 2111 3518 2180 angustias,
3559 2115 3761 2182 quibus

2174 2195 2465 2249 Ratherius
2497 2197 2693 2263 partim
2736 2197 2915 2251 oblato
2941 2200 3137 2268 pretio,
3170 2201 3365 2268 partim
3396 2199 3617 2275 [cxxxv]
3654 2202 3758 2258 im-

2170 2285 2417 2356 portunis
2474 2286 2637 2340 etiam
2695 2288 3065 2358 cpisc0porum
3114 2291 3498 2357 suasionibus,
3549 2294 3755 2363 partim

2173 2378 2333 2431 minis
2360 2378 2426 2430 ad
2457 2378 2771 2433 cathedram
2806 2378 2985 2433 Miloni
3030 2380 3321 2436 ccdeudam
3355 2383 3757 2453 impellebatur,

2179 2483 2245 2523 ex
2274 2483 2339 2523 eo
2366 2469 2734 2539 cognoscitur,
2757 2471 2899 2538 quod
2926 2471 3065 2525 idem
3102 2471 3223 2526 Milo
3253 2473 3354 2527 hoc
3383 2482 3624 2543 tempore
3644 2477 3775 2545 epi-.

2174 2568 2454 2629 scepatum
2489 2576 2606 2616 sese
2634 2560 2931 2616 evicturum
2962 2561 3273 2617 confideret.
3309 2563 3369 2619 ια
3412 2565 3761 2627 manifestum

2176 2650 2238 2703 fit
2268 2664 2335 2705 ex
2376 2650 2519 2706 facto
2545 2650 2746 2717 Sikeri,
2769 2651 2912 2721 quod
2949 2653 3105 2707 annis
3128 2664 3359 2723 quatuor
3395 2667 3514 2727 post
3542 2657 3759 2714 tertiam

2177 2738 2421 2795 Ratherii
2446 2741 2839 2796 restitutionem
2863 2742 3107 2812 contigit.
3133 2743 3195 2798 lli
3216 2747 3358 2799 enim
3379 2755 3611 2815 quatuor
3630 2750 3761 2803 anni

2177 2831 2526 2901 computandi
2555 2832 2624 2887 ab
2652 2848 2793 2888 anno
2813 2833 2909 2888 961
2941 2846 3192 2900 exeunte,
3221 2855 3343 2891 cum
3372 2838 3664 2896 Rathcrius
3690 2841 3765 2897 ab

2177 2922 2373 2979 Ottone
2420 2922 2520 2977 fuit
2561 2924 2724 2978 tertio
2753 2926 3059 2992 restitutus,
3102 2928 3356 2983 desinunt
3396 2941 3627 2986 exeunte
3659 2948 3760 3001 pa-

2178 3014 2312 3069 riter
2337 3029 2480 3068 anno
2526 3014 2651 3079 965,
2683 3030 2790 3084 quo
2822 3016 2933 3085 ipse
2971 3017 3036 3071 ad
3074 3019 3418 3089 episcopatus
3455 3023 3761 3078 cessionem

496 3097 668 3166 llujus
719 3098 927 3154 consilii
981 3099 1230 3154 incentor
1278 3101 1392 3167 ipse
1442 3098 1604 3163 Milo,
1657 3098 1749 3167 qui
1792 3095 2146 3167 episcoposC
2178 3103 2415 3158 maxime
2452 3105 2767 3174 urgebatur.
2811 3105 2863 3159 ld
2912 3106 3114 3161 factum
3166 3110 3396 3164 obScure
3422 3114 3760 3182 propositum

496 3187 738 3257 ejusdem
758 3188 969 3244 consilii
1005 3187 1245 3243 fautores
1271 3188 1492 3242 invenit.
1514 3188 1662 3244 Unus
1687 3202 1754 3244 ex
1784 3190 2076 3258 his,.atque

494 3278 801 3349 prazcipuus
829 3277 932 3332 fuit
956 3276 1189 3333 Ubertus
1224 3276 1469 3350 [cxxxrv]
1492 3278 1776 3348 episcopus
1811 3278 2074 3333 Parmen-

499 3368 596 3433 sis,
618 3366 773 3436 cujus
793 3367 918 3422 alibi
941 3367 1272 3423 mentionem
1295 3366 1527 3424 fecimus
1545 3368 1828 3439 (Qualitat.
1853 3370 2075 3439 conject.

498 3476 560 3516 τι.
588 3460 698 3525 16).
740 3459 931 3531 Neque
963 3460 1107 3515 inter
1141 3458 1383 3516 Ratberii
1413 3461 1769 3517 amicissimos
1793 3460 2080 3517 defuerunt

498 3550 590 3622 qui
618 3550 758 3605 idem
779 3549 1069 3605 concilium
1090 3550 1400 3621 probarent.
1434 3551 1582 3608 Unus
1602 3552 1744 3607 inter
1763 3552 1862 3608 bos
1880 3552 2075 3622 pretio,

497 3649 594 3695 aut
623 3642 945 3698 muneribus
972 3643 1168 3709 victus,
1201 3642 1336 3697 adiit
1372 3642 1545 3712 ipsam
1572 3642 1765 3698 ducem
1802 3643 2078 3698 Juditham

504 3730 729 3786 Verona:
783 3733 1102 3803 degentem,
1138 3748 1258 3802 quae
1308 3732 1570 3790 Ratherio
1623 3732 1869 3802 favebat,
1921 3733 2078 3802 eique

495 3820 786 3877 ~allirmavit
812 3822 1194 3892 imperatorem
1229 3824 1412 3878 itidem
1448 3823 1608 3890 velle,
1652 3833 1709 3879 et
1750 3823 1891 3878 forte
1913 3825 2080 3879 etiam

499 3914 708 3969 addidit
732 3914 1071 3983 praecepisse,
1096 3924 1156 3973 ut
1180 3914 1270 3971 ille
1298 3916 1667 3985 episcopatum
1691 3915 1872 3971 Miloni
1900 3917 2081 3970 dimit-

499 4013 659 4059 teret.
710 4003 826 4060 lloe
878 4004 1132 4060 molimen
1170 4006 1271 4062 sub
1315 4005 1479 4062 linem
1515 4007 1646 4061 anui
1700 4006 1806 4062 965
1845 4007 2083 4061 maxime

498 4093 770 4150 efferbuit.
801 4094 937 4151 llinc
975 4094 1264 4152 Ratlterius
1302 4096 1538 4152 instante
1572 4098 1817 4152 natalitio
1844 4096 1982 4152 festo
2012 4098 2080 4151 ad

498 4182 752 4240 Milonem
778 4185 988 4241 litteras
1010 4186 1176 4252 dedit,
1196 4186 1250 4242 in
1274 4187 1471 4257 quibus
1490 4202 1612 4246 eum
1633 4205 1654 4239 ι
1680 4185 2021 4248 Vicentinum
2054 4206 2074 4239 ι

497 4278 909 4348 vocatorigiue,
940 4293 1046 4334 non
1077 4279 1387 4351 episcopatu
1414 4277 1605 4350 (Epist.
1635 4279 1722 4350 8);
1756 4278 2081 4334 Veronensis

500 4371 648 4426 enim
684 4372 967 4441 episcopus
992 4380 1191 4437 contra
1219 4370 1536 4426 Batherium
1570 4371 1752 4429 fuerat
1778 4372 2078 4435 ordinatus,

2179 3193 2233 3263 in
2261 3192 2543 3258 Qualitatis
2579 3194 2880 3263 conjectura
2908 3212 3059 3250 num.
3091 3198 3124 3252 9
3156 3199 3209 3251 in
3239 3214 3359 3254 eam
3412 3203 3763 3269 sententiam,

2182 3298 2303 3353 qua:
2340 3283 2508 3338 multa
2553 3285 2989 3342 consideratione
3028 3289 3341 3358 explicanda
3376 3289 3513 3356 fuit,
3554 3293 3634 3348 sic
3671 3309 3768 3348 ex-

2179 3372 2486 3441 ponendum
2534 3373 2769 3430 videtur.
2825 3373 3135 3442 Ratherius,
3189 3387 3475 3450 antequam
3524 3382 3768 3444 secundo

2179 3462 2493 3532 pelleretur,
2528 3461 2721 3519 Sikero
2768 3466 2994 3521 dederat
3035 3468 3313 3524 castellum
3353 3471 3421 3526 ad
3464 3471 3556 3541 jus
3594 3473 3768 3530 Vero—

2181 3553 2364 3608 nensis
2383 3553 2628 3609 ecclesiae
2646 3556 2950 3625 pertinens,
2973 3572 3036 3613 ex
3061 3573 3167 3627 quo
3189 3570 3385 3628 praeter
3407 3565 3767 3622 vassallorum

2181 3645 2460 3700 servitium
2488 3645 2658 3701 libras
2683 3661 2779 3701 sex
2810 3648 3158 3703 denariorum
3183 3649 3565 3709 Yeneticorum
3604 3662 3765 3715 annis

2181 3735 2405 3806 singulis
2435 3745 2615 3804 posset
2646 3738 2944 3806 percipere.
2980 3740 3114 3792 Dum
3152 3756 3293 3794 anno
3324 3742 3448 3808 961,
3488 3742 3616 3800 Otto
3655 3752 3765 3810 γε.

2182 3843 2373 3884 ronam
2421 3830 2697 3899 ingressus
2737 3830 2984 3885 eumdem
3034 3832 3343 3902 episcopum
3376 3838 3635 3901 restituit,
3682 3844 3769 3900 Si-

2180 3918 2349 3974 kerus
2385 3920 2454 3974 ab
2498 3921 2687 3974 eodem
2735 3919 2931 3976 Ottone
2979 3922 3320 3993 privilegium
3364 3926 3618 3992 obtinuit,
3656 3944 3765 3999 quo

2184 4008 2325 4063 idem
2353 4008 2632 4063 castellum
2683 4010 2786 4063 sibi
2810 4009 3186 4065 conﬁrmatum
3232 4012 3349 4067 fuit.
3379 4013 3485 4069 Ter
3524 4015 3611 4072 ille
3652 4017 3780 4087 epi-

2183 4113 2408 4167 scopum
2455 4098 2794 4165 offenderat;
2846 4115 2912 4154 ac
2961 4098 3186 4155 forsitan
3230 4113 3476 4158 metuens
3518 4121 3587 4161 ne
3649 4107 3768 4177 ipse

2183 4190 2469 4260 cpiscopus
2494 4191 2772 4245 restitutus
2803 4191 2907 4245 hoc
2940 4191 3219 4246 castellum
3247 4195 3348 4249 sibi
3376 4196 3659 4264 adimeret,
3684 4199 3769 4253 di-

2184 4282 2361 4352 ploma
2384 4282 2649 4351 ejusmodi
2681 4282 3015 4351 procuravit,
3039 4283 3121 4336 cui
3146 4284 3432 4355 episcopus
3465 4302 3570 4341 non
3601 4288 3765 4344 aude-

2187 4380 2268 4425 ret
2315 4371 2496 4438 reniti,
2541 4380 2636 4424 ant
2668 4370 2834 4425 etiam
2867 4371 3049 4426 nollet.
3087 4370 3220 4425 Cum
3250 4388 3380 4427 vero
3410 4373 3500 4429 ille
3540 4376 3767 4432 subimle

501 4463 646 4518 unde
679 4483 698 4516 ι
745 4464 1106 4533 impetitorem
1141 4464 1674 4521 vehementissimam
1708 4482 1736 4515 δ
1783 4464 1956 4533 ipsum
1984 4477 2082 4531 ap—
2114 4441 2160 4499 D
2186 4462 2501 4517 Ratherium
2532 4462 2631 4517 sibi
2680 4462 2899 4517 fecisset
2934 4462 3342 4528 amicissimum,
3371 4464 3418 4518 is
3455 4481 3560 4518 non
3592 4466 3768 4521 solum

499 4555 684 4625 pellat.
716 4555 940 4620 Causas,
964 4568 1068 4608 cur
1102 4555 1206 4610 sibi
1236 4563 1316 4610 tot
1349 4554 1490 4610 mala
1520 4554 1780 4620 intulerit,
1801 4556 1936 4613 duas
1956 4568 2085 4623 pro-

499 4646 674 4717 ponit,
703 4660 863 4699 unam
891 4646 1260 4711 vetustiorem,
1293 4646 1421 4715 quia
1461 4647 1574 4714 ipse
1610 4647 1678 4703 ad
1718 4646 2083 4704 Yeroneuscm

501 4737 819 4793 cathedram
850 4746 1139 4807 promotus
1180 4737 1373 4801 fuerat,
1403 4747 1692 4808 antequam
1734 4737 1858 4795 Milo
1898 4751 2087 4793 nasce-

501 4835 688 4892 retur;
731 4828 1086 4882 recentiorem
1122 4828 1382 4893 .alteram,
1429 4845 1554 4899 quia
1604 4845 1704 4885 nec
1740 4838 1937 4893 morte,
1984 4843 2086 4884 nec

502 4915 630 4987 fuga
658 4915 832 4971 eidem
861 4917 1229 4987 episcopatum
1258 4918 1568 4974 dimitteret.
1603 4919 1807 4974 Iudicat
1851 4918 1968 4987 ejus
2006 4920 2089 4974 ni-

503 5022 622 5071 sus,
657 5018 718 5062 ut
764 5023 823 5063 se
859 5009 926 5063 ad
963 5007 1268 5079 fugiendum
1310 5009 1679 5079 compelleret.
1711 5009 2086 5068 Constantiam

503 5110 635 5151 vero
683 5113 834 5151 suam
887 5097 1181 5168 praeferens
1226 5098 1279 5153 in
1318 5098 1562 5153 ferendis
1616 5098 1972 5167 quibuslibet,
2017 5113 2086 5153 ne

2185 4561 2308 4623 post
2358 4567 2511 4607 suam
2567 4552 2963 4607 restitutionem
3016 4566 3141 4605 eum
3189 4552 3240 4604 in
3290 4553 3492 4608 castelli
3541 4556 3767 4622 paciﬁca

2186 4645 2528 4715 possessione
2556 4644 2715 4698 anuis
2737 4650 2972 4713 quatuor
3006 4641 3244 4711 reliquit,
3266 4657 3453 4696 verum
3474 4642 3645 4697 etiam
3672 4659 3766 4699 ec-

2186 4737 2367 4794 clesize
2400 4734 2728 4791 Veronensis
2757 4742 2956 4788 terram
2986 4742 3134 4789 trans
3167 4734 3338 4789 lacum
3364 4734 3555 4789 Gardze
3583 4737 3767 4802 sitam,

2187 4837 2243 4883 et
2272 4826 2498 4881 forsitan
2525 4834 2822 4880 memorato
2848 4824 3072 4879 castello
3100 4825 3400 4894 proximam
3429 4825 3604 4879 eidem
3636 4842 3771 4880 con-

2194 4917 2375 4972 cessit.
2400 4915 2642 4983 Quatuor
2678 4927 2842 4982 porro
2878 4913 3035 4967 annis
3055 4913 3260 4967 exactis
3290 4912 3390 4967 sub
3432 4912 3595 4966 ﬁnem
3641 4915 3769 4968 anni

2192 5006 2319 5072 965,
2351 5026 2371 5057 ι
2406 5020 2471 5060 eo
2499 5005 2585 5060 die
2612 5018 2721 5075 quo
2756 5004 2882 5059 Milo
2924 5010 3206 5074 putaverat
3234 5004 3563 5073 episcopium
3607 5019 3771 5075 super

2189 5114 2312 5155 eum
2343 5118 2361 5150 ι
2405 5094 2768 5169 (Ratherium)
2803 5115 2821 5146 ι
2866 5095 3139 5157 evincere,
3197 5112 3216 5144 ι
3248 5092 3469 5149 Sikerus
3511 5095 3578 5147 ad
3628 5097 3772 5151 hunc
