  <div class='ocr_page' id='page_1' title='image "/cluster/home/n/w/nwhite01/storage/ocr_20150623/136/hvd.32044015471766/062.png"; bbox 0 0 4038 5388; ppageno 0'>
   <div class='ocr_carea' id='block_1_1' title="bbox 228 224 328 276">
    <p class='ocr_par' dir='ltr' id='par_1_1' title="bbox 228 224 328 276">
     <span class='ocr_line' id='line_1_1' title="bbox 228 224 328 276; baseline 0 0"><span class='ocrx_word' id='word_1_1' title='bbox 228 224 328 276; x_wconf 76' lang='lat' dir='ltr'><strong>H3</strong></span> 
     </span>
    </p>
   </div>
   <div class='ocr_carea' id='block_1_2' title="bbox 1219 223 2452 284">
    <p class='ocr_par' dir='ltr' id='par_1_2' title="bbox 1219 223 2452 284">
     <span class='ocr_line' id='line_1_2' title="bbox 1219 223 2452 284; baseline 0.003 -5"><span class='ocrx_word' id='word_1_2' title='bbox 1219 223 1754 282; x_wconf 69' lang='grc' dir='ltr'><strong>ΡιιοιΕςοιιιεΝΑ.</strong></span> <span class='ocrx_word' id='word_1_3' title='bbox 1798 257 1864 266; x_wconf 92' lang='lat'><strong>—--</strong></span> <span class='ocrx_word' id='word_1_4' title='bbox 1903 227 2230 284; x_wconf 66' lang='lat' dir='ltr'><strong>RATIIEIIII</strong></span> <span class='ocrx_word' id='word_1_5' title='bbox 2274 229 2452 283; x_wconf 76' lang='lat' dir='ltr'><strong>V’ITA.</strong></span> 
     </span>
    </p>
   </div>
   <div class='ocr_carea' id='block_1_3' title="bbox 3374 225 3476 278">
    <p class='ocr_par' dir='ltr' id='par_1_3' title="bbox 3374 225 3476 278">
     <span class='ocr_line' id='line_1_3' title="bbox 3374 225 3476 278; baseline 0 0"><span class='ocrx_word' id='word_1_6' title='bbox 3374 225 3476 278; x_wconf 73' lang='lat' dir='ltr'><strong>IN</strong></span> 
     </span>
    </p>
   </div>
   <div class='ocr_carea' id='block_1_4' title="bbox 227 335 3478 411">
    <p class='ocr_par' dir='ltr' id='par_1_4' title="bbox 227 335 3478 411">
     <span class='ocr_line' id='line_1_4' title="bbox 227 335 3478 411; baseline 0.002 -23"><span class='ocrx_word' id='word_1_7' title='bbox 227 346 398 399; x_wconf 80' lang='lat' dir='ltr'><strong>terra,</strong></span> <span class='ocrx_word' id='word_1_8' title='bbox 426 336 582 390; x_wconf 90' lang='lat' dir='ltr'><strong>sicuti</strong></span> <span class='ocrx_word' id='word_1_9' title='bbox 624 335 881 404; x_wconf 77' lang='lat' dir='ltr'><strong>imperiali</strong></span> <span class='ocrx_word' id='word_1_10' title='bbox 908 336 1199 406; x_wconf 91' lang='lat' dir='ltr'><strong>diplomate</strong></span> <span class='ocrx_word' id='word_1_11' title='bbox 1223 338 1290 392; x_wconf 83' lang='lat' dir='ltr'><strong>de</strong></span> <span class='ocrx_word' id='word_1_12' title='bbox 1317 338 1541 393; x_wconf 89' lang='lat' dir='ltr'><strong>castello</strong></span> <span class='ocrx_word' id='word_1_13' title='bbox 1563 347 1800 402; x_wconf 84' lang='lat' dir='ltr'><strong>caverat.</strong></span> <span class='ocrx_word' id='word_1_14' title='bbox 1833 342 1878 401; x_wconf 80' lang='grc' dir='ltr'><strong>Λ</strong></span> <span class='ocrx_word' id='word_1_15' title='bbox 1910 342 2068 406; x_wconf 86' lang='lat' dir='ltr'><strong>tibus,</strong></span> <span class='ocrx_word' id='word_1_16' title='bbox 2101 358 2197 397; x_wconf 91' lang='lat' dir='ltr'><strong>nec</strong></span> <span class='ocrx_word' id='word_1_17' title='bbox 2227 343 2338 411; x_wconf 89' lang='lat' dir='ltr'><strong>ipsa</strong></span> <span class='ocrx_word' id='word_1_18' title='bbox 2372 343 2510 396; x_wconf 89' lang='lat' dir='ltr'><strong>bona</strong></span> <span class='ocrx_word' id='word_1_19' title='bbox 2538 350 2591 397; x_wconf 89' lang='lat' dir='ltr'><strong>et</strong></span> <span class='ocrx_word' id='word_1_20' title='bbox 2626 339 2782 396; x_wconf 89' lang='lat' dir='ltr'><strong>laude</strong></span> <span class='ocrx_word' id='word_1_21' title='bbox 2807 340 2964 411; x_wconf 88' lang='lat' dir='ltr'><strong>digna</strong></span> <span class='ocrx_word' id='word_1_22' title='bbox 2993 355 3088 410; x_wconf 90' lang='lat' dir='ltr'><strong>per</strong></span> <span class='ocrx_word' id='word_1_23' title='bbox 3116 355 3193 404; x_wconf 88' lang='lat' dir='ltr'><strong>se,</strong></span> <span class='ocrx_word' id='word_1_24' title='bbox 3225 355 3478 406; x_wconf 81' lang='lat' dir='ltr'><strong>perversa</strong></span> 
     </span>
    </p>
   </div>
   <div class='ocr_carea' id='block_1_5' title="bbox 227 425 1808 498">
    <p class='ocr_par' dir='ltr' id='par_1_5' title="bbox 227 425 1808 498">
     <span class='ocr_line' id='line_1_5' title="bbox 227 425 1808 498; baseline 0 -17"><span class='ocrx_word' id='word_1_25' title='bbox 227 444 293 481; x_wconf 88' lang='lat' dir='ltr'><strong>ne</strong></span> <span class='ocrx_word' id='word_1_26' title='bbox 325 426 471 482; x_wconf 89' lang='lat' dir='ltr'><strong>forte</strong></span> <span class='ocrx_word' id='word_1_27' title='bbox 497 427 542 481; x_wconf 89' lang='lat' dir='ltr'><strong>si</strong></span> <span class='ocrx_word' id='word_1_28' title='bbox 573 425 692 480; x_wconf 77' lang='lat' dir='ltr'><strong>Milo</strong></span> <span class='ocrx_word' id='word_1_29' title='bbox 726 427 1115 496; x_wconf 87' lang='lat' dir='ltr'><strong>episcopatum,</strong></span> <span class='ocrx_word' id='word_1_30' title='bbox 1142 429 1219 482; x_wconf 91' lang='lat' dir='ltr'><strong>uti</strong></span> <span class='ocrx_word' id='word_1_31' title='bbox 1249 429 1490 498; x_wconf 84' lang='lat' dir='ltr'><strong>putabat,</strong></span> <span class='ocrx_word' id='word_1_32' title='bbox 1515 430 1808 492; x_wconf 85' lang='lat' dir='ltr'><strong>evinceret,</strong></span> 
     </span>
    </p>
   </div>
   <div class='ocr_carea' id='block_1_6' title="bbox 227 516 1808 585">
    <p class='ocr_par' dir='ltr' id='par_1_6' title="bbox 227 516 1808 585">
     <span class='ocr_line' id='line_1_6' title="bbox 227 516 1808 585; baseline -0.001 -16"><span class='ocrx_word' id='word_1_33' title='bbox 227 532 345 570; x_wconf 78' lang='lat' dir='ltr'><strong>eam</strong></span> <span class='ocrx_word' id='word_1_34' title='bbox 382 524 583 568; x_wconf 69' lang='lat' dir='ltr'><strong>lernam</strong></span> <span class='ocrx_word' id='word_1_35' title='bbox 618 525 902 584; x_wconf 83' lang='lat' dir='ltr'><strong>repeteret,</strong></span> <span class='ocrx_word' id='word_1_36' title='bbox 935 527 988 570; x_wconf 90' lang='lat' dir='ltr'><strong>et</strong></span> <span class='ocrx_word' id='word_1_37' title='bbox 1033 516 1084 569; x_wconf 92' lang='lat' dir='ltr'><strong>in</strong></span> <span class='ocrx_word' id='word_1_38' title='bbox 1110 517 1197 585; x_wconf 94' lang='lat' dir='ltr'><strong>jus</strong></span> <span class='ocrx_word' id='word_1_39' title='bbox 1236 516 1474 572; x_wconf 74' lang='lat' dir='ltr'><strong>ecclesia:</strong></span> <span class='ocrx_word' id='word_1_40' title='bbox 1510 527 1808 571; x_wconf 82' lang='lat' dir='ltr'><strong>revocaret.</strong></span> 
     </span>
    </p>
   </div>
   <div class='ocr_carea' id='block_1_7' title="bbox 238 607 1812 678">
    <p class='ocr_par' dir='ltr' id='par_1_7' title="bbox 238 607 1812 678">
     <span class='ocr_line' id='line_1_7' title="bbox 238 607 1812 678; baseline 0.001 -18"><span class='ocrx_word' id='word_1_41' title='bbox 238 607 370 660; x_wconf 84' lang='lat' dir='ltr'><strong>Cum</strong></span> <span class='ocrx_word' id='word_1_42' title='bbox 416 608 729 671; x_wconf 80' lang='lat' dir='ltr'><strong>Ratherius,</strong></span> <span class='ocrx_word' id='word_1_43' title='bbox 763 624 1094 678; x_wconf 66' lang='lat' dir='ltr'><strong>qna&#39;cnuque</strong></span> <span class='ocrx_word' id='word_1_44' title='bbox 1132 607 1355 662; x_wconf 84' lang='lat' dir='ltr'><strong>Sikerus</strong></span> <span class='ocrx_word' id='word_1_45' title='bbox 1392 610 1632 672; x_wconf 78' lang='lat' dir='ltr'><strong>dederat,</strong></span> <span class='ocrx_word' id='word_1_46' title='bbox 1675 608 1812 661; x_wconf 90' lang='lat' dir='ltr'><strong>ami-</strong></span> 
     </span>
    </p>
   </div>
   <div class='ocr_carea' id='block_1_8' title="bbox 231 696 1812 766">
    <p class='ocr_par' dir='ltr' id='par_1_8' title="bbox 231 696 1812 766">
     <span class='ocr_line' id='line_1_8' title="bbox 231 696 1812 766; baseline -0.001 -17"><span class='ocrx_word' id='word_1_47' title='bbox 231 696 368 749; x_wconf 64' lang='lat' dir='ltr'><strong>citiae</strong></span> <span class='ocrx_word' id='word_1_48' title='bbox 391 711 556 749; x_wconf 82' lang='lat' dir='ltr'><strong>causa</strong></span> <span class='ocrx_word' id='word_1_49' title='bbox 585 696 777 750; x_wconf 82' lang='lat' dir='ltr'><strong>collata</strong></span> <span class='ocrx_word' id='word_1_50' title='bbox 804 697 1126 766; x_wconf 85' lang='lat' dir='ltr'><strong>accepisset,</strong></span> <span class='ocrx_word' id='word_1_51' title='bbox 1154 697 1253 751; x_wconf 89' lang='lat' dir='ltr'><strong>hoe</strong></span> <span class='ocrx_word' id='word_1_52' title='bbox 1279 697 1464 751; x_wconf 80' lang='lat' dir='ltr'><strong>audaci</strong></span> <span class='ocrx_word' id='word_1_53' title='bbox 1498 697 1673 750; x_wconf 80' lang='lat' dir='ltr'><strong>Sikeri</strong></span> <span class='ocrx_word' id='word_1_54' title='bbox 1696 696 1812 749; x_wconf 91' lang='lat' dir='ltr'><strong>uisu</strong></span> 
     </span>
    </p>
   </div>
   <div class='ocr_carea' id='block_1_9' title="bbox 231 787 1814 857">
    <p class='ocr_par' dir='ltr' id='par_1_9' title="bbox 231 787 1814 857">
     <span class='ocr_line' id='line_1_9' title="bbox 231 787 1814 857; baseline 0.001 -17"><span class='ocrx_word' id='word_1_55' title='bbox 231 787 465 850; x_wconf 89' lang='lat' dir='ltr'><strong>detecto,</strong></span> <span class='ocrx_word' id='word_1_56' title='bbox 507 789 755 856; x_wconf 77' lang='lat' dir='ltr'><strong>ptenituit</strong></span> <span class='ocrx_word' id='word_1_57' title='bbox 785 804 843 843; x_wconf 91' lang='lat' dir='ltr'><strong>se</strong></span> <span class='ocrx_word' id='word_1_58' title='bbox 875 789 947 842; x_wconf 91' lang='lat' dir='ltr'><strong>illi</strong></span> <span class='ocrx_word' id='word_1_59' title='bbox 981 799 1178 844; x_wconf 87' lang='lat' dir='ltr'><strong>terram</strong></span> <span class='ocrx_word' id='word_1_60' title='bbox 1207 790 1437 844; x_wconf 82' lang='lat' dir='ltr'><strong>dedisse.</strong></span> <span class='ocrx_word' id='word_1_61' title='bbox 1465 788 1814 857; x_wconf 87' lang='lat' dir='ltr'><strong>Imperatoris</strong></span> 
     </span>
    </p>
   </div>
   <div class='ocr_carea' id='block_1_10' title="bbox 233 879 1814 948">
    <p class='ocr_par' dir='ltr' id='par_1_10' title="bbox 233 879 1814 948">
     <span class='ocr_line' id='line_1_10' title="bbox 233 879 1814 948; baseline 0.001 -18"><span class='ocrx_word' id='word_1_62' title='bbox 233 894 357 934; x_wconf 88' lang='lat' dir='ltr'><strong>vero</strong></span> <span class='ocrx_word' id='word_1_63' title='bbox 379 879 620 948; x_wconf 84' lang='lat' dir='ltr'><strong>diploma</strong></span> <span class='ocrx_word' id='word_1_64' title='bbox 653 881 935 944; x_wconf 80' lang='lat' dir='ltr'><strong>reveritus,</strong></span> <span class='ocrx_word' id='word_1_65' title='bbox 958 881 1158 933; x_wconf 90' lang='lat' dir='ltr'><strong>nullam</strong></span> <span class='ocrx_word' id='word_1_66' title='bbox 1183 881 1246 934; x_wconf 90' lang='lat' dir='ltr'><strong>de</strong></span> <span class='ocrx_word' id='word_1_67' title='bbox 1266 881 1814 948; x_wconf 69' lang='lat' dir='ltr'><strong>castro-qumStioucm</strong></span> 
     </span>
    </p>
   </div>
   <div class='ocr_carea' id='block_1_11' title="bbox 234 970 1817 1042">
    <p class='ocr_par' dir='ltr' id='par_1_11' title="bbox 234 970 1817 1042">
     <span class='ocr_line' id='line_1_11' title="bbox 234 970 1817 1042; baseline 0.003 -21"><span class='ocrx_word' id='word_1_68' title='bbox 234 985 456 1023; x_wconf 90' lang='lat' dir='ltr'><strong>movens</strong></span> <span class='ocrx_word' id='word_1_69' title='bbox 514 972 790 1040; x_wconf 86' lang='lat' dir='ltr'><strong>respondit</strong></span> <span class='ocrx_word' id='word_1_70' title='bbox 842 970 1124 1042; x_wconf 75' lang='lat' dir='ltr'><strong>[cxxxvi]:</strong></span> <span class='ocrx_word' id='word_1_71' title='bbox 1185 990 1202 1022; x_wconf 81' lang='grc' dir='ltr'><strong>ι</strong></span> <span class='ocrx_word' id='word_1_72' title='bbox 1252 972 1535 1026; x_wconf 75' lang='lat' dir='ltr'><strong>Suﬂiceret</strong></span> <span class='ocrx_word' id='word_1_73' title='bbox 1584 973 1631 1026; x_wconf 91' lang='lat' dir='ltr'><strong>ei</strong></span> <span class='ocrx_word' id='word_1_74' title='bbox 1675 973 1817 1040; x_wconf 89' lang='lat' dir='ltr'><strong>quod</strong></span> 
     </span>
    </p>
   </div>
   <div class='ocr_carea' id='block_1_12' title="bbox 235 1060 1820 1129">
    <p class='ocr_par' dir='ltr' id='par_1_12' title="bbox 235 1060 1820 1129">
     <span class='ocr_line' id='line_1_12' title="bbox 235 1060 1820 1129; baseline 0.001 -16"><span class='ocrx_word' id='word_1_75' title='bbox 235 1060 342 1129; x_wconf 84' lang='lat' dir='ltr'><strong>ipse</strong></span> <span class='ocrx_word' id='word_1_76' title='bbox 377 1061 604 1115; x_wconf 84' lang='lat' dir='ltr'><strong>dederat</strong></span> <span class='ocrx_word' id='word_1_77' title='bbox 646 1071 905 1116; x_wconf 86' lang='lat' dir='ltr'><strong>castrum.</strong></span> <span class='ocrx_word' id='word_1_78' title='bbox 962 1082 983 1113; x_wconf 83' lang='grc'><strong>›</strong></span> <span class='ocrx_word' id='word_1_79' title='bbox 1014 1062 1108 1117; x_wconf 85' lang='lat' dir='ltr'><strong>Illo</strong></span> <span class='ocrx_word' id='word_1_80' title='bbox 1135 1071 1313 1116; x_wconf 89' lang='lat' dir='ltr'><strong>autem</strong></span> <span class='ocrx_word' id='word_1_81' title='bbox 1350 1063 1648 1117; x_wconf 82' lang='lat' dir='ltr'><strong>aﬂlrmante</strong></span> <span class='ocrx_word' id='word_1_82' title='bbox 1677 1077 1736 1116; x_wconf 88' lang='lat' dir='ltr'><strong>se</strong></span> <span class='ocrx_word' id='word_1_83' title='bbox 1766 1071 1820 1115; x_wconf 91' lang='lat' dir='ltr'><strong>ct</strong></span> 
     </span>
    </p>
   </div>
   <div class='ocr_carea' id='block_1_13' title="bbox 238 1151 1821 1221">
    <p class='ocr_par' dir='ltr' id='par_1_13' title="bbox 238 1151 1821 1221">
     <span class='ocr_line' id='line_1_13' title="bbox 238 1151 1821 1221; baseline 0 -17"><span class='ocrx_word' id='word_1_84' title='bbox 238 1160 438 1204; x_wconf 84' lang='lat' dir='ltr'><strong>terram</strong></span> <span class='ocrx_word' id='word_1_85' title='bbox 469 1151 607 1205; x_wconf 88' lang='lat' dir='ltr'><strong>velle</strong></span> <span class='ocrx_word' id='word_1_86' title='bbox 649 1161 832 1206; x_wconf 87' lang='lat' dir='ltr'><strong>tenere</strong></span> <span class='ocrx_word' id='word_1_87' title='bbox 863 1151 981 1220; x_wconf 82' lang='lat' dir='ltr'><strong>jure</strong></span> <span class='ocrx_word' id='word_1_88' title='bbox 1011 1168 1126 1214; x_wconf 90' lang='lat' dir='ltr'><strong>suo,</strong></span> <span class='ocrx_word' id='word_1_89' title='bbox 1161 1162 1216 1206; x_wconf 93' lang='lat' dir='ltr'><strong>ct</strong></span> <span class='ocrx_word' id='word_1_90' title='bbox 1255 1167 1513 1217; x_wconf 89' lang='lat' dir='ltr'><strong>castrum,</strong></span> <span class='ocrx_word' id='word_1_91' title='bbox 1546 1155 1686 1220; x_wconf 91' lang='lat' dir='ltr'><strong>quod</strong></span> <span class='ocrx_word' id='word_1_92' title='bbox 1726 1167 1821 1221; x_wconf 90' lang='lat' dir='ltr'><strong>per</strong></span> 
     </span>
    </p>
   </div>
   <div class='ocr_carea' id='block_1_14' title="bbox 243 1241 1818 1313">
    <p class='ocr_par' dir='ltr' id='par_1_14' title="bbox 243 1241 1818 1313">
     <span class='ocr_line' id='line_1_14' title="bbox 243 1241 1818 1313; baseline 0.003 -20"><span class='ocrx_word' id='word_1_93' title='bbox 243 1261 260 1292; x_wconf 74' lang='grc' dir='ltr'><strong>ι</strong></span> <span class='ocrx_word' id='word_1_94' title='bbox 288 1241 489 1296; x_wconf 90' lang='lat' dir='ltr'><strong>donum</strong></span> <span class='ocrx_word' id='word_1_95' title='bbox 522 1262 541 1293; x_wconf 78' lang='grc' dir='ltr'><strong>ι</strong></span> <span class='ocrx_word' id='word_1_96' title='bbox 567 1242 910 1311; x_wconf 89' lang='lat' dir='ltr'><strong>Imperatoris</strong></span> <span class='ocrx_word' id='word_1_97' title='bbox 936 1244 1001 1297; x_wconf 91' lang='lat' dir='ltr'><strong>ad</strong></span> <span class='ocrx_word' id='word_1_98' title='bbox 1023 1261 1082 1298; x_wconf 90' lang='lat' dir='ltr'><strong>se</strong></span> <span class='ocrx_word' id='word_1_99' title='bbox 1108 1245 1415 1313; x_wconf 79' lang='lat' dir='ltr'><strong>pervenisse</strong></span> <span class='ocrx_word' id='word_1_100' title='bbox 1442 1245 1818 1309; x_wconf 78' lang='lat' dir='ltr'><strong>mentiebatur,</strong></span> 
     </span>
    </p>
   </div>
   <div class='ocr_carea' id='block_1_15' title="bbox 241 1331 1632 1403">
    <p class='ocr_par' dir='ltr' id='par_1_15' title="bbox 241 1331 1632 1403">
     <span class='ocr_line' id='line_1_15' title="bbox 241 1331 1632 1403; baseline 0.003 -19"><span class='ocrx_word' id='word_1_101' title='bbox 241 1331 546 1402; x_wconf 87' lang='lat' dir='ltr'><strong>indignatus</strong></span> <span class='ocrx_word' id='word_1_102' title='bbox 570 1335 856 1402; x_wconf 86' lang='lat' dir='ltr'><strong>episcopus</strong></span> <span class='ocrx_word' id='word_1_103' title='bbox 879 1351 998 1388; x_wconf 87' lang='lat' dir='ltr'><strong>eam</strong></span> <span class='ocrx_word' id='word_1_104' title='bbox 1033 1336 1129 1403; x_wconf 85' lang='lat' dir='ltr'><strong>ipsi</strong></span> <span class='ocrx_word' id='word_1_105' title='bbox 1165 1345 1362 1388; x_wconf 87' lang='lat' dir='ltr'><strong>terram</strong></span> <span class='ocrx_word' id='word_1_106' title='bbox 1394 1335 1632 1389; x_wconf 82' lang='lat' dir='ltr'><strong>abstulit.</strong></span> 
     </span>
    </p>
   </div>
   <div class='ocr_carea' id='block_1_16' title="bbox 243 1421 1823 1493">
    <p class='ocr_par' dir='ltr' id='par_1_16' title="bbox 243 1421 1823 1493">
     <span class='ocr_line' id='line_1_16' title="bbox 243 1421 1823 1493; baseline 0.002 -16"><span class='ocrx_word' id='word_1_107' title='bbox 243 1421 270 1493; x_wconf 61' lang='grc' dir='ltr'>θ</span> <span class='ocrx_word' id='word_1_108' title='bbox 297 1423 458 1478; x_wconf 78' lang='lat' dir='ltr'><strong>XVII.</strong></span> <span class='ocrx_word' id='word_1_109' title='bbox 492 1455 562 1464; x_wconf 96' lang='grc'><strong><em>--</em></strong></span> <span class='ocrx_word' id='word_1_110' title='bbox 593 1423 826 1477; x_wconf 77' lang='lat' dir='ltr'><strong>Rntherii</strong></span> <span class='ocrx_word' id='word_1_111' title='bbox 862 1438 979 1478; x_wconf 72' lang='lat' dir='ltr'><strong>acta</strong></span> <span class='ocrx_word' id='word_1_112' title='bbox 1012 1429 1138 1478; x_wconf 82' lang='lat' dir='ltr'><strong>anni</strong></span> <span class='ocrx_word' id='word_1_113' title='bbox 1166 1427 1288 1480; x_wconf 82' lang='grc'><strong>966.</strong></span> <span class='ocrx_word' id='word_1_114' title='bbox 1323 1425 1512 1479; x_wconf 81' lang='lat' dir='ltr'><strong>Scribit</strong></span> <span class='ocrx_word' id='word_1_115' title='bbox 1543 1427 1823 1492; x_wconf 78' lang='lat' dir='ltr'><strong>Qualitalis</strong></span> 
     </span>
    </p>
   </div>
   <div class='ocr_carea' id='block_1_17' title="bbox 307 1493 1825 1562">
    <p class='ocr_par' dir='ltr' id='par_1_17' title="bbox 307 1493 1825 1562">
     <span class='ocr_line' id='line_1_17' title="bbox 307 1493 1825 1562; baseline 0.001 -14"><span class='ocrx_word' id='word_1_116' title='bbox 307 1493 699 1559; x_wconf 71' lang='lat' dir='ltr'><strong>cctiji&#39;cturam.</strong></span> <span class='ocrx_word' id='word_1_117' title='bbox 731 1494 797 1547; x_wconf 93' lang='lat' dir='ltr'><strong>ln</strong></span> <span class='ocrx_word' id='word_1_118' title='bbox 821 1496 1026 1548; x_wconf 80' lang='lat' dir='ltr'><strong>nblmtia</strong></span> <span class='ocrx_word' id='word_1_119' title='bbox 1054 1495 1359 1562; x_wconf 70' lang='lat' dir='ltr'><strong>.Ilngnznni,</strong></span> <span class='ocrx_word' id='word_1_120' title='bbox 1384 1497 1619 1549; x_wconf 77' lang='lat' dir='ltr'><strong>submoto</strong></span> <span class='ocrx_word' id='word_1_121' title='bbox 1643 1496 1825 1549; x_wconf 76' lang='lat' dir='ltr'><strong>abbate</strong></span> 
     </span>
    </p>
   </div>
   <div class='ocr_carea' id='block_1_18' title="bbox 310 1565 1826 1635">
    <p class='ocr_par' dir='ltr' id='par_1_18' title="bbox 310 1565 1826 1635">
     <span class='ocr_line' id='line_1_18' title="bbox 310 1565 1826 1635; baseline 0.002 -20"><span class='ocrx_word' id='word_1_122' title='bbox 310 1567 710 1635; x_wconf 65' lang='lat' dir='ltr'><strong>&quot;talentorum,</strong></span> <span class='ocrx_word' id='word_1_123' title='bbox 765 1565 984 1635; x_wconf 71' lang='lat' dir='ltr'><strong>instituit</strong></span> <span class='ocrx_word' id='word_1_124' title='bbox 1031 1567 1262 1618; x_wconf 76' lang='lat' dir='ltr'><strong>clericos.</strong></span> <span class='ocrx_word' id='word_1_125' title='bbox 1312 1567 1376 1618; x_wconf 87' lang='lat' dir='ltr'><strong>In</strong></span> <span class='ocrx_word' id='word_1_126' title='bbox 1410 1567 1826 1635; x_wconf 74' lang='lat' dir='ltr'><strong>Quadrugesima</strong></span> 
     </span>
    </p>
   </div>
   <div class='ocr_carea' id='block_1_19' title="bbox 303 1634 1824 1705">
    <p class='ocr_par' dir='ltr' id='par_1_19' title="bbox 303 1634 1824 1705">
     <span class='ocr_line' id='line_1_19' title="bbox 303 1634 1824 1705; baseline 0.001 -20"><span class='ocrx_word' id='word_1_127' title='bbox 303 1635 562 1705; x_wconf 73' lang='lat' dir='ltr'><strong>synodum</strong></span> <span class='ocrx_word' id='word_1_128' title='bbox 607 1634 850 1705; x_wconf 73' lang='lat' dir='ltr'><strong>celebrat,</strong></span> <span class='ocrx_word' id='word_1_129' title='bbox 887 1644 933 1688; x_wconf 87' lang='lat' dir='ltr'><strong>et</strong></span> <span class='ocrx_word' id='word_1_130' title='bbox 965 1634 1289 1705; x_wconf 84' lang='lat' dir='ltr'><strong>Synodicaui</strong></span> <span class='ocrx_word' id='word_1_131' title='bbox 1332 1639 1457 1689; x_wconf 82' lang='lat' dir='ltr'><strong>edit.</strong></span> <span class='ocrx_word' id='word_1_132' title='bbox 1503 1634 1824 1704; x_wconf 70' lang='lat' dir='ltr'><strong>0pu$culum</strong></span> 
     </span>
    </p>
   </div>
   <div class='ocr_carea' id='block_1_20' title="bbox 310 1703 1826 1772">
    <p class='ocr_par' dir='ltr' id='par_1_20' title="bbox 310 1703 1826 1772">
     <span class='ocr_line' id='line_1_20' title="bbox 310 1703 1826 1772; baseline 0.003 -18"><span class='ocrx_word' id='word_1_133' title='bbox 310 1704 547 1771; x_wconf 78' lang='lat' dir='ltr'><strong>ejusdem</strong></span> <span class='ocrx_word' id='word_1_134' title='bbox 579 1705 644 1756; x_wconf 80' lang='lat' dir='ltr'><strong>(le</strong></span> <span class='ocrx_word' id='word_1_135' title='bbox 689 1703 864 1772; x_wconf 80' lang='lat' dir='ltr'><strong>Nuptu</strong></span> <span class='ocrx_word' id='word_1_136' title='bbox 910 1703 1118 1758; x_wconf 76' lang='lat' dir='ltr'><strong>illicito.</strong></span> <span class='ocrx_word' id='word_1_137' title='bbox 1165 1705 1452 1759; x_wconf 79' lang='lat' dir='ltr'><strong>Romanum</strong></span> <span class='ocrx_word' id='word_1_138' title='bbox 1483 1703 1579 1760; x_wconf 84' lang='lat' dir='ltr'><strong>iter</strong></span> <span class='ocrx_word' id='word_1_139' title='bbox 1609 1707 1826 1759; x_wconf 79' lang='lat' dir='ltr'><strong>medito-</strong></span> 
     </span>
    </p>
   </div>
   <div class='ocr_carea' id='block_1_21' title="bbox 310 1773 1269 1845">
    <p class='ocr_par' dir='ltr' id='par_1_21' title="bbox 310 1773 1269 1845">
     <span class='ocr_line' id='line_1_21' title="bbox 310 1773 1269 1845; baseline 0.005 -21"><span class='ocrx_word' id='word_1_140' title='bbox 310 1782 417 1836; x_wconf 80' lang='lat' dir='ltr'><strong>tur,</strong></span> <span class='ocrx_word' id='word_1_141' title='bbox 449 1784 496 1825; x_wconf 86' lang='lat' dir='ltr'><strong>et</strong></span> <span class='ocrx_word' id='word_1_142' title='bbox 525 1790 638 1826; x_wconf 83' lang='lat' dir='ltr'><strong>cur.</strong></span> <span class='ocrx_word' id='word_1_143' title='bbox 675 1773 1012 1828; x_wconf 87' lang='lat' dir='ltr'><strong>Itinerarium</strong></span> <span class='ocrx_word' id='word_1_144' title='bbox 1043 1777 1269 1845; x_wconf 81' lang='lat' dir='ltr'><strong>eoulgut.</strong></span> 
     </span>
    </p>
   </div>
   <div class='ocr_carea' id='block_1_22' title="bbox 313 1863 1832 1923">
    <p class='ocr_par' dir='ltr' id='par_1_22' title="bbox 313 1863 1832 1923">
     <span class='ocr_line' id='line_1_22' title="bbox 313 1863 1832 1923; baseline 0.003 -6"><span class='ocrx_word' id='word_1_145' title='bbox 313 1864 436 1918; x_wconf 69' lang='lat'><strong>109.</strong></span> <span class='ocrx_word' id='word_1_146' title='bbox 466 1864 600 1917; x_wconf 89' lang='lat' dir='ltr'><strong>Cum</strong></span> <span class='ocrx_word' id='word_1_147' title='bbox 630 1863 869 1919; x_wconf 79' lang='lat' dir='ltr'><strong>Rathcrii</strong></span> <span class='ocrx_word' id='word_1_148' title='bbox 901 1867 1084 1921; x_wconf 86' lang='lat' dir='ltr'><strong>hostes</strong></span> <span class='ocrx_word' id='word_1_149' title='bbox 1121 1867 1512 1923; x_wconf 78' lang='lat' dir='ltr'><strong>intellexissent</strong></span> <span class='ocrx_word' id='word_1_150' title='bbox 1541 1883 1662 1922; x_wconf 91' lang='lat' dir='ltr'><strong>eum</strong></span> <span class='ocrx_word' id='word_1_151' title='bbox 1691 1867 1832 1922; x_wconf 88' lang='lat' dir='ltr'><strong>nolle</strong></span> 
     </span>
    </p>
   </div>
   <div class='ocr_carea' id='block_1_23' title="bbox 249 1957 1829 2029">
    <p class='ocr_par' dir='ltr' id='par_1_23' title="bbox 249 1957 1829 2029">
     <span class='ocr_line' id='line_1_23' title="bbox 249 1957 1829 2029; baseline 0.002 -18"><span class='ocrx_word' id='word_1_152' title='bbox 249 1957 613 2026; x_wconf 85' lang='lat' dir='ltr'><strong>episcopatum</strong></span> <span class='ocrx_word' id='word_1_153' title='bbox 659 1957 840 2012; x_wconf 80' lang='lat' dir='ltr'><strong>Miloni</strong></span> <span class='ocrx_word' id='word_1_154' title='bbox 894 1959 1106 2023; x_wconf 87' lang='lat' dir='ltr'><strong>cedere,</strong></span> <span class='ocrx_word' id='word_1_155' title='bbox 1149 1960 1252 2014; x_wconf 90' lang='lat' dir='ltr'><strong>nisi</strong></span> <span class='ocrx_word' id='word_1_156' title='bbox 1301 1960 1644 2029; x_wconf 85' lang='lat' dir='ltr'><strong>imperatoris</strong></span> <span class='ocrx_word' id='word_1_157' title='bbox 1690 1975 1829 2029; x_wconf 66' lang='lat' dir='ltr'><strong>prte-</strong></span> 
     </span>
    </p>
   </div>
   <div class='ocr_carea' id='block_1_24' title="bbox 247 2051 1830 2121">
    <p class='ocr_par' dir='ltr' id='par_1_24' title="bbox 247 2051 1830 2121">
     <span class='ocr_line' id='line_1_24' title="bbox 247 2051 1830 2121; baseline 0.001 -17"><span class='ocrx_word' id='word_1_158' title='bbox 247 2058 402 2120; x_wconf 87' lang='lat' dir='ltr'><strong>ccpto</strong></span> <span class='ocrx_word' id='word_1_159' title='bbox 424 2061 733 2120; x_wconf 82' lang='lat' dir='ltr'><strong>cogeretur,</strong></span> <span class='ocrx_word' id='word_1_160' title='bbox 759 2067 938 2107; x_wconf 89' lang='lat' dir='ltr'><strong>mores</strong></span> <span class='ocrx_word' id='word_1_161' title='bbox 958 2061 1012 2106; x_wconf 88' lang='lat' dir='ltr'><strong>et</strong></span> <span class='ocrx_word' id='word_1_162' title='bbox 1036 2053 1196 2106; x_wconf 90' lang='lat' dir='ltr'><strong>vitam</strong></span> <span class='ocrx_word' id='word_1_163' title='bbox 1219 2051 1333 2121; x_wconf 94' lang='lat' dir='ltr'><strong>ejus</strong></span> <span class='ocrx_word' id='word_1_164' title='bbox 1358 2053 1538 2107; x_wconf 88' lang='lat' dir='ltr'><strong>multis</strong></span> <span class='ocrx_word' id='word_1_165' title='bbox 1565 2053 1830 2116; x_wconf 85' lang='lat' dir='ltr'><strong>censuris,</strong></span> 
     </span>
    </p>
   </div>
   <div class='ocr_carea' id='block_1_25' title="bbox 249 2141 1832 2211">
    <p class='ocr_par' dir='ltr' id='par_1_25' title="bbox 249 2141 1832 2211">
     <span class='ocr_line' id='line_1_25' title="bbox 249 2141 1832 2211; baseline 0.001 -19"><span class='ocrx_word' id='word_1_166' title='bbox 249 2154 340 2193; x_wconf 89' lang='lat' dir='ltr'><strong>seu</strong></span> <span class='ocrx_word' id='word_1_167' title='bbox 393 2141 571 2208; x_wconf 78' lang='lat' dir='ltr'><strong>potius</strong></span> <span class='ocrx_word' id='word_1_168' title='bbox 623 2141 1056 2196; x_wconf 89' lang='lat' dir='ltr'><strong>cavillationibus</strong></span> <span class='ocrx_word' id='word_1_169' title='bbox 1113 2152 1391 2211; x_wconf 84' lang='lat' dir='ltr'><strong>coeperunt</strong></span> <span class='ocrx_word' id='word_1_170' title='bbox 1435 2142 1832 2211; x_wconf 82' lang='lat' dir='ltr'><strong>perstringere,</strong></span> 
     </span>
    </p>
   </div>
   <div class='ocr_carea' id='block_1_26' title="bbox 249 2229 1834 2302">
    <p class='ocr_par' dir='ltr' id='par_1_26' title="bbox 249 2229 1834 2302">
     <span class='ocr_line' id='line_1_26' title="bbox 249 2229 1834 2302; baseline 0.002 -20"><span class='ocrx_word' id='word_1_171' title='bbox 249 2229 444 2298; x_wconf 85' lang='lat' dir='ltr'><strong>quibus</strong></span> <span class='ocrx_word' id='word_1_172' title='bbox 470 2232 536 2284; x_wconf 90' lang='lat' dir='ltr'><strong>ad</strong></span> <span class='ocrx_word' id='word_1_173' title='bbox 563 2232 942 2301; x_wconf 88' lang='lat' dir='ltr'><strong>imperatorem</strong></span> <span class='ocrx_word' id='word_1_174' title='bbox 966 2233 1178 2297; x_wconf 81' lang='lat' dir='ltr'><strong>delatis,</strong></span> <span class='ocrx_word' id='word_1_175' title='bbox 1209 2234 1484 2302; x_wconf 85' lang='lat' dir='ltr'><strong>imperiale</strong></span> <span class='ocrx_word' id='word_1_176' title='bbox 1507 2244 1834 2302; x_wconf 77' lang='lat' dir='ltr'><strong>praeceptum</strong></span> 
     </span>
    </p>
   </div>
   <div class='ocr_carea' id='block_1_27' title="bbox 249 2322 1837 2392">
    <p class='ocr_par' dir='ltr' id='par_1_27' title="bbox 249 2322 1837 2392">
     <span class='ocr_line' id='line_1_27' title="bbox 249 2322 1837 2392; baseline 0.001 -18"><span class='ocrx_word' id='word_1_177' title='bbox 249 2322 391 2390; x_wconf 89' lang='lat' dir='ltr'><strong>quod</strong></span> <span class='ocrx_word' id='word_1_178' title='bbox 429 2324 759 2392; x_wconf 78' lang='lat' dir='ltr'><strong>expetebant</strong></span> <span class='ocrx_word' id='word_1_179' title='bbox 785 2324 1092 2379; x_wconf 88' lang='lat' dir='ltr'><strong>eliceretur.</strong></span> <span class='ocrx_word' id='word_1_180' title='bbox 1123 2324 1236 2379; x_wconf 80' lang='lat' dir='ltr'><strong>I-Ioe</strong></span> <span class='ocrx_word' id='word_1_181' title='bbox 1274 2335 1452 2377; x_wconf 91' lang='lat' dir='ltr'><strong>autem</strong></span> <span class='ocrx_word' id='word_1_182' title='bbox 1485 2324 1736 2378; x_wconf 87' lang='lat' dir='ltr'><strong>molimen</strong></span> <span class='ocrx_word' id='word_1_183' title='bbox 1780 2330 1837 2375; x_wconf 87' lang='lat' dir='ltr'><strong>ut</strong></span> 
     </span>
    </p>
   </div>
   <div class='ocr_carea' id='block_1_28' title="bbox 249 2413 1836 2482">
    <p class='ocr_par' dir='ltr' id='par_1_28' title="bbox 249 2413 1836 2482">
     <span class='ocr_line' id='line_1_28' title="bbox 249 2413 1836 2482; baseline 0.001 -17"><span class='ocrx_word' id='word_1_184' title='bbox 249 2413 535 2482; x_wconf 89' lang='lat' dir='ltr'><strong>cpisc0pus</strong></span> <span class='ocrx_word' id='word_1_185' title='bbox 583 2413 840 2478; x_wconf 87' lang='lat' dir='ltr'><strong>elideret,</strong></span> <span class='ocrx_word' id='word_1_186' title='bbox 899 2416 1113 2468; x_wconf 89' lang='lat' dir='ltr'><strong>easdem</strong></span> <span class='ocrx_word' id='word_1_187' title='bbox 1176 2414 1546 2469; x_wconf 88' lang='lat' dir='ltr'><strong>cavillationes</strong></span> <span class='ocrx_word' id='word_1_188' title='bbox 1600 2414 1836 2482; x_wconf 84' lang='lat' dir='ltr'><strong>ipsorum</strong></span> 
     </span>
    </p>
   </div>
   <div class='ocr_carea' id='block_1_29' title="bbox 252 2502 1838 2574">
    <p class='ocr_par' dir='ltr' id='par_1_29' title="bbox 252 2502 1838 2574">
     <span class='ocr_line' id='line_1_29' title="bbox 252 2502 1838 2574; baseline 0.003 -20"><span class='ocrx_word' id='word_1_189' title='bbox 252 2502 688 2556; x_wconf 76' lang='lat' dir='ltr'><strong>adversariorum</strong></span> <span class='ocrx_word' id='word_1_190' title='bbox 724 2504 940 2558; x_wconf 91' lang='lat' dir='ltr'><strong>nomine</strong></span> <span class='ocrx_word' id='word_1_191' title='bbox 969 2520 1033 2558; x_wconf 90' lang='lat' dir='ltr'><strong>ac</strong></span> <span class='ocrx_word' id='word_1_192' title='bbox 1060 2504 1238 2558; x_wconf 88' lang='lat' dir='ltr'><strong>verbis</strong></span> <span class='ocrx_word' id='word_1_193' title='bbox 1258 2505 1470 2574; x_wconf 91' lang='lat' dir='ltr'><strong>publice</strong></span> <span class='ocrx_word' id='word_1_194' title='bbox 1492 2506 1838 2574; x_wconf 78' lang='lat' dir='ltr'><strong>exponendas</strong></span> 
     </span>
    </p>
   </div>
   <div class='ocr_carea' id='block_1_30' title="bbox 253 2591 1838 2665">
    <p class='ocr_par' dir='ltr' id='par_1_30' title="bbox 253 2591 1838 2665">
     <span class='ocr_line' id='line_1_30' title="bbox 253 2591 1838 2665; baseline 0.003 -21"><span class='ocrx_word' id='word_1_195' title='bbox 253 2591 406 2646; x_wconf 74' lang='lat' dir='ltr'><strong>duxit</strong></span> <span class='ocrx_word' id='word_1_196' title='bbox 431 2594 485 2647; x_wconf 91' lang='lat' dir='ltr'><strong>in</strong></span> <span class='ocrx_word' id='word_1_197' title='bbox 520 2593 802 2662; x_wconf 85' lang='lat' dir='ltr'><strong>opuscolo.</strong></span> <span class='ocrx_word' id='word_1_198' title='bbox 825 2596 967 2664; x_wconf 89' lang='lat' dir='ltr'><strong>quod</strong></span> <span class='ocrx_word' id='word_1_199' title='bbox 999 2597 1307 2665; x_wconf 87' lang='lat' dir='ltr'><strong>inscripsit:</strong></span> <span class='ocrx_word' id='word_1_200' title='bbox 1344 2614 1361 2646; x_wconf 77' lang='grc' dir='ltr'><strong>ι</strong></span> <span class='ocrx_word' id='word_1_201' title='bbox 1395 2596 1680 2662; x_wconf 84' lang='lat' dir='ltr'><strong>Qualilatis</strong></span> <span class='ocrx_word' id='word_1_202' title='bbox 1705 2612 1838 2650; x_wconf 91' lang='lat' dir='ltr'><strong>con-</strong></span> 
     </span>
    </p>
   </div>
   <div class='ocr_carea' id='block_1_31' title="bbox 253 2682 1840 2755">
    <p class='ocr_par' dir='ltr' id='par_1_31' title="bbox 253 2682 1840 2755">
     <span class='ocr_line' id='line_1_31' title="bbox 253 2682 1840 2755; baseline 0 -20"><span class='ocrx_word' id='word_1_203' title='bbox 253 2683 460 2752; x_wconf 85' lang='lat' dir='ltr'><strong>jectura</strong></span> <span class='ocrx_word' id='word_1_204' title='bbox 489 2682 792 2752; x_wconf 88' lang='lat' dir='ltr'><strong>cujusdam.</strong></span> <span class='ocrx_word' id='word_1_205' title='bbox 832 2703 850 2736; x_wconf 74' lang='grc' dir='ltr'><strong>ι</strong></span> <span class='ocrx_word' id='word_1_206' title='bbox 882 2683 1177 2738; x_wconf 87' lang='lat' dir='ltr'><strong>Censorum</strong></span> <span class='ocrx_word' id='word_1_207' title='bbox 1201 2699 1422 2738; x_wconf 88' lang='lat' dir='ltr'><strong>suorum</strong></span> <span class='ocrx_word' id='word_1_208' title='bbox 1453 2685 1840 2755; x_wconf 87' lang='lat' dir='ltr'><strong>malignitatem</strong></span> 
     </span>
    </p>
   </div>
   <div class='ocr_carea' id='block_1_32' title="bbox 254 2774 1839 2846">
    <p class='ocr_par' dir='ltr' id='par_1_32' title="bbox 254 2774 1839 2846">
     <span class='ocr_line' id='line_1_32' title="bbox 254 2774 1839 2846; baseline 0 -18"><span class='ocrx_word' id='word_1_209' title='bbox 254 2775 536 2843; x_wconf 74' lang='lat' dir='ltr'><strong>explicans</strong></span> <span class='ocrx_word' id='word_1_210' title='bbox 604 2775 657 2828; x_wconf 91' lang='lat' dir='ltr'><strong>in</strong></span> <span class='ocrx_word' id='word_1_211' title='bbox 724 2774 1058 2846; x_wconf 81' lang='lat' dir='ltr'><strong>Apologetico</strong></span> <span class='ocrx_word' id='word_1_212' title='bbox 1128 2791 1275 2830; x_wconf 91' lang='lat' dir='ltr'><strong>num.</strong></span> <span class='ocrx_word' id='word_1_213' title='bbox 1349 2775 1402 2828; x_wconf 71' lang='grc'><strong>4.</strong></span> <span class='ocrx_word' id='word_1_214' title='bbox 1482 2794 1500 2827; x_wconf 79' lang='grc' dir='ltr'><strong>ι</strong></span> <span class='ocrx_word' id='word_1_215' title='bbox 1558 2775 1839 2842; x_wconf 91' lang='lat' dir='ltr'><strong>Quidam,</strong></span> 
     </span>
    </p>
   </div>
   <div class='ocr_carea' id='block_1_33' title="bbox 257 2865 1844 2937">
    <p class='ocr_par' dir='ltr' id='par_1_33' title="bbox 257 2865 1844 2937">
     <span class='ocr_line' id='line_1_33' title="bbox 257 2865 1844 2937; baseline 0.001 -18"><span class='ocrx_word' id='word_1_216' title='bbox 257 2865 474 2934; x_wconf 89' lang='lat' dir='ltr'><strong>inquit,</strong></span> <span class='ocrx_word' id='word_1_217' title='bbox 528 2867 640 2921; x_wconf 89' lang='lat' dir='ltr'><strong>sive</strong></span> <span class='ocrx_word' id='word_1_218' title='bbox 667 2868 902 2936; x_wconf 86' lang='lat' dir='ltr'><strong>putatis,</strong></span> <span class='ocrx_word' id='word_1_219' title='bbox 954 2869 1069 2922; x_wconf 88' lang='lat' dir='ltr'><strong>sive</strong></span> <span class='ocrx_word' id='word_1_220' title='bbox 1104 2883 1133 2921; x_wconf 90' lang='lat' dir='ltr'><strong>a</strong></span> <span class='ocrx_word' id='word_1_221' title='bbox 1174 2882 1232 2922; x_wconf 90' lang='lat' dir='ltr'><strong>se</strong></span> <span class='ocrx_word' id='word_1_222' title='bbox 1268 2869 1440 2937; x_wconf 87' lang='lat' dir='ltr'><strong>magis</strong></span> <span class='ocrx_word' id='word_1_223' title='bbox 1469 2867 1714 2922; x_wconf 78' lang='lat' dir='ltr'><strong>COIlIIClIS</strong></span> <span class='ocrx_word' id='word_1_224' title='bbox 1761 2881 1844 2920; x_wconf 91' lang='lat' dir='ltr'><strong>me</strong></span> 
     </span>
    </p>
   </div>
   <div class='ocr_carea' id='block_1_34' title="bbox 253 2957 1846 3027">
    <p class='ocr_par' dir='ltr' id='par_1_34' title="bbox 253 2957 1846 3027">
     <span class='ocr_line' id='line_1_34' title="bbox 253 2957 1846 3027; baseline 0 -17"><span class='ocrx_word' id='word_1_225' title='bbox 253 2957 501 3024; x_wconf 85' lang='lat' dir='ltr'><strong>jaculant</strong></span> <span class='ocrx_word' id='word_1_226' title='bbox 539 2959 880 3013; x_wconf 89' lang='lat' dir='ltr'><strong>criminibus.</strong></span> <span class='ocrx_word' id='word_1_227' title='bbox 925 2958 1166 3026; x_wconf 79' lang='lat' dir='ltr'><strong>Quidam</strong></span> <span class='ocrx_word' id='word_1_228' title='bbox 1199 2960 1369 3024; x_wconf 89' lang='lat' dir='ltr'><strong>bona,</strong></span> <span class='ocrx_word' id='word_1_229' title='bbox 1413 2959 1457 3012; x_wconf 89' lang='lat' dir='ltr'><strong>si</strong></span> <span class='ocrx_word' id='word_1_230' title='bbox 1504 2973 1608 3027; x_wconf 90' lang='lat' dir='ltr'><strong>qua</strong></span> <span class='ocrx_word' id='word_1_231' title='bbox 1660 2957 1846 3012; x_wconf 85' lang='lat' dir='ltr'><strong>videor</strong></span> 
     </span>
    </p>
   </div>
   <div class='ocr_carea' id='block_1_35' title="bbox 1912 429 3478 500">
    <p class='ocr_par' dir='ltr' id='par_1_35' title="bbox 1912 429 3478 500">
     <span class='ocr_line' id='line_1_35' title="bbox 1912 429 3478 500; baseline 0 -16"><span class='ocrx_word' id='word_1_232' title='bbox 1912 431 2352 499; x_wconf 85' lang='lat' dir='ltr'><strong>interpretatione</strong></span> <span class='ocrx_word' id='word_1_233' title='bbox 2379 430 2836 500; x_wconf 89' lang='lat' dir='ltr'><strong>distorquentibus</strong></span> <span class='ocrx_word' id='word_1_234' title='bbox 2865 431 2916 484; x_wconf 91' lang='lat' dir='ltr'><strong>in</strong></span> <span class='ocrx_word' id='word_1_235' title='bbox 2957 429 3176 496; x_wconf 89' lang='lat' dir='ltr'><strong>malum,</strong></span> <span class='ocrx_word' id='word_1_236' title='bbox 3207 439 3316 484; x_wconf 90' lang='lat' dir='ltr'><strong>tota</strong></span> <span class='ocrx_word' id='word_1_237' title='bbox 3363 431 3478 484; x_wconf 66' lang='lat' dir='ltr'><strong>hace</strong></span> 
     </span>
    </p>
   </div>
   <div class='ocr_carea' id='block_1_36' title="bbox 1911 521 3474 592">
    <p class='ocr_par' dir='ltr' id='par_1_36' title="bbox 1911 521 3474 592">
     <span class='ocr_line' id='line_1_36' title="bbox 1911 521 3474 592; baseline 0 -17"><span class='ocrx_word' id='word_1_238' title='bbox 1911 522 2278 575; x_wconf 87' lang='lat' dir='ltr'><strong>cavillatorum</strong></span> <span class='ocrx_word' id='word_1_239' title='bbox 2308 537 2534 576; x_wconf 89' lang='lat' dir='ltr'><strong>censura</strong></span> <span class='ocrx_word' id='word_1_240' title='bbox 2564 521 2774 592; x_wconf 80' lang='lat' dir='ltr'><strong>insigne</strong></span> <span class='ocrx_word' id='word_1_241' title='bbox 2804 522 3039 576; x_wconf 87' lang='lat' dir='ltr'><strong>auctoris</strong></span> <span class='ocrx_word' id='word_1_242' title='bbox 3063 523 3364 575; x_wconf 91' lang='lat' dir='ltr'><strong>encomium</strong></span> <span class='ocrx_word' id='word_1_243' title='bbox 3391 522 3474 575; x_wconf 88' lang='lat' dir='ltr'><strong>vi-</strong></span> 
     </span>
    </p>
   </div>
   <div class='ocr_carea' id='block_1_37' title="bbox 1912 611 3478 681">
    <p class='ocr_par' dir='ltr' id='par_1_37' title="bbox 1912 611 3478 681">
     <span class='ocr_line' id='line_1_37' title="bbox 1912 611 3478 681; baseline 0 -18"><span class='ocrx_word' id='word_1_244' title='bbox 1912 612 2143 674; x_wconf 88' lang='lat' dir='ltr'><strong>debitur,</strong></span> <span class='ocrx_word' id='word_1_245' title='bbox 2172 627 2278 680; x_wconf 87' lang='lat' dir='ltr'><strong>quo</strong></span> <span class='ocrx_word' id='word_1_246' title='bbox 2304 621 2676 666; x_wconf 87' lang='lat' dir='ltr'><strong>accusatorum</strong></span> <span class='ocrx_word' id='word_1_247' title='bbox 2703 611 3008 681; x_wconf 78' lang='lat' dir='ltr'><strong>malignitas</strong></span> <span class='ocrx_word' id='word_1_248' title='bbox 3035 612 3166 666; x_wconf 89' lang='lat' dir='ltr'><strong>satis</strong></span> <span class='ocrx_word' id='word_1_249' title='bbox 3195 611 3478 680; x_wconf 78' lang='lat' dir='ltr'><strong>detegitur.</strong></span> 
     </span>
    </p>
   </div>
   <div class='ocr_carea' id='block_1_38' title="bbox 1914 699 3480 769">
    <p class='ocr_par' dir='ltr' id='par_1_38' title="bbox 1914 699 3480 769">
     <span class='ocr_line' id='line_1_38' title="bbox 1914 699 3480 769; baseline -0.001 -15"><span class='ocrx_word' id='word_1_250' title='bbox 1914 700 2233 768; x_wconf 82' lang='lat' dir='ltr'><strong>Episcopum</strong></span> <span class='ocrx_word' id='word_1_251' title='bbox 2275 701 2417 753; x_wconf 90' lang='lat' dir='ltr'><strong>enim</strong></span> <span class='ocrx_word' id='word_1_252' title='bbox 2468 701 2686 754; x_wconf 77' lang='lat' dir='ltr'><strong>exhibet</strong></span> <span class='ocrx_word' id='word_1_253' title='bbox 2738 716 2766 754; x_wconf 89' lang='lat' dir='ltr'><strong>a</strong></span> <span class='ocrx_word' id='word_1_254' title='bbox 2817 700 3086 769; x_wconf 89' lang='lat' dir='ltr'><strong>superbia,</strong></span> <span class='ocrx_word' id='word_1_255' title='bbox 3133 715 3161 752; x_wconf 91' lang='lat' dir='ltr'><strong>a</strong></span> <span class='ocrx_word' id='word_1_256' title='bbox 3189 699 3414 766; x_wconf 89' lang='lat' dir='ltr'><strong>deliciis,</strong></span> <span class='ocrx_word' id='word_1_257' title='bbox 3449 716 3480 753; x_wconf 92' lang='lat' dir='ltr'><strong>a</strong></span> 
     </span>
    </p>
   </div>
   <div class='ocr_carea' id='block_1_39' title="bbox 1914 789 3479 860">
    <p class='ocr_par' dir='ltr' id='par_1_39' title="bbox 1914 789 3479 860">
     <span class='ocr_line' id='line_1_39' title="bbox 1914 789 3479 860; baseline 0 -16"><span class='ocrx_word' id='word_1_258' title='bbox 1914 789 2228 845; x_wconf 86' lang='lat' dir='ltr'><strong>muneribus</strong></span> <span class='ocrx_word' id='word_1_259' title='bbox 2259 791 2514 854; x_wconf 89' lang='lat' dir='ltr'><strong>alienum,</strong></span> <span class='ocrx_word' id='word_1_260' title='bbox 2541 798 2964 860; x_wconf 89' lang='lat' dir='ltr'><strong>contemptorem</strong></span> <span class='ocrx_word' id='word_1_261' title='bbox 3003 789 3310 843; x_wconf 86' lang='lat' dir='ltr'><strong>divitiarum</strong></span> <span class='ocrx_word' id='word_1_262' title='bbox 3333 829 3347 856; x_wconf 95' lang='lat'><strong>,</strong></span> <span class='ocrx_word' id='word_1_263' title='bbox 3378 791 3479 844; x_wconf 87' lang='lat' dir='ltr'><strong>bu—</strong></span> 
     </span>
    </p>
   </div>
   <div class='ocr_carea' id='block_1_40' title="bbox 1914 881 3484 952">
    <p class='ocr_par' dir='ltr' id='par_1_40' title="bbox 1914 881 3484 952">
     <span class='ocr_line' id='line_1_40' title="bbox 1914 881 3484 952; baseline -0.003 -15"><span class='ocrx_word' id='word_1_264' title='bbox 1914 883 2117 944; x_wconf 89' lang='lat' dir='ltr'><strong>milcm,</strong></span> <span class='ocrx_word' id='word_1_265' title='bbox 2151 895 2462 952; x_wconf 89' lang='lat' dir='ltr'><strong>pauperem,</strong></span> <span class='ocrx_word' id='word_1_266' title='bbox 2494 882 2862 950; x_wconf 72' lang='lat' dir='ltr'><strong>pmuitentem,</strong></span> <span class='ocrx_word' id='word_1_267' title='bbox 2893 881 2982 948; x_wconf 92' lang='lat' dir='ltr'><strong>qui</strong></span> <span class='ocrx_word' id='word_1_268' title='bbox 3007 882 3249 935; x_wconf 83' lang='lat' dir='ltr'><strong>vestibus</strong></span> <span class='ocrx_word' id='word_1_269' title='bbox 3279 881 3484 934; x_wconf 86' lang='lat' dir='ltr'><strong>inconi-</strong></span> 
     </span>
    </p>
   </div>
   <div class='ocr_carea' id='block_1_41' title="bbox 1916 971 3487 1044">
    <p class='ocr_par' dir='ltr' id='par_1_41' title="bbox 1916 971 3487 1044">
     <span class='ocr_line' id='line_1_41' title="bbox 1916 971 3487 1044; baseline -0.001 -18"><span class='ocrx_word' id='word_1_270' title='bbox 1916 974 2023 1044; x_wconf 88' lang='lat' dir='ltr'><strong>ptis</strong></span> <span class='ocrx_word' id='word_1_271' title='bbox 2043 982 2094 1026; x_wconf 90' lang='lat' dir='ltr'><strong>et</strong></span> <span class='ocrx_word' id='word_1_272' title='bbox 2122 972 2343 1026; x_wconf 92' lang='lat' dir='ltr'><strong>minime</strong></span> <span class='ocrx_word' id='word_1_273' title='bbox 2363 972 2631 1042; x_wconf 88' lang='lat' dir='ltr'><strong>pretiosis,</strong></span> <span class='ocrx_word' id='word_1_274' title='bbox 2654 973 2866 1040; x_wconf 88' lang='lat' dir='ltr'><strong>aliaque</strong></span> <span class='ocrx_word' id='word_1_275' title='bbox 2893 971 3146 1026; x_wconf 90' lang='lat' dir='ltr'><strong>mediocri</strong></span> <span class='ocrx_word' id='word_1_276' title='bbox 3172 971 3487 1040; x_wconf 88' lang='lat' dir='ltr'><strong>supellectili</strong></span> 
     </span>
    </p>
   </div>
   <div class='ocr_carea' id='block_1_42' title="bbox 1917 1062 3487 1132">
    <p class='ocr_par' dir='ltr' id='par_1_42' title="bbox 1917 1062 3487 1132">
     <span class='ocr_line' id='line_1_42' title="bbox 1917 1062 3487 1132; baseline -0.001 -16"><span class='ocrx_word' id='word_1_277' title='bbox 1917 1066 2196 1128; x_wconf 68' lang='lat' dir='ltr'><strong>utebatur;</strong></span> <span class='ocrx_word' id='word_1_278' title='bbox 2243 1063 2332 1132; x_wconf 91' lang='lat' dir='ltr'><strong>qui</strong></span> <span class='ocrx_word' id='word_1_279' title='bbox 2364 1062 2725 1131; x_wconf 86' lang='lat' dir='ltr'><strong>occupabatur</strong></span> <span class='ocrx_word' id='word_1_280' title='bbox 2753 1063 3057 1126; x_wconf 85' lang='lat' dir='ltr'><strong>servilibus,</strong></span> <span class='ocrx_word' id='word_1_281' title='bbox 3087 1063 3391 1116; x_wconf 89' lang='lat' dir='ltr'><strong>dormiebat</strong></span> <span class='ocrx_word' id='word_1_282' title='bbox 3435 1062 3487 1115; x_wconf 91' lang='lat' dir='ltr'><strong>in</strong></span> 
     </span>
    </p>
   </div>
   <div class='ocr_carea' id='block_1_43' title="bbox 1918 1151 3491 1223">
    <p class='ocr_par' dir='ltr' id='par_1_43' title="bbox 1918 1151 3491 1223">
     <span class='ocr_line' id='line_1_43' title="bbox 1918 1151 3491 1223; baseline -0.002 -16"><span class='ocrx_word' id='word_1_283' title='bbox 1918 1167 2157 1215; x_wconf 89' lang='lat' dir='ltr'><strong>scamno,</strong></span> <span class='ocrx_word' id='word_1_284' title='bbox 2202 1162 2294 1206; x_wconf 89' lang='lat' dir='ltr'><strong>aut</strong></span> <span class='ocrx_word' id='word_1_285' title='bbox 2342 1153 2598 1208; x_wconf 86' lang='lat' dir='ltr'><strong>libentius</strong></span> <span class='ocrx_word' id='word_1_286' title='bbox 2641 1151 2827 1216; x_wconf 91' lang='lat' dir='ltr'><strong>humi;</strong></span> <span class='ocrx_word' id='word_1_287' title='bbox 2859 1154 2947 1222; x_wconf 89' lang='lat' dir='ltr'><strong>qui</strong></span> <span class='ocrx_word' id='word_1_288' title='bbox 2999 1152 3205 1223; x_wconf 78' lang='lat' dir='ltr'><strong>frugem</strong></span> <span class='ocrx_word' id='word_1_289' title='bbox 3248 1166 3491 1206; x_wconf 88' lang='lat' dir='ltr'><strong>mensam</strong></span> 
     </span>
    </p>
   </div>
   <div class='ocr_carea' id='block_1_44' title="bbox 1919 1245 3492 1314">
    <p class='ocr_par' dir='ltr' id='par_1_44' title="bbox 1919 1245 3492 1314">
     <span class='ocr_line' id='line_1_44' title="bbox 1919 1245 3492 1314; baseline 0.002 -20"><span class='ocrx_word' id='word_1_290' title='bbox 1919 1245 2145 1314; x_wconf 84' lang='lat' dir='ltr'><strong>parabat</strong></span> <span class='ocrx_word' id='word_1_291' title='bbox 2165 1253 2218 1297; x_wconf 88' lang='lat' dir='ltr'><strong>et</strong></span> <span class='ocrx_word' id='word_1_292' title='bbox 2241 1245 2308 1298; x_wconf 92' lang='lat' dir='ltr'><strong>ad</strong></span> <span class='ocrx_word' id='word_1_293' title='bbox 2338 1260 2456 1298; x_wconf 92' lang='lat' dir='ltr'><strong>eam</strong></span> <span class='ocrx_word' id='word_1_294' title='bbox 2489 1259 2753 1314; x_wconf 89' lang='lat' dir='ltr'><strong>pauperes</strong></span> <span class='ocrx_word' id='word_1_295' title='bbox 2787 1245 3108 1309; x_wconf 85' lang='lat' dir='ltr'><strong>adhibebat;</strong></span> <span class='ocrx_word' id='word_1_296' title='bbox 3149 1260 3287 1314; x_wconf 76' lang='lat' dir='ltr'><strong>sche</strong></span> <span class='ocrx_word' id='word_1_297' title='bbox 3321 1245 3492 1298; x_wconf 90' lang='lat' dir='ltr'><strong>absti-</strong></span> 
     </span>
    </p>
   </div>
   <div class='ocr_carea' id='block_1_45' title="bbox 1923 1333 3495 1399">
    <p class='ocr_par' dir='ltr' id='par_1_45' title="bbox 1923 1333 3495 1399">
     <span class='ocr_line' id='line_1_45' title="bbox 1923 1333 3495 1399; baseline 0.001 -12"><span class='ocrx_word' id='word_1_298' title='bbox 1923 1334 2084 1387; x_wconf 87' lang='lat' dir='ltr'><strong>nebat</strong></span> <span class='ocrx_word' id='word_1_299' title='bbox 2131 1349 2158 1386; x_wconf 91' lang='lat' dir='ltr'><strong>a</strong></span> <span class='ocrx_word' id='word_1_300' title='bbox 2205 1335 2458 1388; x_wconf 91' lang='lat' dir='ltr'><strong>carnibus</strong></span> <span class='ocrx_word' id='word_1_301' title='bbox 2487 1344 2541 1389; x_wconf 89' lang='lat' dir='ltr'><strong>et</strong></span> <span class='ocrx_word' id='word_1_302' title='bbox 2589 1334 2699 1388; x_wconf 89' lang='lat' dir='ltr'><strong>fere</strong></span> <span class='ocrx_word' id='word_1_303' title='bbox 2747 1350 2775 1387; x_wconf 93' lang='lat' dir='ltr'><strong>a</strong></span> <span class='ocrx_word' id='word_1_304' title='bbox 2812 1334 2970 1399; x_wconf 84' lang='lat' dir='ltr'><strong>vino,</strong></span> <span class='ocrx_word' id='word_1_305' title='bbox 3016 1333 3156 1389; x_wconf 87' lang='lat' dir='ltr'><strong>unde</strong></span> <span class='ocrx_word' id='word_1_306' title='bbox 3201 1335 3495 1388; x_wconf 90' lang='lat' dir='ltr'><strong>abstemius</strong></span> 
     </span>
    </p>
   </div>
   <div class='ocr_carea' id='block_1_46' title="bbox 1924 1423 3498 1495">
    <p class='ocr_par' dir='ltr' id='par_1_46' title="bbox 1924 1423 3498 1495">
     <span class='ocr_line' id='line_1_46' title="bbox 1924 1423 3498 1495; baseline 0.001 -18"><span class='ocrx_word' id='word_1_307' title='bbox 1924 1423 2248 1488; x_wconf 83' lang='lat' dir='ltr'><strong>vocabatur;</strong></span> <span class='ocrx_word' id='word_1_308' title='bbox 2276 1425 2366 1493; x_wconf 90' lang='lat' dir='ltr'><strong>qui</strong></span> <span class='ocrx_word' id='word_1_309' title='bbox 2391 1424 2668 1493; x_wconf 89' lang='lat' dir='ltr'><strong>jejunabat</strong></span> <span class='ocrx_word' id='word_1_310' title='bbox 2697 1433 2750 1479; x_wconf 91' lang='lat' dir='ltr'><strong>et</strong></span> <span class='ocrx_word' id='word_1_311' title='bbox 2776 1425 3144 1493; x_wconf 77' lang='lat' dir='ltr'><strong>pcenitentiam</strong></span> <span class='ocrx_word' id='word_1_312' title='bbox 3177 1426 3370 1495; x_wconf 84' lang='lat' dir='ltr'><strong>agebat</strong></span> <span class='ocrx_word' id='word_1_313' title='bbox 3400 1441 3498 1495; x_wconf 90' lang='lat' dir='ltr'><strong>pro</strong></span> 
     </span>
    </p>
   </div>
   <div class='ocr_carea' id='block_1_47' title="bbox 1925 1515 3498 1585">
    <p class='ocr_par' dir='ltr' id='par_1_47' title="bbox 1925 1515 3498 1585">
     <span class='ocr_line' id='line_1_47' title="bbox 1925 1515 3498 1585; baseline 0 -17"><span class='ocrx_word' id='word_1_314' title='bbox 1925 1515 2077 1581; x_wconf 88' lang='lat' dir='ltr'><strong>aliis;</strong></span> <span class='ocrx_word' id='word_1_315' title='bbox 2112 1529 2216 1569; x_wconf 90' lang='lat' dir='ltr'><strong>non</strong></span> <span class='ocrx_word' id='word_1_316' title='bbox 2260 1517 2554 1585; x_wconf 72' lang='lat' dir='ltr'><strong>quaerebat,</strong></span> <span class='ocrx_word' id='word_1_317' title='bbox 2594 1517 2700 1572; x_wconf 91' lang='lat' dir='ltr'><strong>imo</strong></span> <span class='ocrx_word' id='word_1_318' title='bbox 2727 1517 3093 1570; x_wconf 88' lang='lat' dir='ltr'><strong>detestabatur</strong></span> <span class='ocrx_word' id='word_1_319' title='bbox 3121 1515 3364 1584; x_wconf 79' lang='lat' dir='ltr'><strong>gloriam,</strong></span> <span class='ocrx_word' id='word_1_320' title='bbox 3398 1529 3498 1568; x_wconf 91' lang='lat' dir='ltr'><strong>nec</strong></span> 
     </span>
    </p>
   </div>
   <div class='ocr_carea' id='block_1_48' title="bbox 1927 1606 3497 1676">
    <p class='ocr_par' dir='ltr' id='par_1_48' title="bbox 1927 1606 3497 1676">
     <span class='ocr_line' id='line_1_48' title="bbox 1927 1606 3497 1676; baseline -0.001 -17"><span class='ocrx_word' id='word_1_321' title='bbox 1927 1607 2151 1661; x_wconf 88' lang='lat' dir='ltr'><strong>curabat</strong></span> <span class='ocrx_word' id='word_1_322' title='bbox 2193 1607 2238 1662; x_wconf 91' lang='lat' dir='ltr'><strong>si</strong></span> <span class='ocrx_word' id='word_1_323' title='bbox 2299 1607 2529 1676; x_wconf 90' lang='lat' dir='ltr'><strong>quisque</strong></span> <span class='ocrx_word' id='word_1_324' title='bbox 2579 1608 2644 1661; x_wconf 92' lang='lat' dir='ltr'><strong>de</strong></span> <span class='ocrx_word' id='word_1_325' title='bbox 2686 1623 2745 1662; x_wconf 88' lang='lat' dir='ltr'><strong>se</strong></span> <span class='ocrx_word' id='word_1_326' title='bbox 2794 1607 3214 1676; x_wconf 90' lang='lat' dir='ltr'><strong>obloqueretur;</strong></span> <span class='ocrx_word' id='word_1_327' title='bbox 3253 1607 3379 1674; x_wconf 90' lang='lat' dir='ltr'><strong>quin</strong></span> <span class='ocrx_word' id='word_1_328' title='bbox 3421 1606 3497 1675; x_wconf 86' lang='lat'><strong>(7)</strong></span> 
     </span>
    </p>
   </div>
   <div class='ocr_carea' id='block_1_49' title="bbox 1859 1684 3498 1767">
    <p class='ocr_par' dir='ltr' id='par_1_49' title="bbox 1859 1684 3498 1767">
     <span class='ocr_line' id='line_1_49' title="bbox 1859 1684 3498 1767; baseline -0.002 -16"><span class='ocrx_word' id='word_1_329' title='bbox 1859 1684 1899 1742; x_wconf 77' lang='grc' dir='ltr'><strong><em>Β</em></strong></span> <span class='ocrx_word' id='word_1_330' title='bbox 1928 1697 2268 1752; x_wconf 77' lang='lat' dir='ltr'><strong>oblocutores</strong></span> <span class='ocrx_word' id='word_1_331' title='bbox 2293 1706 2347 1752; x_wconf 90' lang='lat' dir='ltr'><strong>et</strong></span> <span class='ocrx_word' id='word_1_332' title='bbox 2372 1697 2738 1753; x_wconf 88' lang='lat' dir='ltr'><strong>conviciantes</strong></span> <span class='ocrx_word' id='word_1_333' title='bbox 2780 1699 3100 1767; x_wconf 86' lang='lat' dir='ltr'><strong>quandoque</strong></span> <span class='ocrx_word' id='word_1_334' title='bbox 3139 1697 3372 1766; x_wconf 68' lang='lat' dir='ltr'><strong>prtcmiis</strong></span> <span class='ocrx_word' id='word_1_335' title='bbox 3400 1695 3498 1748; x_wconf 86' lang='lat' dir='ltr'><strong>do-</strong></span> 
     </span>
    </p>
   </div>
   <div class='ocr_carea' id='block_1_50' title="bbox 1932 1786 3502 1857">
    <p class='ocr_par' dir='ltr' id='par_1_50' title="bbox 1932 1786 3502 1857">
     <span class='ocr_line' id='line_1_50' title="bbox 1932 1786 3502 1857; baseline -0.002 -17"><span class='ocrx_word' id='word_1_336' title='bbox 1932 1787 2093 1841; x_wconf 87' lang='lat' dir='ltr'><strong>nabat</strong></span> <span class='ocrx_word' id='word_1_337' title='bbox 2119 1803 2133 1851; x_wconf 90' lang='lat'><strong>;</strong></span> <span class='ocrx_word' id='word_1_338' title='bbox 2162 1787 2250 1855; x_wconf 88' lang='lat' dir='ltr'><strong>qui</strong></span> <span class='ocrx_word' id='word_1_339' title='bbox 2279 1787 2394 1841; x_wconf 85' lang='lat' dir='ltr'><strong>zelo</strong></span> <span class='ocrx_word' id='word_1_340' title='bbox 2435 1786 2731 1857; x_wconf 68' lang='lat' dir='ltr'><strong>disciplina:</strong></span> <span class='ocrx_word' id='word_1_341' title='bbox 2759 1787 3126 1857; x_wconf 89' lang='lat' dir='ltr'><strong>abripiebatur</strong></span> <span class='ocrx_word' id='word_1_342' title='bbox 3154 1789 3205 1840; x_wconf 93' lang='lat' dir='ltr'><strong>in</strong></span> <span class='ocrx_word' id='word_1_343' title='bbox 3236 1786 3502 1840; x_wconf 90' lang='lat' dir='ltr'><strong>acriorem</strong></span> 
     </span>
    </p>
   </div>
   <div class='ocr_carea' id='block_1_51' title="bbox 1931 1875 3502 1947">
    <p class='ocr_par' dir='ltr' id='par_1_51' title="bbox 1931 1875 3502 1947">
     <span class='ocr_line' id='line_1_51' title="bbox 1931 1875 3502 1947; baseline -0.002 -16"><span class='ocrx_word' id='word_1_344' title='bbox 1931 1879 2406 1946; x_wconf 81' lang='lat' dir='ltr'><strong>reprehensionem</strong></span> <span class='ocrx_word' id='word_1_345' title='bbox 2453 1879 2727 1942; x_wconf 89' lang='lat' dir='ltr'><strong>omnium,</strong></span> <span class='ocrx_word' id='word_1_346' title='bbox 2773 1893 2873 1933; x_wconf 88' lang='lat' dir='ltr'><strong>nec</strong></span> <span class='ocrx_word' id='word_1_347' title='bbox 2919 1878 3020 1931; x_wconf 90' lang='lat' dir='ltr'><strong>sibi</strong></span> <span class='ocrx_word' id='word_1_348' title='bbox 3072 1877 3168 1945; x_wconf 89' lang='lat' dir='ltr'><strong>ipsi</strong></span> <span class='ocrx_word' id='word_1_349' title='bbox 3215 1875 3502 1947; x_wconf 87' lang='lat' dir='ltr'><strong>parcebat,</strong></span> 
     </span>
    </p>
   </div>
   <div class='ocr_carea' id='block_1_52' title="bbox 1932 1966 3506 2037">
    <p class='ocr_par' dir='ltr' id='par_1_52' title="bbox 1932 1966 3506 2037">
     <span class='ocr_line' id='line_1_52' title="bbox 1932 1966 3506 2037; baseline -0.004 -15"><span class='ocrx_word' id='word_1_350' title='bbox 1932 1967 2026 2022; x_wconf 90' lang='lat' dir='ltr'><strong>sed</strong></span> <span class='ocrx_word' id='word_1_351' title='bbox 2050 1983 2144 2022; x_wconf 81' lang='lat' dir='ltr'><strong>sua</strong></span> <span class='ocrx_word' id='word_1_352' title='bbox 2177 1983 2388 2036; x_wconf 91' lang='lat' dir='ltr'><strong>quoque</strong></span> <span class='ocrx_word' id='word_1_353' title='bbox 2419 1968 2645 2022; x_wconf 90' lang='lat' dir='ltr'><strong>crimina</strong></span> <span class='ocrx_word' id='word_1_354' title='bbox 2673 1967 2849 2037; x_wconf 86' lang='lat' dir='ltr'><strong>palam</strong></span> <span class='ocrx_word' id='word_1_355' title='bbox 2880 1966 3258 2029; x_wconf 83' lang='lat' dir='ltr'><strong>confitebatur,</strong></span> <span class='ocrx_word' id='word_1_356' title='bbox 3291 1975 3346 2019; x_wconf 89' lang='lat' dir='ltr'><strong>et</strong></span> <span class='ocrx_word' id='word_1_357' title='bbox 3375 1980 3506 2018; x_wconf 89' lang='lat' dir='ltr'><strong>non-</strong></span> 
     </span>
    </p>
   </div>
   <div class='ocr_carea' id='block_1_53' title="bbox 1935 2056 3510 2125">
    <p class='ocr_par' dir='ltr' id='par_1_53' title="bbox 1935 2056 3510 2125">
     <span class='ocr_line' id='line_1_53' title="bbox 1935 2056 3510 2125; baseline -0.002 -16"><span class='ocrx_word' id='word_1_358' title='bbox 1935 2072 2209 2124; x_wconf 88' lang='lat' dir='ltr'><strong>nunquam</strong></span> <span class='ocrx_word' id='word_1_359' title='bbox 2252 2057 2441 2119; x_wconf 89' lang='lat' dir='ltr'><strong>etiam,</strong></span> <span class='ocrx_word' id='word_1_360' title='bbox 2486 2065 2545 2109; x_wconf 94' lang='lat' dir='ltr'><strong>ut</strong></span> <span class='ocrx_word' id='word_1_361' title='bbox 2593 2056 2893 2122; x_wconf 89' lang='lat' dir='ltr'><strong>innuimus,</strong></span> <span class='ocrx_word' id='word_1_362' title='bbox 2925 2056 3169 2125; x_wconf 81' lang='lat' dir='ltr'><strong>augebat,</strong></span> <span class='ocrx_word' id='word_1_363' title='bbox 3216 2067 3510 2124; x_wconf 79' lang='lat' dir='ltr'><strong>exaggera-</strong></span> 
     </span>
    </p>
   </div>
   <div class='ocr_carea' id='block_1_54' title="bbox 1938 2143 3510 2216">
    <p class='ocr_par' dir='ltr' id='par_1_54' title="bbox 1938 2143 3510 2216">
     <span class='ocr_line' id='line_1_54' title="bbox 1938 2143 3510 2216; baseline -0.002 -18"><span class='ocrx_word' id='word_1_364' title='bbox 1938 2147 2169 2216; x_wconf 88' lang='lat' dir='ltr'><strong>batque;</strong></span> <span class='ocrx_word' id='word_1_365' title='bbox 2200 2145 2290 2214; x_wconf 90' lang='lat' dir='ltr'><strong>qui</strong></span> <span class='ocrx_word' id='word_1_366' title='bbox 2332 2145 2547 2200; x_wconf 90' lang='lat' dir='ltr'><strong>uolebat</strong></span> <span class='ocrx_word' id='word_1_367' title='bbox 2578 2145 2883 2199; x_wconf 90' lang='lat' dir='ltr'><strong>ministrum</strong></span> <span class='ocrx_word' id='word_1_368' title='bbox 2919 2145 3002 2198; x_wconf 90' lang='lat' dir='ltr'><strong>vel</strong></span> <span class='ocrx_word' id='word_1_369' title='bbox 3032 2143 3368 2213; x_wconf 86' lang='lat' dir='ltr'><strong>capellauum</strong></span> <span class='ocrx_word' id='word_1_370' title='bbox 3414 2143 3510 2196; x_wconf 86' lang='lat' dir='ltr'><strong>ha-</strong></span> 
     </span>
    </p>
   </div>
   <div class='ocr_carea' id='block_1_55' title="bbox 1936 2232 3512 2307">
    <p class='ocr_par' dir='ltr' id='par_1_55' title="bbox 1936 2232 3512 2307">
     <span class='ocr_line' id='line_1_55' title="bbox 1936 2232 3512 2307; baseline -0.004 -16"><span class='ocrx_word' id='word_1_371' title='bbox 1936 2238 2098 2302; x_wconf 91' lang='lat' dir='ltr'><strong>bere,</strong></span> <span class='ocrx_word' id='word_1_372' title='bbox 2129 2253 2234 2290; x_wconf 92' lang='lat' dir='ltr'><strong>non</strong></span> <span class='ocrx_word' id='word_1_373' title='bbox 2262 2237 2445 2290; x_wconf 90' lang='lat' dir='ltr'><strong>adibat</strong></span> <span class='ocrx_word' id='word_1_374' title='bbox 2472 2251 2648 2307; x_wconf 83' lang='lat' dir='ltr'><strong>regem</strong></span> <span class='ocrx_word' id='word_1_375' title='bbox 2686 2245 2773 2289; x_wconf 91' lang='lat' dir='ltr'><strong>aut</strong></span> <span class='ocrx_word' id='word_1_376' title='bbox 2810 2244 3116 2306; x_wconf 86' lang='lat' dir='ltr'><strong>maguatcs,</strong></span> <span class='ocrx_word' id='word_1_377' title='bbox 3158 2249 3256 2288; x_wconf 88' lang='lat' dir='ltr'><strong>nec</strong></span> <span class='ocrx_word' id='word_1_378' title='bbox 3283 2233 3349 2287; x_wconf 94' lang='lat' dir='ltr'><strong>ab</strong></span> <span class='ocrx_word' id='word_1_379' title='bbox 3381 2232 3512 2300; x_wconf 88' lang='lat' dir='ltr'><strong>ipsis</strong></span> 
     </span>
    </p>
   </div>
   <div class='ocr_carea' id='block_1_56' title="bbox 1939 2321 3516 2394">
    <p class='ocr_par' dir='ltr' id='par_1_56' title="bbox 1939 2321 3516 2394">
     <span class='ocr_line' id='line_1_56' title="bbox 1939 2321 3516 2394; baseline -0.003 -18"><span class='ocrx_word' id='word_1_380' title='bbox 1939 2326 2232 2394; x_wconf 82' lang='lat' dir='ltr'><strong>quidquam</strong></span> <span class='ocrx_word' id='word_1_381' title='bbox 2282 2324 2618 2394; x_wconf 84' lang='lat' dir='ltr'><strong>postulabat;</strong></span> <span class='ocrx_word' id='word_1_382' title='bbox 2664 2325 2752 2392; x_wconf 92' lang='lat' dir='ltr'><strong>qui</strong></span> <span class='ocrx_word' id='word_1_383' title='bbox 2796 2339 2997 2391; x_wconf 92' lang='lat' dir='ltr'><strong>pronus</strong></span> <span class='ocrx_word' id='word_1_384' title='bbox 3045 2331 3162 2376; x_wconf 88' lang='lat' dir='ltr'><strong>erat</strong></span> <span class='ocrx_word' id='word_1_385' title='bbox 3212 2321 3276 2374; x_wconf 90' lang='lat' dir='ltr'><strong>ad</strong></span> <span class='ocrx_word' id='word_1_386' title='bbox 3325 2334 3516 2374; x_wconf 85' lang='lat' dir='ltr'><strong>sacras</strong></span> 
     </span>
    </p>
   </div>
   <div class='ocr_carea' id='block_1_57' title="bbox 1939 2409 3515 2478">
    <p class='ocr_par' dir='ltr' id='par_1_57' title="bbox 1939 2409 3515 2478">
     <span class='ocr_line' id='line_1_57' title="bbox 1939 2409 3515 2478; baseline -0.005 -8"><span class='ocrx_word' id='word_1_387' title='bbox 1939 2416 2191 2470; x_wconf 90' lang='lat' dir='ltr'><strong>basilicas</strong></span> <span class='ocrx_word' id='word_1_388' title='bbox 2231 2416 2540 2478; x_wconf 86' lang='lat' dir='ltr'><strong>slruendas,</strong></span> <span class='ocrx_word' id='word_1_389' title='bbox 2571 2423 2665 2468; x_wconf 89' lang='lat' dir='ltr'><strong>aut</strong></span> <span class='ocrx_word' id='word_1_390' title='bbox 2710 2413 3086 2478; x_wconf 89' lang='lat' dir='ltr'><strong>restrueudas;</strong></span> <span class='ocrx_word' id='word_1_391' title='bbox 3137 2410 3268 2464; x_wconf 87' lang='lat' dir='ltr'><strong>nihil</strong></span> <span class='ocrx_word' id='word_1_392' title='bbox 3297 2423 3327 2463; x_wconf 89' lang='lat' dir='ltr'><strong>e</strong></span> <span class='ocrx_word' id='word_1_393' title='bbox 3355 2409 3515 2463; x_wconf 85' lang='lat' dir='ltr'><strong>rebus</strong></span> 
     </span>
    </p>
   </div>
   <div class='ocr_carea' id='block_1_58' title="bbox 1939 2502 3518 2577">
    <p class='ocr_par' dir='ltr' id='par_1_58' title="bbox 1939 2502 3518 2577">
     <span class='ocr_line' id='line_1_58' title="bbox 1939 2502 3518 2577; baseline -0.007 -14"><span class='ocrx_word' id='word_1_394' title='bbox 1939 2508 2181 2564; x_wconf 78' lang='lat' dir='ltr'><strong>ecclesia:</strong></span> <span class='ocrx_word' id='word_1_395' title='bbox 2214 2508 2268 2562; x_wconf 92' lang='lat' dir='ltr'><strong>in</strong></span> <span class='ocrx_word' id='word_1_396' title='bbox 2312 2507 2742 2577; x_wconf 84' lang='lat' dir='ltr'><strong>consanguineos</strong></span> <span class='ocrx_word' id='word_1_397' title='bbox 2787 2505 3000 2560; x_wconf 87' lang='lat' dir='ltr'><strong>volebat</strong></span> <span class='ocrx_word' id='word_1_398' title='bbox 3046 2502 3321 2566; x_wconf 89' lang='lat' dir='ltr'><strong>conferre;</strong></span> <span class='ocrx_word' id='word_1_399' title='bbox 3374 2509 3518 2554; x_wconf 90' lang='lat' dir='ltr'><strong>totus</strong></span> 
     </span>
    </p>
   </div>
   <div class='ocr_carea' id='block_1_59' title="bbox 1940 2583 3516 2667">
    <p class='ocr_par' dir='ltr' id='par_1_59' title="bbox 1940 2583 3516 2667">
     <span class='ocr_line' id='line_1_59' title="bbox 1940 2583 3516 2667; baseline -0.008 -12"><span class='ocrx_word' id='word_1_400' title='bbox 1940 2609 2058 2655; x_wconf 90' lang='lat' dir='ltr'><strong>erat</strong></span> <span class='ocrx_word' id='word_1_401' title='bbox 2087 2600 2138 2653; x_wconf 93' lang='lat' dir='ltr'><strong>iu</strong></span> <span class='ocrx_word' id='word_1_402' title='bbox 2178 2599 2350 2663; x_wconf 90' lang='lat' dir='ltr'><strong>libris,</strong></span> <span class='ocrx_word' id='word_1_403' title='bbox 2384 2597 2738 2667; x_wconf 82' lang='lat' dir='ltr'><strong>frequentiam</strong></span> <span class='ocrx_word' id='word_1_404' title='bbox 2771 2597 2981 2659; x_wconf 92' lang='lat' dir='ltr'><strong>oderat,</strong></span> <span class='ocrx_word' id='word_1_405' title='bbox 3016 2596 3231 2648; x_wconf 89' lang='lat' dir='ltr'><strong>amabat</strong></span> <span class='ocrx_word' id='word_1_406' title='bbox 3272 2583 3516 2647; x_wconf 84' lang='lat' dir='ltr'><strong>solitudi-</strong></span> 
     </span>
    </p>
   </div>
   <div class='ocr_carea' id='block_1_60' title="bbox 1941 2681 3521 2756">
    <p class='ocr_par' dir='ltr' id='par_1_60' title="bbox 1941 2681 3521 2756">
     <span class='ocr_line' id='line_1_60' title="bbox 1941 2681 3521 2756; baseline -0.009 -8"><span class='ocrx_word' id='word_1_407' title='bbox 1941 2709 2098 2756; x_wconf 88' lang='lat' dir='ltr'><strong>nem;</strong></span> <span class='ocrx_word' id='word_1_408' title='bbox 2121 2707 2150 2746; x_wconf 92' lang='lat' dir='ltr'><strong>a</strong></span> <span class='ocrx_word' id='word_1_409' title='bbox 2173 2692 2331 2756; x_wconf 85' lang='lat' dir='ltr'><strong>ludis,</strong></span> <span class='ocrx_word' id='word_1_410' title='bbox 2360 2690 2736 2744; x_wconf 86' lang='lat' dir='ltr'><strong>venationibus</strong></span> <span class='ocrx_word' id='word_1_411' title='bbox 2756 2697 2810 2742; x_wconf 91' lang='lat' dir='ltr'><strong>et</strong></span> <span class='ocrx_word' id='word_1_412' title='bbox 2833 2688 3096 2742; x_wconf 89' lang='lat' dir='ltr'><strong>similibus</strong></span> <span class='ocrx_word' id='word_1_413' title='bbox 3115 2681 3521 2739; x_wconf 86' lang='lat' dir='ltr'><strong>oblectamentis</strong></span> 
     </span>
    </p>
   </div>
   <div class='ocr_carea' id='block_1_61' title="bbox 1944 2777 3519 2848">
    <p class='ocr_par' dir='ltr' id='par_1_61' title="bbox 1944 2777 3519 2848">
     <span class='ocr_line' id='line_1_61' title="bbox 1944 2777 3519 2848; baseline -0.009 -10"><span class='ocrx_word' id='word_1_414' title='bbox 1944 2785 2283 2838; x_wconf 88' lang='lat' dir='ltr'><strong>abhorrebat.</strong></span> <span class='ocrx_word' id='word_1_415' title='bbox 2318 2781 2444 2836; x_wconf 62' lang='lat' dir='ltr'><strong>Hice</strong></span> <span class='ocrx_word' id='word_1_416' title='bbox 2493 2792 2549 2835; x_wconf 88' lang='lat' dir='ltr'><strong>et</strong></span> <span class='ocrx_word' id='word_1_417' title='bbox 2596 2781 2699 2834; x_wconf 92' lang='lat' dir='ltr'><strong>alia</strong></span> <span class='ocrx_word' id='word_1_418' title='bbox 2740 2777 2896 2847; x_wconf 88' lang='lat' dir='ltr'><strong>hujus</strong></span> <span class='ocrx_word' id='word_1_419' title='bbox 2924 2777 3137 2848; x_wconf 85' lang='lat' dir='ltr'><strong>generis</strong></span> <span class='ocrx_word' id='word_1_420' title='bbox 3179 2790 3283 2830; x_wconf 92' lang='lat' dir='ltr'><strong>non</strong></span> <span class='ocrx_word' id='word_1_421' title='bbox 3329 2787 3519 2844; x_wconf 89' lang='lat' dir='ltr'><strong>pauca,</strong></span> 
     </span>
    </p>
   </div>
   <div class='ocr_carea' id='block_1_62' title="bbox 1944 2869 3518 2933">
    <p class='ocr_par' dir='ltr' id='par_1_62' title="bbox 1944 2869 3518 2933">
     <span class='ocr_line' id='line_1_62' title="bbox 1944 2869 3518 2933; baseline -0.009 -5"><span class='ocrx_word' id='word_1_422' title='bbox 1944 2873 2044 2928; x_wconf 86' lang='lat' dir='ltr'><strong>etsi</strong></span> <span class='ocrx_word' id='word_1_423' title='bbox 2090 2873 2322 2926; x_wconf 80' lang='lat' dir='ltr'><strong>maxime</strong></span> <span class='ocrx_word' id='word_1_424' title='bbox 2359 2869 2805 2925; x_wconf 89' lang='lat' dir='ltr'><strong>commendabilia</strong></span> <span class='ocrx_word' id='word_1_425' title='bbox 2851 2869 2991 2929; x_wconf 89' lang='lat' dir='ltr'><strong>sint,</strong></span> <span class='ocrx_word' id='word_1_426' title='bbox 3025 2880 3312 2933; x_wconf 64' lang='lat' dir='ltr'><strong>a,censore</strong></span> <span class='ocrx_word' id='word_1_427' title='bbox 3342 2874 3518 2916; x_wconf 89' lang='lat' dir='ltr'><strong>tamen</strong></span> 
     </span>
    </p>
   </div>
   <div class='ocr_carea' id='block_1_63' title="bbox 1949 2953 3523 3033">
    <p class='ocr_par' dir='ltr' id='par_1_63' title="bbox 1949 2953 3523 3033">
     <span class='ocr_line' id='line_1_63' title="bbox 1949 2953 3523 3033; baseline -0.009 -15"><span class='ocrx_word' id='word_1_428' title='bbox 1949 2965 2003 3018; x_wconf 91' lang='lat' dir='ltr'><strong>iu</strong></span> <span class='ocrx_word' id='word_1_429' title='bbox 2031 2962 2464 3033; x_wconf 88' lang='lat' dir='ltr'><strong>reprehensionis</strong></span> <span class='ocrx_word' id='word_1_430' title='bbox 2491 2969 2866 3032; x_wconf 81' lang='lat' dir='ltr'><strong>argumentum</strong></span> <span class='ocrx_word' id='word_1_431' title='bbox 2896 2974 2958 3012; x_wconf 92' lang='lat' dir='ltr'><strong>ac</strong></span> <span class='ocrx_word' id='word_1_432' title='bbox 2987 2957 3220 3027; x_wconf 87' lang='lat' dir='ltr'><strong>speciem</strong></span> <span class='ocrx_word' id='word_1_433' title='bbox 3251 2953 3523 3024; x_wconf 88' lang='lat' dir='ltr'><strong>proposita</strong></span> 
     </span>
    </p>
   </div>
   <div class='ocr_carea' id='block_1_64' title="bbox 260 3029 3549 3122">
    <p class='ocr_par' dir='ltr' id='par_1_64' title="bbox 260 3029 3549 3122">
     <span class='ocr_line' id='line_1_64' title="bbox 260 3029 3549 3122; baseline -0.001 -20"><span class='ocrx_word' id='word_1_434' title='bbox 260 3065 443 3120; x_wconf 79' lang='lat' dir='ltr'><strong>agere,</strong></span> <span class='ocrx_word' id='word_1_435' title='bbox 505 3051 741 3105; x_wconf 88' lang='lat' dir='ltr'><strong>sinistris</strong></span> <span class='ocrx_word' id='word_1_436' title='bbox 778 3051 1307 3120; x_wconf 88' lang='lat' dir='ltr'><strong>interpretationibus</strong></span> <span class='ocrx_word' id='word_1_437' title='bbox 1344 3066 1447 3105; x_wconf 92' lang='lat' dir='ltr'><strong>non</strong></span> <span class='ocrx_word' id='word_1_438' title='bbox 1477 3051 1728 3104; x_wconf 88' lang='lat' dir='ltr'><strong>desinunt</strong></span> <span class='ocrx_word' id='word_1_439' title='bbox 1762 3049 1844 3102; x_wconf 90' lang='lat' dir='ltr'><strong>in-</strong></span> <span class='ocrx_word' id='word_1_440' title='bbox 1875 3029 1919 3091; x_wconf 64' lang='grc' dir='ltr'><strong>(ἶ</strong></span> <span class='ocrx_word' id='word_1_441' title='bbox 1952 3056 2004 3109; x_wconf 88' lang='lat' dir='ltr'><strong>in</strong></span> <span class='ocrx_word' id='word_1_442' title='bbox 2041 3052 2257 3108; x_wconf 86' lang='lat' dir='ltr'><strong>laudato</strong></span> <span class='ocrx_word' id='word_1_443' title='bbox 2304 3067 2466 3122; x_wconf 91' lang='lat' dir='ltr'><strong>opere</strong></span> <span class='ocrx_word' id='word_1_444' title='bbox 2517 3050 2898 3122; x_wconf 82' lang='lat' dir='ltr'><strong>praeferuntur.</strong></span> <span class='ocrx_word' id='word_1_445' title='bbox 2933 3048 3192 3102; x_wconf 90' lang='lat' dir='ltr'><strong>Inseritur</strong></span> <span class='ocrx_word' id='word_1_446' title='bbox 3227 3043 3549 3115; x_wconf 55' lang='lat' dir='ltr'><strong>cpisodium.</strong></span> 
     </span>
    </p>
   </div>
   <div class='ocr_carea' id='block_1_65' title="bbox 261 3140 1848 3211">
    <p class='ocr_par' dir='ltr' id='par_1_65' title="bbox 261 3140 1848 3211">
     <span class='ocr_line' id='line_1_65' title="bbox 261 3140 1848 3211; baseline 0.002 -19"><span class='ocrx_word' id='word_1_447' title='bbox 261 3141 498 3194; x_wconf 89' lang='lat' dir='ltr'><strong>fuscare.</strong></span> <span class='ocrx_word' id='word_1_448' title='bbox 543 3161 559 3192; x_wconf 77' lang='grc' dir='ltr'><strong>ι</strong></span> <span class='ocrx_word' id='word_1_449' title='bbox 600 3140 734 3195; x_wconf 90' lang='lat' dir='ltr'><strong>Cum</strong></span> <span class='ocrx_word' id='word_1_450' title='bbox 781 3156 944 3211; x_wconf 90' lang='lat' dir='ltr'><strong>porro</strong></span> <span class='ocrx_word' id='word_1_451' title='bbox 980 3143 1118 3195; x_wconf 87' lang='lat' dir='ltr'><strong>idem</strong></span> <span class='ocrx_word' id='word_1_452' title='bbox 1147 3143 1382 3211; x_wconf 90' lang='lat' dir='ltr'><strong>seipsum</strong></span> <span class='ocrx_word' id='word_1_453' title='bbox 1438 3157 1542 3196; x_wconf 93' lang='lat' dir='ltr'><strong>nou</strong></span> <span class='ocrx_word' id='word_1_454' title='bbox 1574 3149 1848 3196; x_wconf 86' lang='lat' dir='ltr'><strong>vereretur</strong></span> 
     </span>
    </p>
   </div>
   <div class='ocr_carea' id='block_1_66' title="bbox 263 3231 1852 3302">
    <p class='ocr_par' dir='ltr' id='par_1_66' title="bbox 263 3231 1852 3302">
     <span class='ocr_line' id='line_1_66' title="bbox 263 3231 1852 3302; baseline 0.001 -18"><span class='ocrx_word' id='word_1_455' title='bbox 263 3233 686 3300; x_wconf 82' lang='lat' dir='ltr'><strong>reprehendere,</strong></span> <span class='ocrx_word' id='word_1_456' title='bbox 719 3242 774 3285; x_wconf 91' lang='lat' dir='ltr'><strong>et</strong></span> <span class='ocrx_word' id='word_1_457' title='bbox 817 3248 912 3287; x_wconf 93' lang='lat' dir='ltr'><strong>sua</strong></span> <span class='ocrx_word' id='word_1_458' title='bbox 942 3247 1157 3302; x_wconf 91' lang='lat' dir='ltr'><strong>quoque</strong></span> <span class='ocrx_word' id='word_1_459' title='bbox 1196 3232 1396 3287; x_wconf 81' lang='lat' dir='ltr'><strong>leviora</strong></span> <span class='ocrx_word' id='word_1_460' title='bbox 1428 3231 1617 3286; x_wconf 89' lang='lat' dir='ltr'><strong>delicta</strong></span> <span class='ocrx_word' id='word_1_461' title='bbox 1655 3245 1852 3301; x_wconf 83' lang='lat' dir='ltr'><strong>angere</strong></span> 
     </span>
    </p>
   </div>
   <div class='ocr_carea' id='block_1_67' title="bbox 267 3324 1851 3394">
    <p class='ocr_par' dir='ltr' id='par_1_67' title="bbox 267 3324 1851 3394">
     <span class='ocr_line' id='line_1_67' title="bbox 267 3324 1851 3394; baseline 0.001 -19"><span class='ocrx_word' id='word_1_462' title='bbox 267 3333 322 3375; x_wconf 88' lang='lat' dir='ltr'><strong>et</strong></span> <span class='ocrx_word' id='word_1_463' title='bbox 352 3338 686 3394; x_wconf 79' lang='lat' dir='ltr'><strong>exaggerare</strong></span> <span class='ocrx_word' id='word_1_464' title='bbox 727 3324 946 3389; x_wconf 87' lang='lat' dir='ltr'><strong>soleret,</strong></span> <span class='ocrx_word' id='word_1_465' title='bbox 1000 3333 1056 3377; x_wconf 91' lang='lat' dir='ltr'><strong>nt</strong></span> <span class='ocrx_word' id='word_1_466' title='bbox 1105 3325 1157 3377; x_wconf 92' lang='lat' dir='ltr'><strong>in</strong></span> <span class='ocrx_word' id='word_1_467' title='bbox 1210 3325 1448 3378; x_wconf 86' lang='lat' dir='ltr'><strong>libellum</strong></span> <span class='ocrx_word' id='word_1_468' title='bbox 1499 3324 1851 3393; x_wconf 72' lang='lat' dir='ltr'><strong>Confessionis</strong></span> 
     </span>
    </p>
   </div>
   <div class='ocr_carea' id='block_1_68' title="bbox 268 3417 1854 3487">
    <p class='ocr_par' dir='ltr' id='par_1_68' title="bbox 268 3417 1854 3487">
     <span class='ocr_line' id='line_1_68' title="bbox 268 3417 1854 3487; baseline -0.001 -16"><span class='ocrx_word' id='word_1_469' title='bbox 268 3417 716 3484; x_wconf 87' lang='lat' dir='ltr'><strong>observavimus;</strong></span> <span class='ocrx_word' id='word_1_470' title='bbox 747 3418 821 3472; x_wconf 92' lang='lat' dir='ltr'><strong>nil</strong></span> <span class='ocrx_word' id='word_1_471' title='bbox 863 3419 1056 3472; x_wconf 88' lang='lat' dir='ltr'><strong>mirum</strong></span> <span class='ocrx_word' id='word_1_472' title='bbox 1087 3419 1131 3472; x_wconf 91' lang='lat' dir='ltr'><strong>si</strong></span> <span class='ocrx_word' id='word_1_473' title='bbox 1159 3418 1212 3472; x_wconf 90' lang='lat' dir='ltr'><strong>in</strong></span> <span class='ocrx_word' id='word_1_474' title='bbox 1241 3418 1524 3484; x_wconf 73' lang='lat' dir='ltr'><strong>Qualitatis</strong></span> <span class='ocrx_word' id='word_1_475' title='bbox 1557 3418 1854 3487; x_wconf 79' lang='lat' dir='ltr'><strong>conjectura</strong></span> 
     </span>
    </p>
   </div>
   <div class='ocr_carea' id='block_1_69' title="bbox 272 3508 1856 3579">
    <p class='ocr_par' dir='ltr' id='par_1_69' title="bbox 272 3508 1856 3579">
     <span class='ocr_line' id='line_1_69' title="bbox 272 3508 1856 3579; baseline -0.001 -15"><span class='ocrx_word' id='word_1_476' title='bbox 272 3519 653 3566; x_wconf 84' lang='lat' dir='ltr'><strong>accusatorum</strong></span> <span class='ocrx_word' id='word_1_477' title='bbox 692 3510 955 3579; x_wconf 83' lang='lat' dir='ltr'><strong>ejusmodi</strong></span> <span class='ocrx_word' id='word_1_478' title='bbox 1003 3510 1236 3565; x_wconf 89' lang='lat' dir='ltr'><strong>indolem</strong></span> <span class='ocrx_word' id='word_1_479' title='bbox 1274 3519 1510 3576; x_wconf 88' lang='lat' dir='ltr'><strong>secutus,</strong></span> <span class='ocrx_word' id='word_1_480' title='bbox 1558 3517 1618 3564; x_wconf 92' lang='lat' dir='ltr'><strong>ut</strong></span> <span class='ocrx_word' id='word_1_481' title='bbox 1667 3508 1856 3563; x_wconf 89' lang='lat' dir='ltr'><strong>iisdem</strong></span> 
     </span>
    </p>
   </div>
   <div class='ocr_carea' id='block_1_70' title="bbox 273 3602 1856 3672">
    <p class='ocr_par' dir='ltr' id='par_1_70' title="bbox 273 3602 1856 3672">
     <span class='ocr_line' id='line_1_70' title="bbox 273 3602 1856 3672; baseline -0.002 -15"><span class='ocrx_word' id='word_1_482' title='bbox 273 3605 557 3658; x_wconf 85' lang='lat' dir='ltr'><strong>materiam</strong></span> <span class='ocrx_word' id='word_1_483' title='bbox 577 3605 844 3671; x_wconf 65' lang='lat' dir='ltr'><strong>praeberet</strong></span> <span class='ocrx_word' id='word_1_484' title='bbox 872 3619 1242 3668; x_wconf 88' lang='lat' dir='ltr'><strong>ccnsnrarum,</strong></span> <span class='ocrx_word' id='word_1_485' title='bbox 1272 3603 1322 3658; x_wconf 91' lang='lat' dir='ltr'><strong>in</strong></span> <span class='ocrx_word' id='word_1_486' title='bbox 1351 3603 1596 3658; x_wconf 86' lang='lat' dir='ltr'><strong>censuris</strong></span> <span class='ocrx_word' id='word_1_487' title='bbox 1619 3602 1856 3672; x_wconf 89' lang='lat' dir='ltr'><strong>ipsorum</strong></span> 
     </span>
    </p>
   </div>
   <div class='ocr_carea' id='block_1_71' title="bbox 276 3695 1854 3767">
    <p class='ocr_par' dir='ltr' id='par_1_71' title="bbox 276 3695 1854 3767">
     <span class='ocr_line' id='line_1_71' title="bbox 276 3695 1854 3767; baseline -0.005 -15"><span class='ocrx_word' id='word_1_488' title='bbox 276 3700 495 3754; x_wconf 90' lang='lat' dir='ltr'><strong>nomine</strong></span> <span class='ocrx_word' id='word_1_489' title='bbox 531 3699 806 3767; x_wconf 82' lang='lat' dir='ltr'><strong>expressis</strong></span> <span class='ocrx_word' id='word_1_490' title='bbox 848 3716 866 3748; x_wconf 77' lang='grc' dir='ltr'><strong>ι</strong></span> <span class='ocrx_word' id='word_1_491' title='bbox 911 3713 1038 3753; x_wconf 88' lang='lat' dir='ltr'><strong>vera</strong></span> <span class='ocrx_word' id='word_1_492' title='bbox 1070 3697 1241 3760; x_wconf 84' lang='lat' dir='ltr'><strong>falsis,</strong></span> <span class='ocrx_word' id='word_1_493' title='bbox 1279 3695 1568 3766; x_wconf 87' lang='lat' dir='ltr'><strong>opiuabilia</strong></span> <span class='ocrx_word' id='word_1_494' title='bbox 1615 3695 1780 3750; x_wconf 90' lang='lat' dir='ltr'><strong>certis</strong></span> <span class='ocrx_word' id='word_1_495' title='bbox 1836 3711 1854 3744; x_wconf 71' lang='grc' dir='ltr'><strong>ι</strong></span> 
     </span>
    </p>
   </div>
   <div class='ocr_carea' id='block_1_72' title="bbox 277 3784 1861 3856">
    <p class='ocr_par' dir='ltr' id='par_1_72' title="bbox 277 3784 1861 3856">
     <span class='ocr_line' id='line_1_72' title="bbox 277 3784 1861 3856; baseline -0.003 -15"><span class='ocrx_word' id='word_1_496' title='bbox 277 3788 659 3856; x_wconf 87' lang='lat' dir='ltr'><strong>immiscuerit,</strong></span> <span class='ocrx_word' id='word_1_497' title='bbox 714 3789 790 3842; x_wconf 93' lang='lat' dir='ltr'><strong>uti</strong></span> <span class='ocrx_word' id='word_1_498' title='bbox 848 3803 1071 3843; x_wconf 89' lang='lat' dir='ltr'><strong>numero</strong></span> <span class='ocrx_word' id='word_1_499' title='bbox 1116 3789 1292 3856; x_wconf 89' lang='lat' dir='ltr'><strong>primo</strong></span> <span class='ocrx_word' id='word_1_500' title='bbox 1331 3786 1618 3856; x_wconf 85' lang='lat' dir='ltr'><strong>significat.</strong></span> <span class='ocrx_word' id='word_1_501' title='bbox 1666 3784 1861 3848; x_wconf 85' lang='lat' dir='ltr'><strong>Rarus,</strong></span> 
     </span>
    </p>
   </div>
   <div class='ocr_carea' id='block_1_73' title="bbox 279 3877 1864 3951">
    <p class='ocr_par' dir='ltr' id='par_1_73' title="bbox 279 3877 1864 3951">
     <span class='ocr_line' id='line_1_73' title="bbox 279 3877 1864 3951; baseline -0.004 -15"><span class='ocrx_word' id='word_1_502' title='bbox 279 3898 371 3936; x_wconf 88' lang='lat' dir='ltr'><strong>seu</strong></span> <span class='ocrx_word' id='word_1_503' title='bbox 413 3882 596 3951; x_wconf 90' lang='lat' dir='ltr'><strong>potius</strong></span> <span class='ocrx_word' id='word_1_504' title='bbox 643 3880 936 3951; x_wconf 85' lang='lat' dir='ltr'><strong>singularis</strong></span> <span class='ocrx_word' id='word_1_505' title='bbox 973 3881 1062 3934; x_wconf 92' lang='lat' dir='ltr'><strong>hic</strong></span> <span class='ocrx_word' id='word_1_506' title='bbox 1100 3879 1368 3934; x_wconf 90' lang='lat' dir='ltr'><strong>scribendi</strong></span> <span class='ocrx_word' id='word_1_507' title='bbox 1417 3893 1480 3933; x_wconf 93' lang='lat' dir='ltr'><strong>ac</strong></span> <span class='ocrx_word' id='word_1_508' title='bbox 1520 3877 1864 3947; x_wconf 90' lang='lat' dir='ltr'><strong>semetipsum</strong></span> 
     </span>
    </p>
   </div>
   <div class='ocr_carea' id='block_1_74' title="bbox 280 3966 1864 4036">
    <p class='ocr_par' dir='ltr' id='par_1_74' title="bbox 280 3966 1864 4036">
     <span class='ocr_line' id='line_1_74' title="bbox 280 3966 1864 4036; baseline -0.005 -10"><span class='ocrx_word' id='word_1_509' title='bbox 280 3971 610 4026; x_wconf 88' lang='lat' dir='ltr'><strong>criminandi</strong></span> <span class='ocrx_word' id='word_1_510' title='bbox 656 3971 870 4036; x_wconf 89' lang='lat' dir='ltr'><strong>modus,</strong></span> <span class='ocrx_word' id='word_1_511' title='bbox 914 3989 933 4022; x_wconf 76' lang='grc' dir='ltr'><strong>ι</strong></span> <span class='ocrx_word' id='word_1_512' title='bbox 983 3970 1234 4034; x_wconf 88' lang='lat' dir='ltr'><strong>similem,</strong></span> <span class='ocrx_word' id='word_1_513' title='bbox 1271 3969 1378 4034; x_wconf 88' lang='lat' dir='ltr'><strong>cui,</strong></span> <span class='ocrx_word' id='word_1_514' title='bbox 1432 3987 1450 4019; x_wconf 72' lang='grc' dir='ltr'><strong>ι</strong></span> <span class='ocrx_word' id='word_1_515' title='bbox 1503 3977 1562 4022; x_wconf 94' lang='lat' dir='ltr'><strong>ut</strong></span> <span class='ocrx_word' id='word_1_516' title='bbox 1608 3968 1722 4036; x_wconf 91' lang='lat' dir='ltr'><strong>ipse</strong></span> <span class='ocrx_word' id='word_1_517' title='bbox 1771 3966 1864 4030; x_wconf 88' lang='lat' dir='ltr'><strong>ait,</strong></span> 
     </span>
    </p>
   </div>
   <div class='ocr_carea' id='block_1_75' title="bbox 288 4061 1870 4129">
    <p class='ocr_par' dir='ltr' id='par_1_75' title="bbox 288 4061 1870 4129">
     <span class='ocr_line' id='line_1_75' title="bbox 288 4061 1870 4129; baseline -0.003 -12"><span class='ocrx_word' id='word_1_518' title='bbox 288 4086 307 4117; x_wconf 80' lang='grc' dir='ltr'><strong>ι</strong></span> <span class='ocrx_word' id='word_1_519' title='bbox 353 4077 481 4120; x_wconf 88' lang='lat' dir='ltr'><strong>ante</strong></span> <span class='ocrx_word' id='word_1_520' title='bbox 511 4081 621 4129; x_wconf 91' lang='lat' dir='ltr'><strong>me,</strong></span> <span class='ocrx_word' id='word_1_521' title='bbox 662 4070 848 4128; x_wconf 86' lang='lat' dir='ltr'><strong>credo,</strong></span> <span class='ocrx_word' id='word_1_522' title='bbox 879 4064 946 4117; x_wconf 91' lang='lat' dir='ltr'><strong>de</strong></span> <span class='ocrx_word' id='word_1_523' title='bbox 983 4079 1041 4118; x_wconf 91' lang='lat' dir='ltr'><strong>se</strong></span> <span class='ocrx_word' id='word_1_524' title='bbox 1074 4062 1250 4116; x_wconf 91' lang='lat' dir='ltr'><strong>nullus</strong></span> <span class='ocrx_word' id='word_1_525' title='bbox 1281 4061 1434 4116; x_wconf 85' lang='lat' dir='ltr'><strong>fecit:</strong></span> <span class='ocrx_word' id='word_1_526' title='bbox 1490 4079 1510 4113; x_wconf 83' lang='grc'>›</span> <span class='ocrx_word' id='word_1_527' title='bbox 1558 4075 1688 4114; x_wconf 85' lang='lat' dir='ltr'><strong>eum</strong></span> <span class='ocrx_word' id='word_1_528' title='bbox 1732 4075 1870 4129; x_wconf 70' lang='lat' dir='ltr'><strong>prac-</strong></span> 
     </span>
    </p>
   </div>
   <div class='ocr_carea' id='block_1_76' title="bbox 285 4150 1870 4223">
    <p class='ocr_par' dir='ltr' id='par_1_76' title="bbox 285 4150 1870 4223">
     <span class='ocr_line' id='line_1_76' title="bbox 285 4150 1870 4223; baseline -0.007 -10"><span class='ocrx_word' id='word_1_529' title='bbox 285 4160 471 4213; x_wconf 83' lang='lat' dir='ltr'><strong>sertim</strong></span> <span class='ocrx_word' id='word_1_530' title='bbox 528 4158 613 4212; x_wconf 90' lang='lat' dir='ltr'><strong>sui</strong></span> <span class='ocrx_word' id='word_1_531' title='bbox 669 4156 935 4210; x_wconf 87' lang='lat' dir='ltr'><strong>vindicias</strong></span> <span class='ocrx_word' id='word_1_532' title='bbox 989 4155 1124 4209; x_wconf 90' lang='lat' dir='ltr'><strong>adeo</strong></span> <span class='ocrx_word' id='word_1_533' title='bbox 1161 4153 1504 4223; x_wconf 82' lang='lat' dir='ltr'><strong>neglexerit,</strong></span> <span class='ocrx_word' id='word_1_534' title='bbox 1572 4159 1635 4205; x_wconf 83' lang='lat' dir='ltr'><strong>ut</strong></span> <span class='ocrx_word' id='word_1_535' title='bbox 1685 4150 1870 4220; x_wconf 88' lang='lat' dir='ltr'><strong>pejora</strong></span> 
     </span>
    </p>
   </div>
   <div class='ocr_carea' id='block_1_77' title="bbox 288 4240 1869 4314">
    <p class='ocr_par' dir='ltr' id='par_1_77' title="bbox 288 4240 1869 4314">
     <span class='ocr_line' id='line_1_77' title="bbox 288 4240 1869 4314; baseline -0.007 -12"><span class='ocrx_word' id='word_1_536' title='bbox 288 4250 466 4302; x_wconf 85' lang='lat' dir='ltr'><strong>adhuc</strong></span> <span class='ocrx_word' id='word_1_537' title='bbox 505 4249 572 4301; x_wconf 89' lang='lat' dir='ltr'><strong>de</strong></span> <span class='ocrx_word' id='word_1_538' title='bbox 606 4262 665 4302; x_wconf 88' lang='lat' dir='ltr'><strong>se</strong></span> <span class='ocrx_word' id='word_1_539' title='bbox 695 4245 994 4300; x_wconf 79' lang='lat' dir='ltr'><strong>existimari</strong></span> <span class='ocrx_word' id='word_1_540' title='bbox 1029 4245 1224 4314; x_wconf 85' lang='lat' dir='ltr'><strong>cuique</strong></span> <span class='ocrx_word' id='word_1_541' title='bbox 1257 4240 1586 4313; x_wconf 87' lang='lat' dir='ltr'><strong>permiserit,</strong></span> <span class='ocrx_word' id='word_1_542' title='bbox 1627 4240 1869 4294; x_wconf 88' lang='lat' dir='ltr'><strong>addens:</strong></span> 
     </span>
    </p>
   </div>
   <div class='ocr_carea' id='block_1_78' title="bbox 294 4330 1877 4408">
    <p class='ocr_par' dir='ltr' id='par_1_78' title="bbox 294 4330 1877 4408">
     <span class='ocr_line' id='line_1_78' title="bbox 294 4330 1877 4408; baseline -0.005 -18"><span class='ocrx_word' id='word_1_543' title='bbox 294 4359 313 4390; x_wconf 78' lang='grc' dir='ltr'><strong>ι</strong></span> <span class='ocrx_word' id='word_1_544' title='bbox 361 4338 532 4408; x_wconf 86' lang='lat' dir='ltr'><strong>Legat</strong></span> <span class='ocrx_word' id='word_1_545' title='bbox 582 4352 714 4408; x_wconf 86' lang='lat' dir='ltr'><strong>ergo</strong></span> <span class='ocrx_word' id='word_1_546' title='bbox 761 4337 851 4405; x_wconf 88' lang='lat' dir='ltr'><strong>qui</strong></span> <span class='ocrx_word' id='word_1_547' title='bbox 893 4335 1082 4401; x_wconf 75' lang='lat' dir='ltr'><strong>volet,</strong></span> <span class='ocrx_word' id='word_1_548' title='bbox 1110 4343 1164 4389; x_wconf 91' lang='lat' dir='ltr'><strong>et</strong></span> <span class='ocrx_word' id='word_1_549' title='bbox 1205 4334 1270 4387; x_wconf 87' lang='lat' dir='ltr'><strong>de</strong></span> <span class='ocrx_word' id='word_1_550' title='bbox 1311 4348 1395 4387; x_wconf 90' lang='lat' dir='ltr'><strong>me</strong></span> <span class='ocrx_word' id='word_1_551' title='bbox 1445 4331 1686 4402; x_wconf 89' lang='lat' dir='ltr'><strong>proferat</strong></span> <span class='ocrx_word' id='word_1_552' title='bbox 1722 4330 1877 4398; x_wconf 86' lang='lat' dir='ltr'><strong>pejus</strong></span> 
     </span>
    </p>
   </div>
   <div class='ocr_carea' id='block_1_79' title="bbox 291 4421 1871 4497">
    <p class='ocr_par' dir='ltr' id='par_1_79' title="bbox 291 4421 1871 4497">
     <span class='ocr_line' id='line_1_79' title="bbox 291 4421 1871 4497; baseline -0.006 -15"><span class='ocrx_word' id='word_1_553' title='bbox 291 4430 570 4497; x_wconf 87' lang='lat' dir='ltr'><strong>quiddam,</strong></span> <span class='ocrx_word' id='word_1_554' title='bbox 622 4428 672 4481; x_wconf 92' lang='lat' dir='ltr'><strong>si</strong></span> <span class='ocrx_word' id='word_1_555' title='bbox 721 4426 882 4480; x_wconf 89' lang='lat' dir='ltr'><strong>valet.</strong></span> <span class='ocrx_word' id='word_1_556' title='bbox 925 4445 942 4476; x_wconf 74' lang='grc' dir='ltr'><strong>ι</strong></span> <span class='ocrx_word' id='word_1_557' title='bbox 982 4425 1118 4480; x_wconf 80' lang='lat' dir='ltr'><strong>Hinc</strong></span> <span class='ocrx_word' id='word_1_558' title='bbox 1148 4423 1356 4479; x_wconf 76' lang='lat' dir='ltr'><strong>difﬁcile</strong></span> <span class='ocrx_word' id='word_1_559' title='bbox 1382 4424 1490 4477; x_wconf 89' lang='lat' dir='ltr'><strong>erit</strong></span> <span class='ocrx_word' id='word_1_560' title='bbox 1538 4421 1871 4483; x_wconf 88' lang='lat' dir='ltr'><strong>discernere,</strong></span> 
     </span>
    </p>
   </div>
   <div class='ocr_carea' id='block_1_80' title="bbox 293 4510 1880 4586">
    <p class='ocr_par' dir='ltr' id='par_1_80' title="bbox 293 4510 1880 4586">
     <span class='ocr_line' id='line_1_80' title="bbox 293 4510 1880 4586; baseline -0.006 -16"><span class='ocrx_word' id='word_1_561' title='bbox 293 4533 539 4586; x_wconf 78' lang='lat' dir='ltr'><strong>quamam</strong></span> <span class='ocrx_word' id='word_1_562' title='bbox 589 4532 837 4572; x_wconf 75' lang='lat' dir='ltr'><strong>censura:</strong></span> <span class='ocrx_word' id='word_1_563' title='bbox 886 4516 938 4569; x_wconf 91' lang='lat' dir='ltr'><strong>in</strong></span> <span class='ocrx_word' id='word_1_564' title='bbox 992 4516 1093 4569; x_wconf 92' lang='lat' dir='ltr'><strong>hoc</strong></span> <span class='ocrx_word' id='word_1_565' title='bbox 1139 4528 1303 4583; x_wconf 87' lang='lat' dir='ltr'><strong>opere</strong></span> <span class='ocrx_word' id='word_1_566' title='bbox 1341 4511 1597 4566; x_wconf 78' lang='lat' dir='ltr'><strong>Ratherio</strong></span> <span class='ocrx_word' id='word_1_567' title='bbox 1633 4510 1880 4577; x_wconf 70' lang='lat' dir='ltr'><strong>impacta:</strong></span> 
     </span>
    </p>
   </div>
   <div class='ocr_carea' id='block_1_81' title="bbox 295 4598 1876 4676">
    <p class='ocr_par' dir='ltr' id='par_1_81' title="bbox 295 4598 1876 4676">
     <span class='ocr_line' id='line_1_81' title="bbox 295 4598 1876 4676; baseline -0.007 -14"><span class='ocrx_word' id='word_1_568' title='bbox 295 4611 400 4663; x_wconf 88' lang='lat' dir='ltr'><strong>sint</strong></span> <span class='ocrx_word' id='word_1_569' title='bbox 434 4630 452 4661; x_wconf 76' lang='grc' dir='ltr'><strong>ι</strong></span> <span class='ocrx_word' id='word_1_570' title='bbox 488 4625 653 4675; x_wconf 71' lang='lat' dir='ltr'><strong>verte,</strong></span> <span class='ocrx_word' id='word_1_571' title='bbox 690 4629 708 4660; x_wconf 71' lang='grc' dir='ltr'><strong>ι</strong></span> <span class='ocrx_word' id='word_1_572' title='bbox 741 4623 863 4676; x_wconf 86' lang='lat' dir='ltr'><strong>quae</strong></span> <span class='ocrx_word' id='word_1_573' title='bbox 898 4624 916 4657; x_wconf 78' lang='grc' dir='ltr'><strong>ι</strong></span> <span class='ocrx_word' id='word_1_574' title='bbox 951 4605 1112 4668; x_wconf 63' lang='lat' dir='ltr'><strong>falsae,</strong></span> <span class='ocrx_word' id='word_1_575' title='bbox 1145 4623 1162 4656; x_wconf 72' lang='grc' dir='ltr'><strong>ι</strong></span> <span class='ocrx_word' id='word_1_576' title='bbox 1197 4619 1441 4673; x_wconf 80' lang='lat' dir='ltr'><strong>qtueuam</strong></span> <span class='ocrx_word' id='word_1_577' title='bbox 1467 4620 1487 4652; x_wconf 78' lang='grc' dir='ltr'><strong>ι</strong></span> <span class='ocrx_word' id='word_1_578' title='bbox 1519 4610 1706 4664; x_wconf 57' lang='lat' dir='ltr'><strong>certae,</strong></span> <span class='ocrx_word' id='word_1_579' title='bbox 1742 4598 1876 4653; x_wconf 60' lang='lat' dir='ltr'><strong>vvcl</strong></span> 
     </span>
    </p>
   </div>
   <div class='ocr_carea' id='block_1_82' title="bbox 297 4691 1869 4771">
    <p class='ocr_par' dir='ltr' id='par_1_82' title="bbox 297 4691 1869 4771">
     <span class='ocr_line' id='line_1_82' title="bbox 297 4691 1869 4771; baseline -0.008 -15"><span class='ocrx_word' id='word_1_580' title='bbox 297 4701 592 4770; x_wconf 86' lang='lat' dir='ltr'><strong>opinabiles</strong></span> <span class='ocrx_word' id='word_1_581' title='bbox 627 4719 655 4752; x_wconf 78' lang='grc' dir='ltr'><strong>ι.</strong></span> <span class='ocrx_word' id='word_1_582' title='bbox 682 4698 970 4771; x_wconf 71' lang='lat' dir='ltr'><strong>[cxxxvn].</strong></span> <span class='ocrx_word' id='word_1_583' title='bbox 1009 4717 1027 4749; x_wconf 78' lang='grc' dir='ltr'><strong>ι</strong></span> <span class='ocrx_word' id='word_1_584' title='bbox 1070 4697 1146 4750; x_wconf 75' lang='lat' dir='ltr'><strong>Ex</strong></span> <span class='ocrx_word' id='word_1_585' title='bbox 1181 4696 1295 4750; x_wconf 85' lang='lat' dir='ltr'><strong>zelo</strong></span> <span class='ocrx_word' id='word_1_586' title='bbox 1321 4703 1522 4757; x_wconf 88' lang='lat' dir='ltr'><strong>tamen,</strong></span> <span class='ocrx_word' id='word_1_587' title='bbox 1551 4706 1657 4761; x_wconf 90' lang='lat' dir='ltr'><strong>quo</strong></span> <span class='ocrx_word' id='word_1_588' title='bbox 1691 4691 1869 4745; x_wconf 89' lang='lat' dir='ltr'><strong>ferve-</strong></span> 
     </span>
    </p>
   </div>
   <div class='ocr_carea' id='block_1_83' title="bbox 301 4781 1878 4856">
    <p class='ocr_par' dir='ltr' id='par_1_83' title="bbox 301 4781 1878 4856">
     <span class='ocr_line' id='line_1_83' title="bbox 301 4781 1878 4856; baseline -0.008 -9"><span class='ocrx_word' id='word_1_589' title='bbox 301 4792 407 4856; x_wconf 80' lang='lat' dir='ltr'><strong>bat,</strong></span> <span class='ocrx_word' id='word_1_590' title='bbox 440 4807 506 4846; x_wconf 92' lang='lat' dir='ltr'><strong>ac</strong></span> <span class='ocrx_word' id='word_1_591' title='bbox 543 4807 614 4848; x_wconf 82' lang='lat' dir='ltr'><strong>ex</strong></span> <span class='ocrx_word' id='word_1_592' title='bbox 667 4791 945 4846; x_wconf 89' lang='lat' dir='ltr'><strong>severiore</strong></span> <span class='ocrx_word' id='word_1_593' title='bbox 997 4788 1208 4842; x_wconf 89' lang='lat' dir='ltr'><strong>vivendi</strong></span> <span class='ocrx_word' id='word_1_594' title='bbox 1260 4786 1470 4841; x_wconf 86' lang='lat' dir='ltr'><strong>ratione</strong></span> <span class='ocrx_word' id='word_1_595' title='bbox 1515 4785 1682 4855; x_wconf 88' lang='lat' dir='ltr'><strong>ipsius</strong></span> <span class='ocrx_word' id='word_1_596' title='bbox 1721 4781 1878 4836; x_wconf 86' lang='lat' dir='ltr'><strong>valde</strong></span> 
     </span>
    </p>
   </div>
   <div class='ocr_carea' id='block_1_84' title="bbox 302 4874 1879 4952">
    <p class='ocr_par' dir='ltr' id='par_1_84' title="bbox 302 4874 1879 4952">
     <span class='ocr_line' id='line_1_84' title="bbox 302 4874 1879 4952; baseline -0.009 -13"><span class='ocrx_word' id='word_1_597' title='bbox 302 4884 553 4940; x_wconf 65' lang='lat' dir='ltr'><strong>credibile</strong></span> <span class='ocrx_word' id='word_1_598' title='bbox 587 4891 692 4946; x_wconf 89' lang='lat' dir='ltr'><strong>est,</strong></span> <span class='ocrx_word' id='word_1_599' title='bbox 737 4880 988 4952; x_wconf 86' lang='lat' dir='ltr'><strong>graviora</strong></span> <span class='ocrx_word' id='word_1_600' title='bbox 1032 4879 1254 4940; x_wconf 89' lang='lat' dir='ltr'><strong>saltem,</strong></span> <span class='ocrx_word' id='word_1_601' title='bbox 1289 4891 1408 4946; x_wconf 79' lang='lat' dir='ltr'><strong>quae</strong></span> <span class='ocrx_word' id='word_1_602' title='bbox 1456 4875 1509 4929; x_wconf 91' lang='lat' dir='ltr'><strong>in</strong></span> <span class='ocrx_word' id='word_1_603' title='bbox 1553 4891 1675 4929; x_wconf 82' lang='lat' dir='ltr'><strong>eum</strong></span> <span class='ocrx_word' id='word_1_604' title='bbox 1722 4874 1879 4940; x_wconf 65' lang='lat' dir='ltr'><strong>inge-</strong></span> 
     </span>
    </p>
   </div>
   <div class='ocr_carea' id='block_1_85' title="bbox 307 4961 1880 5034">
    <p class='ocr_par' dir='ltr' id='par_1_85' title="bbox 307 4961 1880 5034">
     <span class='ocr_line' id='line_1_85' title="bbox 307 4961 1880 5034; baseline -0.008 -6"><span class='ocrx_word' id='word_1_605' title='bbox 307 4982 494 5029; x_wconf 88' lang='lat' dir='ltr'><strong>runtur</strong></span> <span class='ocrx_word' id='word_1_606' title='bbox 527 4974 786 5034; x_wconf 90' lang='lat' dir='ltr'><strong>crimina,</strong></span> <span class='ocrx_word' id='word_1_607' title='bbox 811 4969 897 5022; x_wconf 85' lang='lat' dir='ltr'><strong>vel</strong></span> <span class='ocrx_word' id='word_1_608' title='bbox 923 4967 1052 5022; x_wconf 88' lang='lat' dir='ltr'><strong>falsa</strong></span> <span class='ocrx_word' id='word_1_609' title='bbox 1099 4967 1318 5024; x_wconf 90' lang='lat' dir='ltr'><strong>omnino</strong></span> <span class='ocrx_word' id='word_1_610' title='bbox 1346 4963 1494 5027; x_wconf 82' lang='lat' dir='ltr'><strong>esse,</strong></span> <span class='ocrx_word' id='word_1_611' title='bbox 1527 4963 1610 5018; x_wconf 88' lang='lat' dir='ltr'><strong>vel</strong></span> <span class='ocrx_word' id='word_1_612' title='bbox 1655 4961 1880 5016; x_wconf 90' lang='lat' dir='ltr'><strong>nimium</strong></span> 
     </span>
    </p>
   </div>
   <div class='ocr_carea' id='block_1_86' title="bbox 310 5051 1886 5136">
    <p class='ocr_par' dir='ltr' id='par_1_86' title="bbox 310 5051 1886 5136">
     <span class='ocr_line' id='line_1_86' title="bbox 310 5051 1886 5136; baseline -0.009 -18"><span class='ocrx_word' id='word_1_613' title='bbox 310 5072 648 5136; x_wconf 81' lang='lat' dir='ltr'><strong>exaggerata.</strong></span> <span class='ocrx_word' id='word_1_614' title='bbox 679 5058 888 5116; x_wconf 87' lang='lat' dir='ltr'><strong>Confer</strong></span> <span class='ocrx_word' id='word_1_615' title='bbox 927 5058 1340 5112; x_wconf 83' lang='lat' dir='ltr'><strong>Admonitionem</strong></span> <span class='ocrx_word' id='word_1_616' title='bbox 1386 5053 1438 5106; x_wconf 93' lang='lat' dir='ltr'><strong>in</strong></span> <span class='ocrx_word' id='word_1_617' title='bbox 1474 5051 1790 5122; x_wconf 80' lang='lat' dir='ltr'><strong>Excerptum</strong></span> <span class='ocrx_word' id='word_1_618' title='bbox 1820 5066 1886 5104; x_wconf 68' lang='lat' dir='ltr'><strong>ea;</strong></span> 
     </span>
    </p>
   </div>
   <div class='ocr_carea' id='block_1_87' title="bbox 312 5140 1890 5228">
    <p class='ocr_par' dir='ltr' id='par_1_87' title="bbox 312 5140 1890 5228">
     <span class='ocr_line' id='line_1_87' title="bbox 312 5140 1890 5228; baseline -0.011 -18"><span class='ocrx_word' id='word_1_619' title='bbox 312 5157 510 5228; x_wconf 75' lang='lat' dir='ltr'><strong>dialogo</strong></span> <span class='ocrx_word' id='word_1_620' title='bbox 534 5147 916 5224; x_wconf 71' lang='lat' dir='ltr'><strong>confessionali</strong></span> <span class='ocrx_word' id='word_1_621' title='bbox 939 5163 1082 5202; x_wconf 90' lang='lat' dir='ltr'><strong>num.</strong></span> <span class='ocrx_word' id='word_1_622' title='bbox 1106 5149 1158 5202; x_wconf 81' lang='grc'><strong>5.</strong></span> <span class='ocrx_word' id='word_1_623' title='bbox 1183 5147 1452 5203; x_wconf 66' lang='lat' dir='ltr'><strong>Cteterum</strong></span> <span class='ocrx_word' id='word_1_624' title='bbox 1475 5151 1620 5198; x_wconf 87' lang='lat' dir='ltr'><strong>recte</strong></span> <span class='ocrx_word' id='word_1_625' title='bbox 1639 5140 1890 5211; x_wconf 85' lang='lat' dir='ltr'><strong>judican-</strong></span> 
     </span>
    </p>
   </div>
   <div class='ocr_carea' id='block_1_88' title="bbox 379 5343 1889 5388">
    <p class='ocr_par' dir='ltr' id='par_1_88' title="bbox 379 5343 1889 5388">
     <span class='ocr_line' id='line_1_88' title="bbox 379 5343 1889 5388; baseline 0 0"><span class='ocrx_word' id='word_1_626' title='bbox 379 5357 452 5388; x_wconf 79' lang='lat' dir='ltr'><strong>l&#39;n</strong></span> <span class='ocrx_word' id='word_1_627' title='bbox 485 5355 680 5388; x_wconf 74' lang='lat' dir='ltr'><strong>[nunrn</strong></span> <span class='ocrx_word' id='word_1_628' title='bbox 715 5349 847 5388; x_wconf 62' lang='grc' dir='ltr'><strong>ἴηνΙί</strong></span> <span class='ocrx_word' id='word_1_629' title='bbox 880 5356 1168 5388; x_wconf 73' lang='lat' dir='ltr'><strong>nnnnlnmm</strong></span> <span class='ocrx_word' id='word_1_630' title='bbox 1195 5348 1377 5388; x_wconf 75' lang='lat' dir='ltr'><strong>nnimn</strong></span> <span class='ocrx_word' id='word_1_631' title='bbox 1403 5353 1587 5388; x_wconf 58' lang='lat' dir='ltr'><strong>noster</strong></span> <span class='ocrx_word' id='word_1_632' title='bbox 1607 5343 1889 5388; x_wconf 69' lang='lat' dir='ltr'><strong>enisenmis</strong></span> 
     </span>
    </p>
   </div>
   <div class='ocr_carea' id='block_1_89' title="bbox 1951 3135 3537 3214">
    <p class='ocr_par' dir='ltr' id='par_1_89' title="bbox 1951 3135 3537 3214">
     <span class='ocr_line' id='line_1_89' title="bbox 1951 3135 3537 3214; baseline -0.009 -12"><span class='ocrx_word' id='word_1_633' title='bbox 1951 3155 2138 3202; x_wconf 89' lang='lat' dir='ltr'><strong>contra</strong></span> <span class='ocrx_word' id='word_1_634' title='bbox 2182 3144 2416 3210; x_wconf 69' lang='lat' dir='ltr'><strong>Iudaeos,</strong></span> <span class='ocrx_word' id='word_1_635' title='bbox 2458 3145 2548 3214; x_wconf 90' lang='lat' dir='ltr'><strong>qui</strong></span> <span class='ocrx_word' id='word_1_636' title='bbox 2577 3143 2800 3197; x_wconf 68' lang='lat' dir='ltr'><strong>Verona:</strong></span> <span class='ocrx_word' id='word_1_637' title='bbox 2827 3147 3185 3211; x_wconf 64' lang='lat' dir='ltr'><strong>prtcpoteutcs</strong></span> <span class='ocrx_word' id='word_1_638' title='bbox 3226 3135 3388 3190; x_wconf 89' lang='lat' dir='ltr'><strong>fuisse</strong></span> <span class='ocrx_word' id='word_1_639' title='bbox 3425 3147 3537 3188; x_wconf 87' lang='lat' dir='ltr'><strong>no--</strong></span> 
     </span>
    </p>
   </div>
   <div class='ocr_carea' id='block_1_90' title="bbox 1953 3225 3527 3302">
    <p class='ocr_par' dir='ltr' id='par_1_90' title="bbox 1953 3225 3527 3302">
     <span class='ocr_line' id='line_1_90' title="bbox 1953 3225 3527 3302; baseline -0.011 -8"><span class='ocrx_word' id='word_1_640' title='bbox 1953 3247 2198 3302; x_wconf 90' lang='lat' dir='ltr'><strong>scuutur,</strong></span> <span class='ocrx_word' id='word_1_641' title='bbox 2233 3251 2440 3293; x_wconf 91' lang='lat' dir='ltr'><strong>necnon</strong></span> <span class='ocrx_word' id='word_1_642' title='bbox 2477 3243 2660 3290; x_wconf 84' lang='lat' dir='ltr'><strong>contra</strong></span> <span class='ocrx_word' id='word_1_643' title='bbox 2709 3233 2849 3299; x_wconf 87' lang='lat' dir='ltr'><strong>illos,</strong></span> <span class='ocrx_word' id='word_1_644' title='bbox 2894 3233 2983 3302; x_wconf 91' lang='lat' dir='ltr'><strong>qui</strong></span> <span class='ocrx_word' id='word_1_645' title='bbox 3012 3230 3208 3286; x_wconf 68' lang='lat' dir='ltr'><strong>JlltIIL’IS</strong></span> <span class='ocrx_word' id='word_1_646' title='bbox 3236 3225 3527 3282; x_wconf 84' lang='lat' dir='ltr'><strong>amicitiam</strong></span> 
     </span>
    </p>
   </div>
   <div class='ocr_carea' id='block_1_91' title="bbox 1954 3319 3529 3397">
    <p class='ocr_par' dir='ltr' id='par_1_91' title="bbox 1954 3319 3529 3397">
     <span class='ocr_line' id='line_1_91' title="bbox 1954 3319 3529 3397; baseline -0.01 -11"><span class='ocrx_word' id='word_1_647' title='bbox 1954 3339 2009 3386; x_wconf 89' lang='lat' dir='ltr'><strong>ct</strong></span> <span class='ocrx_word' id='word_1_648' title='bbox 2038 3330 2276 3384; x_wconf 87' lang='lat' dir='ltr'><strong>favorem</strong></span> <span class='ocrx_word' id='word_1_649' title='bbox 2318 3327 2648 3397; x_wconf 69' lang='lat' dir='ltr'><strong>prmstabaut</strong></span> <span class='ocrx_word' id='word_1_650' title='bbox 2679 3322 2988 3395; x_wconf 77' lang='lat' dir='ltr'><strong>[cxxxvm].</strong></span> <span class='ocrx_word' id='word_1_651' title='bbox 3039 3320 3301 3375; x_wconf 88' lang='lat' dir='ltr'><strong>Notautur</strong></span> <span class='ocrx_word' id='word_1_652' title='bbox 3331 3319 3529 3372; x_wconf 88' lang='lat' dir='ltr'><strong>abusus</strong></span> 
     </span>
    </p>
   </div>
   <div class='ocr_carea' id='block_1_92' title="bbox 1957 3406 3531 3490">
    <p class='ocr_par' dir='ltr' id='par_1_92' title="bbox 1957 3406 3531 3490">
     <span class='ocr_line' id='line_1_92' title="bbox 1957 3406 3531 3490; baseline -0.008 -16"><span class='ocrx_word' id='word_1_653' title='bbox 1957 3421 2153 3490; x_wconf 87' lang='lat' dir='ltr'><strong>quibus</strong></span> <span class='ocrx_word' id='word_1_654' title='bbox 2185 3419 2350 3472; x_wconf 88' lang='lat' dir='ltr'><strong>multa</strong></span> <span class='ocrx_word' id='word_1_655' title='bbox 2397 3417 2639 3472; x_wconf 67' lang='lat' dir='ltr'><strong>ecclesia:</strong></span> <span class='ocrx_word' id='word_1_656' title='bbox 2687 3417 2825 3469; x_wconf 91' lang='lat' dir='ltr'><strong>bona</strong></span> <span class='ocrx_word' id='word_1_657' title='bbox 2857 3414 2975 3468; x_wconf 90' lang='lat' dir='ltr'><strong>aliis</strong></span> <span class='ocrx_word' id='word_1_658' title='bbox 3011 3421 3170 3480; x_wconf 88' lang='lat' dir='ltr'><strong>atque</strong></span> <span class='ocrx_word' id='word_1_659' title='bbox 3199 3411 3318 3464; x_wconf 89' lang='lat' dir='ltr'><strong>aliis</strong></span> <span class='ocrx_word' id='word_1_660' title='bbox 3359 3406 3531 3462; x_wconf 82' lang='lat' dir='ltr'><strong>uomi-</strong></span> 
     </span>
    </p>
   </div>
   <div class='ocr_carea' id='block_1_93' title="bbox 1958 3495 3532 3577">
    <p class='ocr_par' dir='ltr' id='par_1_93' title="bbox 1958 3495 3532 3577">
     <span class='ocr_line' id='line_1_93' title="bbox 1958 3495 3532 3577; baseline -0.011 -12"><span class='ocrx_word' id='word_1_661' title='bbox 1958 3511 2115 3565; x_wconf 89' lang='lat' dir='ltr'><strong>nibus</strong></span> <span class='ocrx_word' id='word_1_662' title='bbox 2152 3509 2366 3563; x_wconf 86' lang='lat' dir='ltr'><strong>fuerant</strong></span> <span class='ocrx_word' id='word_1_663' title='bbox 2394 3507 2588 3577; x_wconf 90' lang='lat' dir='ltr'><strong>injuste</strong></span> <span class='ocrx_word' id='word_1_664' title='bbox 2622 3506 2900 3561; x_wconf 87' lang='lat' dir='ltr'><strong>distracta.</strong></span> <span class='ocrx_word' id='word_1_665' title='bbox 2931 3501 3155 3568; x_wconf 88' lang='lat' dir='ltr'><strong>Quidam</strong></span> <span class='ocrx_word' id='word_1_666' title='bbox 3185 3500 3325 3554; x_wconf 91' lang='lat' dir='ltr'><strong>enim</strong></span> <span class='ocrx_word' id='word_1_667' title='bbox 3355 3495 3532 3551; x_wconf 77' lang='lat' dir='ltr'><strong>eccle-</strong></span> 
     </span>
    </p>
   </div>
   <div class='ocr_carea' id='block_1_94' title="bbox 1961 3585 3535 3671">
    <p class='ocr_par' dir='ltr' id='par_1_94' title="bbox 1961 3585 3535 3671">
     <span class='ocr_line' id='line_1_94' title="bbox 1961 3585 3535 3671; baseline -0.012 -13"><span class='ocrx_word' id='word_1_668' title='bbox 1961 3604 2053 3658; x_wconf 68' lang='lat' dir='ltr'><strong>sire</strong></span> <span class='ocrx_word' id='word_1_669' title='bbox 2079 3602 2191 3671; x_wconf 88' lang='lat' dir='ltr'><strong>agri</strong></span> <span class='ocrx_word' id='word_1_670' title='bbox 2222 3616 2250 3655; x_wconf 94' lang='lat' dir='ltr'><strong>a</strong></span> <span class='ocrx_word' id='word_1_671' title='bbox 2279 3599 2588 3669; x_wconf 88' lang='lat' dir='ltr'><strong>potentibus</strong></span> <span class='ocrx_word' id='word_1_672' title='bbox 2621 3603 2886 3668; x_wconf 87' lang='lat' dir='ltr'><strong>occupati,</strong></span> <span class='ocrx_word' id='word_1_673' title='bbox 2920 3595 3002 3651; x_wconf 87' lang='lat' dir='ltr'><strong>vel</strong></span> <span class='ocrx_word' id='word_1_674' title='bbox 3033 3594 3198 3648; x_wconf 87' lang='lat' dir='ltr'><strong>etiam</strong></span> <span class='ocrx_word' id='word_1_675' title='bbox 3228 3585 3295 3644; x_wconf 85' lang='lat' dir='ltr'><strong>ab</strong></span> <span class='ocrx_word' id='word_1_676' title='bbox 3329 3589 3535 3658; x_wconf 87' lang='lat' dir='ltr'><strong>episco-</strong></span> 
     </span>
    </p>
   </div>
   <div class='ocr_carea' id='block_1_95' title="bbox 1963 3683 3538 3764">
    <p class='ocr_par' dir='ltr' id='par_1_95' title="bbox 1963 3683 3538 3764">
     <span class='ocr_line' id='line_1_95' title="bbox 1963 3683 3538 3764; baseline -0.006 -20"><span class='ocrx_word' id='word_1_677' title='bbox 1963 3694 2044 3764; x_wconf 86' lang='lat' dir='ltr'><strong>pis</strong></span> <span class='ocrx_word' id='word_1_678' title='bbox 2078 3694 2308 3763; x_wconf 90' lang='lat' dir='ltr'><strong>primum</strong></span> <span class='ocrx_word' id='word_1_679' title='bbox 2338 3689 2738 3746; x_wconf 89' lang='lat' dir='ltr'><strong>usufruetnario</strong></span> <span class='ocrx_word' id='word_1_680' title='bbox 2784 3690 2997 3743; x_wconf 87' lang='lat' dir='ltr'><strong>nomine.</strong></span> <span class='ocrx_word' id='word_1_681' title='bbox 3026 3683 3266 3742; x_wconf 80' lang='lat' dir='ltr'><strong>concessi</strong></span> <span class='ocrx_word' id='word_1_682' title='bbox 3299 3683 3365 3737; x_wconf 89' lang='lat' dir='ltr'><strong>ad</strong></span> <span class='ocrx_word' id='word_1_683' title='bbox 3407 3691 3538 3736; x_wconf 81' lang='lat' dir='ltr'><strong>leui-</strong></span> 
     </span>
    </p>
   </div>
   <div class='ocr_carea' id='block_1_96' title="bbox 1964 3773 3534 3852">
    <p class='ocr_par' dir='ltr' id='par_1_96' title="bbox 1964 3773 3534 3852">
     <span class='ocr_line' id='line_1_96' title="bbox 1964 3773 3534 3852; baseline -0.009 -18"><span class='ocrx_word' id='word_1_684' title='bbox 1964 3799 2095 3852; x_wconf 87' lang='lat' dir='ltr'><strong>pus,</strong></span> <span class='ocrx_word' id='word_1_685' title='bbox 2127 3783 2199 3836; x_wconf 90' lang='lat' dir='ltr'><strong>ita</strong></span> <span class='ocrx_word' id='word_1_686' title='bbox 2231 3791 2414 3852; x_wconf 88' lang='lat' dir='ltr'><strong>postea</strong></span> <span class='ocrx_word' id='word_1_687' title='bbox 2461 3780 2722 3850; x_wconf 89' lang='lat' dir='ltr'><strong>principis</strong></span> <span class='ocrx_word' id='word_1_688' title='bbox 2762 3777 3053 3847; x_wconf 86' lang='lat' dir='ltr'><strong>diplomate</strong></span> <span class='ocrx_word' id='word_1_689' title='bbox 3102 3773 3534 3830; x_wconf 88' lang='lat' dir='ltr'><strong>conferebantur,</strong></span> 
     </span>
    </p>
   </div>
   <div class='ocr_carea' id='block_1_97' title="bbox 1967 3861 3543 3938">
    <p class='ocr_par' dir='ltr' id='par_1_97' title="bbox 1967 3861 3543 3938">
     <span class='ocr_line' id='line_1_97' title="bbox 1967 3861 3543 3938; baseline -0.01 -9"><span class='ocrx_word' id='word_1_690' title='bbox 1967 3883 2020 3929; x_wconf 86' lang='lat' dir='ltr'><strong>et</strong></span> <span class='ocrx_word' id='word_1_691' title='bbox 2047 3873 2526 3936; x_wconf 82' lang='lat' dir='ltr'><strong>conﬁrmabantur,</strong></span> <span class='ocrx_word' id='word_1_692' title='bbox 2551 3879 2612 3924; x_wconf 92' lang='lat' dir='ltr'><strong>ut</strong></span> <span class='ocrx_word' id='word_1_693' title='bbox 2637 3869 2785 3924; x_wconf 88' lang='lat' dir='ltr'><strong>velut</strong></span> <span class='ocrx_word' id='word_1_694' title='bbox 2814 3869 2865 3922; x_wconf 93' lang='lat' dir='ltr'><strong>in</strong></span> <span class='ocrx_word' id='word_1_695' title='bbox 2887 3869 2978 3938; x_wconf 92' lang='lat' dir='ltr'><strong>jus</strong></span> <span class='ocrx_word' id='word_1_696' title='bbox 3010 3866 3212 3938; x_wconf 87' lang='lat' dir='ltr'><strong>regium</strong></span> <span class='ocrx_word' id='word_1_697' title='bbox 3244 3861 3444 3918; x_wconf 80' lang='lat' dir='ltr'><strong>redacti</strong></span> <span class='ocrx_word' id='word_1_698' title='bbox 3475 3861 3543 3914; x_wconf 91' lang='lat' dir='ltr'><strong>ab</strong></span> 
     </span>
    </p>
   </div>
   <div class='ocr_carea' id='block_1_98' title="bbox 1969 3954 3543 4032">
    <p class='ocr_par' dir='ltr' id='par_1_98' title="bbox 1969 3954 3543 4032">
     <span class='ocr_line' id='line_1_98' title="bbox 1969 3954 3543 4032; baseline -0.012 -12"><span class='ocrx_word' id='word_1_699' title='bbox 1969 3963 2703 4032; x_wconf 63' lang='lat' dir='ltr'><strong>ecclesiaejure-exciderent.</strong></span> <span class='ocrx_word' id='word_1_700' title='bbox 2732 3959 2928 4014; x_wconf 84' lang='lat' dir='ltr'><strong>Confer</strong></span> <span class='ocrx_word' id='word_1_701' title='bbox 2949 3973 3067 4027; x_wconf 57' lang='lat' dir='ltr'><strong>quae</strong></span> <span class='ocrx_word' id='word_1_702' title='bbox 3097 3957 3160 4011; x_wconf 88' lang='lat' dir='ltr'><strong>de</strong></span> <span class='ocrx_word' id='word_1_703' title='bbox 3183 3954 3372 4009; x_wconf 84' lang='lat' dir='ltr'><strong>Sikero</strong></span> <span class='ocrx_word' id='word_1_704' title='bbox 3401 3959 3543 4004; x_wconf 84' lang='lat' dir='ltr'><strong>retu-</strong></span> 
     </span>
    </p>
   </div>
   <div class='ocr_carea' id='block_1_99' title="bbox 1970 4041 3543 4122">
    <p class='ocr_par' dir='ltr' id='par_1_99' title="bbox 1970 4041 3543 4122">
     <span class='ocr_line' id='line_1_99' title="bbox 1970 4041 3543 4122; baseline -0.011 -12"><span class='ocrx_word' id='word_1_705' title='bbox 1970 4057 2130 4110; x_wconf 82' lang='lat' dir='ltr'><strong>limus</strong></span> <span class='ocrx_word' id='word_1_706' title='bbox 2171 4056 2275 4110; x_wconf 86' lang='lat' dir='ltr'><strong>sub</strong></span> <span class='ocrx_word' id='word_1_707' title='bbox 2313 4054 2470 4108; x_wconf 83' lang='lat' dir='ltr'><strong>liuem</strong></span> <span class='ocrx_word' id='word_1_708' title='bbox 2503 4050 2826 4122; x_wconf 86' lang='lat' dir='ltr'><strong>paragraphi</strong></span> <span class='ocrx_word' id='word_1_709' title='bbox 2865 4048 3230 4119; x_wconf 43' lang='lat' dir='ltr'><strong>praecedentis.</strong></span> <span class='ocrx_word' id='word_1_710' title='bbox 3274 4041 3543 4098; x_wconf 80' lang='lat' dir='ltr'><strong>Perstrin-</strong></span> 
     </span>
    </p>
   </div>
   <div class='ocr_carea' id='block_1_100' title="bbox 1974 4132 3546 4219">
    <p class='ocr_par' dir='ltr' id='par_1_100' title="bbox 1974 4132 3546 4219">
     <span class='ocr_line' id='line_1_100' title="bbox 1974 4132 3546 4219; baseline -0.011 -18"><span class='ocrx_word' id='word_1_711' title='bbox 1974 4156 2172 4219; x_wconf 86' lang='lat' dir='ltr'><strong>guntur</strong></span> <span class='ocrx_word' id='word_1_712' title='bbox 2216 4155 2328 4200; x_wconf 86' lang='lat' dir='ltr'><strong>tres</strong></span> <span class='ocrx_word' id='word_1_713' title='bbox 2371 4152 2741 4199; x_wconf 87' lang='lat' dir='ltr'><strong>contractuuin</strong></span> <span class='ocrx_word' id='word_1_714' title='bbox 2787 4141 3029 4210; x_wconf 88' lang='lat' dir='ltr'><strong>species,</strong></span> <span class='ocrx_word' id='word_1_715' title='bbox 3076 4137 3270 4207; x_wconf 91' lang='lat' dir='ltr'><strong>quibus</strong></span> <span class='ocrx_word' id='word_1_716' title='bbox 3303 4132 3546 4190; x_wconf 73' lang='lat' dir='ltr'><strong>ecclesia:</strong></span> 
     </span>
    </p>
   </div>
   <div class='ocr_carea' id='block_1_101' title="bbox 1975 4223 3537 4295">
    <p class='ocr_par' dir='ltr' id='par_1_101' title="bbox 1975 4223 3537 4295">
     <span class='ocr_line' id='line_1_101' title="bbox 1975 4223 3537 4295; baseline -0.012 -3"><span class='ocrx_word' id='word_1_717' title='bbox 1975 4234 2635 4295; x_wconf 85' lang='lat' dir='ltr'><strong>bona-distrahebantur,</strong></span> <span class='ocrx_word' id='word_1_718' title='bbox 2665 4232 2719 4285; x_wconf 89' lang='lat' dir='ltr'><strong>id</strong></span> <span class='ocrx_word' id='word_1_719' title='bbox 2756 4239 2840 4284; x_wconf 88' lang='lat' dir='ltr'><strong>est</strong></span> <span class='ocrx_word' id='word_1_720' title='bbox 2886 4249 2903 4281; x_wconf 81' lang='grc' dir='ltr'><strong>ι</strong></span> <span class='ocrx_word' id='word_1_721' title='bbox 2955 4227 3421 4288; x_wconf 84' lang='lat' dir='ltr'><strong>comumtationes,</strong></span> <span class='ocrx_word' id='word_1_722' title='bbox 3469 4223 3537 4274; x_wconf 91' lang='lat' dir='ltr'><strong>li-</strong></span> 
     </span>
    </p>
   </div>
   <div class='ocr_carea' id='block_1_102' title="bbox 1976 4313 3549 4395">
    <p class='ocr_par' dir='ltr' id='par_1_102' title="bbox 1976 4313 3549 4395">
     <span class='ocr_line' id='line_1_102' title="bbox 1976 4313 3549 4395; baseline -0.01 -13"><span class='ocrx_word' id='word_1_723' title='bbox 1976 4327 2131 4391; x_wconf 89' lang='lat' dir='ltr'><strong>belli,</strong></span> <span class='ocrx_word' id='word_1_724' title='bbox 2175 4335 2230 4380; x_wconf 86' lang='lat' dir='ltr'><strong>et</strong></span> <span class='ocrx_word' id='word_1_725' title='bbox 2261 4324 2509 4395; x_wconf 87' lang='lat' dir='ltr'><strong>precaria</strong></span> <span class='ocrx_word' id='word_1_726' title='bbox 2541 4340 2553 4376; x_wconf 89' lang='lat'><strong>:</strong></span> <span class='ocrx_word' id='word_1_727' title='bbox 2587 4342 2604 4374; x_wconf 84' lang='grc'><strong>›</strong></span> <span class='ocrx_word' id='word_1_728' title='bbox 2632 4323 2856 4392; x_wconf 84' lang='lat' dir='ltr'><strong>haecque</strong></span> <span class='ocrx_word' id='word_1_729' title='bbox 2881 4322 3058 4376; x_wconf 86' lang='lat' dir='ltr'><strong>omnia</strong></span> <span class='ocrx_word' id='word_1_730' title='bbox 3091 4319 3282 4389; x_wconf 88' lang='lat' dir='ltr'><strong>partim</strong></span> <span class='ocrx_word' id='word_1_731' title='bbox 3315 4313 3549 4370; x_wconf 86' lang='lat' dir='ltr'><strong>necessi-</strong></span> 
     </span>
    </p>
   </div>
   <div class='ocr_carea' id='block_1_103' title="bbox 1981 4408 3557 4488">
    <p class='ocr_par' dir='ltr' id='par_1_103' title="bbox 1981 4408 3557 4488">
     <span class='ocr_line' id='line_1_103' title="bbox 1981 4408 3557 4488; baseline -0.01 -14"><span class='ocrx_word' id='word_1_732' title='bbox 1981 4430 2088 4475; x_wconf 81' lang='lat' dir='ltr'><strong>tate</strong></span> <span class='ocrx_word' id='word_1_733' title='bbox 2114 4420 2508 4488; x_wconf 81' lang='lat' dir='ltr'><strong>episcoporum,</strong></span> <span class='ocrx_word' id='word_1_734' title='bbox 2538 4417 2733 4485; x_wconf 90' lang='lat' dir='ltr'><strong>partim</strong></span> <span class='ocrx_word' id='word_1_735' title='bbox 2765 4430 2861 4484; x_wconf 86' lang='lat' dir='ltr'><strong>per</strong></span> <span class='ocrx_word' id='word_1_736' title='bbox 2901 4413 3107 4467; x_wconf 88' lang='lat' dir='ltr'><strong>fraudis</strong></span> <span class='ocrx_word' id='word_1_737' title='bbox 3150 4408 3557 4478; x_wconf 85' lang='lat' dir='ltr'><strong>subreptioncm-</strong></span> 
     </span>
    </p>
   </div>
   <div class='ocr_carea' id='block_1_104' title="bbox 1979 4496 3553 4578">
    <p class='ocr_par' dir='ltr' id='par_1_104' title="bbox 1979 4496 3553 4578">
     <span class='ocr_line' id='line_1_104' title="bbox 1979 4496 3553 4578; baseline -0.01 -13"><span class='ocrx_word' id='word_1_738' title='bbox 1979 4511 2269 4578; x_wconf 75' lang='lat' dir='ltr'><strong>contigisse</strong></span> <span class='ocrx_word' id='word_1_739' title='bbox 2312 4509 2618 4562; x_wconf 91' lang='lat' dir='ltr'><strong>traduntur.</strong></span> <span class='ocrx_word' id='word_1_740' title='bbox 2653 4505 2938 4560; x_wconf 77' lang='lat' dir='ltr'><strong>Concludit</strong></span> <span class='ocrx_word' id='word_1_741' title='bbox 2967 4503 3254 4556; x_wconf 83' lang='lat' dir='ltr'><strong>Ratherius</strong></span> <span class='ocrx_word' id='word_1_742' title='bbox 3284 4513 3404 4552; x_wconf 89' lang='lat' dir='ltr'><strong>cum</strong></span> <span class='ocrx_word' id='word_1_743' title='bbox 3444 4496 3553 4549; x_wconf 83' lang='lat' dir='ltr'><strong>clo—</strong></span> 
     </span>
    </p>
   </div>
   <div class='ocr_carea' id='block_1_105' title="bbox 1979 4583 3552 4670">
    <p class='ocr_par' dir='ltr' id='par_1_105' title="bbox 1979 4583 3552 4670">
     <span class='ocr_line' id='line_1_105' title="bbox 1979 4583 3552 4670; baseline -0.013 -17"><span class='ocrx_word' id='word_1_744' title='bbox 1979 4601 2066 4670; x_wconf 85' lang='lat' dir='ltr'><strong>gio</strong></span> <span class='ocrx_word' id='word_1_745' title='bbox 2129 4598 2342 4654; x_wconf 85' lang='lat' dir='ltr'><strong>Ottonis</strong></span> <span class='ocrx_word' id='word_1_746' title='bbox 2387 4596 2765 4665; x_wconf 89' lang='lat' dir='ltr'><strong>imperatoris,</strong></span> <span class='ocrx_word' id='word_1_747' title='bbox 2815 4608 2974 4662; x_wconf 90' lang='lat' dir='ltr'><strong>quem</strong></span> <span class='ocrx_word' id='word_1_748' title='bbox 3021 4600 3080 4644; x_wconf 90' lang='lat' dir='ltr'><strong>ut</strong></span> <span class='ocrx_word' id='word_1_749' title='bbox 3130 4590 3230 4643; x_wconf 86' lang='lat' dir='ltr'><strong>sibi</strong></span> <span class='ocrx_word' id='word_1_750' title='bbox 3266 4583 3552 4656; x_wconf 87' lang='lat' dir='ltr'><strong>propitium</strong></span> 
     </span>
    </p>
   </div>
   <div class='ocr_carea' id='block_1_106' title="bbox 1982 4672 3632 4761">
    <p class='ocr_par' dir='ltr' id='par_1_106' title="bbox 1982 4672 3632 4761">
     <span class='ocr_line' id='line_1_106' title="bbox 1982 4672 3632 4761; baseline -0.015 -17"><span class='ocrx_word' id='word_1_751' title='bbox 1982 4693 2190 4753; x_wconf 87' lang='lat' dir='ltr'><strong>reddat,</strong></span> <span class='ocrx_word' id='word_1_752' title='bbox 2223 4704 2353 4743; x_wconf 87' lang='lat' dir='ltr'><strong>suas</strong></span> <span class='ocrx_word' id='word_1_753' title='bbox 2375 4688 2654 4756; x_wconf 89' lang='lat' dir='ltr'><strong>angustias</strong></span> <span class='ocrx_word' id='word_1_754' title='bbox 2680 4694 2734 4740; x_wconf 91' lang='lat' dir='ltr'><strong>et</strong></span> <span class='ocrx_word' id='word_1_755' title='bbox 2757 4683 3056 4752; x_wconf 86' lang='lat' dir='ltr'><strong>periculum</strong></span> <span class='ocrx_word' id='word_1_756' title='bbox 3087 4679 3272 4750; x_wconf 87' lang='lat' dir='ltr'><strong>paucis</strong></span> <span class='ocrx_word' id='word_1_757' title='bbox 3303 4672 3554 4741; x_wconf 77' lang='lat' dir='ltr'><strong>explicat.</strong></span> <span class='ocrx_word' id='word_1_758' title='bbox 3624 4715 3632 4761; x_wconf 32' lang='grc' dir='ltr'><strong>ξ</strong></span> 
     </span>
    </p>
   </div>
   <div class='ocr_carea' id='block_1_107' title="bbox 1983 4763 3551 4837">
    <p class='ocr_par' dir='ltr' id='par_1_107' title="bbox 1983 4763 3551 4837">
     <span class='ocr_line' id='line_1_107' title="bbox 1983 4763 3551 4837; baseline -0.01 -2"><span class='ocrx_word' id='word_1_759' title='bbox 1983 4782 2060 4835; x_wconf 85' lang='lat' dir='ltr'><strong>Ne</strong></span> <span class='ocrx_word' id='word_1_760' title='bbox 2092 4792 2270 4837; x_wconf 89' lang='lat' dir='ltr'><strong>autem</strong></span> <span class='ocrx_word' id='word_1_761' title='bbox 2302 4779 2416 4834; x_wconf 91' lang='lat' dir='ltr'><strong>suis</strong></span> <span class='ocrx_word' id='word_1_762' title='bbox 2458 4777 2702 4832; x_wconf 90' lang='lat' dir='ltr'><strong>hostibus</strong></span> <span class='ocrx_word' id='word_1_763' title='bbox 2743 4774 2908 4827; x_wconf 87' lang='lat' dir='ltr'><strong>falsas</strong></span> <span class='ocrx_word' id='word_1_764' title='bbox 2945 4769 3351 4826; x_wconf 81' lang='lat' dir='ltr'><strong>criminationes</strong></span> <span class='ocrx_word' id='word_1_765' title='bbox 3373 4763 3551 4815; x_wconf 67' lang='lat' dir='ltr'><strong>oblt‘u‘</strong></span> 
     </span>
    </p>
   </div>
   <div class='ocr_carea' id='block_1_108' title="bbox 1985 4849 3564 4930">
    <p class='ocr_par' dir='ltr' id='par_1_108' title="bbox 1985 4849 3564 4930">
     <span class='ocr_line' id='line_1_108' title="bbox 1985 4849 3564 4930; baseline -0.016 -4"><span class='ocrx_word' id='word_1_766' title='bbox 1985 4872 2236 4926; x_wconf 87' lang='lat' dir='ltr'><strong>dentibus</strong></span> <span class='ocrx_word' id='word_1_767' title='bbox 2266 4869 2452 4924; x_wconf 90' lang='lat' dir='ltr'><strong>faciles</strong></span> <span class='ocrx_word' id='word_1_768' title='bbox 2477 4882 2637 4921; x_wconf 89' lang='lat' dir='ltr'><strong>aures</strong></span> <span class='ocrx_word' id='word_1_769' title='bbox 2663 4876 2717 4919; x_wconf 92' lang='lat' dir='ltr'><strong>et</strong></span> <span class='ocrx_word' id='word_1_770' title='bbox 2763 4863 2918 4916; x_wconf 84' lang='lat' dir='ltr'><strong>fidem</strong></span> <span class='ocrx_word' id='word_1_771' title='bbox 2953 4863 3220 4930; x_wconf 54' lang='lat' dir='ltr'><strong>praebeat,</strong></span> <span class='ocrx_word' id='word_1_772' title='bbox 3267 4865 3388 4903; x_wconf 89' lang='lat' dir='ltr'><strong>eam</strong></span> <span class='ocrx_word' id='word_1_773' title='bbox 3421 4849 3564 4918; x_wconf 84' lang='lat' dir='ltr'><strong>ipso-</strong></span> 
     </span>
    </p>
   </div>
   <div class='ocr_carea' id='block_1_109' title="bbox 1987 4940 3566 5021">
    <p class='ocr_par' dir='ltr' id='par_1_109' title="bbox 1987 4940 3566 5021">
     <span class='ocr_line' id='line_1_109' title="bbox 1987 4940 3566 5021; baseline -0.017 -3"><span class='ocrx_word' id='word_1_774' title='bbox 1987 4981 2106 5018; x_wconf 90' lang='lat' dir='ltr'><strong>rum</strong></span> <span class='ocrx_word' id='word_1_775' title='bbox 2139 4959 2584 5020; x_wconf 90' lang='lat' dir='ltr'><strong>consuetudinem</strong></span> <span class='ocrx_word' id='word_1_776' title='bbox 2614 4964 2784 5017; x_wconf 83' lang='lat' dir='ltr'><strong>notut,</strong></span> <span class='ocrx_word' id='word_1_777' title='bbox 2813 4968 2914 5021; x_wconf 86' lang='lat' dir='ltr'><strong>qua</strong></span> <span class='ocrx_word' id='word_1_778' title='bbox 2943 4954 2997 5006; x_wconf 92' lang='lat' dir='ltr'><strong>in</strong></span> <span class='ocrx_word' id='word_1_779' title='bbox 3026 4952 3328 5020; x_wconf 83' lang='lat' dir='ltr'><strong>episcopum</strong></span> <span class='ocrx_word' id='word_1_780' title='bbox 3353 4940 3566 5008; x_wconf 82' lang='lat' dir='ltr'><strong>culpam</strong></span> 
     </span>
    </p>
   </div>
   <div class='ocr_carea' id='block_1_110' title="bbox 1989 5027 3574 5126">
    <p class='ocr_par' dir='ltr' id='par_1_110' title="bbox 1989 5027 3574 5126">
     <span class='ocr_line' id='line_1_110' title="bbox 1989 5027 3574 5126; baseline -0.017 -18"><span class='ocrx_word' id='word_1_781' title='bbox 1989 5056 2240 5126; x_wconf 85' lang='lat' dir='ltr'><strong>rejiciant</strong></span> <span class='ocrx_word' id='word_1_782' title='bbox 2283 5050 2638 5121; x_wconf 87' lang='lat' dir='ltr'><strong>quorumdam</strong></span> <span class='ocrx_word' id='word_1_783' title='bbox 2687 5041 2989 5105; x_wconf 89' lang='lat' dir='ltr'><strong>malorum,</strong></span> <span class='ocrx_word' id='word_1_784' title='bbox 3022 5048 3248 5126; x_wconf 84' lang='lat' dir='ltr'><strong>quorum</strong></span> <span class='ocrx_word' id='word_1_785' title='bbox 3293 5027 3394 5126; x_wconf 81' lang='lat' dir='ltr'><strong>ipsi</strong></span> <span class='ocrx_word' id='word_1_786' title='bbox 3446 5035 3574 5126; x_wconf 77' lang='lat' dir='ltr'><strong>sunt</strong></span> 
     </span>
    </p>
   </div>
   <div class='ocr_carea' id='block_1_111' title="bbox 1993 5119 3575 5213">
    <p class='ocr_par' dir='ltr' id='par_1_111' title="bbox 1993 5119 3575 5213">
     <span class='ocr_line' id='line_1_111' title="bbox 1993 5119 3575 5213; baseline -0.016 -14"><span class='ocrx_word' id='word_1_787' title='bbox 1993 5119 2094 5201; x_wconf 76' lang='lat' dir='ltr'><strong>rei.</strong></span> <span class='ocrx_word' id='word_1_788' title='bbox 2124 5119 2440 5213; x_wconf 80' lang='lat' dir='ltr'><strong>Exemplum</strong></span> <span class='ocrx_word' id='word_1_789' title='bbox 2471 5136 2897 5194; x_wconf 86' lang='lat' dir='ltr'><strong>recentissimum</strong></span> <span class='ocrx_word' id='word_1_790' title='bbox 2922 5133 3132 5197; x_wconf 86' lang='lat' dir='ltr'><strong>profert</strong></span> <span class='ocrx_word' id='word_1_791' title='bbox 3158 5119 3435 5194; x_wconf 90' lang='lat' dir='ltr'><strong>cujusdam</strong></span> <span class='ocrx_word' id='word_1_792' title='bbox 3467 5121 3575 5175; x_wconf 87' lang='lat' dir='ltr'><strong>cle-</strong></span> 
     </span>
    </p>
   </div>
   <div class='ocr_carea' id='block_1_112' title="bbox 1993 5315 3588 5388">
    <p class='ocr_par' dir='ltr' id='par_1_112' title="bbox 1993 5315 3588 5388">
     <span class='ocr_line' id='line_1_112' title="bbox 1993 5315 3588 5388; baseline -0.015 0"><span class='ocrx_word' id='word_1_793' title='bbox 1993 5338 2293 5388; x_wconf 60' lang='lat' dir='ltr'><strong>intelligere</strong></span> <span class='ocrx_word' id='word_1_794' title='bbox 2335 5329 2516 5385; x_wconf 81' lang='lat' dir='ltr'><strong>licebit</strong></span> <span class='ocrx_word' id='word_1_795' title='bbox 2551 5344 2654 5388; x_wconf 82' lang='lat' dir='ltr'><strong>quo</strong></span> <span class='ocrx_word' id='word_1_796' title='bbox 2691 5337 2850 5381; x_wconf 87' lang='lat' dir='ltr'><strong>sensu</strong></span> <span class='ocrx_word' id='word_1_797' title='bbox 2885 5319 3181 5376; x_wconf 81' lang='lat' dir='ltr'><strong>Evcraclus</strong></span> <span class='ocrx_word' id='word_1_798' title='bbox 3227 5315 3588 5388; x_wconf 71' lang='lat' dir='ltr'><strong>Lcodi_t‘t:iisis</strong></span> 
     </span>
    </p>
   </div>
  </div>
