  <div class='ocr_page' id='page_1' title='image "/cluster/home/n/w/nwhite01/storage/ocr_20150623/136/hvd.32044015471766/063.png"; bbox 0 0 4038 5388; ppageno 0'>
   <div class='ocr_carea' id='block_1_1' title="bbox 453 252 603 310">
    <p class='ocr_par' dir='ltr' id='par_1_1' title="bbox 453 252 603 310">
     <span class='ocr_line' id='line_1_1' title="bbox 453 252 603 310; baseline 0.027 -4"><span class='ocrx_word' id='word_1_1' title='bbox 453 252 603 310; x_wconf 68' lang='grc'><strong>’115</strong></span> 
     </span>
    </p>
   </div>
   <div class='ocr_carea' id='block_1_2' title="bbox 1461 258 2757 320">
    <p class='ocr_par' dir='ltr' id='par_1_2' title="bbox 1461 258 2757 320">
     <span class='ocr_line' id='line_1_2' title="bbox 1461 258 2757 320; baseline -0.002 -1"><span class='ocrx_word' id='word_1_2' title='bbox 1461 260 1858 319; x_wconf 74' lang='lat' dir='ltr'><strong>RATHERIUS</strong></span> <span class='ocrx_word' id='word_1_3' title='bbox 1897 258 2330 320; x_wconf 77' lang='lat' dir='ltr'><strong>VERONENSIS</strong></span> <span class='ocrx_word' id='word_1_4' title='bbox 2364 258 2757 320; x_wconf 77' lang='lat' dir='ltr'><strong>EPISCOPUS.</strong></span> 
     </span>
    </p>
   </div>
   <div class='ocr_carea' id='block_1_3' title="bbox 3649 262 3756 319">
    <p class='ocr_par' dir='ltr' id='par_1_3' title="bbox 3649 262 3756 319">
     <span class='ocr_line' id='line_1_3' title="bbox 3649 262 3756 319; baseline -0.009 0"><span class='ocrx_word' id='word_1_5' title='bbox 3649 262 3756 319; x_wconf 74' lang='grc' dir='ltr'><strong>ιισ</strong></span> 
     </span>
    </p>
   </div>
   <div class='ocr_carea' id='block_1_4' title="bbox 498 372 3752 456">
    <p class='ocr_par' dir='ltr' id='par_1_4' title="bbox 498 372 3752 456">
     <span class='ocr_line' id='line_1_4' title="bbox 498 372 3752 456; baseline 0.002 -31"><span class='ocrx_word' id='word_1_6' title='bbox 498 372 596 426; x_wconf 90' lang='lat' dir='ltr'><strong>rici</strong></span> <span class='ocrx_word' id='word_1_7' title='bbox 637 372 702 425; x_wconf 92' lang='lat' dir='ltr'><strong>ad</strong></span> <span class='ocrx_word' id='word_1_8' title='bbox 733 372 1072 427; x_wconf 79' lang='lat' dir='ltr'><strong>diaconatum</strong></span> <span class='ocrx_word' id='word_1_9' title='bbox 1112 374 1180 429; x_wconf 90' lang='lat' dir='ltr'><strong>ab</strong></span> <span class='ocrx_word' id='word_1_10' title='bbox 1226 373 1472 430; x_wconf 74' lang='lat' dir='ltr'><strong>invasere</strong></span> <span class='ocrx_word' id='word_1_11' title='bbox 1513 375 1783 446; x_wconf 93' lang='lat' dir='ltr'><strong>promoti,</strong></span> <span class='ocrx_word' id='word_1_12' title='bbox 1814 376 1903 445; x_wconf 89' lang='lat' dir='ltr'><strong>qui</strong></span> <span class='ocrx_word' id='word_1_13' title='bbox 1949 390 2071 431; x_wconf 89' lang='lat' dir='ltr'><strong>cum</strong></span> <span class='ocrx_word' id='word_1_14' title='bbox 2102 396 2145 456; x_wconf 68' lang='grc' dir='ltr'><em>Α</em></span> <span class='ocrx_word' id='word_1_15' title='bbox 2177 374 2538 431; x_wconf 71' lang='lat' dir='ltr'><strong>ditecesanam</strong></span> <span class='ocrx_word' id='word_1_16' title='bbox 2567 375 2829 446; x_wconf 80' lang='lat' dir='ltr'><strong>synodum</strong></span> <span class='ocrx_word' id='word_1_17' title='bbox 2867 376 3199 429; x_wconf 69' lang='lat' dir='ltr'><strong>convocavit.</strong></span> <span class='ocrx_word' id='word_1_18' title='bbox 3241 377 3338 443; x_wconf 69' lang='lat' dir='ltr'><strong>Qui</strong></span> <span class='ocrx_word' id='word_1_19' title='bbox 3376 374 3562 431; x_wconf 77' lang='lat' dir='ltr'><strong>autem</strong></span> <span class='ocrx_word' id='word_1_20' title='bbox 3595 376 3752 444; x_wconf 78' lang='lat' dir='ltr'><strong>lu&#39;jus</strong></span> 
     </span>
    </p>
   </div>
   <div class='ocr_carea' id='block_1_5' title="bbox 497 461 2068 535">
    <p class='ocr_par' dir='ltr' id='par_1_5' title="bbox 497 461 2068 535">
     <span class='ocr_line' id='line_1_5' title="bbox 497 461 2068 535; baseline 0.004 -20"><span class='ocrx_word' id='word_1_21' title='bbox 497 472 700 518; x_wconf 82' lang='lat' dir='ltr'><strong>terram</strong></span> <span class='ocrx_word' id='word_1_22' title='bbox 725 461 865 530; x_wconf 82' lang='lat' dir='ltr'><strong>juris</strong></span> <span class='ocrx_word' id='word_1_23' title='bbox 908 464 1226 533; x_wconf 77' lang='lat' dir='ltr'><strong>episcopalis</strong></span> <span class='ocrx_word' id='word_1_24' title='bbox 1267 481 1364 534; x_wconf 89' lang='lat' dir='ltr'><strong>per</strong></span> <span class='ocrx_word' id='word_1_25' title='bbox 1407 476 1725 535; x_wconf 86' lang='lat' dir='ltr'><strong>potestatem</strong></span> <span class='ocrx_word' id='word_1_26' title='bbox 1759 467 2068 521; x_wconf 72' lang='lat' dir='ltr'><strong>szecularem</strong></span> 
     </span>
    </p>
   </div>
   <div class='ocr_carea' id='block_1_6' title="bbox 497 555 2072 627">
    <p class='ocr_par' dir='ltr' id='par_1_6' title="bbox 497 555 2072 627">
     <span class='ocr_line' id='line_1_6' title="bbox 497 555 2072 627; baseline 0.004 -22"><span class='ocrx_word' id='word_1_27' title='bbox 497 561 725 618; x_wconf 82' lang='lat' dir='ltr'><strong>teneret,</strong></span> <span class='ocrx_word' id='word_1_28' title='bbox 758 561 920 622; x_wconf 91' lang='lat' dir='ltr'><strong>atque</strong></span> <span class='ocrx_word' id='word_1_29' title='bbox 965 555 1251 623; x_wconf 89' lang='lat' dir='ltr'><strong>diriperet;</strong></span> <span class='ocrx_word' id='word_1_30' title='bbox 1283 575 1302 608; x_wconf 74' lang='grc' dir='ltr'><strong>ι</strong></span> <span class='ocrx_word' id='word_1_31' title='bbox 1334 556 1400 610; x_wconf 93' lang='lat' dir='ltr'><strong>ad</strong></span> <span class='ocrx_word' id='word_1_32' title='bbox 1444 557 1606 627; x_wconf 83' lang='lat' dir='ltr'><strong>pedes</strong></span> <span class='ocrx_word' id='word_1_33' title='bbox 1650 557 1863 611; x_wconf 85' lang='lat' dir='ltr'><strong>nemine</strong></span> <span class='ocrx_word' id='word_1_34' title='bbox 1888 570 2072 627; x_wconf 82' lang='lat' dir='ltr'><strong>persc-</strong></span> 
     </span>
    </p>
   </div>
   <div class='ocr_carea' id='block_1_7' title="bbox 493 642 2071 715">
    <p class='ocr_par' dir='ltr' id='par_1_7' title="bbox 493 642 2071 715">
     <span class='ocr_line' id='line_1_7' title="bbox 493 642 2071 715; baseline 0.006 -24"><span class='ocrx_word' id='word_1_35' title='bbox 493 651 697 713; x_wconf 79' lang='lat' dir='ltr'><strong>queute</strong></span> <span class='ocrx_word' id='word_1_36' title='bbox 742 642 1058 713; x_wconf 80' lang='lat' dir='ltr'><strong>confugiens</strong></span> <span class='ocrx_word' id='word_1_37' title='bbox 1114 645 1323 700; x_wconf 88' lang='lat' dir='ltr'><strong>Domini</strong></span> <span class='ocrx_word' id='word_1_38' title='bbox 1381 646 1721 715; x_wconf 88' lang='lat' dir='ltr'><strong>imperatoris</strong></span> <span class='ocrx_word' id='word_1_39' title='bbox 1747 687 1771 710; x_wconf 49' lang='grc' dir='ltr'><strong>,η</strong></span> <span class='ocrx_word' id='word_1_40' title='bbox 1816 648 2071 701; x_wconf 89' lang='lat' dir='ltr'><strong>mentitus</strong></span> 
     </span>
    </p>
   </div>
   <div class='ocr_carea' id='block_1_8' title="bbox 490 731 2070 802">
    <p class='ocr_par' dir='ltr' id='par_1_8' title="bbox 490 731 2070 802">
     <span class='ocr_line' id='line_1_8' title="bbox 490 731 2070 802; baseline 0.002 -17"><span class='ocrx_word' id='word_1_41' title='bbox 490 741 578 786; x_wconf 77' lang='lat' dir='ltr'><strong>est</strong></span> <span class='ocrx_word' id='word_1_42' title='bbox 616 731 756 802; x_wconf 82' lang='lat' dir='ltr'><strong>quod</strong></span> <span class='ocrx_word' id='word_1_43' title='bbox 796 751 814 783; x_wconf 77' lang='grc' dir='ltr'><strong>ι</strong></span> <span class='ocrx_word' id='word_1_44' title='bbox 848 731 1180 802; x_wconf 80' lang='lat' dir='ltr'><strong>(Ratherius)</strong></span> <span class='ocrx_word' id='word_1_45' title='bbox 1212 752 1230 784; x_wconf 71' lang='grc' dir='ltr'><strong>ι</strong></span> <span class='ocrx_word' id='word_1_46' title='bbox 1264 750 1417 787; x_wconf 86' lang='lat' dir='ltr'><strong>suum</strong></span> <span class='ocrx_word' id='word_1_47' title='bbox 1447 735 1494 789; x_wconf 79' lang='lat' dir='ltr'><strong>ei</strong></span> <span class='ocrx_word' id='word_1_48' title='bbox 1536 735 1855 791; x_wconf 75' lang='lat' dir='ltr'><strong>beneficium</strong></span> <span class='ocrx_word' id='word_1_49' title='bbox 1888 735 2070 789; x_wconf 90' lang='lat' dir='ltr'><strong>abstu-</strong></span> 
     </span>
    </p>
   </div>
   <div class='ocr_carea' id='block_1_9' title="bbox 490 820 2068 896">
    <p class='ocr_par' dir='ltr' id='par_1_9' title="bbox 490 820 2068 896">
     <span class='ocr_line' id='line_1_9' title="bbox 490 820 2068 896; baseline 0.005 -26"><span class='ocrx_word' id='word_1_50' title='bbox 490 822 668 874; x_wconf 71' lang='lat' dir='ltr'><strong>risset.</strong></span> <span class='ocrx_word' id='word_1_51' title='bbox 706 839 725 872; x_wconf 82' lang='grc' dir='ltr'><strong>ι</strong></span> <span class='ocrx_word' id='word_1_52' title='bbox 753 820 864 875; x_wconf 88' lang='lat' dir='ltr'><strong>Cur</strong></span> <span class='ocrx_word' id='word_1_53' title='bbox 892 823 991 876; x_wconf 91' lang='lat' dir='ltr'><strong>hoc</strong></span> <span class='ocrx_word' id='word_1_54' title='bbox 1030 823 1341 892; x_wconf 84' lang='lat' dir='ltr'><strong>opusculum</strong></span> <span class='ocrx_word' id='word_1_55' title='bbox 1372 823 1651 896; x_wconf 71' lang='lat' dir='ltr'><strong>alligamus</strong></span> <span class='ocrx_word' id='word_1_56' title='bbox 1692 825 1898 879; x_wconf 89' lang='lat' dir='ltr'><strong>ineunti</strong></span> <span class='ocrx_word' id='word_1_57' title='bbox 1926 839 2068 878; x_wconf 90' lang='lat' dir='ltr'><strong>anno</strong></span> 
     </span>
    </p>
   </div>
   <div class='ocr_carea' id='block_1_10' title="bbox 487 909 2080 984">
    <p class='ocr_par' dir='ltr' id='par_1_10' title="bbox 487 909 2080 984">
     <span class='ocr_line' id='line_1_10' title="bbox 487 909 2080 984; baseline 0 -20"><span class='ocrx_word' id='word_1_58' title='bbox 487 909 635 976; x_wconf 80' lang='lat'><strong>966,</strong></span> <span class='ocrx_word' id='word_1_59' title='bbox 685 928 749 967; x_wconf 82' lang='lat' dir='ltr'><strong>ex</strong></span> <span class='ocrx_word' id='word_1_60' title='bbox 800 915 1072 968; x_wconf 78' lang='lat' dir='ltr'><strong>nomtione</strong></span> <span class='ocrx_word' id='word_1_61' title='bbox 1114 913 1319 983; x_wconf 90' lang='lat' dir='ltr'><strong>prima.</strong></span> <span class='ocrx_word' id='word_1_62' title='bbox 1360 930 1519 984; x_wconf 84' lang='lat' dir='ltr'><strong>quam</strong></span> <span class='ocrx_word' id='word_1_63' title='bbox 1569 913 1669 984; x_wconf 87' lang='lat' dir='ltr'><strong>ipsi</strong></span> <span class='ocrx_word' id='word_1_64' title='bbox 1720 913 2080 982; x_wconf 81' lang='lat' dir='ltr'><strong>subjecimus,</strong></span> 
     </span>
    </p>
   </div>
   <div class='ocr_carea' id='block_1_11' title="bbox 491 1001 973 1070">
    <p class='ocr_par' dir='ltr' id='par_1_11' title="bbox 491 1001 973 1070">
     <span class='ocr_line' id='line_1_11' title="bbox 491 1001 973 1070; baseline 0.006 -17"><span class='ocrx_word' id='word_1_65' title='bbox 491 1001 828 1070; x_wconf 79' lang='lat' dir='ltr'><strong>exploratum</strong></span> <span class='ocrx_word' id='word_1_66' title='bbox 863 1004 973 1058; x_wconf 79' lang='lat' dir='ltr'><strong>fiet.</strong></span> 
     </span>
    </p>
   </div>
   <div class='ocr_carea' id='block_1_12' title="bbox 566 1112 2066 1188">
    <p class='ocr_par' dir='ltr' id='par_1_12' title="bbox 566 1112 2066 1188">
     <span class='ocr_line' id='line_1_12' title="bbox 566 1112 2066 1188; baseline 0.002 -21"><span class='ocrx_word' id='word_1_67' title='bbox 566 1112 689 1167; x_wconf 79' lang='lat' dir='ltr'><strong>uo.</strong></span> <span class='ocrx_word' id='word_1_68' title='bbox 716 1113 826 1169; x_wconf 88' lang='lat' dir='ltr'><strong>lloc</strong></span> <span class='ocrx_word' id='word_1_69' title='bbox 866 1116 1053 1171; x_wconf 86' lang='lat' dir='ltr'><strong>eodem</strong></span> <span class='ocrx_word' id='word_1_70' title='bbox 1088 1126 1346 1188; x_wconf 89' lang='lat' dir='ltr'><strong>tempore,</strong></span> <span class='ocrx_word' id='word_1_71' title='bbox 1377 1132 1485 1187; x_wconf 85' lang='lat' dir='ltr'><strong>quo</strong></span> <span class='ocrx_word' id='word_1_72' title='bbox 1513 1116 1800 1172; x_wconf 79' lang='lat' dir='ltr'><strong>Ratherius</strong></span> <span class='ocrx_word' id='word_1_73' title='bbox 1842 1134 1877 1167; x_wconf 65' lang='grc' dir='ltr'><strong><em>ο</em></strong></span> <span class='ocrx_word' id='word_1_74' title='bbox 1902 1116 2066 1170; x_wconf 74' lang='lat' dir='ltr'><strong>maie-</strong></span> 
     </span>
    </p>
   </div>
   <div class='ocr_carea' id='block_1_13' title="bbox 492 1202 2065 1275">
    <p class='ocr_par' dir='ltr' id='par_1_13' title="bbox 492 1202 2065 1275">
     <span class='ocr_line' id='line_1_13' title="bbox 492 1202 2065 1275; baseline 0.003 -21"><span class='ocrx_word' id='word_1_75' title='bbox 492 1202 737 1257; x_wconf 77' lang='lat' dir='ltr'><strong>rolornm</strong></span> <span class='ocrx_word' id='word_1_76' title='bbox 799 1206 1227 1261; x_wconf 76' lang='lat' dir='ltr'><strong>cavillationibus</strong></span> <span class='ocrx_word' id='word_1_77' title='bbox 1283 1225 1301 1259; x_wconf 79' lang='grc' dir='ltr'><strong>ι</strong></span> <span class='ocrx_word' id='word_1_78' title='bbox 1354 1207 1618 1261; x_wconf 90' lang='lat' dir='ltr'><strong>acerrime</strong></span> <span class='ocrx_word' id='word_1_79' title='bbox 1677 1205 2065 1275; x_wconf 87' lang='lat' dir='ltr'><strong>impetebatur,</strong></span> 
     </span>
    </p>
   </div>
   <div class='ocr_carea' id='block_1_14' title="bbox 494 1296 2068 1368">
    <p class='ocr_par' dir='ltr' id='par_1_14' title="bbox 494 1296 2068 1368">
     <span class='ocr_line' id='line_1_14' title="bbox 494 1296 2068 1368; baseline 0.003 -22"><span class='ocrx_word' id='word_1_80' title='bbox 494 1296 808 1364; x_wconf 73' lang='lat' dir='ltr'><strong>opusculum</strong></span> <span class='ocrx_word' id='word_1_81' title='bbox 860 1298 1027 1351; x_wconf 79' lang='lat' dir='ltr'><strong>edidit</strong></span> <span class='ocrx_word' id='word_1_82' title='bbox 1079 1298 1145 1352; x_wconf 86' lang='lat' dir='ltr'><strong>de</strong></span> <span class='ocrx_word' id='word_1_83' title='bbox 1194 1297 1471 1352; x_wconf 79' lang='lat' dir='ltr'><strong>Abbaliola</strong></span> <span class='ocrx_word' id='word_1_84' title='bbox 1528 1297 1867 1368; x_wconf 73' lang='lat' dir='ltr'><strong>Magonziani</strong></span> <span class='ocrx_word' id='word_1_85' title='bbox 1925 1313 2068 1352; x_wconf 90' lang='lat' dir='ltr'><strong>nunc</strong></span> 
     </span>
    </p>
   </div>
   <div class='ocr_carea' id='block_1_15' title="bbox 497 1387 2064 1457">
    <p class='ocr_par' dir='ltr' id='par_1_15' title="bbox 497 1387 2064 1457">
     <span class='ocr_line' id='line_1_15' title="bbox 497 1387 2064 1457; baseline -0.001 -15"><span class='ocrx_word' id='word_1_86' title='bbox 497 1387 806 1457; x_wconf 74' lang='lat' dir='ltr'><strong>Haguznm&#39;,</strong></span> <span class='ocrx_word' id='word_1_87' title='bbox 835 1390 923 1443; x_wconf 91' lang='lat' dir='ltr'><strong>ubi</strong></span> <span class='ocrx_word' id='word_1_88' title='bbox 956 1390 1268 1444; x_wconf 79' lang='lat' dir='ltr'><strong>mutationis</strong></span> <span class='ocrx_word' id='word_1_89' title='bbox 1299 1390 1350 1443; x_wconf 91' lang='lat' dir='ltr'><strong>in</strong></span> <span class='ocrx_word' id='word_1_90' title='bbox 1380 1404 1499 1444; x_wconf 90' lang='lat' dir='ltr'><strong>eam</strong></span> <span class='ocrx_word' id='word_1_91' title='bbox 1541 1388 1773 1442; x_wconf 70' lang='lat' dir='ltr'><strong>inducta:</strong></span> <span class='ocrx_word' id='word_1_92' title='bbox 1804 1387 2064 1441; x_wconf 89' lang='lat' dir='ltr'><strong>rationem</strong></span> 
     </span>
    </p>
   </div>
   <div class='ocr_carea' id='block_1_16' title="bbox 493 1477 2067 1548">
    <p class='ocr_par' dir='ltr' id='par_1_16' title="bbox 493 1477 2067 1548">
     <span class='ocr_line' id='line_1_16' title="bbox 493 1477 2067 1548; baseline 0.001 -18"><span class='ocrx_word' id='word_1_93' title='bbox 493 1482 733 1548; x_wconf 75' lang='lat' dir='ltr'><strong>exponit.</strong></span> <span class='ocrx_word' id='word_1_94' title='bbox 774 1479 897 1533; x_wconf 71' lang='lat' dir='ltr'><strong>&quot;me</strong></span> <span class='ocrx_word' id='word_1_95' title='bbox 943 1480 1212 1534; x_wconf 87' lang='lat' dir='ltr'><strong>abbatiola</strong></span> <span class='ocrx_word' id='word_1_96' title='bbox 1234 1521 1248 1544; x_wconf 95' lang='lat'><strong>,</strong></span> <span class='ocrx_word' id='word_1_97' title='bbox 1278 1480 1329 1533; x_wconf 90' lang='lat' dir='ltr'><strong>in</strong></span> <span class='ocrx_word' id='word_1_98' title='bbox 1359 1478 1593 1534; x_wconf 81' lang='lat' dir='ltr'><strong>conﬁnio</strong></span> <span class='ocrx_word' id='word_1_99' title='bbox 1623 1477 1871 1533; x_wconf 73' lang='lat' dir='ltr'><strong>dimcesis</strong></span> <span class='ocrx_word' id='word_1_100' title='bbox 1898 1477 2067 1532; x_wconf 79' lang='lat' dir='ltr'><strong>Vero-</strong></span> 
     </span>
    </p>
   </div>
   <div class='ocr_carea' id='block_1_17' title="bbox 490 1565 2062 1639">
    <p class='ocr_par' dir='ltr' id='par_1_17' title="bbox 490 1565 2062 1639">
     <span class='ocr_line' id='line_1_17' title="bbox 490 1565 2062 1639; baseline 0 -19"><span class='ocrx_word' id='word_1_101' title='bbox 490 1569 699 1632; x_wconf 81' lang='lat' dir='ltr'><strong>nensis,</strong></span> <span class='ocrx_word' id='word_1_102' title='bbox 728 1567 999 1623; x_wconf 74' lang='lat' dir='ltr'><strong>Brixiana:</strong></span> <span class='ocrx_word' id='word_1_103' title='bbox 1032 1570 1278 1639; x_wconf 82' lang='lat' dir='ltr'><strong>proximo</strong></span> <span class='ocrx_word' id='word_1_104' title='bbox 1309 1569 1409 1624; x_wconf 88' lang='lat' dir='ltr'><strong>sita</strong></span> <span class='ocrx_word' id='word_1_105' title='bbox 1431 1609 1445 1629; x_wconf 84' lang='lat'><strong>,</strong></span> <span class='ocrx_word' id='word_1_106' title='bbox 1470 1583 1592 1622; x_wconf 91' lang='lat' dir='ltr'><strong>cum</strong></span> <span class='ocrx_word' id='word_1_107' title='bbox 1629 1582 1729 1621; x_wconf 92' lang='lat' dir='ltr'><strong>suo</strong></span> <span class='ocrx_word' id='word_1_108' title='bbox 1756 1565 1959 1636; x_wconf 88' lang='lat' dir='ltr'><strong>praedio</strong></span> <span class='ocrx_word' id='word_1_109' title='bbox 1990 1567 2062 1620; x_wconf 90' lang='lat' dir='ltr'><strong>ita</strong></span> 
     </span>
    </p>
   </div>
   <div class='ocr_carea' id='block_1_18' title="bbox 492 1657 2064 1729">
    <p class='ocr_par' dir='ltr' id='par_1_18' title="bbox 492 1657 2064 1729">
     <span class='ocr_line' id='line_1_18' title="bbox 492 1657 2064 1729; baseline -0.001 -18"><span class='ocrx_word' id='word_1_110' title='bbox 492 1657 831 1727; x_wconf 80' lang='lat' dir='ltr'><strong>dispositioni</strong></span> <span class='ocrx_word' id='word_1_111' title='bbox 896 1660 1268 1729; x_wconf 84' lang='lat' dir='ltr'><strong>episcoporum</strong></span> <span class='ocrx_word' id='word_1_112' title='bbox 1337 1658 1576 1727; x_wconf 87' lang='lat' dir='ltr'><strong>subjecta</strong></span> <span class='ocrx_word' id='word_1_113' title='bbox 1639 1667 1789 1722; x_wconf 87' lang='lat' dir='ltr'><strong>erat,</strong></span> <span class='ocrx_word' id='word_1_114' title='bbox 1853 1665 1912 1711; x_wconf 93' lang='lat' dir='ltr'><strong>ut</strong></span> <span class='ocrx_word' id='word_1_115' title='bbox 1970 1663 2064 1710; x_wconf 84' lang='lat' dir='ltr'><strong>aut</strong></span> 
     </span>
    </p>
   </div>
   <div class='ocr_carea' id='block_1_19' title="bbox 2174 467 3752 539">
    <p class='ocr_par' dir='ltr' id='par_1_19' title="bbox 2174 467 3752 539">
     <span class='ocr_line' id='line_1_19' title="bbox 2174 467 3752 539; baseline 0.004 -20"><span class='ocrx_word' id='word_1_116' title='bbox 2174 467 2361 536; x_wconf 80' lang='lat' dir='ltr'><strong>synodi</strong></span> <span class='ocrx_word' id='word_1_117' title='bbox 2421 468 2600 522; x_wconf 80' lang='lat' dir='ltr'><strong>exitus</strong></span> <span class='ocrx_word' id='word_1_118' title='bbox 2659 467 2858 533; x_wconf 79' lang='lat' dir='ltr'><strong>fuerit,</strong></span> <span class='ocrx_word' id='word_1_119' title='bbox 2906 468 3073 522; x_wconf 79' lang='lat' dir='ltr'><strong>refert</strong></span> <span class='ocrx_word' id='word_1_120' title='bbox 3124 467 3177 522; x_wconf 90' lang='lat' dir='ltr'><strong>in</strong></span> <span class='ocrx_word' id='word_1_121' title='bbox 3224 468 3442 523; x_wconf 85' lang='lat' dir='ltr'><strong>laudato</strong></span> <span class='ocrx_word' id='word_1_122' title='bbox 3492 470 3752 539; x_wconf 75' lang='lat' dir='ltr'><strong>opusculo</strong></span> 
     </span>
    </p>
   </div>
   <div class='ocr_carea' id='block_1_20' title="bbox 2174 555 3752 627">
    <p class='ocr_par' dir='ltr' id='par_1_20' title="bbox 2174 555 3752 627">
     <span class='ocr_line' id='line_1_20' title="bbox 2174 555 3752 627; baseline 0.003 -18"><span class='ocrx_word' id='word_1_123' title='bbox 2174 570 2321 610; x_wconf 90' lang='lat' dir='ltr'><strong>num.</strong></span> <span class='ocrx_word' id='word_1_124' title='bbox 2369 555 2423 609; x_wconf 87' lang='lat'><strong>6.</strong></span> <span class='ocrx_word' id='word_1_125' title='bbox 2469 556 2612 611; x_wconf 87' lang='lat' dir='ltr'><strong>Ante</strong></span> <span class='ocrx_word' id='word_1_126' title='bbox 2653 558 2916 627; x_wconf 82' lang='lat' dir='ltr'><strong>synodum</strong></span> <span class='ocrx_word' id='word_1_127' title='bbox 2968 567 3317 627; x_wconf 69' lang='lat' dir='ltr'><strong>prmccperat,</strong></span> <span class='ocrx_word' id='word_1_128' title='bbox 3355 566 3410 611; x_wconf 87' lang='lat' dir='ltr'><strong>ut</strong></span> <span class='ocrx_word' id='word_1_129' title='bbox 3438 559 3601 612; x_wconf 88' lang='lat' dir='ltr'><strong>biduo</strong></span> <span class='ocrx_word' id='word_1_130' title='bbox 3626 566 3752 614; x_wconf 76' lang='lat' dir='ltr'><strong>ante</strong></span> 
     </span>
    </p>
   </div>
   <div class='ocr_carea' id='block_1_21' title="bbox 2170 642 3750 714">
    <p class='ocr_par' dir='ltr' id='par_1_21' title="bbox 2170 642 3750 714">
     <span class='ocr_line' id='line_1_21' title="bbox 2170 642 3750 714; baseline 0.004 -19"><span class='ocrx_word' id='word_1_131' title='bbox 2170 642 2606 714; x_wconf 85' lang='lat' dir='ltr'><strong>archipresbyter</strong></span> <span class='ocrx_word' id='word_1_132' title='bbox 2639 652 2693 697; x_wconf 92' lang='lat' dir='ltr'><strong>et</strong></span> <span class='ocrx_word' id='word_1_133' title='bbox 2719 644 3133 699; x_wconf 76' lang='lat' dir='ltr'><strong>archidiaconus</strong></span> <span class='ocrx_word' id='word_1_134' title='bbox 3166 660 3287 699; x_wconf 90' lang='lat' dir='ltr'><strong>cum</strong></span> <span class='ocrx_word' id='word_1_135' title='bbox 3314 647 3625 711; x_wconf 85' lang='lat' dir='ltr'><strong>ordinariis,</strong></span> <span class='ocrx_word' id='word_1_136' title='bbox 3654 663 3750 702; x_wconf 86' lang='lat' dir='ltr'><strong>seu</strong></span> 
     </span>
    </p>
   </div>
   <div class='ocr_carea' id='block_1_22' title="bbox 2169 731 3751 803">
    <p class='ocr_par' dir='ltr' id='par_1_22' title="bbox 2169 731 3751 803">
     <span class='ocr_line' id='line_1_22' title="bbox 2169 731 3751 803; baseline 0.004 -18"><span class='ocrx_word' id='word_1_137' title='bbox 2169 731 2446 787; x_wconf 81' lang='lat' dir='ltr'><strong>canonicis</strong></span> <span class='ocrx_word' id='word_1_138' title='bbox 2493 732 2843 792; x_wconf 85' lang='lat' dir='ltr'><strong>cathedralis.</strong></span> <span class='ocrx_word' id='word_1_139' title='bbox 2872 749 2966 788; x_wconf 87' lang='lat' dir='ltr'><strong>eos</strong></span> <span class='ocrx_word' id='word_1_140' title='bbox 3011 734 3101 803; x_wconf 88' lang='lat' dir='ltr'><strong>qui</strong></span> <span class='ocrx_word' id='word_1_141' title='bbox 3148 743 3258 787; x_wconf 92' lang='lat' dir='ltr'><strong>tum</strong></span> <span class='ocrx_word' id='word_1_142' title='bbox 3286 752 3353 789; x_wconf 80' lang='lat' dir='ltr'><strong>ex</strong></span> <span class='ocrx_word' id='word_1_143' title='bbox 3383 736 3550 791; x_wconf 88' lang='lat' dir='ltr'><strong>titulis</strong></span> <span class='ocrx_word' id='word_1_144' title='bbox 3577 737 3751 800; x_wconf 78' lang='lat' dir='ltr'><strong>urbis,</strong></span> 
     </span>
    </p>
   </div>
   <div class='ocr_carea' id='block_1_23' title="bbox 2170 819 3750 895">
    <p class='ocr_par' dir='ltr' id='par_1_23' title="bbox 2170 819 3750 895">
     <span class='ocr_line' id='line_1_23' title="bbox 2170 819 3750 895; baseline 0.004 -23"><span class='ocrx_word' id='word_1_145' title='bbox 2170 828 2281 873; x_wconf 88' lang='lat' dir='ltr'><strong>tum</strong></span> <span class='ocrx_word' id='word_1_146' title='bbox 2305 834 2369 874; x_wconf 83' lang='lat' dir='ltr'><strong>ex</strong></span> <span class='ocrx_word' id='word_1_147' title='bbox 2391 819 2635 888; x_wconf 89' lang='lat' dir='ltr'><strong>plebibus</strong></span> <span class='ocrx_word' id='word_1_148' title='bbox 2661 821 2930 875; x_wconf 80' lang='lat' dir='ltr'><strong>ruralibus</strong></span> <span class='ocrx_word' id='word_1_149' title='bbox 2954 822 3213 877; x_wconf 77' lang='lat' dir='ltr'><strong>interesse</strong></span> <span class='ocrx_word' id='word_1_150' title='bbox 3236 823 3505 877; x_wconf 84' lang='lat' dir='ltr'><strong>debebant</strong></span> <span class='ocrx_word' id='word_1_151' title='bbox 3526 825 3750 895; x_wconf 81' lang='lat' dir='ltr'><strong>synodo,</strong></span> 
     </span>
    </p>
   </div>
   <div class='ocr_carea' id='block_1_24' title="bbox 2168 908 3758 984">
    <p class='ocr_par' dir='ltr' id='par_1_24' title="bbox 2168 908 3758 984">
     <span class='ocr_line' id='line_1_24' title="bbox 2168 908 3758 984; baseline 0.003 -23"><span class='ocrx_word' id='word_1_152' title='bbox 2168 908 2521 973; x_wconf 84' lang='lat' dir='ltr'><strong>discuterent,</strong></span> <span class='ocrx_word' id='word_1_153' title='bbox 2549 918 2604 964; x_wconf 88' lang='lat' dir='ltr'><strong>et</strong></span> <span class='ocrx_word' id='word_1_154' title='bbox 2643 910 2689 964; x_wconf 88' lang='lat' dir='ltr'><strong>si</strong></span> <span class='ocrx_word' id='word_1_155' title='bbox 2716 926 2835 979; x_wconf 69' lang='lat' dir='ltr'><strong>quae</strong></span> <span class='ocrx_word' id='word_1_156' title='bbox 2878 921 3060 965; x_wconf 90' lang='lat' dir='ltr'><strong>essent</strong></span> <span class='ocrx_word' id='word_1_157' title='bbox 3089 912 3758 984; x_wconf 84' lang='lat' dir='ltr'><strong>corrigenda,.diligeuter</strong></span> 
     </span>
    </p>
   </div>
   <div class='ocr_carea' id='block_1_25' title="bbox 2170 999 3767 1077">
    <p class='ocr_par' dir='ltr' id='par_1_25' title="bbox 2170 999 3767 1077">
     <span class='ocr_line' id='line_1_25' title="bbox 2170 999 3767 1077; baseline 0.003 -24"><span class='ocrx_word' id='word_1_158' title='bbox 2170 999 2529 1068; x_wconf 86' lang='lat' dir='ltr'><strong>inquirerent,</strong></span> <span class='ocrx_word' id='word_1_159' title='bbox 2572 1010 2630 1054; x_wconf 91' lang='lat' dir='ltr'><strong>ut</strong></span> <span class='ocrx_word' id='word_1_160' title='bbox 2669 1000 2773 1055; x_wconf 90' lang='lat' dir='ltr'><strong>die.</strong></span> <span class='ocrx_word' id='word_1_161' title='bbox 2801 1002 2982 1077; x_wconf 80' lang='lat' dir='ltr'><strong>tertia,</strong></span> <span class='ocrx_word' id='word_1_162' title='bbox 3026 1017 3129 1072; x_wconf 89' lang='lat' dir='ltr'><strong>qua</strong></span> <span class='ocrx_word' id='word_1_163' title='bbox 3158 1001 3625 1074; x_wconf 22' lang='lat' dir='ltr'><strong>[caxjiepiscopus</strong></span> <span class='ocrx_word' id='word_1_164' title='bbox 3664 1019 3767 1074; x_wconf 74' lang='lat' dir='ltr'><strong>sy-</strong></span> 
     </span>
    </p>
   </div>
   <div class='ocr_carea' id='block_1_26' title="bbox 2170 1089 3761 1160">
    <p class='ocr_par' dir='ltr' id='par_1_26' title="bbox 2170 1089 3761 1160">
     <span class='ocr_line' id='line_1_26' title="bbox 2170 1089 3761 1160; baseline 0.004 -19"><span class='ocrx_word' id='word_1_165' title='bbox 2170 1089 2307 1143; x_wconf 90' lang='lat' dir='ltr'><strong>nodo</strong></span> <span class='ocrx_word' id='word_1_166' title='bbox 2349 1104 2580 1159; x_wconf 66' lang='lat' dir='ltr'><strong>prmesse</strong></span> <span class='ocrx_word' id='word_1_167' title='bbox 2626 1090 2887 1155; x_wconf 77' lang='lat' dir='ltr'><strong>debebat,</strong></span> <span class='ocrx_word' id='word_1_168' title='bbox 2927 1091 3024 1160; x_wconf 87' lang='lat' dir='ltr'><strong>ipsi</strong></span> <span class='ocrx_word' id='word_1_169' title='bbox 3070 1093 3405 1146; x_wconf 85' lang='lat' dir='ltr'><strong>emendanda</strong></span> <span class='ocrx_word' id='word_1_170' title='bbox 3465 1093 3761 1147; x_wconf 66' lang='lat' dir='ltr'><strong>referrent.</strong></span> 
     </span>
    </p>
   </div>
   <div class='ocr_carea' id='block_1_27' title="bbox 2167 1179 3756 1253">
    <p class='ocr_par' dir='ltr' id='par_1_27' title="bbox 2167 1179 3756 1253">
     <span class='ocr_line' id='line_1_27' title="bbox 2167 1179 3756 1253; baseline 0.003 -18"><span class='ocrx_word' id='word_1_171' title='bbox 2167 1179 2283 1235; x_wconf 89' lang='lat' dir='ltr'><strong>Non</strong></span> <span class='ocrx_word' id='word_1_172' title='bbox 2315 1180 2461 1234; x_wconf 90' lang='lat' dir='ltr'><strong>solus</strong></span> <span class='ocrx_word' id='word_1_173' title='bbox 2499 1181 2967 1253; x_wconf 79' lang='lat' dir='ltr'><strong>archipresbyter,</strong></span> <span class='ocrx_word' id='word_1_174' title='bbox 3006 1199 3104 1238; x_wconf 82' lang='lat' dir='ltr'><strong>nec</strong></span> <span class='ocrx_word' id='word_1_175' title='bbox 3134 1184 3280 1238; x_wconf 90' lang='lat' dir='ltr'><strong>solus</strong></span> <span class='ocrx_word' id='word_1_176' title='bbox 3313 1184 3756 1248; x_wconf 81' lang='lat' dir='ltr'><strong>archidiaconus,</strong></span> 
     </span>
    </p>
   </div>
   <div class='ocr_carea' id='block_1_28' title="bbox 2169 1271 3753 1342">
    <p class='ocr_par' dir='ltr' id='par_1_28' title="bbox 2169 1271 3753 1342">
     <span class='ocr_line' id='line_1_28' title="bbox 2169 1271 3753 1342; baseline 0.004 -19"><span class='ocrx_word' id='word_1_177' title='bbox 2169 1271 2261 1323; x_wconf 89' lang='lat' dir='ltr'><strong>sed</strong></span> <span class='ocrx_word' id='word_1_178' title='bbox 2291 1286 2481 1325; x_wconf 88' lang='lat' dir='ltr'><strong>omnes</strong></span> <span class='ocrx_word' id='word_1_179' title='bbox 2507 1272 2753 1326; x_wconf 84' lang='lat' dir='ltr'><strong>canonici</strong></span> <span class='ocrx_word' id='word_1_180' title='bbox 2802 1288 2913 1342; x_wconf 82' lang='lat' dir='ltr'><strong>prae</strong></span> <span class='ocrx_word' id='word_1_181' title='bbox 2944 1272 3285 1327; x_wconf 79' lang='lat' dir='ltr'><strong>multitudine</strong></span> <span class='ocrx_word' id='word_1_182' title='bbox 3314 1274 3753 1329; x_wconf 76' lang='lat' dir='ltr'><strong>convenientium</strong></span> 
     </span>
    </p>
   </div>
   <div class='ocr_carea' id='block_1_29' title="bbox 2168 1362 3751 1436">
    <p class='ocr_par' dir='ltr' id='par_1_29' title="bbox 2168 1362 3751 1436">
     <span class='ocr_line' id='line_1_29' title="bbox 2168 1362 3751 1436; baseline 0.005 -22"><span class='ocrx_word' id='word_1_183' title='bbox 2168 1362 2233 1414; x_wconf 85' lang='lat' dir='ltr'><strong>ad</strong></span> <span class='ocrx_word' id='word_1_184' title='bbox 2276 1362 2563 1432; x_wconf 84' lang='lat' dir='ltr'><strong>synodum,</strong></span> <span class='ocrx_word' id='word_1_185' title='bbox 2603 1371 2661 1418; x_wconf 89' lang='lat' dir='ltr'><strong>ut</strong></span> <span class='ocrx_word' id='word_1_186' title='bbox 2702 1379 2927 1418; x_wconf 80' lang='lat' dir='ltr'><strong>exatuen</strong></span> <span class='ocrx_word' id='word_1_187' title='bbox 2957 1365 3122 1420; x_wconf 89' lang='lat' dir='ltr'><strong>biduo</strong></span> <span class='ocrx_word' id='word_1_188' title='bbox 3152 1366 3535 1431; x_wconf 79' lang='lat' dir='ltr'><strong>conﬁceretur,</strong></span> <span class='ocrx_word' id='word_1_189' title='bbox 3565 1367 3751 1436; x_wconf 43' lang='lat' dir='ltr'><strong>inqui?</strong></span> 
     </span>
    </p>
   </div>
   <div class='ocr_carea' id='block_1_30' title="bbox 2170 1453 3765 1528">
    <p class='ocr_par' dir='ltr' id='par_1_30' title="bbox 2170 1453 3765 1528">
     <span class='ocr_line' id='line_1_30' title="bbox 2170 1453 3765 1528; baseline 0.005 -23"><span class='ocrx_word' id='word_1_190' title='bbox 2170 1453 2319 1506; x_wconf 88' lang='lat' dir='ltr'><strong>rendi</strong></span> <span class='ocrx_word' id='word_1_191' title='bbox 2350 1453 2582 1507; x_wconf 83' lang='lat' dir='ltr'><strong>otiicium</strong></span> <span class='ocrx_word' id='word_1_192' title='bbox 2611 1465 2982 1525; x_wconf 84' lang='lat' dir='ltr'><strong>susceperant.</strong></span> <span class='ocrx_word' id='word_1_193' title='bbox 3017 1455 3215 1511; x_wconf 88' lang='lat' dir='ltr'><strong>Coacta</strong></span> <span class='ocrx_word' id='word_1_194' title='bbox 3246 1459 3451 1528; x_wconf 82' lang='lat' dir='ltr'><strong>synodo</strong></span> <span class='ocrx_word' id='word_1_195' title='bbox 3475 1459 3562 1513; x_wconf 86' lang='lat' dir='ltr'><strong>die</strong></span> <span class='ocrx_word' id='word_1_196' title='bbox 3590 1460 3765 1513; x_wconf 77' lang='lat' dir='ltr'><strong>tertia.</strong></span> 
     </span>
    </p>
   </div>
   <div class='ocr_carea' id='block_1_31' title="bbox 2167 1544 3753 1620">
    <p class='ocr_par' dir='ltr' id='par_1_31' title="bbox 2167 1544 3753 1620">
     <span class='ocr_line' id='line_1_31' title="bbox 2167 1544 3753 1620; baseline 0.005 -23"><span class='ocrx_word' id='word_1_197' title='bbox 2167 1559 2288 1597; x_wconf 90' lang='lat' dir='ltr'><strong>cum</strong></span> <span class='ocrx_word' id='word_1_198' title='bbox 2339 1544 2624 1615; x_wconf 87' lang='lat' dir='ltr'><strong>episcopus</strong></span> <span class='ocrx_word' id='word_1_199' title='bbox 2663 1548 2908 1602; x_wconf 81' lang='lat' dir='ltr'><strong>residens</strong></span> <span class='ocrx_word' id='word_1_200' title='bbox 2952 1550 3338 1619; x_wconf 73' lang='lat' dir='ltr'><strong>interrogasset</strong></span> <span class='ocrx_word' id='word_1_201' title='bbox 3384 1551 3511 1620; x_wconf 87' lang='lat' dir='ltr'><strong>quid</strong></span> <span class='ocrx_word' id='word_1_202' title='bbox 3568 1559 3753 1606; x_wconf 85' lang='lat' dir='ltr'><strong>aetum</strong></span> 
     </span>
    </p>
   </div>
   <div class='ocr_carea' id='block_1_32' title="bbox 2170 1633 3753 1709">
    <p class='ocr_par' dir='ltr' id='par_1_32' title="bbox 2170 1633 3753 1709">
     <span class='ocr_line' id='line_1_32' title="bbox 2170 1633 3753 1709; baseline 0.006 -22"><span class='ocrx_word' id='word_1_203' title='bbox 2170 1633 2381 1700; x_wconf 79' lang='lat' dir='ltr'><strong>fuisset,</strong></span> <span class='ocrx_word' id='word_1_204' title='bbox 2411 1637 2688 1705; x_wconf 86' lang='lat' dir='ltr'><strong>respondit</strong></span> <span class='ocrx_word' id='word_1_205' title='bbox 2713 1654 2871 1702; x_wconf 86' lang='lat' dir='ltr'><strong>Illtlts,</strong></span> <span class='ocrx_word' id='word_1_206' title='bbox 2906 1638 3059 1707; x_wconf 84' lang='lat' dir='ltr'><strong>cujus</strong></span> <span class='ocrx_word' id='word_1_207' title='bbox 3084 1641 3422 1709; x_wconf 86' lang='lat' dir='ltr'><strong>potissimum</strong></span> <span class='ocrx_word' id='word_1_208' title='bbox 3465 1641 3753 1707; x_wconf 88' lang='lat' dir='ltr'><strong>intererat,</strong></span> 
     </span>
    </p>
   </div>
   <div class='ocr_carea' id='block_1_33' title="bbox 491 1723 2066 1814">
    <p class='ocr_par' dir='ltr' id='par_1_33' title="bbox 491 1748 2066 1814">
     <span class='ocr_line' id='line_1_33' title="bbox 491 1748 2066 1814; baseline -0.001 -12"><span class='ocrx_word' id='word_1_209' title='bbox 491 1750 724 1804; x_wconf 73' lang='lat' dir='ltr'><strong>abeunte</strong></span> <span class='ocrx_word' id='word_1_210' title='bbox 760 1750 953 1804; x_wconf 86' lang='lat' dir='ltr'><strong>ibidem</strong></span> <span class='ocrx_word' id='word_1_211' title='bbox 984 1751 1198 1814; x_wconf 86' lang='lat' dir='ltr'><strong>abbate.</strong></span> <span class='ocrx_word' id='word_1_212' title='bbox 1227 1761 1319 1805; x_wconf 89' lang='lat' dir='ltr'><strong>aut</strong></span> <span class='ocrx_word' id='word_1_213' title='bbox 1344 1750 1484 1806; x_wconf 89' lang='lat' dir='ltr'><strong>male</strong></span> <span class='ocrx_word' id='word_1_214' title='bbox 1520 1758 1729 1805; x_wconf 90' lang='lat' dir='ltr'><strong>morato</strong></span> <span class='ocrx_word' id='word_1_215' title='bbox 1755 1756 1808 1803; x_wconf 90' lang='lat' dir='ltr'><strong>et</strong></span> <span class='ocrx_word' id='word_1_216' title='bbox 1838 1748 2066 1803; x_wconf 90' lang='lat' dir='ltr'><strong>incorri-</strong></span> 
     </span>
    </p>
   </div>
   <div class='ocr_carea' id='block_1_34' title="bbox 2168 1723 3755 1814">
    <p class='ocr_par' dir='ltr' id='par_1_34' title="bbox 2168 1723 3755 1798">
     <span class='ocr_line' id='line_1_34' title="bbox 2168 1723 3755 1798; baseline 0.007 -22"><span class='ocrx_word' id='word_1_217' title='bbox 2168 1738 2261 1777; x_wconf 90' lang='lat' dir='ltr'><strong>eos</strong></span> <span class='ocrx_word' id='word_1_218' title='bbox 2291 1723 2579 1793; x_wconf 85' lang='lat' dir='ltr'><strong>inquisisse</strong></span> <span class='ocrx_word' id='word_1_219' title='bbox 2607 1728 2671 1780; x_wconf 90' lang='lat' dir='ltr'><strong>de</strong></span> <span class='ocrx_word' id='word_1_220' title='bbox 2696 1726 2922 1797; x_wconf 82' lang='lat' dir='ltr'><strong>psalmis</strong></span> <span class='ocrx_word' id='word_1_221' title='bbox 2948 1736 3000 1782; x_wconf 89' lang='lat' dir='ltr'><strong>et</strong></span> <span class='ocrx_word' id='word_1_222' title='bbox 3039 1730 3103 1784; x_wconf 88' lang='lat' dir='ltr'><strong>de</strong></span> <span class='ocrx_word' id='word_1_223' title='bbox 3132 1728 3253 1783; x_wconf 88' lang='lat' dir='ltr'><strong>aliis</strong></span> <span class='ocrx_word' id='word_1_224' title='bbox 3279 1730 3601 1798; x_wconf 89' lang='lat' dir='ltr'><strong>hujusmodi,</strong></span> <span class='ocrx_word' id='word_1_225' title='bbox 3641 1749 3661 1783; x_wconf 76' lang='grc' dir='ltr'><strong>ι</strong></span> <span class='ocrx_word' id='word_1_226' title='bbox 3698 1740 3755 1787; x_wconf 83' lang='lat' dir='ltr'><strong>ct</strong></span> 
     </span>
    </p>
   </div>
   <div class='ocr_carea' id='block_1_35' title="bbox 489 1836 2066 1914">
    <p class='ocr_par' dir='ltr' id='par_1_35' title="bbox 489 1836 2066 1914">
     <span class='ocr_line' id='line_1_35' title="bbox 489 1836 2066 1914; baseline -0.001 -20"><span class='ocrx_word' id='word_1_227' title='bbox 489 1841 661 1914; x_wconf 71' lang='lat' dir='ltr'><strong>gibili,</strong></span> <span class='ocrx_word' id='word_1_228' title='bbox 701 1841 838 1895; x_wconf 89' lang='lat' dir='ltr'><strong>alius</strong></span> <span class='ocrx_word' id='word_1_229' title='bbox 865 1839 1191 1896; x_wconf 82' lang='lat' dir='ltr'><strong>Veronensis</strong></span> <span class='ocrx_word' id='word_1_230' title='bbox 1211 1840 1461 1896; x_wconf 84' lang='lat' dir='ltr'><strong>dioecesis</strong></span> <span class='ocrx_word' id='word_1_231' title='bbox 1489 1840 1557 1894; x_wconf 90' lang='lat' dir='ltr'><strong>ab</strong></span> <span class='ocrx_word' id='word_1_232' title='bbox 1591 1839 1844 1909; x_wconf 86' lang='lat' dir='ltr'><strong>episcopo</strong></span> <span class='ocrx_word' id='word_1_233' title='bbox 1867 1836 2066 1893; x_wconf 87' lang='lat' dir='ltr'><strong>substi-</strong></span> 
     </span>
    </p>
   </div>
   <div class='ocr_carea' id='block_1_36' title="bbox 489 1929 2066 2004">
    <p class='ocr_par' dir='ltr' id='par_1_36' title="bbox 489 1929 2066 2004">
     <span class='ocr_line' id='line_1_36' title="bbox 489 1929 2066 2004; baseline -0.003 -16"><span class='ocrx_word' id='word_1_234' title='bbox 489 1942 750 1996; x_wconf 76' lang='lat' dir='ltr'><strong>tueretur,</strong></span> <span class='ocrx_word' id='word_1_235' title='bbox 783 1932 873 2004; x_wconf 91' lang='lat' dir='ltr'><strong>qui</strong></span> <span class='ocrx_word' id='word_1_236' title='bbox 906 1931 1141 1988; x_wconf 80' lang='lat' dir='ltr'><strong>eﬂiceret</strong></span> <span class='ocrx_word' id='word_1_237' title='bbox 1191 1942 1250 1987; x_wconf 89' lang='lat' dir='ltr'><strong>ut</strong></span> <span class='ocrx_word' id='word_1_238' title='bbox 1280 1932 1575 1987; x_wconf 77' lang='lat' dir='ltr'><strong>militantes</strong></span> <span class='ocrx_word' id='word_1_239' title='bbox 1612 1932 1664 1985; x_wconf 87' lang='lat' dir='ltr'><strong>in</strong></span> <span class='ocrx_word' id='word_1_240' title='bbox 1703 1945 1765 1985; x_wconf 88' lang='lat' dir='ltr'><strong>ea</strong></span> <span class='ocrx_word' id='word_1_241' title='bbox 1809 1929 2066 1984; x_wconf 89' lang='lat' dir='ltr'><strong>monasti-</strong></span> 
     </span>
    </p>
   </div>
   <div class='ocr_carea' id='block_1_37' title="bbox 491 2018 2067 2077">
    <p class='ocr_par' dir='ltr' id='par_1_37' title="bbox 491 2018 2067 2077">
     <span class='ocr_line' id='line_1_37' title="bbox 491 2018 2067 2077; baseline -0.004 0"><span class='ocrx_word' id='word_1_242' title='bbox 491 2039 610 2077; x_wconf 86' lang='lat' dir='ltr'><strong>cam</strong></span> <span class='ocrx_word' id='word_1_243' title='bbox 669 2023 834 2077; x_wconf 77' lang='lat' dir='ltr'><strong>vitam</strong></span> <span class='ocrx_word' id='word_1_244' title='bbox 893 2022 1246 2077; x_wconf 89' lang='lat' dir='ltr'><strong>custodirent.</strong></span> <span class='ocrx_word' id='word_1_245' title='bbox 1298 2020 1354 2075; x_wconf 85' lang='lat' dir='ltr'><strong>1d</strong></span> <span class='ocrx_word' id='word_1_246' title='bbox 1409 2029 1587 2074; x_wconf 86' lang='lat' dir='ltr'><strong>autem</strong></span> <span class='ocrx_word' id='word_1_247' title='bbox 1640 2034 1707 2073; x_wconf 79' lang='lat' dir='ltr'><strong>ex</strong></span> <span class='ocrx_word' id='word_1_248' title='bbox 1768 2018 2067 2074; x_wconf 85' lang='lat' dir='ltr'><strong>l&#39;undatoris</strong></span> 
     </span>
    </p>
   </div>
   <div class='ocr_carea' id='block_1_38' title="bbox 490 2099 2067 2181">
    <p class='ocr_par' dir='ltr' id='par_1_38' title="bbox 490 2099 2067 2181">
     <span class='ocr_line' id='line_1_38' title="bbox 490 2099 2067 2181; baseline -0.001 -17"><span class='ocrx_word' id='word_1_249' title='bbox 490 2099 672 2172; x_wconf 81' lang='lat' dir='ltr'><strong>mente</strong></span> <span class='ocrx_word' id='word_1_250' title='bbox 697 2128 800 2165; x_wconf 89' lang='lat' dir='ltr'><strong>non</strong></span> <span class='ocrx_word' id='word_1_251' title='bbox 831 2111 966 2166; x_wconf 86' lang='lat' dir='ltr'><strong>bene</strong></span> <span class='ocrx_word' id='word_1_252' title='bbox 993 2118 1231 2165; x_wconf 85' lang='lat' dir='ltr'><strong>cesserat</strong></span> <span class='ocrx_word' id='word_1_253' title='bbox 1258 2107 1818 2181; x_wconf 77' lang='lat' dir='ltr'><strong>[cxxxrx]..Hungari,</strong></span> <span class='ocrx_word' id='word_1_254' title='bbox 1842 2107 1933 2177; x_wconf 88' lang='lat' dir='ltr'><strong>qui</strong></span> <span class='ocrx_word' id='word_1_255' title='bbox 1962 2109 2067 2163; x_wconf 86' lang='lat' dir='ltr'><strong>hoc</strong></span> 
     </span>
    </p>
   </div>
   <div class='ocr_carea' id='block_1_39' title="bbox 488 2193 2065 2270">
    <p class='ocr_par' dir='ltr' id='par_1_39' title="bbox 488 2193 2065 2270">
     <span class='ocr_line' id='line_1_39' title="bbox 488 2193 2065 2270; baseline -0.002 -14"><span class='ocrx_word' id='word_1_256' title='bbox 488 2203 683 2262; x_wconf 58' lang='lat' dir='ltr'><strong>seculo</strong></span> <span class='ocrx_word' id='word_1_257' title='bbox 711 2203 916 2258; x_wconf 80' lang='lat' dir='ltr'><strong>italiam</strong></span> <span class='ocrx_word' id='word_1_258' title='bbox 944 2202 1279 2263; x_wconf 79' lang='lat' dir='ltr'><strong>invadentes,</strong></span> <span class='ocrx_word' id='word_1_259' title='bbox 1311 2200 1578 2255; x_wconf 86' lang='lat' dir='ltr'><strong>incendiis</strong></span> <span class='ocrx_word' id='word_1_260' title='bbox 1610 2215 1673 2255; x_wconf 88' lang='lat' dir='ltr'><strong>ac</strong></span> <span class='ocrx_word' id='word_1_261' title='bbox 1711 2193 2065 2270; x_wconf 58' lang='lat' dir='ltr'><strong>depraedatio-</strong></span> 
     </span>
    </p>
   </div>
   <div class='ocr_carea' id='block_1_40' title="bbox 490 2289 2073 2363">
    <p class='ocr_par' dir='ltr' id='par_1_40' title="bbox 490 2289 2073 2363">
     <span class='ocr_line' id='line_1_40' title="bbox 490 2289 2073 2363; baseline -0.003 -16"><span class='ocrx_word' id='word_1_262' title='bbox 490 2295 649 2353; x_wconf 84' lang='lat' dir='ltr'><strong>nibus</strong></span> <span class='ocrx_word' id='word_1_263' title='bbox 697 2303 1065 2359; x_wconf 74' lang='lat' dir='ltr'><strong>vastaverant,</strong></span> <span class='ocrx_word' id='word_1_264' title='bbox 1097 2292 1335 2363; x_wconf 82' lang='lat' dir='ltr'><strong>ejusdem</strong></span> <span class='ocrx_word' id='word_1_265' title='bbox 1377 2291 1605 2345; x_wconf 62' lang='lat' dir='ltr'><strong>ahbatim</strong></span> <span class='ocrx_word' id='word_1_266' title='bbox 1648 2289 1953 2345; x_wconf 73' lang='lat' dir='ltr'><strong>etettobium</strong></span> <span class='ocrx_word' id='word_1_267' title='bbox 1982 2290 2073 2343; x_wconf 73' lang='lat' dir='ltr'><strong>in-</strong></span> 
     </span>
    </p>
   </div>
   <div class='ocr_carea' id='block_1_41' title="bbox 488 2378 2068 2454">
    <p class='ocr_par' dir='ltr' id='par_1_41' title="bbox 488 2378 2068 2454">
     <span class='ocr_line' id='line_1_41' title="bbox 488 2378 2068 2454; baseline -0.004 -15"><span class='ocrx_word' id='word_1_268' title='bbox 488 2385 815 2448; x_wconf 80' lang='lat' dir='ltr'><strong>conderent.</strong></span> <span class='ocrx_word' id='word_1_269' title='bbox 855 2399 1025 2454; x_wconf 88' lang='lat' dir='ltr'><strong>coque</strong></span> <span class='ocrx_word' id='word_1_270' title='bbox 1067 2381 1327 2454; x_wconf 76' lang='lat' dir='ltr'><strong>angustia:</strong></span> <span class='ocrx_word' id='word_1_271' title='bbox 1362 2396 1449 2434; x_wconf 86' lang='lat' dir='ltr'><strong>res</strong></span> <span class='ocrx_word' id='word_1_272' title='bbox 1491 2379 1657 2447; x_wconf 88' lang='lat' dir='ltr'><strong>ipsius</strong></span> <span class='ocrx_word' id='word_1_273' title='bbox 1703 2378 1967 2442; x_wconf 76' lang='lat' dir='ltr'><strong>abbatize,</strong></span> <span class='ocrx_word' id='word_1_274' title='bbox 2013 2384 2068 2433; x_wconf 84' lang='lat' dir='ltr'><strong>et</strong></span> 
     </span>
    </p>
   </div>
   <div class='ocr_carea' id='block_1_42' title="bbox 488 2469 2065 2547">
    <p class='ocr_par' dir='ltr' id='par_1_42' title="bbox 488 2469 2065 2547">
     <span class='ocr_line' id='line_1_42' title="bbox 488 2469 2065 2547; baseline -0.008 -12"><span class='ocrx_word' id='word_1_275' title='bbox 488 2487 790 2547; x_wconf 88' lang='lat' dir='ltr'><strong>temporum</strong></span> <span class='ocrx_word' id='word_1_276' title='bbox 827 2476 1137 2546; x_wconf 83' lang='lat' dir='ltr'><strong>corruptela</strong></span> <span class='ocrx_word' id='word_1_277' title='bbox 1174 2479 1573 2544; x_wconf 85' lang='lat' dir='ltr'><strong>processerant,</strong></span> <span class='ocrx_word' id='word_1_278' title='bbox 1604 2476 1661 2523; x_wconf 92' lang='lat' dir='ltr'><strong>ut</strong></span> <span class='ocrx_word' id='word_1_279' title='bbox 1692 2469 1837 2524; x_wconf 84' lang='lat' dir='ltr'><strong>solus</strong></span> <span class='ocrx_word' id='word_1_280' title='bbox 1869 2469 2065 2523; x_wconf 87' lang='lat' dir='ltr'><strong>ibidem</strong></span> 
     </span>
    </p>
   </div>
   <div class='ocr_carea' id='block_1_43' title="bbox 489 2560 2065 2636">
    <p class='ocr_par' dir='ltr' id='par_1_43' title="bbox 489 2560 2065 2636">
     <span class='ocr_line' id='line_1_43' title="bbox 489 2560 2065 2636; baseline -0.004 -14"><span class='ocrx_word' id='word_1_281' title='bbox 489 2568 656 2622; x_wconf 87' lang='lat' dir='ltr'><strong>abbas</strong></span> <span class='ocrx_word' id='word_1_282' title='bbox 702 2568 986 2631; x_wconf 83' lang='lat' dir='ltr'><strong>existeret,</strong></span> <span class='ocrx_word' id='word_1_283' title='bbox 1044 2567 1293 2636; x_wconf 89' lang='lat' dir='ltr'><strong>idemque</strong></span> <span class='ocrx_word' id='word_1_284' title='bbox 1354 2562 1598 2619; x_wconf 88' lang='lat' dir='ltr'><strong>moribus</strong></span> <span class='ocrx_word' id='word_1_285' title='bbox 1652 2575 1915 2630; x_wconf 87' lang='lat' dir='ltr'><strong>nequam,</strong></span> <span class='ocrx_word' id='word_1_286' title='bbox 1974 2560 2065 2630; x_wconf 90' lang='lat' dir='ltr'><strong>qui</strong></span> 
     </span>
    </p>
   </div>
   <div class='ocr_carea' id='block_1_44' title="bbox 488 2651 2067 2729">
    <p class='ocr_par' dir='ltr' id='par_1_44' title="bbox 488 2651 2067 2729">
     <span class='ocr_line' id='line_1_44' title="bbox 488 2651 2067 2729; baseline -0.003 -18"><span class='ocrx_word' id='word_1_287' title='bbox 488 2657 704 2729; x_wconf 85' lang='lat' dir='ltr'><strong>publico</strong></span> <span class='ocrx_word' id='word_1_288' title='bbox 729 2673 849 2727; x_wconf 79' lang='lat' dir='ltr'><strong>cum</strong></span> <span class='ocrx_word' id='word_1_289' title='bbox 879 2658 1134 2713; x_wconf 88' lang='lat' dir='ltr'><strong>seandalo</strong></span> <span class='ocrx_word' id='word_1_290' title='bbox 1165 2673 1387 2714; x_wconf 81' lang='lat' dir='ltr'><strong>uxorem</strong></span> <span class='ocrx_word' id='word_1_291' title='bbox 1428 2665 1484 2711; x_wconf 90' lang='lat' dir='ltr'><strong>et</strong></span> <span class='ocrx_word' id='word_1_292' title='bbox 1516 2655 1654 2711; x_wconf 82' lang='lat' dir='ltr'><strong>tilias</strong></span> <span class='ocrx_word' id='word_1_293' title='bbox 1682 2652 1883 2710; x_wconf 77' lang='lat' dir='ltr'><strong>alebat.</strong></span> <span class='ocrx_word' id='word_1_294' title='bbox 1915 2651 2067 2707; x_wconf 85' lang='lat' dir='ltr'><strong>Hunc</strong></span> 
     </span>
    </p>
   </div>
   <div class='ocr_carea' id='block_1_45' title="bbox 489 2741 2065 2807">
    <p class='ocr_par' dir='ltr' id='par_1_45' title="bbox 489 2741 2065 2807">
     <span class='ocr_line' id='line_1_45' title="bbox 489 2741 2065 2807; baseline -0.003 -7"><span class='ocrx_word' id='word_1_295' title='bbox 489 2748 779 2805; x_wconf 75' lang='lat' dir='ltr'><strong>Itatherius</strong></span> <span class='ocrx_word' id='word_1_296' title='bbox 807 2750 873 2804; x_wconf 88' lang='lat' dir='ltr'><strong>ad</strong></span> <span class='ocrx_word' id='word_1_297' title='bbox 918 2750 1349 2805; x_wconf 85' lang='lat' dir='ltr'><strong>emendationem</strong></span> <span class='ocrx_word' id='word_1_298' title='bbox 1396 2761 1655 2803; x_wconf 82' lang='lat' dir='ltr'><strong>revocare</strong></span> <span class='ocrx_word' id='word_1_299' title='bbox 1703 2742 1940 2807; x_wconf 85' lang='lat' dir='ltr'><strong>studuit;</strong></span> <span class='ocrx_word' id='word_1_300' title='bbox 1973 2741 2065 2797; x_wconf 90' lang='lat' dir='ltr'><strong>sed</strong></span> 
     </span>
    </p>
   </div>
   <div class='ocr_carea' id='block_1_46' title="bbox 487 2831 2069 2910">
    <p class='ocr_par' dir='ltr' id='par_1_46' title="bbox 487 2831 2069 2910">
     <span class='ocr_line' id='line_1_46' title="bbox 487 2831 2069 2910; baseline -0.006 -17"><span class='ocrx_word' id='word_1_301' title='bbox 487 2838 706 2895; x_wconf 81' lang='lat' dir='ltr'><strong>frustra.</strong></span> <span class='ocrx_word' id='word_1_302' title='bbox 737 2836 845 2893; x_wconf 89' lang='lat' dir='ltr'><strong>Ter</strong></span> <span class='ocrx_word' id='word_1_303' title='bbox 888 2840 1030 2893; x_wconf 91' lang='lat' dir='ltr'><strong>enim</strong></span> <span class='ocrx_word' id='word_1_304' title='bbox 1081 2838 1199 2910; x_wconf 81' lang='lat' dir='ltr'><strong>fuga</strong></span> <span class='ocrx_word' id='word_1_305' title='bbox 1251 2853 1309 2894; x_wconf 88' lang='lat' dir='ltr'><strong>se</strong></span> <span class='ocrx_word' id='word_1_306' title='bbox 1352 2838 1629 2901; x_wconf 81' lang='lat' dir='ltr'><strong>subduxit,</strong></span> <span class='ocrx_word' id='word_1_307' title='bbox 1669 2851 1733 2890; x_wconf 91' lang='lat' dir='ltr'><strong>ac</strong></span> <span class='ocrx_word' id='word_1_308' title='bbox 1773 2848 1869 2905; x_wconf 89' lang='lat' dir='ltr'><strong>per</strong></span> <span class='ocrx_word' id='word_1_309' title='bbox 1897 2831 2069 2888; x_wconf 86' lang='lat' dir='ltr'><strong>inter-</strong></span> 
     </span>
    </p>
   </div>
   <div class='ocr_carea' id='block_1_47' title="bbox 488 2924 2068 3000">
    <p class='ocr_par' dir='ltr' id='par_1_47' title="bbox 488 2924 2068 3000">
     <span class='ocr_line' id='line_1_47' title="bbox 488 2924 2068 3000; baseline -0.006 -14"><span class='ocrx_word' id='word_1_310' title='bbox 488 2931 706 2987; x_wconf 88' lang='lat' dir='ltr'><strong>mmtios</strong></span> <span class='ocrx_word' id='word_1_311' title='bbox 751 2930 928 2987; x_wconf 87' lang='lat' dir='ltr'><strong>oblata</strong></span> <span class='ocrx_word' id='word_1_312' title='bbox 979 2930 1229 3000; x_wconf 89' lang='lat' dir='ltr'><strong>episcopo</strong></span> <span class='ocrx_word' id='word_1_313' title='bbox 1277 2931 1502 3000; x_wconf 70' lang='lat' dir='ltr'><strong>pecunia</strong></span> <span class='ocrx_word' id='word_1_314' title='bbox 1531 2969 1545 2993; x_wconf 91' lang='lat'><strong>,</strong></span> <span class='ocrx_word' id='word_1_315' title='bbox 1595 2942 1708 2981; x_wconf 90' lang='lat' dir='ltr'><strong>rem</strong></span> <span class='ocrx_word' id='word_1_316' title='bbox 1766 2940 1888 2979; x_wconf 85' lang='lat' dir='ltr'><strong>cum</strong></span> <span class='ocrx_word' id='word_1_317' title='bbox 1950 2924 2068 2994; x_wconf 86' lang='lat' dir='ltr'><strong>ipso</strong></span> 
     </span>
    </p>
   </div>
   <div class='ocr_carea' id='block_1_48' title="bbox 489 3017 2063 3090">
    <p class='ocr_par' dir='ltr' id='par_1_48' title="bbox 489 3017 2063 3090">
     <span class='ocr_line' id='line_1_48' title="bbox 489 3017 2063 3090; baseline -0.004 -19"><span class='ocrx_word' id='word_1_318' title='bbox 489 3034 814 3090; x_wconf 69' lang='lat' dir='ltr'><strong>componere</strong></span> <span class='ocrx_word' id='word_1_319' title='bbox 861 3021 1008 3075; x_wconf 89' lang='lat' dir='ltr'><strong>nisus</strong></span> <span class='ocrx_word' id='word_1_320' title='bbox 1045 3028 1145 3074; x_wconf 90' lang='lat' dir='ltr'><strong>est.</strong></span> <span class='ocrx_word' id='word_1_321' title='bbox 1179 3018 1470 3074; x_wconf 78' lang='lat' dir='ltr'><strong>Exhorruit</strong></span> <span class='ocrx_word' id='word_1_322' title='bbox 1521 3017 1809 3072; x_wconf 75' lang='lat' dir='ltr'><strong>llatherius</strong></span> <span class='ocrx_word' id='word_1_323' title='bbox 1857 3021 2063 3069; x_wconf 87' lang='lat' dir='ltr'><strong>tantum</strong></span> 
     </span>
    </p>
   </div>
   <div class='ocr_carea' id='block_1_49' title="bbox 2169 1814 3757 1886">
    <p class='ocr_par' dir='ltr' id='par_1_49' title="bbox 2169 1814 3757 1886">
     <span class='ocr_line' id='line_1_49' title="bbox 2169 1814 3757 1886; baseline 0.007 -19"><span class='ocrx_word' id='word_1_324' title='bbox 2169 1814 2277 1869; x_wconf 91' lang='lat' dir='ltr'><strong>Deo</strong></span> <span class='ocrx_word' id='word_1_325' title='bbox 2317 1817 2519 1886; x_wconf 86' lang='lat' dir='ltr'><strong>gratias</strong></span> <span class='ocrx_word' id='word_1_326' title='bbox 2548 1834 2650 1873; x_wconf 87' lang='lat' dir='ltr'><strong>non</strong></span> <span class='ocrx_word' id='word_1_327' title='bbox 2699 1820 2899 1873; x_wconf 89' lang='lat' dir='ltr'><strong>malum</strong></span> <span class='ocrx_word' id='word_1_328' title='bbox 2946 1821 3087 1876; x_wconf 86' lang='lat' dir='ltr'><strong>adeo</strong></span> <span class='ocrx_word' id='word_1_329' title='bbox 3131 1822 3425 1877; x_wconf 75' lang='lat' dir='ltr'><strong>invenisse.</strong></span> <span class='ocrx_word' id='word_1_330' title='bbox 3458 1842 3477 1873; x_wconf 74' lang='grc' dir='ltr'><strong>ι</strong></span> <span class='ocrx_word' id='word_1_331' title='bbox 3506 1823 3585 1877; x_wconf 66' lang='grc' dir='ltr'><strong>Μ</strong></span> <span class='ocrx_word' id='word_1_332' title='bbox 3637 1824 3757 1878; x_wconf 63' lang='lat' dir='ltr'><strong>haec</strong></span> 
     </span>
    </p>
   </div>
   <div class='ocr_carea' id='block_1_50' title="bbox 2164 1906 3756 1982">
    <p class='ocr_par' dir='ltr' id='par_1_50' title="bbox 2164 1906 3756 1982">
     <span class='ocr_line' id='line_1_50' title="bbox 2164 1906 3756 1982; baseline 0.005 -24"><span class='ocrx_word' id='word_1_333' title='bbox 2164 1906 2469 1975; x_wconf 88' lang='lat' dir='ltr'><strong>episcopus,</strong></span> <span class='ocrx_word' id='word_1_334' title='bbox 2500 1908 2589 1976; x_wconf 88' lang='lat' dir='ltr'><strong>qui</strong></span> <span class='ocrx_word' id='word_1_335' title='bbox 2638 1909 2778 1962; x_wconf 89' lang='lat' dir='ltr'><strong>mala</strong></span> <span class='ocrx_word' id='word_1_336' title='bbox 2822 1909 2987 1965; x_wconf 91' lang='lat' dir='ltr'><strong>multa</strong></span> <span class='ocrx_word' id='word_1_337' title='bbox 3035 1928 3141 1966; x_wconf 92' lang='lat' dir='ltr'><strong>non</strong></span> <span class='ocrx_word' id='word_1_338' title='bbox 3190 1913 3493 1982; x_wconf 78' lang='lat' dir='ltr'><strong>ignorabat,</strong></span> <span class='ocrx_word' id='word_1_339' title='bbox 3542 1912 3756 1967; x_wconf 84' lang='lat' dir='ltr'><strong>irouiee</strong></span> 
     </span>
    </p>
   </div>
   <div class='ocr_carea' id='block_1_51' title="bbox 2164 1994 3753 2072">
    <p class='ocr_par' dir='ltr' id='par_1_51' title="bbox 2164 1994 3753 2072">
     <span class='ocr_line' id='line_1_51' title="bbox 2164 1994 3753 2072; baseline 0.007 -25"><span class='ocrx_word' id='word_1_340' title='bbox 2164 1994 2401 2057; x_wconf 86' lang='lat' dir='ltr'><strong>subdidit</strong></span> <span class='ocrx_word' id='word_1_341' title='bbox 2430 2013 2444 2049; x_wconf 87' lang='lat'><strong>:</strong></span> <span class='ocrx_word' id='word_1_342' title='bbox 2484 2015 2502 2047; x_wconf 81' lang='grc' dir='ltr'><strong>ι</strong></span> <span class='ocrx_word' id='word_1_343' title='bbox 2550 1996 2689 2064; x_wconf 86' lang='lat' dir='ltr'><strong>Quid</strong></span> <span class='ocrx_word' id='word_1_344' title='bbox 2738 1998 2991 2054; x_wconf 80' lang='lat' dir='ltr'><strong>haberem</strong></span> <span class='ocrx_word' id='word_1_345' title='bbox 3022 2016 3151 2072; x_wconf 85' lang='lat' dir='ltr'><strong>ergo</strong></span> <span class='ocrx_word' id='word_1_346' title='bbox 3176 2004 3242 2057; x_wconf 87' lang='lat' dir='ltr'><strong>de</strong></span> <span class='ocrx_word' id='word_1_347' title='bbox 3273 2011 3349 2055; x_wconf 92' lang='lat' dir='ltr'><strong>tot</strong></span> <span class='ocrx_word' id='word_1_348' title='bbox 3385 2003 3611 2067; x_wconf 83' lang='lat' dir='ltr'><strong>sam-tis,</strong></span> <span class='ocrx_word' id='word_1_349' title='bbox 3644 2003 3753 2058; x_wconf 84' lang='lat' dir='ltr'><strong>nisi</strong></span> 
     </span>
    </p>
   </div>
   <div class='ocr_carea' id='block_1_52' title="bbox 2166 2086 3751 2162">
    <p class='ocr_par' dir='ltr' id='par_1_52' title="bbox 2166 2086 3751 2162">
     <span class='ocr_line' id='line_1_52' title="bbox 2166 2086 3751 2162; baseline 0.005 -23"><span class='ocrx_word' id='word_1_350' title='bbox 2166 2086 2276 2141; x_wconf 84' lang='lat' dir='ltr'><strong>Deo</strong></span> <span class='ocrx_word' id='word_1_351' title='bbox 2317 2089 2520 2159; x_wconf 81' lang='lat' dir='ltr'><strong>gratias</strong></span> <span class='ocrx_word' id='word_1_352' title='bbox 2551 2089 2778 2145; x_wconf 87' lang='lat' dir='ltr'><strong>dicere?</strong></span> <span class='ocrx_word' id='word_1_353' title='bbox 2811 2110 2828 2141; x_wconf 74' lang='grc' dir='ltr'><strong>ι</strong></span> <span class='ocrx_word' id='word_1_354' title='bbox 2857 2091 2922 2145; x_wconf 80' lang='lat' dir='ltr'><strong>Et</strong></span> <span class='ocrx_word' id='word_1_355' title='bbox 2953 2101 3072 2161; x_wconf 88' lang='lat' dir='ltr'><strong>post</strong></span> <span class='ocrx_word' id='word_1_356' title='bbox 3111 2108 3275 2161; x_wconf 85' lang='lat' dir='ltr'><strong>pauca</strong></span> <span class='ocrx_word' id='word_1_357' title='bbox 3310 2108 3329 2144; x_wconf 78' lang='grc' dir='ltr'><em>τ</em></span> <span class='ocrx_word' id='word_1_358' title='bbox 3360 2110 3379 2142; x_wconf 71' lang='grc' dir='ltr'><em>α</em></span> <span class='ocrx_word' id='word_1_359' title='bbox 3413 2092 3473 2146; x_wconf 91' lang='lat' dir='ltr'><strong>Si</strong></span> <span class='ocrx_word' id='word_1_360' title='bbox 3513 2092 3580 2147; x_wconf 90' lang='lat' dir='ltr'><strong>de</strong></span> <span class='ocrx_word' id='word_1_361' title='bbox 3601 2093 3751 2162; x_wconf 69' lang='lat' dir='ltr'><strong>psal-</strong></span> 
     </span>
    </p>
   </div>
   <div class='ocr_carea' id='block_1_53' title="bbox 2166 2178 3754 2243">
    <p class='ocr_par' dir='ltr' id='par_1_53' title="bbox 2166 2178 3754 2243">
     <span class='ocr_line' id='line_1_53' title="bbox 2166 2178 3754 2243; baseline 0.006 -14"><span class='ocrx_word' id='word_1_362' title='bbox 2166 2178 2287 2243; x_wconf 85' lang='lat' dir='ltr'><strong>mis,</strong></span> <span class='ocrx_word' id='word_1_363' title='bbox 2316 2188 2371 2234; x_wconf 91' lang='lat' dir='ltr'><strong>et</strong></span> <span class='ocrx_word' id='word_1_364' title='bbox 2402 2195 2505 2234; x_wconf 91' lang='lat' dir='ltr'><strong>non</strong></span> <span class='ocrx_word' id='word_1_365' title='bbox 2530 2180 2597 2234; x_wconf 87' lang='lat' dir='ltr'><strong>de</strong></span> <span class='ocrx_word' id='word_1_366' title='bbox 2623 2182 2732 2236; x_wconf 92' lang='lat' dir='ltr'><strong>alio</strong></span> <span class='ocrx_word' id='word_1_367' title='bbox 2764 2182 2815 2235; x_wconf 91' lang='lat' dir='ltr'><strong>in</strong></span> <span class='ocrx_word' id='word_1_368' title='bbox 2862 2182 2964 2236; x_wconf 90' lang='lat' dir='ltr'><strong>isto</strong></span> <span class='ocrx_word' id='word_1_369' title='bbox 2999 2183 3227 2237; x_wconf 89' lang='lat' dir='ltr'><strong>concilio</strong></span> <span class='ocrx_word' id='word_1_370' title='bbox 3267 2184 3427 2238; x_wconf 84' lang='lat' dir='ltr'><strong>debet</strong></span> <span class='ocrx_word' id='word_1_371' title='bbox 3460 2198 3587 2237; x_wconf 85' lang='lat' dir='ltr'><strong>esse</strong></span> <span class='ocrx_word' id='word_1_372' title='bbox 3611 2200 3754 2239; x_wconf 78' lang='lat' dir='ltr'><strong>con-</strong></span> 
     </span>
    </p>
   </div>
   <div class='ocr_carea' id='block_1_54' title="bbox 2169 2270 3755 2342">
    <p class='ocr_par' dir='ltr' id='par_1_54' title="bbox 2169 2270 3755 2342">
     <span class='ocr_line' id='line_1_54' title="bbox 2169 2270 3755 2342; baseline 0.006 -21"><span class='ocrx_word' id='word_1_373' title='bbox 2169 2270 2417 2337; x_wconf 81' lang='lat' dir='ltr'><strong>quaestio,</strong></span> <span class='ocrx_word' id='word_1_374' title='bbox 2450 2287 2535 2326; x_wconf 90' lang='lat' dir='ltr'><strong>me</strong></span> <span class='ocrx_word' id='word_1_375' title='bbox 2565 2273 2795 2342; x_wconf 90' lang='lat' dir='ltr'><strong>primum</strong></span> <span class='ocrx_word' id='word_1_376' title='bbox 2827 2274 2891 2326; x_wconf 90' lang='lat' dir='ltr'><strong>ad</strong></span> <span class='ocrx_word' id='word_1_377' title='bbox 2914 2288 3139 2329; x_wconf 80' lang='lat' dir='ltr'><strong>exaruen</strong></span> <span class='ocrx_word' id='word_1_378' title='bbox 3163 2274 3474 2342; x_wconf 85' lang='lat' dir='ltr'><strong>producite;</strong></span> <span class='ocrx_word' id='word_1_379' title='bbox 3498 2275 3755 2331; x_wconf 77' lang='lat' dir='ltr'><strong>convinci</strong></span> 
     </span>
    </p>
   </div>
   <div class='ocr_carea' id='block_1_55' title="bbox 2165 2363 3751 2435">
    <p class='ocr_par' dir='ltr' id='par_1_55' title="bbox 2165 2363 3751 2435">
     <span class='ocr_line' id='line_1_55' title="bbox 2165 2363 3751 2435; baseline 0.003 -20"><span class='ocrx_word' id='word_1_380' title='bbox 2165 2378 2289 2416; x_wconf 90' lang='lat' dir='ltr'><strong>nam</strong></span> <span class='ocrx_word' id='word_1_381' title='bbox 2338 2378 2582 2432; x_wconf 88' lang='lat' dir='ltr'><strong>possum,</strong></span> <span class='ocrx_word' id='word_1_382' title='bbox 2631 2379 2716 2418; x_wconf 89' lang='lat' dir='ltr'><strong>me</strong></span> <span class='ocrx_word' id='word_1_383' title='bbox 2759 2363 2877 2420; x_wconf 91' lang='lat' dir='ltr'><strong>illos</strong></span> <span class='ocrx_word' id='word_1_384' title='bbox 2923 2379 3059 2428; x_wconf 89' lang='lat' dir='ltr'><strong>non,</strong></span> <span class='ocrx_word' id='word_1_385' title='bbox 3096 2374 3153 2419; x_wconf 88' lang='lat' dir='ltr'><strong>ut</strong></span> <span class='ocrx_word' id='word_1_386' title='bbox 3184 2374 3549 2435; x_wconf 86' lang='lat' dir='ltr'><strong>competeret,</strong></span> <span class='ocrx_word' id='word_1_387' title='bbox 3582 2366 3751 2421; x_wconf 87' lang='lat' dir='ltr'><strong>scire.</strong></span> 
     </span>
    </p>
   </div>
   <div class='ocr_carea' id='block_1_56' title="bbox 2167 2450 3753 2526">
    <p class='ocr_par' dir='ltr' id='par_1_56' title="bbox 2167 2450 3753 2526">
     <span class='ocr_line' id='line_1_56' title="bbox 2167 2450 3753 2526; baseline 0.003 -19"><span class='ocrx_word' id='word_1_388' title='bbox 2167 2450 2318 2507; x_wconf 86' lang='lat' dir='ltr'><strong>Unde</strong></span> <span class='ocrx_word' id='word_1_389' title='bbox 2372 2453 2532 2522; x_wconf 86' lang='lat' dir='ltr'><strong>igitur</strong></span> <span class='ocrx_word' id='word_1_390' title='bbox 2577 2454 2815 2522; x_wconf 87' lang='lat' dir='ltr'><strong>synodus</strong></span> <span class='ocrx_word' id='word_1_391' title='bbox 2863 2464 3148 2523; x_wconf 84' lang='lat' dir='ltr'><strong>ageretur,</strong></span> <span class='ocrx_word' id='word_1_392' title='bbox 3196 2456 3271 2510; x_wconf 90' lang='lat' dir='ltr'><strong>nil</strong></span> <span class='ocrx_word' id='word_1_393' title='bbox 3325 2456 3556 2525; x_wconf 89' lang='lat' dir='ltr'><strong>amplius</strong></span> <span class='ocrx_word' id='word_1_394' title='bbox 3605 2458 3753 2526; x_wconf 82' lang='lat' dir='ltr'><strong>quod</strong></span> 
     </span>
    </p>
   </div>
   <div class='ocr_carea' id='block_1_57' title="bbox 2165 2541 3751 2615">
    <p class='ocr_par' dir='ltr' id='par_1_57' title="bbox 2165 2541 3751 2615">
     <span class='ocr_line' id='line_1_57' title="bbox 2165 2541 3751 2615; baseline 0.006 -24"><span class='ocrx_word' id='word_1_395' title='bbox 2165 2541 2544 2596; x_wconf 78' lang='lat' dir='ltr'><strong>emendaretur</strong></span> <span class='ocrx_word' id='word_1_396' title='bbox 2600 2543 2860 2597; x_wconf 79' lang='lat' dir='ltr'><strong>invento?</strong></span> <span class='ocrx_word' id='word_1_397' title='bbox 2914 2544 3235 2600; x_wconf 85' lang='lat' dir='ltr'><strong>Seiseitatus</strong></span> <span class='ocrx_word' id='word_1_398' title='bbox 3290 2546 3476 2615; x_wconf 89' lang='lat' dir='ltr'><strong>itaque</strong></span> <span class='ocrx_word' id='word_1_399' title='bbox 3524 2545 3591 2600; x_wconf 89' lang='lat' dir='ltr'><strong>de</strong></span> <span class='ocrx_word' id='word_1_400' title='bbox 3644 2546 3751 2600; x_wconf 74' lang='lat' dir='ltr'><strong>fide</strong></span> 
     </span>
    </p>
   </div>
   <div class='ocr_carea' id='block_1_58' title="bbox 2165 2631 3750 2705">
    <p class='ocr_par' dir='ltr' id='par_1_58' title="bbox 2165 2631 3750 2705">
     <span class='ocr_line' id='line_1_58' title="bbox 2165 2631 3750 2705; baseline 0.003 -21"><span class='ocrx_word' id='word_1_401' title='bbox 2165 2631 2403 2696; x_wconf 87' lang='lat' dir='ltr'><strong>illorum,</strong></span> <span class='ocrx_word' id='word_1_402' title='bbox 2437 2632 2617 2685; x_wconf 85' lang='lat' dir='ltr'><strong>iureni</strong></span> <span class='ocrx_word' id='word_1_403' title='bbox 2666 2632 2930 2702; x_wconf 78' lang='lat' dir='ltr'><strong>plurimos</strong></span> <span class='ocrx_word' id='word_1_404' title='bbox 2960 2650 3060 2687; x_wconf 85' lang='lat' dir='ltr'><strong>nec</strong></span> <span class='ocrx_word' id='word_1_405' title='bbox 3097 2634 3270 2704; x_wconf 87' lang='lat' dir='ltr'><strong>ipsum</strong></span> <span class='ocrx_word' id='word_1_406' title='bbox 3304 2650 3497 2705; x_wconf 86' lang='lat' dir='ltr'><strong>sapere</strong></span> <span class='ocrx_word' id='word_1_407' title='bbox 3526 2635 3750 2705; x_wconf 81' lang='lat' dir='ltr'><strong>symbo-</strong></span> 
     </span>
    </p>
   </div>
   <div class='ocr_carea' id='block_1_59' title="bbox 2168 2719 3762 2791">
    <p class='ocr_par' dir='ltr' id='par_1_59' title="bbox 2168 2719 3762 2791">
     <span class='ocr_line' id='line_1_59' title="bbox 2168 2719 3762 2791; baseline 0.003 -18"><span class='ocrx_word' id='word_1_408' title='bbox 2168 2719 2300 2784; x_wconf 85' lang='lat' dir='ltr'><strong>lum,</strong></span> <span class='ocrx_word' id='word_1_409' title='bbox 2331 2721 2471 2789; x_wconf 75' lang='lat' dir='ltr'><strong>quod</strong></span> <span class='ocrx_word' id='word_1_410' title='bbox 2520 2720 2687 2775; x_wconf 78' lang='lat' dir='ltr'><strong>fuisse</strong></span> <span class='ocrx_word' id='word_1_411' title='bbox 2735 2723 2973 2776; x_wconf 86' lang='lat' dir='ltr'><strong>creditur</strong></span> <span class='ocrx_word' id='word_1_412' title='bbox 3008 2723 3395 2791; x_wconf 80' lang='lat' dir='ltr'><strong>apostolorum.</strong></span> <span class='ocrx_word' id='word_1_413' title='bbox 3441 2722 3555 2777; x_wconf 83' lang='lat' dir='ltr'><strong>Hac</strong></span> <span class='ocrx_word' id='word_1_414' title='bbox 3584 2739 3762 2778; x_wconf 78' lang='lat' dir='ltr'><strong>occa--</strong></span> 
     </span>
    </p>
   </div>
   <div class='ocr_carea' id='block_1_60' title="bbox 2165 2810 3753 2884">
    <p class='ocr_par' dir='ltr' id='par_1_60' title="bbox 2165 2810 3753 2884">
     <span class='ocr_line' id='line_1_60' title="bbox 2165 2810 3753 2884; baseline 0.003 -19"><span class='ocrx_word' id='word_1_415' title='bbox 2165 2811 2316 2865; x_wconf 89' lang='lat' dir='ltr'><strong>sione</strong></span> <span class='ocrx_word' id='word_1_416' title='bbox 2345 2810 2669 2881; x_wconf 85' lang='lat' dir='ltr'><strong>Synodicam</strong></span> <span class='ocrx_word' id='word_1_417' title='bbox 2699 2812 2935 2866; x_wconf 86' lang='lat' dir='ltr'><strong>scribere</strong></span> <span class='ocrx_word' id='word_1_418' title='bbox 2965 2814 3216 2869; x_wconf 88' lang='lat' dir='ltr'><strong>omnibus</strong></span> <span class='ocrx_word' id='word_1_419' title='bbox 3258 2814 3595 2884; x_wconf 86' lang='lat' dir='ltr'><strong>presbyteris</strong></span> <span class='ocrx_word' id='word_1_420' title='bbox 3627 2831 3753 2870; x_wconf 81' lang='lat' dir='ltr'><strong>sum</strong></span> 
     </span>
    </p>
   </div>
   <div class='ocr_carea' id='block_1_61' title="bbox 2165 2903 3751 2977">
    <p class='ocr_par' dir='ltr' id='par_1_61' title="bbox 2165 2903 3751 2977">
     <span class='ocr_line' id='line_1_61' title="bbox 2165 2903 3751 2977; baseline 0.003 -20"><span class='ocrx_word' id='word_1_421' title='bbox 2165 2903 2494 2973; x_wconf 80' lang='lat' dir='ltr'><strong>compulsus.</strong></span> <span class='ocrx_word' id='word_1_422' title='bbox 2526 2922 2544 2955; x_wconf 79' lang='grc' dir='ltr'><strong>ι</strong></span> <span class='ocrx_word' id='word_1_423' title='bbox 2581 2903 2728 2958; x_wconf 73' lang='lat' dir='ltr'><strong>lianc</strong></span> <span class='ocrx_word' id='word_1_424' title='bbox 2757 2905 3020 2974; x_wconf 88' lang='lat' dir='ltr'><strong>synodum</strong></span> <span class='ocrx_word' id='word_1_425' title='bbox 3069 2923 3086 2955; x_wconf 80' lang='grc' dir='ltr'><strong>ι</strong></span> <span class='ocrx_word' id='word_1_426' title='bbox 3130 2906 3402 2961; x_wconf 88' lang='lat' dir='ltr'><strong>mediante</strong></span> <span class='ocrx_word' id='word_1_427' title='bbox 3431 2908 3751 2977; x_wconf 77' lang='lat' dir='ltr'><strong>Quadragc-</strong></span> 
     </span>
    </p>
   </div>
   <div class='ocr_carea' id='block_1_62' title="bbox 2167 2996 3749 3069">
    <p class='ocr_par' dir='ltr' id='par_1_62' title="bbox 2167 2996 3749 3069">
     <span class='ocr_line' id='line_1_62' title="bbox 2167 2996 3749 3069; baseline 0 -18"><span class='ocrx_word' id='word_1_428' title='bbox 2167 2998 2302 3051; x_wconf 85' lang='lat' dir='ltr'><strong>sima</strong></span> <span class='ocrx_word' id='word_1_429' title='bbox 2336 3015 2357 3050; x_wconf 75' lang='grc' dir='ltr'><strong>ι</strong></span> <span class='ocrx_word' id='word_1_430' title='bbox 2391 2996 2647 3061; x_wconf 86' lang='lat' dir='ltr'><strong>habitam,</strong></span> <span class='ocrx_word' id='word_1_431' title='bbox 2677 3006 2731 3051; x_wconf 81' lang='lat' dir='ltr'><strong>et</strong></span> <span class='ocrx_word' id='word_1_432' title='bbox 2757 2998 2810 3052; x_wconf 89' lang='lat' dir='ltr'><strong>in</strong></span> <span class='ocrx_word' id='word_1_433' title='bbox 2838 3013 2901 3052; x_wconf 87' lang='lat' dir='ltr'><strong>ea</strong></span> <span class='ocrx_word' id='word_1_434' title='bbox 2927 2997 3247 3069; x_wconf 79' lang='lat' dir='ltr'><strong>Synodicam</strong></span> <span class='ocrx_word' id='word_1_435' title='bbox 3271 3000 3472 3053; x_wconf 88' lang='lat' dir='ltr'><strong>editam</strong></span> <span class='ocrx_word' id='word_1_436' title='bbox 3503 2999 3702 3054; x_wconf 86' lang='lat' dir='ltr'><strong>indicat</strong></span> <span class='ocrx_word' id='word_1_437' title='bbox 3732 3015 3749 3051; x_wconf 86' lang='lat'><strong>:</strong></span> 
     </span>
    </p>
   </div>
   <div class='ocr_carea' id='block_1_63' title="bbox 494 3087 2066 3180">
    <p class='ocr_par' dir='ltr' id='par_1_63' title="bbox 494 3087 2059 3180">
     <span class='ocr_line' id='line_1_63' title="bbox 494 3087 2059 3180; baseline -0.003 -16"><span class='ocrx_word' id='word_1_438' title='bbox 494 3087 699 3177; x_wconf 80' lang='lat' dir='ltr'><strong>scelus;</strong></span> <span class='ocrx_word' id='word_1_439' title='bbox 733 3110 889 3166; x_wconf 85' lang='lat' dir='ltr'><strong>haesit</strong></span> <span class='ocrx_word' id='word_1_440' title='bbox 911 3110 1219 3180; x_wconf 83' lang='lat' dir='ltr'><strong>aliquandiu</strong></span> <span class='ocrx_word' id='word_1_441' title='bbox 1241 3109 1369 3180; x_wconf 90' lang='lat' dir='ltr'><strong>quid</strong></span> <span class='ocrx_word' id='word_1_442' title='bbox 1398 3118 1601 3180; x_wconf 82' lang='lat' dir='ltr'><strong>ageret.</strong></span> <span class='ocrx_word' id='word_1_443' title='bbox 1642 3128 1659 3158; x_wconf 74' lang='grc' dir='ltr'><strong>ι</strong></span> <span class='ocrx_word' id='word_1_444' title='bbox 1684 3107 1738 3161; x_wconf 90' lang='lat' dir='ltr'><strong>Si</strong></span> <span class='ocrx_word' id='word_1_445' title='bbox 1762 3107 1904 3161; x_wconf 89' lang='lat' dir='ltr'><strong>enim</strong></span> <span class='ocrx_word' id='word_1_446' title='bbox 1939 3120 2059 3175; x_wconf 86' lang='lat' dir='ltr'><strong>ego,</strong></span> 
     </span>
    </p>
   </div>
   <div class='ocr_carea' id='block_1_64' title="bbox 2168 3087 3761 3180">
    <p class='ocr_par' dir='ltr' id='par_1_64' title="bbox 2168 3087 3761 3162">
     <span class='ocr_line' id='line_1_64' title="bbox 2168 3087 3761 3162; baseline 0.001 -18"><span class='ocrx_word' id='word_1_447' title='bbox 2168 3088 2311 3162; x_wconf 85' lang='lat' dir='ltr'><strong>quod</strong></span> <span class='ocrx_word' id='word_1_448' title='bbox 2360 3087 2762 3158; x_wconf 71' lang='lat' dir='ltr'><strong>intelligendum</strong></span> <span class='ocrx_word' id='word_1_449' title='bbox 2816 3089 2893 3143; x_wconf 77' lang='lat' dir='ltr'><strong>de</strong></span> <span class='ocrx_word' id='word_1_450' title='bbox 2929 3089 3107 3145; x_wconf 86' lang='lat' dir='ltr'><strong>media</strong></span> <span class='ocrx_word' id='word_1_451' title='bbox 3149 3088 3576 3161; x_wconf 79' lang='lat' dir='ltr'><strong>Quadragesima</strong></span> <span class='ocrx_word' id='word_1_452' title='bbox 3620 3090 3761 3145; x_wconf 69' lang='lat' dir='ltr'><strong>anni</strong></span> 
     </span>
    </p>
   </div>
   <div class='ocr_carea' id='block_1_65' title="bbox 490 3194 2061 3270">
    <p class='ocr_par' dir='ltr' id='par_1_65' title="bbox 490 3194 2061 3270">
     <span class='ocr_line' id='line_1_65' title="bbox 490 3194 2061 3270; baseline -0.004 -16"><span class='ocrx_word' id='word_1_453' title='bbox 490 3202 707 3270; x_wconf 81' lang='lat' dir='ltr'><strong>inquit,</strong></span> <span class='ocrx_word' id='word_1_454' title='bbox 773 3200 1260 3270; x_wconf 87' lang='lat' dir='ltr'><strong>possessiunculam</strong></span> <span class='ocrx_word' id='word_1_455' title='bbox 1334 3199 1428 3253; x_wconf 92' lang='lat' dir='ltr'><strong>Dei</strong></span> <span class='ocrx_word' id='word_1_456' title='bbox 1504 3195 1759 3252; x_wconf 83' lang='lat' dir='ltr'><strong>Genitriei</strong></span> <span class='ocrx_word' id='word_1_457' title='bbox 1809 3194 2061 3250; x_wconf 84' lang='lat' dir='ltr'><strong>collatam</strong></span> 
     </span>
    </p>
   </div>
   <div class='ocr_carea' id='block_1_66' title="bbox 492 3285 2078 3359">
    <p class='ocr_par' dir='ltr' id='par_1_66' title="bbox 492 3285 2078 3359">
     <span class='ocr_line' id='line_1_66' title="bbox 492 3285 2078 3359; baseline -0.006 -15"><span class='ocrx_word' id='word_1_458' title='bbox 492 3291 686 3345; x_wconf 86' lang='lat' dir='ltr'><strong>melius</strong></span> <span class='ocrx_word' id='word_1_459' title='bbox 741 3289 893 3359; x_wconf 87' lang='lat' dir='ltr'><strong>quasi</strong></span> <span class='ocrx_word' id='word_1_460' title='bbox 946 3288 1352 3358; x_wconf 86' lang='lat' dir='ltr'><strong>dispensaturus</strong></span> <span class='ocrx_word' id='word_1_461' title='bbox 1404 3286 1534 3341; x_wconf 91' lang='lat' dir='ltr'><strong>mihi</strong></span> <span class='ocrx_word' id='word_1_462' title='bbox 1590 3285 1913 3347; x_wconf 84' lang='lat' dir='ltr'><strong>retinerem,</strong></span> <span class='ocrx_word' id='word_1_463' title='bbox 1970 3290 2078 3336; x_wconf 66' lang='lat' dir='ltr'><strong>aut»</strong></span> 
     </span>
    </p>
   </div>
   <div class='ocr_carea' id='block_1_67' title="bbox 492 3375 2080 3446">
    <p class='ocr_par' dir='ltr' id='par_1_67' title="bbox 492 3375 2080 3446">
     <span class='ocr_line' id='line_1_67' title="bbox 492 3375 2080 3446; baseline -0.005 -11"><span class='ocrx_word' id='word_1_464' title='bbox 492 3396 730 3435; x_wconf 89' lang='lat' dir='ltr'><strong>meorum</strong></span> <span class='ocrx_word' id='word_1_465' title='bbox 772 3380 928 3435; x_wconf 86' lang='lat' dir='ltr'><strong>alicui</strong></span> <span class='ocrx_word' id='word_1_466' title='bbox 961 3382 1165 3446; x_wconf 87' lang='lat' dir='ltr'><strong>darem,</strong></span> <span class='ocrx_word' id='word_1_467' title='bbox 1196 3394 1262 3434; x_wconf 90' lang='lat' dir='ltr'><strong>ne</strong></span> <span class='ocrx_word' id='word_1_468' title='bbox 1292 3393 1661 3435; x_wconf 86' lang='lat' dir='ltr'><strong>successorum</strong></span> <span class='ocrx_word' id='word_1_469' title='bbox 1687 3375 1881 3446; x_wconf 86' lang='lat' dir='ltr'><strong>aliquis</strong></span> <span class='ocrx_word' id='word_1_470' title='bbox 1918 3389 2080 3428; x_wconf 25' lang='lat' dir='ltr'><strong>meo!</strong></span> 
     </span>
    </p>
   </div>
   <div class='ocr_carea' id='block_1_68' title="bbox 487 3466 2063 3538">
    <p class='ocr_par' dir='ltr' id='par_1_68' title="bbox 487 3466 2063 3538">
     <span class='ocr_line' id='line_1_68' title="bbox 487 3466 2063 3538; baseline -0.003 -14"><span class='ocrx_word' id='word_1_471' title='bbox 487 3488 609 3525; x_wconf 92' lang='lat' dir='ltr'><strong>rum</strong></span> <span class='ocrx_word' id='word_1_472' title='bbox 658 3486 778 3525; x_wconf 90' lang='lat' dir='ltr'><strong>meo</strong></span> <span class='ocrx_word' id='word_1_473' title='bbox 818 3471 1071 3525; x_wconf 85' lang='lat' dir='ltr'><strong>similiter</strong></span> <span class='ocrx_word' id='word_1_474' title='bbox 1112 3470 1315 3524; x_wconf 75' lang='lat' dir='ltr'><strong>faciens</strong></span> <span class='ocrx_word' id='word_1_475' title='bbox 1345 3468 1625 3538; x_wconf 76' lang='lat' dir='ltr'><strong>exemplo,</strong></span> <span class='ocrx_word' id='word_1_476' title='bbox 1665 3466 2063 3537; x_wconf 88' lang='lat' dir='ltr'><strong>eleemosynam</strong></span> 
     </span>
    </p>
   </div>
   <div class='ocr_carea' id='block_1_69' title="bbox 490 3558 2057 3625">
    <p class='ocr_par' dir='ltr' id='par_1_69' title="bbox 490 3558 2057 3625">
     <span class='ocr_line' id='line_1_69' title="bbox 490 3558 2057 3625; baseline -0.006 -8"><span class='ocrx_word' id='word_1_477' title='bbox 490 3563 703 3618; x_wconf 86' lang='lat' dir='ltr'><strong>illorum</strong></span> <span class='ocrx_word' id='word_1_478' title='bbox 752 3564 1019 3618; x_wconf 87' lang='lat' dir='ltr'><strong>bonorum</strong></span> <span class='ocrx_word' id='word_1_479' title='bbox 1059 3563 1388 3625; x_wconf 87' lang='lat' dir='ltr'><strong>destrueret,</strong></span> <span class='ocrx_word' id='word_1_480' title='bbox 1437 3576 1541 3616; x_wconf 88' lang='lat' dir='ltr'><strong>non</strong></span> <span class='ocrx_word' id='word_1_481' title='bbox 1592 3558 1725 3614; x_wconf 88' lang='lat' dir='ltr'><strong>nihil</strong></span> <span class='ocrx_word' id='word_1_482' title='bbox 1759 3559 2005 3612; x_wconf 87' lang='lat' dir='ltr'><strong>verebar.</strong></span> <span class='ocrx_word' id='word_1_483' title='bbox 2038 3575 2057 3607; x_wconf 73' lang='grc' dir='ltr'><strong>ι</strong></span> 
     </span>
    </p>
   </div>
   <div class='ocr_carea' id='block_1_70' title="bbox 489 3649 2063 3723">
    <p class='ocr_par' dir='ltr' id='par_1_70' title="bbox 489 3649 2063 3723">
     <span class='ocr_line' id='line_1_70' title="bbox 489 3649 2063 3723; baseline -0.004 -16"><span class='ocrx_word' id='word_1_484' title='bbox 489 3654 625 3707; x_wconf 77' lang='lat' dir='ltr'><strong>Cum</strong></span> <span class='ocrx_word' id='word_1_485' title='bbox 672 3662 848 3708; x_wconf 87' lang='lat' dir='ltr'><strong>autem</strong></span> <span class='ocrx_word' id='word_1_486' title='bbox 901 3660 1264 3723; x_wconf 85' lang='lat' dir='ltr'><strong>pcrrarumet</strong></span> <span class='ocrx_word' id='word_1_487' title='bbox 1307 3649 1520 3704; x_wconf 79' lang='lat' dir='ltr'><strong>ditiicile</strong></span> <span class='ocrx_word' id='word_1_488' title='bbox 1548 3658 1693 3704; x_wconf 90' lang='lat' dir='ltr'><strong>esset</strong></span> <span class='ocrx_word' id='word_1_489' title='bbox 1728 3663 1792 3702; x_wconf 91' lang='lat' dir='ltr'><strong>eo</strong></span> <span class='ocrx_word' id='word_1_490' title='bbox 1824 3657 2063 3717; x_wconf 89' lang='lat' dir='ltr'><strong>tempore</strong></span> 
     </span>
    </p>
   </div>
   <div class='ocr_carea' id='block_1_71' title="bbox 487 3736 2062 3811">
    <p class='ocr_par' dir='ltr' id='par_1_71' title="bbox 487 3736 2062 3811">
     <span class='ocr_line' id='line_1_71' title="bbox 487 3736 2062 3811; baseline -0.005 -13"><span class='ocrx_word' id='word_1_491' title='bbox 487 3742 784 3798; x_wconf 82' lang='lat' dir='ltr'><strong>monachos</strong></span> <span class='ocrx_word' id='word_1_492' title='bbox 808 3742 1139 3811; x_wconf 89' lang='lat' dir='ltr'><strong>propositum</strong></span> <span class='ocrx_word' id='word_1_493' title='bbox 1161 3749 1348 3793; x_wconf 64' lang='lat' dir='ltr'><strong>exacte</strong></span> <span class='ocrx_word' id='word_1_494' title='bbox 1374 3739 1721 3793; x_wconf 79' lang='lat' dir='ltr'><strong>observantes</strong></span> <span class='ocrx_word' id='word_1_495' title='bbox 1745 3736 1971 3808; x_wconf 86' lang='lat' dir='ltr'><strong>subroga</strong></span> <span class='ocrx_word' id='word_1_496' title='bbox 1983 3752 2062 3798; x_wconf 85' lang='lat' dir='ltr'><strong>re,</strong></span> 
     </span>
    </p>
   </div>
   <div class='ocr_carea' id='block_1_72' title="bbox 491 3824 2064 3899">
    <p class='ocr_par' dir='ltr' id='par_1_72' title="bbox 491 3824 2064 3899">
     <span class='ocr_line' id='line_1_72' title="bbox 491 3824 2064 3899; baseline -0.004 -16"><span class='ocrx_word' id='word_1_497' title='bbox 491 3840 606 3885; x_wconf 88' lang='lat' dir='ltr'><strong>tres</strong></span> <span class='ocrx_word' id='word_1_498' title='bbox 653 3829 996 3899; x_wconf 87' lang='lat' dir='ltr'><strong>presbyteros</strong></span> <span class='ocrx_word' id='word_1_499' title='bbox 1036 3843 1153 3883; x_wconf 87' lang='lat' dir='ltr'><strong>cum</strong></span> <span class='ocrx_word' id='word_1_500' title='bbox 1205 3827 1457 3891; x_wconf 89' lang='lat' dir='ltr'><strong>diacono,</strong></span> <span class='ocrx_word' id='word_1_501' title='bbox 1486 3825 1845 3890; x_wconf 88' lang='lat' dir='ltr'><strong>subdiacono,</strong></span> <span class='ocrx_word' id='word_1_502' title='bbox 1881 3832 1935 3877; x_wconf 90' lang='lat' dir='ltr'><strong>ct</strong></span> <span class='ocrx_word' id='word_1_503' title='bbox 1964 3824 2064 3877; x_wconf 84' lang='lat' dir='ltr'><strong>ali-</strong></span> 
     </span>
    </p>
   </div>
   <div class='ocr_carea' id='block_1_73' title="bbox 490 3915 2063 3990">
    <p class='ocr_par' dir='ltr' id='par_1_73' title="bbox 490 3915 2063 3990">
     <span class='ocr_line' id='line_1_73' title="bbox 490 3915 2063 3990; baseline -0.001 -19"><span class='ocrx_word' id='word_1_504' title='bbox 490 3929 623 3990; x_wconf 90' lang='lat' dir='ltr'><strong>quot</strong></span> <span class='ocrx_word' id='word_1_505' title='bbox 650 3921 863 3974; x_wconf 87' lang='lat' dir='ltr'><strong>clericis</strong></span> <span class='ocrx_word' id='word_1_506' title='bbox 891 3919 942 3973; x_wconf 92' lang='lat' dir='ltr'><strong>in</strong></span> <span class='ocrx_word' id='word_1_507' title='bbox 969 3918 1156 3973; x_wconf 89' lang='lat' dir='ltr'><strong>eadem</strong></span> <span class='ocrx_word' id='word_1_508' title='bbox 1189 3916 1402 3970; x_wconf 88' lang='lat' dir='ltr'><strong>abbatia</strong></span> <span class='ocrx_word' id='word_1_509' title='bbox 1432 3915 1735 3979; x_wconf 80' lang='lat' dir='ltr'><strong>collocavit,</strong></span> <span class='ocrx_word' id='word_1_510' title='bbox 1763 3915 1853 3984; x_wconf 90' lang='lat' dir='ltr'><strong>qui</strong></span> <span class='ocrx_word' id='word_1_511' title='bbox 1893 3915 2063 3969; x_wconf 89' lang='lat' dir='ltr'><strong>sacris</strong></span> 
     </span>
    </p>
   </div>
   <div class='ocr_carea' id='block_1_74' title="bbox 490 4004 2065 4075">
    <p class='ocr_par' dir='ltr' id='par_1_74' title="bbox 490 4004 2065 4075">
     <span class='ocr_line' id='line_1_74' title="bbox 490 4004 2065 4075; baseline -0.006 -10"><span class='ocrx_word' id='word_1_512' title='bbox 490 4009 681 4065; x_wconf 73' lang='lat' dir='ltr'><strong>ciliciis</strong></span> <span class='ocrx_word' id='word_1_513' title='bbox 709 4018 981 4063; x_wconf 82' lang='lat' dir='ltr'><strong>vacarent.</strong></span> <span class='ocrx_word' id='word_1_514' title='bbox 1020 4007 1183 4063; x_wconf 90' lang='lat' dir='ltr'><strong>Suam</strong></span> <span class='ocrx_word' id='word_1_515' title='bbox 1212 4008 1404 4075; x_wconf 90' lang='lat' dir='ltr'><strong>cuique</strong></span> <span class='ocrx_word' id='word_1_516' title='bbox 1435 4005 1637 4058; x_wconf 86' lang='lat' dir='ltr'><strong>laxavit</strong></span> <span class='ocrx_word' id='word_1_517' title='bbox 1661 4004 1981 4074; x_wconf 86' lang='lat' dir='ltr'><strong>portionem,</strong></span> <span class='ocrx_word' id='word_1_518' title='bbox 2008 4010 2065 4056; x_wconf 88' lang='lat' dir='ltr'><strong>et</strong></span> 
     </span>
    </p>
   </div>
   <div class='ocr_carea' id='block_1_75' title="bbox 493 4094 2062 4168">
    <p class='ocr_par' dir='ltr' id='par_1_75' title="bbox 493 4094 2062 4168">
     <span class='ocr_line' id='line_1_75' title="bbox 493 4094 2062 4168; baseline -0.006 -11"><span class='ocrx_word' id='word_1_519' title='bbox 493 4101 786 4158; x_wconf 71' lang='lat' dir='ltr'><strong>declaravit</strong></span> <span class='ocrx_word' id='word_1_520' title='bbox 843 4099 1037 4155; x_wconf 82' lang='lat' dir='ltr'><strong>oﬂieia.</strong></span> <span class='ocrx_word' id='word_1_521' title='bbox 1090 4099 1268 4152; x_wconf 82' lang='lat' dir='ltr'><strong>Alium</strong></span> <span class='ocrx_word' id='word_1_522' title='bbox 1327 4098 1698 4168; x_wconf 85' lang='lat' dir='ltr'><strong>presbyterum</strong></span> <span class='ocrx_word' id='word_1_523' title='bbox 1759 4094 2062 4164; x_wconf 79' lang='lat' dir='ltr'><strong>graviorem</strong></span> 
     </span>
    </p>
   </div>
   <div class='ocr_carea' id='block_1_76' title="bbox 491 4186 2062 4262">
    <p class='ocr_par' dir='ltr' id='par_1_76' title="bbox 491 4186 2062 4262">
     <span class='ocr_line' id='line_1_76' title="bbox 491 4186 2062 4262; baseline -0.008 -12"><span class='ocrx_word' id='word_1_524' title='bbox 491 4194 741 4250; x_wconf 88' lang='lat' dir='ltr'><strong>omnibus</strong></span> <span class='ocrx_word' id='word_1_525' title='bbox 762 4192 1021 4262; x_wconf 65' lang='lat' dir='ltr'><strong>prtefecit,</strong></span> <span class='ocrx_word' id='word_1_526' title='bbox 1045 4191 1135 4261; x_wconf 87' lang='lat' dir='ltr'><strong>qui</strong></span> <span class='ocrx_word' id='word_1_527' title='bbox 1159 4190 1451 4260; x_wconf 73' lang='lat' dir='ltr'><strong>disciplina:</strong></span> <span class='ocrx_word' id='word_1_528' title='bbox 1470 4199 1524 4244; x_wconf 89' lang='lat' dir='ltr'><strong>et</strong></span> <span class='ocrx_word' id='word_1_529' title='bbox 1550 4188 1852 4243; x_wconf 87' lang='lat' dir='ltr'><strong>reddituum</strong></span> <span class='ocrx_word' id='word_1_530' title='bbox 1880 4186 2062 4241; x_wconf 82' lang='lat' dir='ltr'><strong>distri-</strong></span> 
     </span>
    </p>
   </div>
   <div class='ocr_carea' id='block_1_77' title="bbox 488 4279 2071 4354">
    <p class='ocr_par' dir='ltr' id='par_1_77' title="bbox 488 4279 2071 4354">
     <span class='ocr_line' id='line_1_77' title="bbox 488 4279 2071 4354; baseline -0.006 -15"><span class='ocrx_word' id='word_1_531' title='bbox 488 4283 696 4339; x_wconf 71' lang='lat' dir='ltr'><strong>butioui</strong></span> <span class='ocrx_word' id='word_1_532' title='bbox 727 4283 1057 4354; x_wconf 75' lang='lat' dir='ltr'><strong>prmsideret.</strong></span> <span class='ocrx_word' id='word_1_533' title='bbox 1082 4282 1198 4336; x_wconf 83' lang='lat' dir='ltr'><strong>Alia</strong></span> <span class='ocrx_word' id='word_1_534' title='bbox 1229 4279 1478 4336; x_wconf 89' lang='lat' dir='ltr'><strong>nonnulla</strong></span> <span class='ocrx_word' id='word_1_535' title='bbox 1503 4279 1916 4345; x_wconf 73' lang='lat' dir='ltr'><strong>desiderantur;</strong></span> <span class='ocrx_word' id='word_1_536' title='bbox 1936 4292 2071 4333; x_wconf 89' lang='lat' dir='ltr'><strong>nam-</strong></span> 
     </span>
    </p>
   </div>
   <div class='ocr_carea' id='block_1_78' title="bbox 487 4371 1625 4444">
    <p class='ocr_par' dir='ltr' id='par_1_78' title="bbox 487 4371 1625 4444">
     <span class='ocr_line' id='line_1_78' title="bbox 487 4371 1625 4444; baseline -0.005 -17"><span class='ocrx_word' id='word_1_537' title='bbox 487 4373 805 4444; x_wconf 84' lang='lat' dir='ltr'><strong>opusculnm</strong></span> <span class='ocrx_word' id='word_1_538' title='bbox 837 4371 941 4427; x_wconf 78' lang='lat' dir='ltr'><strong>[ine</strong></span> <span class='ocrx_word' id='word_1_539' title='bbox 966 4380 1135 4427; x_wconf 88' lang='lat' dir='ltr'><strong>caret.</strong></span> <span class='ocrx_word' id='word_1_540' title='bbox 1616 4372 1625 4381; x_wconf 88' lang='lat'>&#39;</span> 
     </span>
    </p>
   </div>
   <div class='ocr_carea' id='block_1_79' title="bbox 2163 3177 3757 3253">
    <p class='ocr_par' dir='ltr' id='par_1_79' title="bbox 2163 3177 3757 3253">
     <span class='ocr_line' id='line_1_79' title="bbox 2163 3177 3757 3253; baseline -0.002 -15"><span class='ocrx_word' id='word_1_541' title='bbox 2163 3182 2268 3238; x_wconf 86' lang='lat'><strong>966</strong></span> <span class='ocrx_word' id='word_1_542' title='bbox 2321 3180 2376 3237; x_wconf 89' lang='lat' dir='ltr'><strong>in</strong></span> <span class='ocrx_word' id='word_1_543' title='bbox 2410 3177 2789 3236; x_wconf 80' lang='lat' dir='ltr'><strong>Admonitioue</strong></span> <span class='ocrx_word' id='word_1_544' title='bbox 2847 3180 2914 3236; x_wconf 79' lang='lat' dir='ltr'><strong>ad</strong></span> <span class='ocrx_word' id='word_1_545' title='bbox 2961 3180 3131 3251; x_wconf 89' lang='lat' dir='ltr'><strong>ipsam</strong></span> <span class='ocrx_word' id='word_1_546' title='bbox 3183 3181 3506 3253; x_wconf 90' lang='lat' dir='ltr'><strong>Synodicam</strong></span> <span class='ocrx_word' id='word_1_547' title='bbox 3543 3180 3757 3250; x_wconf 69' lang='lat' dir='ltr'><strong>proba-</strong></span> 
     </span>
    </p>
   </div>
   <div class='ocr_carea' id='block_1_80' title="bbox 2164 3287 2358 3327">
    <p class='ocr_par' dir='ltr' id='par_1_80' title="bbox 2164 3287 2358 3327">
     <span class='ocr_line' id='line_1_80' title="bbox 2164 3287 2358 3327; baseline -0.005 -1"><span class='ocrx_word' id='word_1_548' title='bbox 2164 3289 2212 3326; x_wconf 69' lang='grc' dir='ltr'><strong>γε</strong></span> <span class='ocrx_word' id='word_1_549' title='bbox 2222 3287 2358 3327; x_wconf 87' lang='lat' dir='ltr'><strong>mus.</strong></span> 
     </span>
    </p>
   </div>
   <div class='ocr_carea' id='block_1_81' title="bbox 2236 3398 3759 3477">
    <p class='ocr_par' dir='ltr' id='par_1_81' title="bbox 2236 3398 3759 3477">
     <span class='ocr_line' id='line_1_81' title="bbox 2236 3398 3759 3477; baseline 0.001 -21"><span class='ocrx_word' id='word_1_550' title='bbox 2236 3398 2355 3456; x_wconf 71' lang='lat'><strong>“2.</strong></span> <span class='ocrx_word' id='word_1_551' title='bbox 2403 3399 2526 3455; x_wconf 68' lang='lat' dir='ltr'><strong>llrec</strong></span> <span class='ocrx_word' id='word_1_552' title='bbox 2578 3399 2843 3471; x_wconf 75' lang='lat' dir='ltr'><strong>Synodica</strong></span> <span class='ocrx_word' id='word_1_553' title='bbox 2890 3401 3135 3456; x_wconf 74' lang='lat' dir='ltr'><strong>maxime</strong></span> <span class='ocrx_word' id='word_1_554' title='bbox 3177 3401 3388 3471; x_wconf 80' lang='lat' dir='ltr'><strong>insigne</strong></span> <span class='ocrx_word' id='word_1_555' title='bbox 3426 3412 3508 3457; x_wconf 88' lang='lat' dir='ltr'><strong>est</strong></span> <span class='ocrx_word' id='word_1_556' title='bbox 3548 3403 3759 3477; x_wconf 63' lang='lat' dir='ltr'><strong>dccimij</strong></span> 
     </span>
    </p>
   </div>
   <div class='ocr_carea' id='block_1_82' title="bbox 2164 3491 3746 3561">
    <p class='ocr_par' dir='ltr' id='par_1_82' title="bbox 2164 3491 3746 3561">
     <span class='ocr_line' id='line_1_82' title="bbox 2164 3491 3746 3561; baseline 0.001 -16"><span class='ocrx_word' id='word_1_557' title='bbox 2164 3492 2341 3545; x_wconf 68' lang='lat' dir='ltr'><strong>steculi</strong></span> <span class='ocrx_word' id='word_1_558' title='bbox 2393 3492 2795 3553; x_wconf 86' lang='lat' dir='ltr'><strong>documentum,</strong></span> <span class='ocrx_word' id='word_1_559' title='bbox 2840 3505 2908 3544; x_wconf 76' lang='lat' dir='ltr'><strong>ex</strong></span> <span class='ocrx_word' id='word_1_560' title='bbox 2957 3507 3064 3560; x_wconf 85' lang='lat' dir='ltr'><strong>quo</strong></span> <span class='ocrx_word' id='word_1_561' title='bbox 3112 3492 3451 3561; x_wconf 86' lang='lat' dir='ltr'><strong>disciplinam</strong></span> <span class='ocrx_word' id='word_1_562' title='bbox 3502 3491 3746 3561; x_wconf 82' lang='lat' dir='ltr'><strong>ejusdem</strong></span> 
     </span>
    </p>
   </div>
   <div class='ocr_carea' id='block_1_83' title="bbox 2166 3582 3757 3654">
    <p class='ocr_par' dir='ltr' id='par_1_83' title="bbox 2166 3582 3757 3654">
     <span class='ocr_line' id='line_1_83' title="bbox 2166 3582 3757 3654; baseline 0 -17"><span class='ocrx_word' id='word_1_563' title='bbox 2166 3584 2423 3654; x_wconf 89' lang='lat' dir='ltr'><strong>temporis</strong></span> <span class='ocrx_word' id='word_1_564' title='bbox 2461 3583 2798 3653; x_wconf 87' lang='lat' dir='ltr'><strong>potissimum</strong></span> <span class='ocrx_word' id='word_1_565' title='bbox 2834 3582 3209 3653; x_wconf 71' lang='lat' dir='ltr'><strong>agnoscimus.</strong></span> <span class='ocrx_word' id='word_1_566' title='bbox 3231 3583 3488 3654; x_wconf 79' lang='lat' dir='ltr'><strong>Inscripta</strong></span> <span class='ocrx_word' id='word_1_567' title='bbox 3519 3592 3604 3638; x_wconf 88' lang='lat' dir='ltr'><strong>est</strong></span> <span class='ocrx_word' id='word_1_568' title='bbox 3632 3599 3757 3639; x_wconf 80' lang='lat' dir='ltr'><strong>om-</strong></span> 
     </span>
    </p>
   </div>
   <div class='ocr_carea' id='block_1_84' title="bbox 2162 3670 3747 3742">
    <p class='ocr_par' dir='ltr' id='par_1_84' title="bbox 2162 3670 3747 3742">
     <span class='ocr_line' id='line_1_84' title="bbox 2162 3670 3747 3742; baseline 0.001 -20"><span class='ocrx_word' id='word_1_569' title='bbox 2162 3670 2330 3725; x_wconf 83' lang='lat' dir='ltr'><strong>nibus</strong></span> <span class='ocrx_word' id='word_1_570' title='bbox 2348 3671 2679 3742; x_wconf 84' lang='lat' dir='ltr'><strong>presbyteris</strong></span> <span class='ocrx_word' id='word_1_571' title='bbox 2703 3678 2758 3725; x_wconf 88' lang='lat' dir='ltr'><strong>et</strong></span> <span class='ocrx_word' id='word_1_572' title='bbox 2785 3670 2995 3724; x_wconf 69' lang='lat' dir='ltr'><strong>caeteris</strong></span> <span class='ocrx_word' id='word_1_573' title='bbox 3019 3670 3299 3725; x_wconf 86' lang='lat' dir='ltr'><strong>ordinibus</strong></span> <span class='ocrx_word' id='word_1_574' title='bbox 3322 3687 3416 3741; x_wconf 82' lang='lat' dir='ltr'><strong>per</strong></span> <span class='ocrx_word' id='word_1_575' title='bbox 3437 3671 3747 3726; x_wconf 74' lang='lat' dir='ltr'><strong>universam</strong></span> 
     </span>
    </p>
   </div>
   <div class='ocr_carea' id='block_1_85' title="bbox 2162 3759 3753 3830">
    <p class='ocr_par' dir='ltr' id='par_1_85' title="bbox 2162 3759 3753 3830">
     <span class='ocr_line' id='line_1_85' title="bbox 2162 3759 3753 3830; baseline -0.001 -16"><span class='ocrx_word' id='word_1_576' title='bbox 2162 3762 2433 3815; x_wconf 72' lang='lat' dir='ltr'><strong>dimeesim</strong></span> <span class='ocrx_word' id='word_1_577' title='bbox 2461 3761 2785 3816; x_wconf 85' lang='lat' dir='ltr'><strong>constitutis.</strong></span> <span class='ocrx_word' id='word_1_578' title='bbox 2824 3759 2930 3813; x_wconf 82' lang='lat' dir='ltr'><strong>Ter</strong></span> <span class='ocrx_word' id='word_1_579' title='bbox 2961 3774 3053 3812; x_wconf 89' lang='lat' dir='ltr'><strong>eos</strong></span> <span class='ocrx_word' id='word_1_580' title='bbox 3078 3760 3145 3812; x_wconf 84' lang='lat' dir='ltr'><strong>ad</strong></span> <span class='ocrx_word' id='word_1_581' title='bbox 3173 3774 3397 3814; x_wconf 73' lang='lat' dir='ltr'><strong>examen</strong></span> <span class='ocrx_word' id='word_1_582' title='bbox 3437 3760 3490 3813; x_wconf 88' lang='lat' dir='ltr'><strong>in</strong></span> <span class='ocrx_word' id='word_1_583' title='bbox 3542 3759 3753 3830; x_wconf 87' lang='lat' dir='ltr'><strong>synodo</strong></span> 
     </span>
    </p>
   </div>
   <div class='ocr_carea' id='block_1_86' title="bbox 2161 3848 3746 3918">
    <p class='ocr_par' dir='ltr' id='par_1_86' title="bbox 2161 3848 3746 3918">
     <span class='ocr_line' id='line_1_86' title="bbox 2161 3848 3746 3918; baseline 0.001 -18"><span class='ocrx_word' id='word_1_584' title='bbox 2161 3861 2485 3902; x_wconf 76' lang='lat' dir='ltr'><strong>vocaverat:</strong></span> <span class='ocrx_word' id='word_1_585' title='bbox 2520 3858 2574 3902; x_wconf 93' lang='lat' dir='ltr'><strong>et</strong></span> <span class='ocrx_word' id='word_1_586' title='bbox 2608 3865 2729 3903; x_wconf 88' lang='lat' dir='ltr'><strong>cum</strong></span> <span class='ocrx_word' id='word_1_587' title='bbox 2771 3849 2841 3903; x_wconf 91' lang='lat' dir='ltr'><strong>ob</strong></span> <span class='ocrx_word' id='word_1_588' title='bbox 2881 3848 3168 3903; x_wconf 90' lang='lat' dir='ltr'><strong>multarum</strong></span> <span class='ocrx_word' id='word_1_589' title='bbox 3212 3864 3391 3902; x_wconf 88' lang='lat' dir='ltr'><strong>rerum</strong></span> <span class='ocrx_word' id='word_1_590' title='bbox 3441 3848 3651 3918; x_wconf 72' lang='lat' dir='ltr'><strong>cupiam</strong></span> <span class='ocrx_word' id='word_1_591' title='bbox 3680 3863 3746 3902; x_wconf 82' lang='lat' dir='ltr'><strong>ac</strong></span> 
     </span>
    </p>
   </div>
   <div class='ocr_carea' id='block_1_87' title="bbox 2161 3936 3748 4008">
    <p class='ocr_par' dir='ltr' id='par_1_87' title="bbox 2161 3936 3748 4008">
     <span class='ocr_line' id='line_1_87' title="bbox 2161 3936 3748 4008; baseline 0.002 -19"><span class='ocrx_word' id='word_1_592' title='bbox 2161 3937 2431 4006; x_wconf 83' lang='lat' dir='ltr'><strong>potiorum</strong></span> <span class='ocrx_word' id='word_1_593' title='bbox 2461 3937 2698 4007; x_wconf 86' lang='lat' dir='ltr'><strong>capitum</strong></span> <span class='ocrx_word' id='word_1_594' title='bbox 2732 3938 3123 4006; x_wconf 84' lang='lat' dir='ltr'><strong>ignorationem</strong></span> <span class='ocrx_word' id='word_1_595' title='bbox 3162 3936 3295 3991; x_wconf 89' lang='lat' dir='ltr'><strong>nihil</strong></span> <span class='ocrx_word' id='word_1_596' title='bbox 3326 3936 3438 3993; x_wconf 78' lang='lat' dir='ltr'><strong>fere</strong></span> <span class='ocrx_word' id='word_1_597' title='bbox 3484 3939 3748 4008; x_wconf 83' lang='lat' dir='ltr'><strong>potuisset</strong></span> 
     </span>
    </p>
   </div>
   <div class='ocr_carea' id='block_1_88' title="bbox 2161 4018 3755 4100">
    <p class='ocr_par' dir='ltr' id='par_1_88' title="bbox 2161 4018 3755 4100">
     <span class='ocr_line' id='line_1_88' title="bbox 2161 4018 3755 4100; baseline 0.003 -21"><span class='ocrx_word' id='word_1_598' title='bbox 2161 4028 2341 4083; x_wconf 76' lang='lat' dir='ltr'><strong>verbis</strong></span> <span class='ocrx_word' id='word_1_599' title='bbox 2399 4028 2702 4094; x_wconf 83' lang='lat' dir='ltr'><strong>conficere,</strong></span> <span class='ocrx_word' id='word_1_600' title='bbox 2769 4031 2867 4083; x_wconf 91' lang='lat' dir='ltr'><strong>hac</strong></span> <span class='ocrx_word' id='word_1_601' title='bbox 2932 4029 3173 4100; x_wconf 87' lang='lat' dir='ltr'><strong>synodali</strong></span> <span class='ocrx_word' id='word_1_602' title='bbox 3241 4029 3465 4099; x_wconf 85' lang='lat' dir='ltr'><strong>epistola</strong></span> <span class='ocrx_word' id='word_1_603' title='bbox 3529 4018 3755 4099; x_wconf 80' lang='lat' dir='ltr'><strong>scriptis</strong></span> 
     </span>
    </p>
   </div>
   <div class='ocr_carea' id='block_1_89' title="bbox 2161 4116 3754 4187">
    <p class='ocr_par' dir='ltr' id='par_1_89' title="bbox 2161 4116 3754 4187">
     <span class='ocr_line' id='line_1_89' title="bbox 2161 4116 3754 4187; baseline 0.001 -19"><span class='ocrx_word' id='word_1_604' title='bbox 2161 4116 2373 4184; x_wconf 82' lang='lat' dir='ltr'><strong>vulgata</strong></span> <span class='ocrx_word' id='word_1_605' title='bbox 2421 4116 2806 4184; x_wconf 81' lang='lat' dir='ltr'><strong>providendum</strong></span> <span class='ocrx_word' id='word_1_606' title='bbox 2855 4117 3101 4171; x_wconf 88' lang='lat' dir='ltr'><strong>credidit.</strong></span> <span class='ocrx_word' id='word_1_607' title='bbox 3138 4116 3208 4173; x_wconf 85' lang='lat' dir='ltr'><strong>Ut</strong></span> <span class='ocrx_word' id='word_1_608' title='bbox 3250 4117 3557 4172; x_wconf 88' lang='lat' dir='ltr'><strong>mederetur</strong></span> <span class='ocrx_word' id='word_1_609' title='bbox 3597 4117 3754 4187; x_wconf 76' lang='lat' dir='ltr'><strong>igno—</strong></span> 
     </span>
    </p>
   </div>
   <div class='ocr_carea' id='block_1_90' title="bbox 2164 4205 3745 4277">
    <p class='ocr_par' dir='ltr' id='par_1_90' title="bbox 2164 4205 3745 4277">
     <span class='ocr_line' id='line_1_90' title="bbox 2164 4205 3745 4277; baseline 0 -18"><span class='ocrx_word' id='word_1_610' title='bbox 2164 4206 2350 4259; x_wconf 51' lang='lat' dir='ltr'><strong>ramice</strong></span> <span class='ocrx_word' id='word_1_611' title='bbox 2395 4205 2541 4260; x_wconf 84' lang='lat' dir='ltr'><strong>circa</strong></span> <span class='ocrx_word' id='word_1_612' title='bbox 2572 4206 2908 4276; x_wconf 85' lang='lat' dir='ltr'><strong>symbolum,</strong></span> <span class='ocrx_word' id='word_1_613' title='bbox 2941 4207 3044 4260; x_wconf 91' lang='lat' dir='ltr'><strong>tria</strong></span> <span class='ocrx_word' id='word_1_614' title='bbox 3093 4206 3334 4277; x_wconf 83' lang='lat' dir='ltr'><strong>symbola</strong></span> <span class='ocrx_word' id='word_1_615' title='bbox 3370 4207 3655 4261; x_wconf 78' lang='lat' dir='ltr'><strong>scribenda</strong></span> <span class='ocrx_word' id='word_1_616' title='bbox 3691 4215 3745 4261; x_wconf 88' lang='lat' dir='ltr'><strong>et</strong></span> 
     </span>
    </p>
   </div>
   <div class='ocr_carea' id='block_1_91' title="bbox 2163 4294 3755 4365">
    <p class='ocr_par' dir='ltr' id='par_1_91' title="bbox 2163 4294 3755 4365">
     <span class='ocr_line' id='line_1_91' title="bbox 2163 4294 3755 4365; baseline 0 -17"><span class='ocrx_word' id='word_1_617' title='bbox 2163 4295 2435 4348; x_wconf 67' lang='lat' dir='ltr'><strong>memoria:</strong></span> <span class='ocrx_word' id='word_1_618' title='bbox 2482 4295 2783 4348; x_wconf 86' lang='lat' dir='ltr'><strong>mandanda</strong></span> <span class='ocrx_word' id='word_1_619' title='bbox 2814 4295 3098 4365; x_wconf 68' lang='lat' dir='ltr'><strong>praecepit,</strong></span> <span class='ocrx_word' id='word_1_620' title='bbox 3130 4296 3182 4348; x_wconf 92' lang='lat' dir='ltr'><strong>id</strong></span> <span class='ocrx_word' id='word_1_621' title='bbox 3210 4304 3292 4348; x_wconf 90' lang='lat' dir='ltr'><strong>est</strong></span> <span class='ocrx_word' id='word_1_622' title='bbox 3334 4294 3623 4363; x_wconf 76' lang='lat' dir='ltr'><strong>symbolum</strong></span> <span class='ocrx_word' id='word_1_623' title='bbox 3652 4309 3755 4348; x_wconf 80' lang='lat' dir='ltr'><strong>seu-</strong></span> 
     </span>
    </p>
   </div>
   <div class='ocr_carea' id='block_1_92' title="bbox 2163 4384 3749 4456">
    <p class='ocr_par' dir='ltr' id='par_1_92' title="bbox 2163 4384 3749 4456">
     <span class='ocr_line' id='line_1_92' title="bbox 2163 4384 3749 4456; baseline 0.001 -17"><span class='ocrx_word' id='word_1_624' title='bbox 2163 4385 2495 4439; x_wconf 69' lang='lat' dir='ltr'><strong>collationem</strong></span> <span class='ocrx_word' id='word_1_625' title='bbox 2543 4387 2918 4455; x_wconf 74' lang='lat' dir='ltr'><strong>apostolormn,</strong></span> <span class='ocrx_word' id='word_1_626' title='bbox 2955 4406 2973 4437; x_wconf 76' lang='grc' dir='ltr'><strong>ι</strong></span> <span class='ocrx_word' id='word_1_627' title='bbox 3023 4387 3162 4441; x_wconf 86' lang='lat' dir='ltr'><strong>sicut</strong></span> <span class='ocrx_word' id='word_1_628' title='bbox 3210 4387 3262 4440; x_wconf 90' lang='lat' dir='ltr'><strong>in</strong></span> <span class='ocrx_word' id='word_1_629' title='bbox 3311 4384 3580 4456; x_wconf 83' lang='lat' dir='ltr'><strong>psalteriis</strong></span> <span class='ocrx_word' id='word_1_630' title='bbox 3622 4402 3749 4440; x_wconf 44' lang='lat' dir='ltr'><strong>core</strong></span> 
     </span>
    </p>
   </div>
   <div class='ocr_carea' id='block_1_93' title="bbox 564 4450 3775 4556">
    <p class='ocr_par' dir='ltr' id='par_1_93' title="bbox 564 4450 3775 4556">
     <span class='ocr_line' id='line_1_93' title="bbox 564 4450 3775 4556; baseline -0.004 -15"><span class='ocrx_word' id='word_1_631' title='bbox 564 4486 684 4541; x_wconf 78' lang='grc'><strong>111.</strong></span> <span class='ocrx_word' id='word_1_632' title='bbox 714 4485 845 4540; x_wconf 88' lang='lat' dir='ltr'><strong>Cum</strong></span> <span class='ocrx_word' id='word_1_633' title='bbox 878 4485 1091 4556; x_wconf 80' lang='lat' dir='ltr'><strong>(Itiner.</strong></span> <span class='ocrx_word' id='word_1_634' title='bbox 1124 4498 1271 4538; x_wconf 85' lang='lat' dir='ltr'><strong>num.</strong></span> <span class='ocrx_word' id='word_1_635' title='bbox 1301 4484 1355 4553; x_wconf 85' lang='lat'><strong>5)</strong></span> <span class='ocrx_word' id='word_1_636' title='bbox 1384 4482 1469 4537; x_wconf 86' lang='lat' dir='ltr'><strong>bis</strong></span> <span class='ocrx_word' id='word_1_637' title='bbox 1513 4483 1567 4535; x_wconf 91' lang='lat' dir='ltr'><strong>in</strong></span> <span class='ocrx_word' id='word_1_638' title='bbox 1610 4495 1750 4535; x_wconf 89' lang='lat' dir='ltr'><strong>anno</strong></span> <span class='ocrx_word' id='word_1_639' title='bbox 1784 4479 2060 4548; x_wconf 88' lang='lat' dir='ltr'><strong>episcopos</strong></span> <span class='ocrx_word' id='word_1_640' title='bbox 2087 4450 2136 4508; x_wconf 68' lang='grc' dir='ltr'><strong><em>Β</em></strong></span> <span class='ocrx_word' id='word_1_641' title='bbox 2169 4478 2339 4532; x_wconf 86' lang='lat' dir='ltr'><strong>rectis</strong></span> <span class='ocrx_word' id='word_1_642' title='bbox 2372 4450 2663 4542; x_wconf 67' lang='lat' dir='ltr'><strong>invenitur,</strong></span> <span class='ocrx_word' id='word_1_643' title='bbox 2705 4499 2722 4529; x_wconf 79' lang='grc' dir='ltr'><strong>ι</strong></span> <span class='ocrx_word' id='word_1_644' title='bbox 2762 4478 3070 4546; x_wconf 90' lang='lat' dir='ltr'><strong>illudquod</strong></span> <span class='ocrx_word' id='word_1_645' title='bbox 3119 4478 3173 4531; x_wconf 92' lang='lat' dir='ltr'><strong>in</strong></span> <span class='ocrx_word' id='word_1_646' title='bbox 3209 4450 3375 4531; x_wconf 81' lang='lat' dir='ltr'><strong>missa</strong></span> <span class='ocrx_word' id='word_1_647' title='bbox 3420 4477 3657 4541; x_wconf 89' lang='lat' dir='ltr'><strong>canitur,</strong></span> <span class='ocrx_word' id='word_1_648' title='bbox 3690 4485 3775 4543; x_wconf 41' lang='lat' dir='ltr'><strong>et,</strong></span> 
     </span>
    </p>
   </div>
   <div class='ocr_carea' id='block_1_94' title="bbox 491 4568 2060 4651">
    <p class='ocr_par' dir='ltr' id='par_1_94' title="bbox 491 4568 2060 4651">
     <span class='ocr_line' id='line_1_94' title="bbox 491 4568 2060 4651; baseline -0.011 -14"><span class='ocrx_word' id='word_1_649' title='bbox 491 4579 755 4651; x_wconf 84' lang='lat' dir='ltr'><strong>synodum</strong></span> <span class='ocrx_word' id='word_1_650' title='bbox 798 4576 1000 4632; x_wconf 79' lang='lat' dir='ltr'><strong>habere</strong></span> <span class='ocrx_word' id='word_1_651' title='bbox 1039 4576 1178 4631; x_wconf 90' lang='lat' dir='ltr'><strong>sacri</strong></span> <span class='ocrx_word' id='word_1_652' title='bbox 1210 4588 1446 4630; x_wconf 87' lang='lat' dir='ltr'><strong>canones</strong></span> <span class='ocrx_word' id='word_1_653' title='bbox 1470 4572 1723 4641; x_wconf 87' lang='lat' dir='ltr'><strong>jubeant,</strong></span> <span class='ocrx_word' id='word_1_654' title='bbox 1755 4571 1807 4624; x_wconf 88' lang='lat' dir='ltr'><strong>id</strong></span> <span class='ocrx_word' id='word_1_655' title='bbox 1837 4568 2060 4637; x_wconf 80' lang='lat' dir='ltr'><strong>exsequi</strong></span> 
     </span>
    </p>
   </div>
   <div class='ocr_carea' id='block_1_95' title="bbox 490 4660 2064 4739">
    <p class='ocr_par' dir='ltr' id='par_1_95' title="bbox 490 4660 2064 4739">
     <span class='ocr_line' id='line_1_95' title="bbox 490 4660 2064 4739; baseline -0.007 -14"><span class='ocrx_word' id='word_1_656' title='bbox 490 4688 593 4725; x_wconf 86' lang='lat' dir='ltr'><strong>non</strong></span> <span class='ocrx_word' id='word_1_657' title='bbox 649 4667 1084 4739; x_wconf 55' lang='lat' dir='ltr'><strong>praetermisisset</strong></span> <span class='ocrx_word' id='word_1_658' title='bbox 1133 4665 1452 4727; x_wconf 80' lang='lat' dir='ltr'><strong>Ratherius,</strong></span> <span class='ocrx_word' id='word_1_659' title='bbox 1500 4664 1543 4717; x_wconf 91' lang='lat' dir='ltr'><strong>si</strong></span> <span class='ocrx_word' id='word_1_660' title='bbox 1579 4663 1706 4732; x_wconf 91' lang='lat' dir='ltr'><strong>quid</strong></span> <span class='ocrx_word' id='word_1_661' title='bbox 1758 4660 1811 4715; x_wconf 89' lang='lat' dir='ltr'><strong>in</strong></span> <span class='ocrx_word' id='word_1_662' title='bbox 1844 4660 2064 4731; x_wconf 88' lang='lat' dir='ltr'><strong>synodis</strong></span> 
     </span>
    </p>
   </div>
   <div class='ocr_carea' id='block_1_96' title="bbox 486 4745 2055 4825">
    <p class='ocr_par' dir='ltr' id='par_1_96' title="bbox 486 4745 2055 4825">
     <span class='ocr_line' id='line_1_96' title="bbox 486 4745 2055 4825; baseline -0.008 -16"><span class='ocrx_word' id='word_1_663' title='bbox 486 4759 690 4812; x_wconf 85' lang='lat' dir='ltr'><strong>utiliter</strong></span> <span class='ocrx_word' id='word_1_664' title='bbox 717 4770 875 4825; x_wconf 82' lang='lat' dir='ltr'><strong>agere</strong></span> <span class='ocrx_word' id='word_1_665' title='bbox 899 4745 963 4810; x_wconf 85' lang='lat' dir='ltr'><strong>se</strong></span> <span class='ocrx_word' id='word_1_666' title='bbox 994 4769 1150 4824; x_wconf 81' lang='lat' dir='ltr'><strong>posse</strong></span> <span class='ocrx_word' id='word_1_667' title='bbox 1179 4754 1518 4809; x_wconf 88' lang='lat' dir='ltr'><strong>credidisset.</strong></span> <span class='ocrx_word' id='word_1_668' title='bbox 1542 4750 1739 4804; x_wconf 80' lang='lat' dir='ltr'><strong>Verum</strong></span> <span class='ocrx_word' id='word_1_669' title='bbox 1773 4768 1792 4800; x_wconf 76' lang='grc' dir='ltr'><strong>ι</strong></span> <span class='ocrx_word' id='word_1_670' title='bbox 1821 4749 1971 4803; x_wconf 89' lang='lat' dir='ltr'><strong>scitis</strong></span> <span class='ocrx_word' id='word_1_671' title='bbox 1989 4787 2003 4810; x_wconf 89' lang='lat'><strong>,</strong></span> <span class='ocrx_word' id='word_1_672' title='bbox 2036 4766 2055 4797; x_wconf 72' lang='grc' dir='ltr'><strong>ι</strong></span> 
     </span>
    </p>
   </div>
   <div class='ocr_carea' id='block_1_97' title="bbox 488 4840 2062 4922">
    <p class='ocr_par' dir='ltr' id='par_1_97' title="bbox 488 4840 2062 4922">
     <span class='ocr_line' id='line_1_97' title="bbox 488 4840 2062 4922; baseline -0.007 -19"><span class='ocrx_word' id='word_1_673' title='bbox 488 4853 666 4922; x_wconf 71' lang='lat' dir='ltr'><strong>inquit</strong></span> <span class='ocrx_word' id='word_1_674' title='bbox 707 4852 761 4903; x_wconf 80' lang='lat' dir='ltr'><strong>in</strong></span> <span class='ocrx_word' id='word_1_675' title='bbox 804 4848 1088 4902; x_wconf 71' lang='lat' dir='ltr'><strong>[litterario</strong></span> <span class='ocrx_word' id='word_1_676' title='bbox 1140 4848 1205 4901; x_wconf 86' lang='lat' dir='ltr'><strong>ad</strong></span> <span class='ocrx_word' id='word_1_677' title='bbox 1251 4862 1378 4900; x_wconf 87' lang='lat' dir='ltr'><strong>suos</strong></span> <span class='ocrx_word' id='word_1_678' title='bbox 1420 4844 1680 4905; x_wconf 83' lang='lat' dir='ltr'><strong>clericos,</strong></span> <span class='ocrx_word' id='word_1_679' title='bbox 1717 4858 1747 4891; x_wconf 71' lang='grc' dir='ltr'><strong>ι</strong></span> <span class='ocrx_word' id='word_1_680' title='bbox 1782 4840 1932 4894; x_wconf 84' lang='lat' dir='ltr'><strong>scitis</strong></span> <span class='ocrx_word' id='word_1_681' title='bbox 1976 4852 2062 4892; x_wconf 85' lang='lat' dir='ltr'><strong>me</strong></span> 
     </span>
    </p>
   </div>
   <div class='ocr_carea' id='block_1_98' title="bbox 484 4930 2069 4976">
    <p class='ocr_par' dir='ltr' id='par_1_98' title="bbox 484 4930 2069 4976">
     <span class='ocr_line' id='line_1_98' title="bbox 484 4930 2069 4976; baseline 0 0"><span class='ocrx_word' id='word_1_682' title='bbox 484 4955 701 4976; x_wconf 73' lang='lat' dir='ltr'><strong>Cuntl\ol‘</strong></span> <span class='ocrx_word' id='word_1_683' title='bbox 732 4940 830 4976; x_wconf 78' lang='lat' dir='ltr'><strong>lum</strong></span> <span class='ocrx_word' id='word_1_684' title='bbox 867 4952 1025 4976; x_wconf 67' lang='lat' dir='ltr'><strong>ngam</strong></span> <span class='ocrx_word' id='word_1_685' title='bbox 1055 4936 1174 4976; x_wconf 69' lang='lat' dir='ltr'><strong>irlnn</strong></span> <span class='ocrx_word' id='word_1_686' title='bbox 1199 4935 1493 4976; x_wconf 59' lang='lat' dir='ltr'><strong>distulisse-</strong></span> <span class='ocrx_word' id='word_1_687' title='bbox 1521 4930 1661 4976; x_wconf 81' lang='lat' dir='ltr'><strong>nth</strong></span> <span class='ocrx_word' id='word_1_688' title='bbox 1690 4931 1923 4976; x_wconf 78' lang='lat' dir='ltr'><strong>dicerem</strong></span> <span class='ocrx_word' id='word_1_689' title='bbox 1948 4944 2069 4976; x_wconf 75' lang='lat' dir='ltr'><strong>me...</strong></span> 
     </span>
    </p>
   </div>
   <div class='ocr_carea' id='block_1_99' title="bbox 2171 4566 3745 4636">
    <p class='ocr_par' dir='ltr' id='par_1_99' title="bbox 2171 4566 3745 4636">
     <span class='ocr_line' id='line_1_99' title="bbox 2171 4566 3745 4636; baseline 0.001 -15"><span class='ocrx_word' id='word_1_690' title='bbox 2171 4568 2301 4621; x_wconf 90' lang='lat' dir='ltr'><strong>illud</strong></span> <span class='ocrx_word' id='word_1_691' title='bbox 2327 4568 2470 4636; x_wconf 91' lang='lat' dir='ltr'><strong>quod</strong></span> <span class='ocrx_word' id='word_1_692' title='bbox 2510 4568 2566 4623; x_wconf 90' lang='lat' dir='ltr'><strong>S.</strong></span> <span class='ocrx_word' id='word_1_693' title='bbox 2596 4569 2880 4622; x_wconf 85' lang='lat' dir='ltr'><strong>Athanasii</strong></span> <span class='ocrx_word' id='word_1_694' title='bbox 2928 4568 3145 4622; x_wconf 88' lang='lat' dir='ltr'><strong>nomine</strong></span> <span class='ocrx_word' id='word_1_695' title='bbox 3183 4566 3584 4632; x_wconf 79' lang='lat' dir='ltr'><strong>circumfertur,</strong></span> <span class='ocrx_word' id='word_1_696' title='bbox 3625 4583 3745 4622; x_wconf 86' lang='lat' dir='ltr'><strong>mo-</strong></span> 
     </span>
    </p>
   </div>
   <div class='ocr_carea' id='block_1_100' title="bbox 2169 4655 3739 4726">
    <p class='ocr_par' dir='ltr' id='par_1_100' title="bbox 2169 4655 3739 4726">
     <span class='ocr_line' id='line_1_100' title="bbox 2169 4655 3739 4726; baseline -0.001 -16"><span class='ocrx_word' id='word_1_697' title='bbox 2169 4657 2392 4725; x_wconf 88' lang='lat' dir='ltr'><strong>nuitque</strong></span> <span class='ocrx_word' id='word_1_698' title='bbox 2451 4657 2718 4710; x_wconf 86' lang='lat' dir='ltr'><strong>neminem</strong></span> <span class='ocrx_word' id='word_1_699' title='bbox 2764 4655 2831 4709; x_wconf 91' lang='lat' dir='ltr'><strong>ad</strong></span> <span class='ocrx_word' id='word_1_700' title='bbox 2889 4658 3249 4713; x_wconf 87' lang='lat' dir='ltr'><strong>sacerdotium</strong></span> <span class='ocrx_word' id='word_1_701' title='bbox 3295 4659 3739 4726; x_wconf 69' lang='lat' dir='ltr'><strong>promerendum,</strong></span> 
     </span>
    </p>
   </div>
   <div class='ocr_carea' id='block_1_101' title="bbox 2168 4747 3742 4820">
    <p class='ocr_par' dir='ltr' id='par_1_101' title="bbox 2168 4747 3742 4820">
     <span class='ocr_line' id='line_1_101' title="bbox 2168 4747 3742 4820; baseline 0 -18"><span class='ocrx_word' id='word_1_702' title='bbox 2168 4756 2262 4802; x_wconf 82' lang='lat' dir='ltr'><strong>aut</strong></span> <span class='ocrx_word' id='word_1_703' title='bbox 2288 4748 2340 4802; x_wconf 91' lang='lat' dir='ltr'><strong>in</strong></span> <span class='ocrx_word' id='word_1_704' title='bbox 2369 4747 2670 4804; x_wconf 84' lang='lat' dir='ltr'><strong>sacerdotio</strong></span> <span class='ocrx_word' id='word_1_705' title='bbox 2699 4763 3132 4819; x_wconf 88' lang='lat' dir='ltr'><strong>permansurum,</strong></span> <span class='ocrx_word' id='word_1_706' title='bbox 3161 4750 3262 4803; x_wconf 90' lang='lat' dir='ltr'><strong>nisi</strong></span> <span class='ocrx_word' id='word_1_707' title='bbox 3285 4751 3472 4804; x_wconf 89' lang='lat' dir='ltr'><strong>eadem</strong></span> <span class='ocrx_word' id='word_1_708' title='bbox 3498 4748 3742 4820; x_wconf 88' lang='lat' dir='ltr'><strong>symbola</strong></span> 
     </span>
    </p>
   </div>
   <div class='ocr_carea' id='block_1_102' title="bbox 2170 4838 3741 4909">
    <p class='ocr_par' dir='ltr' id='par_1_102' title="bbox 2170 4838 3741 4909">
     <span class='ocr_line' id='line_1_102' title="bbox 2170 4838 3741 4909; baseline 0 -17"><span class='ocrx_word' id='word_1_709' title='bbox 2170 4838 2426 4893; x_wconf 74' lang='lat' dir='ltr'><strong>uicinoria</strong></span> <span class='ocrx_word' id='word_1_710' title='bbox 2456 4846 2696 4902; x_wconf 88' lang='lat' dir='ltr'><strong>teneret,</strong></span> <span class='ocrx_word' id='word_1_711' title='bbox 2725 4854 2845 4893; x_wconf 90' lang='lat' dir='ltr'><strong>cum</strong></span> <span class='ocrx_word' id='word_1_712' title='bbox 2880 4858 2897 4889; x_wconf 76' lang='grc' dir='ltr'><strong>ι</strong></span> <span class='ocrx_word' id='word_1_713' title='bbox 2933 4840 3178 4909; x_wconf 79' lang='lat' dir='ltr'><strong>proxime</strong></span> <span class='ocrx_word' id='word_1_714' title='bbox 3211 4859 3230 4891; x_wconf 77' lang='grc' dir='ltr'><strong>ι</strong></span> <span class='ocrx_word' id='word_1_715' title='bbox 3275 4842 3341 4893; x_wconf 90' lang='lat' dir='ltr'><strong>ad</strong></span> <span class='ocrx_word' id='word_1_716' title='bbox 3374 4854 3601 4894; x_wconf 83' lang='lat' dir='ltr'><strong>examen</strong></span> <span class='ocrx_word' id='word_1_717' title='bbox 3646 4853 3741 4892; x_wconf 54' lang='lat' dir='ltr'><strong>voc</strong></span> 
     </span>
    </p>
   </div>
   <div class='ocr_carea' id='block_1_103' title="bbox 2163 4926 3742 4976">
    <p class='ocr_par' dir='ltr' id='par_1_103' title="bbox 2163 4926 3742 4976">
     <span class='ocr_line' id='line_1_103' title="bbox 2163 4926 3742 4976; baseline 0 0"><span class='ocrx_word' id='word_1_718' title='bbox 2163 4928 2373 4976; x_wconf 79' lang='lat' dir='ltr'><strong>caltitur</strong></span> <span class='ocrx_word' id='word_1_719' title='bbox 2402 4926 2610 4976; x_wconf 78' lang='lat' dir='ltr'><strong>lltiner.</strong></span> <span class='ocrx_word' id='word_1_720' title='bbox 2643 4944 2791 4976; x_wconf 89' lang='lat' dir='ltr'><strong>nnm.</strong></span> <span class='ocrx_word' id='word_1_721' title='bbox 2819 4928 2894 4976; x_wconf 72' lang='lat' dir='ltr'><strong>7i.</strong></span> <span class='ocrx_word' id='word_1_722' title='bbox 2926 4929 3148 4976; x_wconf 69' lang='lat' dir='ltr'><strong>Vocavit</strong></span> <span class='ocrx_word' id='word_1_723' title='bbox 3181 4938 3358 4976; x_wconf 73' lang='lat' dir='ltr'><strong>autem</strong></span> <span class='ocrx_word' id='word_1_724' title='bbox 3388 4936 3509 4976; x_wconf 85' lang='lat' dir='ltr'><strong>nost</strong></span> <span class='ocrx_word' id='word_1_725' title='bbox 3537 4927 3742 4976; x_wconf 84' lang='lat' dir='ltr'><strong>alinnot</strong></span> 
     </span>
    </p>
   </div>
  </div>
