4038 5388
253 251 347 304 H7

1248 254 1779 312 PllOLEGO’MENA.
1819 283 1886 292 —-
1925 251 2251 306 RA'lHEllll
2293 252 2468 307 Vl'l‘A.
2510 281 2511 284 η

3394 256 3496 309 118

249 379 368 418 rum
405 363 657 432 pluribus
711 367 842 433 agit,
872 380 1076 422 necnon
1109 369 1174 422 de
1215 368 1304 432 iis,
1335 384 1454 436 qua:
1491 368 1670 423 clerici
1715 365 1826 421 cal-
1856 367 1905 426 Α
1932 365 2024 419 sia:
2065 365 2325 430 clericus,
2362 367 2453 437 qui
2495 366 2548 422 in
2581 368 2902 438 praecedenti
2931 367 3346 438 Quadragesima
3392 367 3499 420 tilio

250 459 359 511 lei'e
391 465 449 509 et
483 457 536 509 itt
576 457 770 524 quibus
814 458 1056 512 exerceri
1093 459 1307 512 debent.
1355 459 1490 512 Dum
1523 457 1684 512 studii
1734 471 1826 508 ne-

249 549 566 602 cessitatem
610 547 864 613 inculcat,
914 549 1150 603 declarat
1196 549 1523 602 ordinandos
1563 547 1705 601 nulla
1742 561 1828 599 ra-

253 638 397 690 tione
429 638 499 690 ad
525 638 744 692 ordines
772 646 1073 705 promotmn
1106 637 1194 700 iri,
1223 654 1241 687 ι
1281 637 1379 690 nisi
1411 646 1504 689 aut
1529 636 1579 688 in
1611 635 1827 688 civitate

251 739 460 790 nostra,
499 747 518 778 ι
553 729 727 797 inquit
750 729 822 797 (id
863 737 944 782 est
975 728 1025 780 in
1069 726 1250 781 schola
1290 727 1454 796 ipsius
1484 723 1826 794 cathedralis)

256 835 274 867 ι
326 828 421 870 aut
475 819 528 871 in
581 820 760 888 aliquo
806 819 1165 882 monasterio,
1218 817 1299 872 vel
1352 817 1491 886 apud
1535 815 1830 886 quemlibet

249 911 555 978 sapientem
585 914 650 966 ad
683 923 890 982 tempus
931 912 1231 967 conversati
1283 911 1502 973 fuerint,
1548 917 1603 964 et
1637 908 1830 962 litteris

251 1002 652 1068 aliquantulum
682 1006 896 1067 eruditi,
930 1015 987 1058 ιιι
1027 1005 1200 1058 idonei
1249 1004 1532 1056 videantur
1564 1001 1827 1056 ecclesia-

250 1091 400 1144 stica:
452 1094 720 1162 dignitati.
755 1115 771 1144 ι
803 1095 1096 1148 Pcculiaris
1132 1104 1215 1147 est
1257 1093 1577 1147 abstinentia
1626 1107 1654 1144 a
1707 1107 1828 1146 car-

251 1181 411 1235 nibus
445 1194 683 1252 quatuor
733 1185 1156 1238 hebdomadibus
1209 1196 1333 1238 ante
1385 1183 1572 1237 Natale
1621 1182 1834 1236 Domini

253 1272 435 1341 (festis
484 1273 677 1328 diebus
723 1276 982 1344 exceptis)
1020 1276 1329 1345 [inescripta
1352 1315 1365 1339 ,
1394 1275 1550 1328 sicuti
1580 1283 1634 1328 et
1661 1274 1835 1328 conti-

253 1363 434 1415 nentia
475 1364 790 1433 praescripta
819 1363 1116 1434 conjugatis
1159 1376 1268 1418 tum
1323 1366 1372 1418 in
1422 1366 1690 1426 Adventu,
1721 1374 1831 1417 tum

253 1453 417 1505 etiam
447 1453 641 1507 diebus
675 1455 857 1523 viginti
893 1466 1014 1522 post
1043 1454 1248 1517 Natale,
1285 1455 1336 1508 in
1367 1457 1573 1508 oetavis
1616 1453 1835 1507 Pascha:

254 1554 305 1596 et
333 1529 706 1610 l’entecostes,
756 1546 807 1597 in
854 1545 1074 1609 litaniis,
1109 1554 1163 1598 et
1191 1545 1430 1598 omnium
1484 1544 1833 1599 festivitatunt

257 1635 482 1702 vigiliis,
511 1635 678 1688 sextis
701 1637 860 1688 etiam
889 1635 1057 1699 feriis,
1082 1637 1350 1705 praecipue
1373 1646 1550 1688 autem
1583 1634 1834 1687 omnibus

1929 470 2027 508 suo
2062 455 2188 508 item
2211 455 2407 510 clerico
2432 471 2652 511 uxorem
2685 457 2995 510 tradiderat.
3023 457 3154 510 Cutn
3181 456 3501 510 clericorum

1927 549 2140 616 nuptias
2175 549 2460 618 episcopus
2503 564 2716 619 semper
2745 558 2827 603 est
2857 549 3185 612 detestatus,
3227 557 3336 601 tum
3377 562 3504 601 vero

1928 637 1979 690 in
2010 640 2108 693 has
2136 641 2431 707 praesertim
2466 640 2756 703 invehitur,
2789 657 2852 694 eo
2887 640 3028 709 quod
3071 639 3378 709 illegalitate
3408 638 3506 691 du-

1928 727 2058 796 plici
2111 737 2165 780 et
2216 728 2650 797 Quadragesimte
2704 738 2943 798 tempore
2993 729 3138 783 initte
3183 730 3414 792 fuerint,
3453 736 3508 781 et

1928 827 2090 872 nocte
2119 817 2396 873 Dominica
2435 830 2838 876 consummat-.13.
2885 820 3072 876 Simile
3101 822 3375 891 quidpiam
3412 836 3508 874 att-

1927 917 2015 961 tea
2063 907 2258 961 fecerat
2297 907 2682 974 Pedrevertus;
2732 911 2824 964 sed
2877 911 2922 964 is
2968 927 3030 965 ea
3080 911 3332 965 cautione
3381 925 3508 964 usus

1932 996 2126 1061 fuerat,
2160 1008 2217 1051 ut
2247 999 2647 1052 matrimonium
2688 1016 2715 1052 a
2750 1001 2860 1054 lilio
2888 1001 3238 1055 contrahetur
3265 999 3474 1055 occulte
3493 1039 3508 1062 ,

1933 1086 2172 1142 Joannes
2200 1104 2330 1142 vero
2364 1106 2382 1138 ι
2416 1097 2522 1142 tam
2555 1089 2836 1144 manifeste
2865 1092 2965 1145 hoc
2995 1091 3142 1156 fecit,
3163 1101 3220 1144 ut
3242 1091 3511 1144 neminem

1934 1181 2090 1235 istius
2131 1182 2365 1236 civitatis
2404 1181 2572 1236 latere
2601 1182 2848 1236 valuerit.
2884 1202 2901 1234 ι
2939 1183 3169 1236 Tantum
3201 1181 3511 1236 scandalum

1936 1288 2042 1327 non
2071 1273 2352 1327 ferendum
2385 1274 2668 1343 episcopus
2697 1275 2882 1339 duxit;
2913 1294 2930 1325 ι
2959 1275 3082 1343 quia
3106 1274 3149 1328 si
3174 1273 3515 1340 irrepreheu-

1935 1381 2053 1418 sum
2080 1365 2420 1434 relinquitur,
2450 1363 2565 1433 iure
2592 1365 2790 1420 factum
2821 1367 3040 1421 omnino
3059 1367 3360 1420 videbitur:
3394 1365 3518 1417 nul-

1937 1456 2020 1511 lus
2045 1458 2188 1512 enim
2220 1472 2324 1511 non
2355 1459 2622 1512 dubitabit
2651 1460 2954 1528 exemplum
2985 1459 3107 1512 inde
3130 1472 3342 1528 capere,
3374 1456 3521 1525 quod

1939 1551 2266 1619 compererit
2305 1551 2574 1604 neminem
2605 1550 2958 1620 vituperasse.
2991 1569 3008 1601 ι
3050 1548 3274 1602 Mentem
3302 1547 3516 1616 quidem

1939 1652 2220 1711 parentum
2255 1641 2308 1695 in
2347 1643 2498 1696 hisce
2535 1642 2760 1695 ﬁliorum
2792 1641 2992 1710 nuptiis
3017 1639 3369 1710 procurandis
3398 1652 3519 1691 eam

259 1725 450 1778 δίει)υὸ
508 1724 818 1778 υοιιιίηίείδ·
871 1725 1056 1791 Quoad
1118 1727 1307 1778 hor-II“
1359 1724 1547 1794 .it’jlll'lii
1599 1723 1836 1776 εοινεηάί
1867 1711 1914 1770 Β
1943 1731 2110 1787 fuisse
2153 1734 2450 1797 existimat,
2483 1733 2624 1802 quod
2658 1734 2709 1786 in
2745 1733 3149 1801 comparatione
3178 1730 3302 1784 mali
3335 1729 3533 1783 melius

259 1813 700 1882 Quadragesima:
743 1822 1004 1882 tempore,
1037 1814 1218 1866 mitior
1247 1814 1459 1866 inducta
1494 1813 1838 1882 cognoscitur

257 1904 625 1958 ecclesiastica
656 1905 954 1974 disciplina.
982 1904 1114 1958 Cum
1155 1905 1297 1958 enim
1333 1919 1398 1957 ex
1428 1905 1593 1958 veteri
1621 1905 1839 1956 institu-

259 1997 401 2050 tione
449 1998 591 2050 idem
633 1997 894 2066 jejunium
925 1998 1342 2066 protrahendum
1369 2004 1512 2050 esset
1553 1996 1620 2048 ad
1658 2009 1842 2064 vespe-

259 2106 370 2143 ram
402 2106 605 2159 usque,
642 2091 694 2142 in
723 2089 985 2157 Synodica
1023 2090 1218 2143 solutio
1243 2090 1358 2157 ejus
1383 2089 1696 2142 conceditur
1722 2096 1843 2156 post

258 2180 444 2234 horam
493 2196 713 2233 nonam.
745 2180 858 2233 llac
903 2181 969 2234 de
1008 2196 1062 2233 re
1094 2181 1289 2234 videsis
1317 2181 1466 2247 plura
1508 2179 1558 2230 in
1595 2179 1839 2230 cannlem

259 2269 604 2337 Synodiaim,
655 2279 766 2324 not.
812 2270 900 2324 48.
949 2271 1178 2339 Expetit,
1234 2285 1300 2322 ne
1354 2269 1472 2321 ullzc
1526 2269 1842 2322 festivitates

258 2368 570 2414 sanctorum
619 2361 883 2430 (exceptis
911 2360 1066 2416 festis
1107 2362 1164 2413 Β.
1209 2360 1410 2423 Mat-ite,
1455 2360 1840 2428 apostolorum,

258 2466 319 2506 ac
347 2452 597 2505 ecclesim
627 2453 863 2522 patroni)
911 2453 963 2506 in
1007 2453 1452 2520 Qumlragesima,
1482 2460 1536 2504 et
1578 2453 1629 2504 in
1654 2453 1846 2507 diebus

255 2540 439 2609 jcjtmii
469 2553 706 2610 quatuor
742 2552 1043 2612 temporum
1091 2543 1454 2600 celebrentur.
1495 2545 1594 2597 hac
1638 2545 1845 2599 ratione

263 2633 438 2695 allata,
469 2634 595 2702 quia
641 2634 725 2688 his
774 2636 965 2689 diebus
999 2655 1015 2684 ι
1051 2632 1524 2703 magisjejunium
1558 2635 1846 2687 tenendum

261 2739 421 2792 quam
448 2726 714 2780 festivitas
743 2727 1089 2780 celebranda.
1121 2745 1139 2775 ι
1167 2727 1300 2778 Cum
1335 2726 1538 2779 scilicet
1561 2740 1626 2778 ex
1661 2725 1845 2778 Eccle-

261 2820 359 2870 sia:
399 2818 680 2888 disciplina
722 2819 911 2873 diebus
959 2820 1165 2873 festivis
1210 2835 1314 2872 non
1360 2829 1670 2871 servaretur
1703 2817 1846 2886 jeju-

265 2907 439 2970 nium,
474 2921 531 2960 ut
571 2923 639 2962 ex
686 2909 814 2978 ipsis
842 2909 1280 2978 Qttadragesimm
1325 2909 1618 2962 Dominicis
1649 2909 1845 2978 liquet,

267 2997 425 3060 festa,
456 3013 576 3066 qua:
624 2999 674 3050 in
723 2999 839 3052 dies
877 3000 1206 3068 jejuniorum
1257 2999 1576 3061 inciderent,
1623 2999 1850 3052 transfe-

1943 1831 2086 1876 esset
2119 1838 2212 1876 eos
2243 1823 2332 1875 uni
2363 1822 2513 1874 uxori
2549 1821 2819 1891 conjungi,
2847 1838 3008 1890 quam
3035 1837 3131 1890 per
3161 1820 3341 1889 plures
3367 1817 3523 1872 ferui-

1942 1929 2039 1967 nas
2073 1914 2241 1983 magis
2278 1913 2556 1967 mortifere
2598 1913 2860 1982 divagari.
2910 1912 3014 1967 Sed
3060 1922 3257 1982 printer
3300 1910 3525 1964 vetitum

1940 2004 2247 2072 nuptiarum
2289 2013 2498 2072 tempus
2542 2003 2666 2057 illud
2710 2002 2977 2072 praecipue
3023 2002 3218 2056 malum
3253 2003 3322 2056 ob
3345 2000 3531 2056 oculos

1939 2095 2124 2162 ponit,
2162 2093 2302 2161 quod
2357 2095 2406 2146 in
2451 2092 2712 2161 eiusmodi
2746 2093 3064 2147 clericorum
3111 2094 3344 2161 nuptiis,
3393 2106 3530 2161 quas

1943 2182 2115 2234 sacris
2157 2180 2458 2234 canonibus
2508 2181 2823 2235 interdictas
2870 2181 3121 2235 adulterii
3171 2181 3289 2235 loco
3327 2180 3524 2241 habet,

1942 2286 2062 2323 cum
2107 2279 2285 2340 patres
2323 2271 2501 2325 clerici
2553 2271 2688 2326 lilios
2734 2272 2858 2324 item
2907 2271 3134 2325 clericos
3176 2269 3524 2323 matrimonio

1936 2362 2194 2431 junganl,
2221 2373 2274 2417 et
2302 2365 2545 2418 similiter
2588 2363 2682 2418 ﬁlii
2723 2381 2844 2419 cum
2882 2366 2992 2419 suis
3038 2364 3160 2419 filiis
3202 2380 3260 2418 se
3304 2372 3522 2434 gerant,

1945 2466 2225 2524 parentum
2253 2455 2571 2510 adulterium
2603 2457 2797 2511 transit
2840 2458 2891 2511 in
2943 2457 3111 2521 filios,
3140 2466 3194 2510 et
3234 2457 3304 2510 ita
3342 2470 3533 2524 perpe-

1949 2555 2097 2597 tuum
2126 2544 2374 2598 cllicitur.
2428 2564 2446 2596 ι
2492 2546 2777 2610 Quocirca,
2816 2565 2833 2596 ι
2869 2545 3070 2615 inquit,
3129 2564 3146 2596 ι
3189 2545 3440 2599 monendi
3480 2553 3534 2598 et

1946 2634 2264 2687 olisecrandi
2286 2674 2300 2698 ,
2348 2633 2563 2699 fratres,
2606 2644 2665 2689 ut
2688 2636 2813 2704 quia
2844 2636 3148 2705 prohibere,
3175 2637 3307 2706 proh
3341 2636 3528 2690 dolor!

1949 2743 1977 2780 a
2009 2727 2324 2782 mulieribus
2353 2727 2542 2782 valetis
2572 2729 2718 2781 tmllo
2759 2729 2916 2782 modo
2937 2770 2951 2792 ,
2993 2728 3139 2782 filios
3159 2730 3225 2783 de
3260 2729 3412 2782 vobis
3439 2744 3533 2798 ge-

1952 2826 2166 2871 neratos
2212 2818 2556 2873 dimitteretis
2599 2820 2788 2874 saltem
2833 2834 2952 2874 esse
2997 2818 3181 2878 laicos.
3221 2820 3536 2874 filiaslaicis

1945 2905 2268 2976 jungeretis,
2297 2916 2355 2960 ut
2377 2908 2457 2962 vel
2491 2909 2541 2961 in
2574 2909 2677 2963 line
2701 2909 2890 2962 saltem
2919 2918 3100 2963 vestro
3133 2909 3533 2971 terminaretur,

1943 3008 2006 3069 et
2039 3014 2300 3066 nusquam
2336 2999 2386 3051 in
2424 2999 2581 3052 linem
2623 2999 2800 3053 szeculi
2833 3002 3054 3052 duraret
3097 2998 3417 3051 adulterium
3447 3012 3538 3052 ve-

269 3090 436 3144 renda
463 3090 827 3144 existimabat.
855 3089 988 3144 Illud
1033 3091 1249 3143 tandem
1291 3105 1394 3143 non
1437 3090 1849 3156 praetermitten-
1877 3058 1922 3120 C
1943 3066 2144 3142 suum.
2176 3108 2194 3140 ι
2225 3089 2488 3143 Similiter
2509 3089 2743 3144 deterret
2763 3091 2922 3143 etiam
2954 3090 3143 3152 laicos,
3171 3105 3236 3142 ne
3259 3088 3395 3142 tilias
3416 3103 3539 3143 cum

269 3180 431 3243 dum,
482 3180 604 3232 huic
649 3178 948 3249 Synorlr’crr,
992 3195 1022 3233 a
1072 3196 1218 3232 ιιιιιιι.
1271 3179 1304 3232 6
1355 3179 1420 3232 ad
1471 3179 1850 3232 duodecimum

269 3284 441 3337 usque
468 3269 723 3324 insertam
745 3309 760 3333 ,
795 3270 896 3341 legi
933 3271 1226 3325 solemnem
1270 3269 1555 3338 quamdam
1597 3270 1855 3324 ecclesia-

270 3361 467 3415 sticam
515 3361 821 3425 formulam,
870 3380 988 3430 quin
1036 3363 1284 3433 legenda,
1336 3371 1427 3416 aut
1478 3363 1750 3418 recitanda
1800 3364 1851 3416 iu

270 3451 502 3521 synodo,
524 3451 848 3515 Admonitio,
878 3468 970 3506 seu
1011 3451 1192 3506 Sermo
1233 3453 1498 3523 synodalia
1537 3457 1588 3506 in
1619 3454 1856 3508 melioris

274 3550 416 3594 nota:
454 3541 727 3595 codicibus
756 3541 1097 3607 inscribitur;
1132 3557 1356 3611 qumque
1402 3542 1671 3596 Sermonis
1701 3542 1858 3596 titulo

274 3624 439 3683 Leoni
496 3629 558 3682 lli
601 3645 631 3682 a
685 3630 957 3684 nonnullis
1001 3646 1278 3700 perperam
1339 3632 1668 3686 attribuitur.
1727 3632 1859 3687 Vide

277 3721 375 3774 ha:
407 3721 474 3774 de
507 3737 563 3776 re
592 3721 741 3790 plura
767 3724 821 3775 in
851 3723 1227 3778 Adtnonitione
1252 3725 1316 3776 ad
1342 3724 1508 3793 ipsam
1538 3723 1860 3792 Synodicam

279 3834 430 3873 num.
463 3818 518 3872 2.

345 3907 470 3960 115.
498 3907 636 3961 Cum
679 3909 778 3962 hac
825 3909 876 3962 in
923 3907 1181 3976 Synodica
1217 3908 1531 3977 episcopus,
1578 3919 1637 3962 ut
1680 3908 1859 3962 innui-

278 4015 420 4065 mus,
445 4002 926 4055 s:inctilicatiouem
954 4000 1056 4054 diei
1096 4000 1383 4054 Dominicm
1422 4001 1752 4069 potissimum
1783 4001 1864 4052 in-

281 4092 474 4152 culcet,
507 4094 606 4146 hac
637 4094 923 4147 occasione
961 4093 1486 4147 commemorandum
1534 4093 1863 4147 arbitramur

285 4189 485 4241 factum
523 4186 790 4253 quoddam
821 4187 888 4239 ad
913 4185 1155 4238 eamdem
1187 4184 1667 4237 sanetilicationem
1700 4184 1865 4253 perli-

286 4292 455 4338 nens,
499 4275 684 4346 [CXLII]
737 4291 804 4330 ex
844 4290 952 4344 quo
982 4275 1312 4343 exploratius
1362 4277 1595 4344 patebit,
1649 4285 1864 4345 quanta:

286 4381 426 4419 curm
456 4366 555 4433 ipsi
585 4364 749 4420 fuerit
775 4367 888 4419 hinc
921 4366 1281 4418 observantia.
1327 4385 1340 4414 ι
1379 4366 1511 4420 Cum
1543 4382 1864 4420 'excoannu-

288 4457 554 4512 nicatione
587 4458 863 4519 interdixi,
901 4477 919 4508 ι
964 4457 1138 4526 inquit
1167 4458 1217 4510 in
1251 4459 1402 4526 epist.
1445 4458 1509 4510 l9.
1543 4460 1607 4511 ad
1636 4459 1866 4512 Ambro-

288 4549 445 4613 sium,
479 4568 496 4599 ι
529 4559 583 4601 ιιι
614 4549 683 4602 ab
711 4562 876 4617 opere
906 4549 1086 4600 servili
1130 4548 1403 4601 Dominiea
1445 4549 1529 4602 die
1565 4559 1861 4603 cessarent.

289 4640 340 4693 Id
366 4656 486 4693 cum
514 4641 764 4693 evincere
793 4637 936 4691 nullo
964 4639 1122 4692 m‘odo
1147 4639 1452 4701 valuissent,
1495 4649 1674 4708 portas
1713 4637 1864 4698 (sub-

291 4731 410 4784 audi
437 4729 680 4799 cieitatis)
701 4729 948 4784 obserari
975 4738 1162 4782 contra
1185 4729 1452 4782 venientia
1476 4729 1712 4798 plaustra
1739 4745 1872 4797 pra:-

292 4820 422 4886 ccpi.
454 4819 589 4872 Num
620 4821 670 4872 id
703 4819 804 4872 sub
841 4819 940 4871 hoc
977 4817 1255 4886 Synodicw
1302 4826 1535 4886 tempus,
1575 4821 1870 4886 eodemun

295 4923 432 4962 anno
457 4909 557 4963 i366
582 4909 908 4977 contigerit,
949 4924 1013 4960 an
1042 4909 1329 4978 aliquando
1354 4919 1478 4964 ante
1503 4912 1582 4963 vel
1614 4919 1752 4980 post.
1783 4913 1864 4963 iu-

298 5007 494 5051 u-ttum
519 5010 618 5053 est.
648 4999 815 5052 Certe
839 5014 962 5052 vero
995 5000 1094 5054 hoc
1122 5000 1322 5056 factum
1355 5016 1382 5050 a
1416 5001 1689 5055 malev-olis
1720 5017 1868 5056 arre-

301 5101 440 5156 ptum
479 5101 658 5159 postea
688 5090 828 5152 fuit,
858 5106 976 5143 cum
1006 5103 1178 5159 aperta
1228 5089 1517 5144 rebellione
1559 5096 1865 5162 episcopum

306 5181 474 5235 multis
519 5179 959 5238 accusationibus
1005 5179 1424 5249 impetivernnt;
1469 5182 1864 5237 umle'snh'dit:

312 5291 327 5318 ι
355 5270 456 5326 lloc
480 5274 686 5328 facinus
724 5279 824 5324 aut
852 5281 1033 5336 morte,
1058 5287 1142 5329 aut
1171 5271 1492 5342 eXpulsione
1523 5291 1640 5329 mea
1672 5274 1868 5330 debere

309 5361 519 5388 ‘|-.|:4.Anl
556 5364 672 5388 ann-.2

1955 3179 2439 3250 elerieisjungant;
2467 3196 2529 3234 ac
2557 3190 2839 3250 prepterea
2869 3181 3100 3234 nobilem
3127 3177 3539 3252 [cxutt]quam-

1956 3273 2082 3325 dam
2130 3269 2385 3324 feminam
2440 3287 2456 3320 ι
2496 3270 2727 3324 domina:
2771 3289 2786 3320 ι
2842 3271 3202 3340 appellatione
3250 3271 3538 3333 donatam,

1955 3381 2075 3433 qua:
2109 3361 2294 3416 fratris
2339 3361 2420 3413 sui
2477 3360 2659 3414 clerici
2711 3359 2872 3413 filiam
2923 3360 3119 3414 clerico
3161 3361 3383 3416 Joannis
3429 3360 3538 3414 lilio

1957 3454 2142 3522 uuptui
2176 3452 2416 3514 dederat,
2458 3451 2539 3503 his
2568 3449 2745 3503 verbis
2772 3449 2968 3502 all‘atnr
3002 3466 3150 3503 num.
3193 3449 3261 3503 5:
3294 3470 3315 3500 ‹
3363 3448 3406 3503 Ο
3434 3448 3541 3501 uti-

1957 3559 2078 3596 nam
2113 3551 2188 3606 ιιι,
2219 3541 2467 3604 domina,
2497 3540 2583 3593 cui
2629 3549 2736 3592 tam
2782 3540 2954 3592 bonus
2999 3537 3168 3592 frater
3211 3548 3359 3592 tanta
3397 3539 3539 3592 bona

1959 3631 2188 3694 dimisit,
2222 3632 2324 3684 hoc
2352 3637 2510 3682 antea
2539 3628 2865 3696 cogitasses,
2908 3637 2962 3682 et
2995 3629 3156 3681 tiliam
3200 3629 3366 3697 ipsius
3395 3627 3545 3682 illius-

1959 3723 2114 3777 bonis
2142 3721 2477 3776 benedictam
2507 3720 2594 3773 uni
2627 3720 2768 3773 bono
2807 3719 3048 3773 dedisses
3095 3719 3261 3785 laico,
3292 3728 3346 3774 et
3376 3719 3539 3773 tinem

1961 3813 2128 3882 ipsius
2151 3811 2493 3881 imposuisses
2517 3818 2755 3880 peccato,
2784 3829 2800 3860 ι
2834 3811 3083 3862 nimirum
3112 3809 3204 3872 illi,
3225 3809 3367 3878 quod
3391 3809 3542 3862 adul-

1963 3905 2156 3958 terium
2190 3903 2418 3956 vocavit.
2450 3901 2518 3955 lis
2541 3916 2688 3963 vero,
2717 3901 2808 3968 qui
2834 3900 3146 3954 memoratis
3177 3899 3375 3969 nuptiis
3402 3899 3540 3952 veti-

1965 4007 2073 4050 tum
2106 4005 2314 4063 tempus
2340 3993 2632 4057 violarunt,
2661 3993 3014 4062 quadraginta
3047 3993 3251 4046 dierum
3280 3991 3545 4061 poeniten-

1965 4089 2091 4142 tiam
2123 4087 2535 4156 imposuit,.et,
2582 4085 2724 4155 quod
2774 4086 2825 4138 in
2870 4085 3277 4138 mililicationeni
3313 4082 3546 4136 niaxime

1964 4180 2126 4242 cedit,
2157 4180 2400 4233 eamdem
2423 4193 2635 4248 quoque
2663 4177 3034 4247 paenitentiam
3063 4174 3377 4242 sibirnetipsi
3402 4189 3542 4242 prte-

1966 4271 2182 4339 scripsit
2205 4310 2219 4333 ,
2269 4269 2465 4338 quippe
2514 4269 2640 4337 qui,
2676 4267 2783 4331 ait,
2838 4287 2856 4317 ι
2886 4267 3074 4334 utique
3108 4267 3387 4329 hactenus,
3416 4264 3542 4316 dum

1896 4401 1941 4457 υ
1971 4379 2073 4417 non
2123 4362 2290 4417 restiti
2319 4402 2334 4425 ,
2389 4361 2732 4415 consentiens
2768 4357 2861 4411 fui.
2908 4379 2925 4408 ι
2961 4357 3086 4411 ilice
3131 4357 3443 4426 l'thllllClllla
3492 4355 3545 4407 in

1964 4453 2530 4523 jejuniopotissimum
2573 4452 2676 4506 sita
2717 4458 2867 4511 erat,
2915 4468 2930 4500 ι
2984 4451 3055 4503 ita
3088 4449 3366 4512 videlicet,
3400 4457 3460 4500 ut
3502 4447 3548 4500 si

1971 4543 2153 4597 caeteri
2181 4542 2364 4596 fideles
2398 4541 2712 4594 reficiuntur
2739 4540 2895 4593 tertia
2925 4541 3086 4600 liora,
3133 4554 3228 4591 nos
3270 4546 3459 4599 sexta;
3503 4537 3548 4588 si

1972 4635 2048 4690 illi
2074 4642 2249 4699 sexta,
2280 4649 2376 4686 nos
2403 4647 2575 4697 nona;
2601 4631 2645 4686 si
2676 4631 2748 4684 illi
2782 4645 3060 4694 nona,nos
3080 4645 3248 4697 usque
3270 4628 3334 4680 aJ
3364 4637 3558 4691 vespe-

1975 4741 2086 4778 ram
2108 4723 2430 4792 jejunemus.
2469 4739 2486 4772 ι
3339 4789 3346 4793 Α

2048 4815 2168 4870 llis.
2200 4813 2365 4869 Ottol
2399 4815 2714 4881 imperator,
2746 4826 2886 4864 anno
2917 4811 3045 4873 966,1
3073 4810 3273 4864 Italiam
3304 4803 3562 4873 repetiit,

1975 4916 2032 4960 ιιι
2060 4906 2401 4961 rebellionem
2434 4915 2622 4959 contra
2653 4903 2914 4959 Joannem
2946 4901 3054 4956 Xlll
3083 4913 3346 4955 summum
3379 4895 3564 4963 ponti-

1977 4998 2128 5052 licem
2160 4996 2446 5050 excitatam
2477 4997 2818 5063 reprimeret.
2863 4991 2976 5046 llac
3013 4991 3146 5044 forte
3173 4989 3236 5041 de
3263 5000 3422 5038 causa
3445 4983 3567 5049 epi-

1979 5090 2153 5156 sc0pis
2212 5086 2462 5156 praecepit
2512 5097 2570 5140 ut
2615 5085 2810 5141 milites
2860 5098 2991 5137 suos
3037 5092 3282 5148 tanquam
3341 5073 3562 5143 imperii

1977 5175 2237 5230 rassallos
2271 5175 2336 5226 ad
2365 5173 2562 5228 bellum
2600 5176 2915 5244 dirigerent.
2956 5171 3139 5237 Itaque
3168 5166 3361 5218 milites
3390 5163 3561 5216 etiam

1976 5267 2291 5322 Ratherimn
2338 5267 2550 5318 mittere
2589 5267 2766 5337 jussit.
2811 5264 2865 5315 ln
2905 5260 3047 5312 hanc
3078 5272 3183 5310 rem
3215 5253 3566 5308 animadver-

1977 5361 2130 5388 anu-“In
2165 5358 2269 5388 Jun
2301 5357 2605 5388 ΙηρΙῖηιΛιιῖη
2657 5371 2773 5388 num
2804 5349 3127 5388 lnﬂllllllll‘in
3156 5347 3360 5388 I'llnhllQ
3380 5340 3556 5388 nnSll'i
