4038 5388
504 283 604 341 “9

1449 285 1847 345 RATIIERIUS
1886 286 2317 346 VERONENSIS
2354 289 2753 349 EPISCOPUS.

3645 293 3744 349 120

504 404 804 471 Augustum
856 395 980 452 anni
1030 394 1272 466 ejusdem
1321 415 1468 454 num.
1516 400 1550 453 4
1590 418 1606 457 :
1652 421 1669 450 ι
1704 400 1919 466 Milites,
1970 401 2065 467 ait,
2097 406 2140 463 Λ
2171 401 2278 457 lum
2304 401 2548 469 ejusdem
2571 412 2655 459 est
2686 402 2875 458 indolis
2905 417 2967 458 ac
2998 404 3121 458 illud
3166 404 3229 458 de
3251 404 3558 474 Contempla
3583 421 3747 460 cuna-

503 490 717 561 qnando
766 487 930 543 etiam
957 502 1106 543 meos
1149 489 1219 544 ob
1246 487 1477 546 Caesaris
1504 505 1636 559 cogo
1661 502 2005 562 praeceptum.
2046 510 2065 545 ι

501 581 679 649 Ipsum
710 593 839 633 vero
881 586 1209 648 praeceptum
1245 579 1296 634 in
1334 580 1730 651 expeditionem
1776 582 2072 640 Romanam

501 669 602 724 sibi
626 666 740 737 jam
776 668 1147 725 denuntiatum
1186 670 1453 740 signiﬁcat
1496 672 1550 726 in
1591 671 1902 740 Iliun-ario,
1930 674 2074 745 quod

500 758 646 813 circa
677 757 871 811 festum
901 756 960 813 S.
987 758 1217 813 Andrea:
1240 760 1504 826 exaravit,
1548 762 1672 816 dum
1702 777 1848 835 num.
1883 762 1908 816 1
1940 763 2077 818 scri-

500 848 580 901 bit
611 860 668 900 se
712 846 940 900 Romam
984 845 1348 917 profecturum
1400 868 1419 901 ι
1475 865 1582 905 ηοη
1613 850 1897 919 imperiali,
1947 852 2072 923 quia

503 936 821 1005 imperatum
851 945 934 991 est
964 925 1204 1002 minime,
1225 936 1399 1006 jussu,
1429 939 1625 995 milites
1656 940 1827 997 solum
1857 950 1916 999 ut.
1943 942 2065 997 mit-

502 1034 671 1079 terem
703 1041 850 1079 meos
889 1026 956 1079 ab
984 1040 1049 1081 eo
1079 1024 1295 1097 (Ottonc
1320 1026 1361 1097 I.)
1399 1043 1519 1082 cum
1552 1029 1680 1084 mihi
1728 1031 1800 1084 sit
1839 1031 2072 1101 impera-

504 1123 639 1168 tum.
676 1133 694 1165 ι
726 1113 857 1168 Cum
889 1113 957 1168 de
981 1113 1223 1169 Romano
1256 1115 1446 1170 itinere
1478 1125 1622 1189 agat,
1657 1119 1799 1189 quod
1835 1135 1940 1176 non
1973 1120 2074 1174 im-

499 1202 688 1272 periali
708 1203 883 1272 jussu,
914 1218 1015 1258 nec
1044 1201 1166 1258 belli
1212 1219 1377 1259 causa
1418 1220 1477 1261 se
1520 1217 1888 1279 suscepturum
1933 1209 2074 1271 amr-

500 1300 630 1355 mat,
661 1292 849 1361 procul
877 1292 1040 1347 dubio
1060 1290 1308 1349 militaris
1334 1295 1626 1364 expeditio,
1656 1312 1776 1366 qua:
1803 1313 1833 1353 a
1862 1297 2074 1354 Caesare

498 1389 767 1450 praecepta
809 1379 928 1443 fuit,
974 1380 1028 1434 in
1067 1379 1339 1437 Romanas
1387 1391 1565 1453 partes
1609 1394 1796 1440 contra
1843 1386 2073 1442 Romani

497 1472 772 1542 pontiﬁcis
792 1472 975 1527 hostes
999 1472 1199 1527 directa
1232 1489 1337 1528 non
1368 1476 1595 1530 obscure
1619 1476 1882 1533 innuitur.
1920 1477 2074 1534 Solos

498 1577 678 1618 autem
733 1562 985 1617 Ecclesia:
1036 1561 1362 1620 Veronensis
1409 1565 1605 1621 milites
1662 1581 1756 1622 seu
1814 1568 2073 1625 vassallos

498 1654 639 1707 mitti
666 1653 827 1724 jussit
851 1653 1161 1724 imperator,
1193 1670 1297 1709 non
1328 1670 1457 1711 vero
1484 1656 1551 1711 ad
1576 1657 1770 1713 bellum
1802 1658 2070 1728 proﬁcisci

2172 508 2313 545 num.
2341 491 2476 546 Num
2500 508 2623 547 vero
2651 493 2939 577 Italbcrius
2960 491 3262 549 Romanum
3292 495 3398 548 iter
3424 494 3745 564 susceperit,

2170 590 2226 636 et
2270 581 2322 635 in
2361 582 2600 636 Romana
2628 584 2832 651 synodo
2861 583 3077 637 ineunte
3112 598 3252 636 anuo
3284 582 3529 650 sequenti
3560 580 3747 636 habita

2171 686 2323 726 suam
2379 688 2594 727 causam
2642 675 3021 743 proposuerit,
3067 673 3510 728 documentorum
3564 672 3747 744 inopia

2172 763 2472 835 ignoratur.
2524 764 2772 820 Nonnulli
2819 765 3033 835 quidem
3063 764 3378 819 existimant
3419 764 3593 834 ipsum
3646 765 3751 820 hoc

2171 856 2485 925 opusculum
2516 856 2846 924 lucubrasse,
2870 865 2928 911 ut
2950 857 3177 914 clericos
3202 858 3300 912 hac
3321 867 3436 912 arte
3460 858 3526 911 ad
3556 858 3748 927 resipi-

2175 946 2432 1000 scendum
2452 946 2760 1002 adduceret.
2789 947 3006 1002 Certum
3034 962 3160 1004 vero
3182 959 3266 1003 est
3289 963 3411 1002 eum
3439 946 3754 1002 interfuisse

2173 1037 2377 1107 synodo
2414 1036 2593 1111 [cur]
2632 1039 2961 1101 Ravennati,
3005 1055 3124 1110 quae
3164 1038 3263 1094 fuit
3291 1039 3437 1093 velut
3477 1039 3749 1108 appendix

2172 1128 2386 1182 concilii
2416 1128 2667 1193 Romani,
2699 1139 2757 1184 ut
2784 1145 2851 1185 ex
2873 1130 3114 1185 dicendis
3142 1131 3481 1202 paragrapho
3501 1130 3751 1199 sequenti

2174 1219 2517 1275 manifestum
2547 1220 2658 1277 ﬁet.

2174 1325 2201 1398 §
2237 1327 2419 1398 XVIII.
2447 1345 2517 1369 -ι
2548 1330 2678 1383 Acta
2717 1330 2841 1384 anni
2879 1330 3003 1385 967.
3043 1330 3119 1385 De
3162 1331 3396 1385 conciliis
3431 1328 3665 1385 Ronmno
3701 1340 3750 1383 et

2242 1396 2557 1452 Ravennate.
2590 1399 2863 1453 Decretum
2904 1411 3085 1454 contra
3127 1402 3554 1455 mulierositutem
3597 1400 3753 1452 cleri-

2242 1483 2442 1520 corum.
2477 1467 2753 1522 Rat/terius
2805 1488 2832 1523 e
2872 1469 3167 1525 Ravennate
3218 1472 3438 1524 concilio
3490 1468 3749 1523 Veronam

2242 1552 2503 1611 regressus
2528 1578 2542 1600 ,
2580 1539 2938 1611 ‘tlicecesanaut
2966 1541 3267 1611 synodum
3295 1552 3568 1611 convocat.
3614 1545 3750 1611 {tcta

2241 1606 2400 1676 hujus
2424 1607 2629 1675 synodi.
2654 1606 3071 1678 APauperioribus
3098 1606 3301 1664 clericis
3329 1611 3576 1678 prospicit
3605 1607 3753 1662 Judi—

2242 1685 2390 1737 cato,
2443 1678 2529 1748 cui
2570 1676 2907 1748 subscribam
2954 1679 3254 1746 patriarcha
3302 1676 3649 1748 Aquileiensis
3700 1688 3751 1731 et

495 1747 667 1802 Voluit
713 1748 876 1804 etiam
925 1746 1271 1814 Ratherium,
1320 1748 1413 1819 qui
1462 1749 1706 1805 militiam
1758 1750 1968 1807 clericis
2013 1760 2068 1807 et

2236 1734 2692 1825 contprovinciales
2728 1734 2963 1825 episcopi.
2982 1748 3036 1825 in
3065 1750 3262 1818 synodo
3290 1734 3751 1825 coacti._lmpc_m-

499 1837 675 1891 multo
728 1837 900 1909 magis
946 1837 1215 1910 episcopis
1263 1840 1519 1896 canonica
1565 1839 1683 1912 lege
1730 1840 2069 1899 interdictam

501 1924 821 1996 refugiebat.

571 2018 690 2071 HG.
724 2018 1071 2076 lllemoratum
1104 2037 1261 2094 opus,
1298 2023 1438 2093 quod
1465 2021 1804 2081 ltinerarium
1831 2032 2075 2090 vocatur,

498 2122 597 2161 cur
620 2107 911 2166 Ratherius
939 2110 1025 2184 (V.
1058 2122 1171 2167 not.
1205 2112 1257 2182 I)
1292 2114 1392 2168 sub
1414 2113 1569 2182 hujus
1593 2114 1721 2170 anui
1758 2116 1918 2170 ﬁnem
1942 2114 2075 2170 scri-

496 2199 688 2267 pserit‘,
716 2198 1092 2267 explicandum
1132 2210 1234 2256 est.
1270 2201 1654 2274 Imperatorem
1700 2202 1905 2276 [cxuv]
1949 2219 2073 2259 cum

495 2289 683 2345 multis
731 2292 842 2345 tum
890 2291 1055 2348 italiae
1102 2302 1214 2348 tum
1255 2292 1556 2350 Germaniae
1596 2295 1862 2366 episcopis
1891 2295 2074 2351 Romae

494 2379 736 2437 futurum
779 2398 882 2438 non
925 2383 1250 2456 ambigebat.
1304 2403 1322 2437 ι
1366 2384 1804 2457 Sapientissimos
1834 2386 2008 2453 enim,
2047 2405 2066 2440 ι

496 2473 571 2527 ait
600 2490 748 2529 num.
775 2475 830 2541 5,
867 2493 886 2526 ι
921 2485 1030 2531 tam
1060 2477 1125 2532 de
1153 2478 1259 2532 isto
1284 2492 1450 2549 regno
1481 2479 1553 2549 (id
1576 2489 1659 2534 est
1685 2478 1890 2550 Italico)
1910 2494 2072 2550 quam

496 2573 553 2619 et
587 2565 655 2619 de
696 2566 804 2632 his,
845 2566 937 2637 qui
964 2582 1085 2621 cum
1117 2567 1335 2623 domino
1361 2576 1547 2623 nostro
1574 2576 1840 2624 venerunt
1859 2584 2074 2638 semper

494 2653 738 2723 Augusto
768 2655 973 2726 (otique
1005 2671 1072 2712 ex
1103 2655 1414 2727 Germania)
1445 2657 1551 2713 illic
1577 2658 1796 2730 (Romae
1834 2657 2072 2729 scilicet)

500 2741 782 2798 adfuturos
809 2759 1094 2815 cognosco.
1132 2765 1150 2798 ι
1183 2744 1316 2801 Cum
1355 2762 1421 2802 ex
1453 2747 1537 2803 his
1569 2747 1863 2818 plenarium
1891 2748 2073 2804 conci-

496 2832 630 2888 lium
657 2835 772 2904 cogi
801 2844 1032 2905 poterat.
1061 2845 1170 2891 tum
1203 2852 1332 2893 vero
1357 2847 1706 2895 convocatum
1729 2839 1796 2896 iri
1822 2841 2077 2910 sperabat

494 2927 766 2997 pontiﬁcis
786 2937 839 2984 et
861 2928 1204 3000 imperatoris
1221 2945 1383 3001 opera
1402 2949 1415 2985 :
1441 2948 1459 2982 ι
1480 2945 1614 3001 quos
1627 2941 2068 2998 convocaturos,»

496 3019 705 3090 inquit,
753 3037 772 3070 ι
812 3021 1070 3091 synodum
1121 3029 1339 3077 autumo
1378 3021 1774 3090 uuiversalcm,
1812 3024 2077 3079 concedat

497 3110 638 3166 Deus
667 3119 867 3167 sanctae
894 3111 1181 3179 Ecclesiae,
1224 3122 1283 3169 ut
1323 3113 1541 3183 expedit
1561 3154 1576 3176 ,
1605 3113 1813 3170 utilem.
1849 3134 1868 3168 ι
1901 3114 2073 3187 Hujus

495 3205 682 3275 itaque
708 3203 920 3259 concilii
947 3219 1042 3274 spe
1068 3219 1127 3260 se
1161 3204 1386 3260 Romam
1412 3204 1777 3275 profecturum
1805 3214 2075 3273 testatur,

497 3305 558 3351 ut
581 3295 794 3351 dissidii
813 3295 991 3351 causis
1015 3296 1156 3351 inter
1178 3311 1235 3351 se
1257 3304 1310 3349 et
1332 3294 1559 3351 clericos
1581 3311 1709 3351 suos
1735 3295 1932 3352 ibidem
1953 3311 2071 3367 pro-

495 3384 709 3456 positis,
739 3386 867 3457 quid
897 3386 1020 3452 sibi,
1052 3384 1179 3456 quid
1209 3384 1322 3441 suis
1348 3384 1563 3441 clericis
1601 3387 1865 3457 agendum
1894 3394 2068 3454 esset,

496 3476 692 3530 summi
739 3476 1009 3547 pontiﬁcis
1044 3491 1108 3530 ac
1146 3484 1225 3530 tot
1265 3475 1638 3546 episcoporum
1684 3476 1946 3532 sententia
1977 3475 2071 3530 de-

497 3580 833 3627 cerneretur.
866 3570 1153 3642 Egregium
1182 3570 1249 3625 de
1276 3569 1598 3624 auctoritate
1619 3576 1675 3623 et
1701 3568 1942 3624 doctrina
1965 3568 2072 3623 Ro-

498 3680 674 3721 manae
694 3664 838 3720 sedis
868 3662 1235 3719 testimonium
1256 3661 1448 3717 inserit
1476 3676 1625 3715 num.
1645 3660 1710 3715 Ως
1731 3681 1749 3712 ι
1769 3660 1906 3728 Quid
1925 3661 2070 3716 enim

496 3757 562 3809 de
606 3752 992 3809 ecclesiasticis
1040 3750 1378 3822 dogmatibus
1436 3750 1629 3806 alicubi
1681 3751 1879 3816 scitur,
1929 3748 2070 3820 quod

499 3845 684 3899 Romae
714 3843 1031 3915 ignoretur?
1062 3841 1174 3897 Illic
1204 3841 1398 3897 summi
1431 3841 1502 3896 illi
1538 3842 1702 3896 totius
1721 3840 1868 3896 orbis
1889 3841 2072 3896 docto-

500 3951 611 3998 res,
640 3932 747 3987 illic
770 3933 1174 4003 praestantiorcs
1197 3932 1507 3987 enituerunt
1537 3930 1855 3987 universalis
1888 3931 2073 3987 Eccle-

498 4022 592 4077 sire
627 4022 921 4093 principes.
961 4020 1075 4078 Illic
1111 4022 1402 4077 decretalia
1430 4022 1768 4093 pontiﬁcum,
1797 4022 2081 4088 universo:

497 4127 619 4166 rum
665 4111 1041 4183 congregatio,
1071 4110 1402 4167 examinatio
1428 4126 1690 4167 canonum
1710 4152 1724 4177 ,
1762 4111 2074 4182 approbatio

499 4202 951 4273 recipiendOrum,
983 4200 1290 4274 reprobatio
1312 4203 1759 4274 spernendorum.
1796 4202 2084 4259 Postremo

498 4307 769 4363 nusquam
808 4303 1002 4360 ratum,
1029 4292 1171 4363 quod
1217 4292 1326 4348 illic
1366 4292 1613 4359 irritum;
1639 4308 1908 4363 nusquam
1945 4292 2074 4348 irri-

500 4388 636 4479 tum,
682 4382 825 4479 quod
873 4381 978 4438 illic
1025 4390 1202 4437 ratum
1250 4380 1413 4438 fuerit
1454 4383 1644 4438 visum.
1683 4381 1912 4466 Ubinam
1946 4399 2075 4454 ergo
2106 4422 2154 4479 ο

500 4472 697 4530 melius
730 4473 1049 4545 insipientia}
1078 4474 1375 4531 consulitur
1418 4488 1586 4540 meze,
1614 4489 1775 4545 quam
1822 4475 1910 4529 ubi
1957 4474 2084 4530 fons

499 4563 781 4634 sapientiae
825 4563 1064 4619 cernitur
1101 4580 1240 4620 esse.
1288 4583 1306 4618 ι
1352 4563 1559 4619 Laudat
1606 4563 1768 4619 etiam
1814 4562 2075 4619 Joannem

504 4671 774 4712 summum
801 4655 1136 4727 pontiﬁcem,
1172 4671 1332 4726 quem
1374 4655 1613 4712 nonnulli
1649 4670 1929 4726 perperam
1958 4670 2079 4711 cre-

501 4747 752 4802 diderunt
777 4745 1037 4803 Joannem
1065 4746 1180 4813 XII,
1216 4763 1337 4803 cum
1378 4747 1553 4817 reipsa
1586 4746 1659 4802 sit
1683 4744 1917 4802 Joannes
1941 4744 2075 4800 XIII.

502 4835 752 4892 Ottonem
776 4836 950 4907 ipsum
973 4836 1347 4908 imperatorem
1371 4853 1492 4892 cum
1512 4836 1753 4909 pluribus
1774 4836 2079 4892 nominibus

506 4925 710 4994 laudat,
744 4936 855 4983 tum
889 4944 952 4984 ex
998 4942 1063 4981 eo
1092 4927 1446 4997 potissimum,
1474 4928 1616 4996 quod
1645 4925 1891 4984 eumdem
1919 4925 2080 4981 Joan-

2240 1814 2367 1885 toris
2424 1814 2765 1885 privilegium
2796 1814 3043 1870 Rutherio
3093 1814 3416 1871 concessum.
3470 1814 3752 1869 Tumultus

2244 1884 2548 1955 clericorum
2600 1884 3005 1955 veronensiunt,
3057 1898 3103 1940 et
3159 1886 3466 1955 apusculum
3516 1885 3752 1939 Ratherii

2240 1954 2309 2008 de
2335 1953 2560 2027 Clericis
2587 1954 2897 2027 rebellibus.
2922 1953 3427 2027 Ejusdem—epistola
3456 1957 3524 2009 ad
3558 1956 3753 2008 Murti—

2243 2040 2368 2077 uum
2392 2025 2689 2093 episcopum
2712 2022 3123 2079 Fcrrariensem.

2245 2115 2366 2170 M7.
2406 2114 2704 2185 Imperator
2725 2114 2873 2181 Otto,
2900 2116 2990 2185 qui
3018 2131 3162 2171 anno
3184 2116 3507 2186 prrecedeuti
3535 2115 3588 2169 iu
3615 2115 3754 2171 Ger-

2173 2204 2352 2260 mania
2377 2212 2500 2274 post
2527 2203 2765 2258 medium
2786 2204 3086 2275 Augustum
3113 2205 3332 2259 comitia
3359 2205 3754 2271 celebraverat,

2174 2310 2298 2351 mox
2346 2294 2402 2349 in
2451 2293 2658 2350 Italiam
2710 2294 3007 2350 descendit.
3062 2294 3195 2349 Dum
3262 2296 3405 2349 enim
3459 2295 3756 2351 Rulhcrius

2174 2384 2523 2441 Itinerarium.
2541 2384 2727 2440 eodem
2759 2398 2900 2439 anno
2923 2383 3068 2440 circa
3096 2385 3270 2439 sancti
3295 2384 3524 2440 Andreae
3552 2385 3749 2439 festam

2173 2475 2412 2546 scripsit,
2444 2475 2531 2531 ille
2552 2475 2664 2547 jam
2686 2475 2792 2530 huc
2828 2489 2951 2530 cum
2981 2475 3166 2531 multis
3193 2475 3499 2534 Germanice
3526 2476 3744 2547 episco-

2173 2569 2257 2641 pis
2292 2589 2309 2621 ι
2342 2578 2609 2626 venerat,»
2643 2569 2869 2627 Romam
2910 2570 3280 2640 profecturus,
3316 2572 3391 2626 uti
3433 2573 3664 2627 habetur
3699 2572 3765 2625 in

2173 2660 2362 2715 eodem
2409 2659 2666 2729 opusculo
2710 2676 2860 2716 num.
2895 2660 2949 2716 5.
2993 2661 3176 2717 Roma:
3219 2663 3434 2732 quidem
3482 2671 3603 2717 erat
3652 2664 3756 2717 sub

2175 2751 2335 2807 ﬁnem
2363 2752 2686 2817 decembris,
2714 2752 2806 2809 ubi
2834 2753 3080 2809 natalitia
3114 2754 3248 2809 festa
3280 2754 3591 2809 celebravit.
3622 2754 3757 2809 Illuc

2174 2855 2297 2896 cum
2342 2840 2530 2896 eodem
2572 2841 2814 2913 Augusto
2861 2842 3044 2912 plures
3092 2844 3255 2898 etiam
3308 2842 3471 2898 Italite
3513 2844 3765 2913 episcopi

2176 2938 2543 2986 accesserunt.
2595 2930 2915 2995 Concilium,
2947 2931 3091 3001 quod
3138 2932 3337 2987 ibidem
3372 2949 3438 2988 ex
3467 2932 3760 2988 Germanis

2142 3020 2430 3092 fltalisque
2473 3020 2740 3091 episcopis
2782 3022 3217 3091 congregandqu
3260 3022 3511 3092 sperabat
3550 3022 3757 3077 Rathe-

2177 3111 2308 3174 rius,
2342 3110 2585 3167 habitum
2610 3109 2828 3181 quidem
2867 3109 3033 3165 fuisse
3072 3111 3288 3165 ineunte
3313 3126 3471 3171 anno
3498 3111 3604 3166 967
3632 3127 3754 3166 cer-

2178 3210 2289 3259 tum
2339 3201 2401 3257 ﬁt
2443 3216 2506 3256 ex
2561 3200 2842 3272 privilegio
2897 3201 3138 3272 ejusdem
3190 3201 3561 3270 imperatoris,
3612 3204 3763 3271 quod

2176 3305 2351 3349 actum
2393 3294 2577 3350 Roma:
2627 3295 2681 3350 iu
2731 3294 2970 3349 favorem
3019 3294 3331 3349 monasterii
3383 3292 3759 3357 Sublacensis,

2178 3384 2433 3439 Romana:
2481 3382 2671 3454 synodi
2715 3384 3039 3439 mentionem
3087 3383 3236 3438 facit.
3271 3383 3382 3437 Iloc
3413 3383 3765 3452 privilegium

2174 3475 2349 3546 primo
2377 3490 2406 3529 a
2435 3473 2728 3530 Muratorio
2753 3475 2959 3530 editum
2986 3484 3070 3528 est
3112 3482 3242 3529 tom.
3284 3472 3322 3527 V
3356 3473 3758 3542 Autiquitalum

2175 3565 2800 3629 ltalicarum,dissertat.
2829 3564 2929 3630 65;
2963 3563 3086 3619 dein
3115 3579 3142 3616 a
3176 3564 3437 3617 canonico
3459 3562 3763 3631 Garamp‘o

2176 3670 2427 3710 recusum
2458 3656 2509 3710 in
2540 3669 2705 3725 opere
2729 3654 2793 3709 de
2822 3654 3052 3708 Numina
3079 3665 3322 3724 argenteo
3347 3653 3614 3708 Benedicti
3637 3653 3699 3707 11
3709 3653 3759 3718 f,

2176 3762 2298 3817 pag.
2326 3747 2449 3812 169,
2477 3761 2543 3801 ex
2573 3762 2683 3816 quo
2713 3747 2827 3801 hcce
2858 3744 3021 3799 verba
3054 3746 3411 3815 appeudimns
3437 3762 3450 3799 :
3481 3765 3499 3797 ι
3524 3745 3653 3800 Otto
3681 3747 3764 3799 di-

2179 3836 2299 3890 vina
2347 3835 2561 3891 favente
2605 3834 2890 3890 clementia
2939 3834 3234 3903 imperator
3277 3834 3575 3905 Augustus.
3614 3834 3767 3889 Peli-

2179 3925 2324 3981 tione
2353 3922 2598 3991 Gregorii
2640 3922 2741 3978 viri
2790 3922 3115 3977 venerabilis
3154 3936 3219 3976 ex
3267 3923 3575 3992 apostolica
3615 3925 3763 3980 sedis

2178 4013 2549 4071 secundicerio
2572 4013 2802 4083 religiosi
2828 4012 3039 4069 abbatis
3064 4013 3259 4084 prioris
3289 4014 3602 4070 monasterii
3636 4015 3771 4069 hea-

2180 4102 2370 4158 tissimi
2419 4100 2732 4167 Benedicti,
2786 4108 2841 4156 et
2896 4111 3099 4156 sancite
3146 4100 3497 4158 Scholasticae
3557 4105 3766 4159 sororis

2179 4198 2319 4266 ejus,
2358 4195 2497 4266 quod
2537 4193 2735 4249 dicitur
2776 4192 2829 4246 in
2869 4190 3127 4256 Sublacu,
3160 4191 3248 4261 qui
3279 4191 3502 4247 veniens
3540 4192 3594 4246 in
3637 4208 3763 4263 gre-

2179 4289 2349 4345 mium
2397 4285 2634 4343 basilieae
2681 4283 2825 4339 beati
2870 4282 3016 4338 Petri
3064 4283 3426 4352 apostolorum
3477 4285 3763 4354 principis,

2179 4381 2270 4436 ubi
2316 4394 2437 4434 cum
2484 4377 2682 4432 domno
2727 4373 2934 4430 Joanne
2970 4373 3084 4429 XIII
3129 4390 3264 4445 papa
3309 4384 3511 4430 sancte
3555 4378 3773 4446 synodo

2181 4488 2282 4545 pro
2316 4469 2546 4525 utilitate
2578 4465 2818 4536 ejusdem
2855 4464 3110 4521 Ecclesiae
3153 4473 3210 4520 et
3252 4465 3642 4521 venerabilium
3689 4465 3769 4519 Io-

2184 4577 2370 4619 corum
2422 4561 2815 4621 intercramus,
2861 4554 3374 4610 circumsedentibus
3404 4554 3617 4628 [cum]
3638 4571 3765 4610 cum

2186 4654 2501 4708 Ravennate
2527 4647 2928 4717 archiepiscopo
2961 4645 3370 4714 quamplurimis
3398 4647 3666 4717 episcopis
3694 4663 3765 4701 ex

2187 4743 2431 4797 Romano
2480 4734 2782 4800 territorio,
2835 4744 2994 4803 atque
3038 4732 3189 4788 Italia
3241 4742 3297 4788 et
3350 4734 3770 4790 Ultramoutano

2189 4844 2378 4902 regno,
2408 4847 2426 4879 ι
2462 4835 2566 4882 etc.
2606 4822 2757 4878 Nota:
2801 4821 3070 4877 ehrouicaa
3108 4830 3275 4875 sunt:
3312 4840 3331 4872 ε
3362 4823 3499 4876 Data
3538 4821 3602 4876 Ill
3645 4823 3770 4878 Idus

2187 4918 2469 4981 Januarii,
2513 4928 2654 4970 anno
2701 4912 2996 4967 Dominica:
3047 4910 3311 4966 iucarnat.
3361 4912 3497 4976 967,
3553 4913 3769 4983 imperii
