4038 5388
199 233 288 286 ηε

1191 241 1724 300 PROLEGOMENA.
1767 270 1831 280 —
1871 242 2200 300 RATHEHII
2246 246 2420 302 VI'I'A.

3358 251 3461 307 ω

191 341 324 434 scha
351 358 457 396 una
487 360 610 400 cum
639 343 845 402 Joanne
870 347 1002 413 Xlll,
1036 359 1094 403 ut
1116 350 1410 422 lteginonis
1443 351 1788 406 continuator
1811 353 1864 413 Α
1890 353 2151 422 synodum
2182 358 2387 422 venire,
2411 366 2466 413 et
2494 359 2814 431 legationem
2860 362 3030 433 ipsius
3057 378 3206 434 papa:
3233 364 3298 419 de
3327 379 3461 418 uxo-

193 431 377 486 tradit.

261 524 385 578 118.
431 525 706 583 Ravennae
747 546 960 600 quoque
1006 532 1259 602 frequens
1300 534 1536 605 synodus
1576 542 1784 598 coacta,

188 629 310 683 qua:
359 615 622 673 Rornana:
662 623 926 690 appendix
977 624 1143 679 videri
1192 635 1391 694 potest.
1433 625 1580 680 Inter
1627 627 1785 696 hujus

189 707 381 775 synodi
427 707 624 765 Patres
671 712 774 766 fuit
820 715 980 769 etiam
1015 716 1322 783 Ratherius,
1357 719 1433 773 uti
1475 729 1685 774 constat
1715 735 1781 774 ex

186 798 435 865 ejusdem
482 802 734 869 concilii,
767 821 885 873 quae
918 807 1028 862 sola
1061 819 1326 879 superest,
1360 812 1622 865 sententia
1654 827 1783 865 con-

187 899 268 944 tra
316 891 617 950 lleroldum
666 901 1129 973 archiepiscopum
1177 905 1662 978 Salisburgensem,
1695 909 1779 962 cui

185 995 374 1040 noster
412 990 704 1061 episcOpus
730 996 1062 1066 subscriptus
1085 997 1282 1069 legitur
1322 1001 1475 1069 (tom.
1525 999 1592 1053 XI
1618 1000 1778 1054 Coac.

187 1071 320 1127 Ven.
343 1077 527 1147 etlit.).
549 1078 701 1136 Hanc
722 1085 980 1154 synodum
999 1086 1289 1144 Batherius
1303 1090 1628 1145 celebratam
1645 1091 1784 1145 allir-

185 1175 299 1218 rnat
333 1184 354 1216 ι
387 1170 668 1226 mediante
695 1174 863 1242 Aprili
907 1178 1079 1246 (epist.
1119 1180 1206 1244 12,
1240 1196 1388 1235 num.
1421 1183 1494 1252 1).
1532 1202 1550 1233 ι
1581 1182 1777 1236 Conci-

185 1258 266 1311 nit
291 1258 513 1314 landata
550 1266 818 1319 sententia
861 1268 911 1320 in
943 1269 1253 1337 llerohlmn,
1278 1288 1398 1342 quae
1429 1274 1670 1344 signatur
1695 1275 1780 1329 die

191 1365 212 1399 ι
242 1363 314 1401 vti
338 1347 464 1402 Kal.
493 1350 640 1406 Maii.
673 1373 694 1404 ›
727 1354 924 1409 Locum
953 1356 1154 1413 indicat
1173 1362 1614 1432 chronographns
1637 1364 1779 1419 Saxo

188 1439 250 1491 ad
277 1455 372 1493 an.
400 1441 527 1504 969,
560 1443 816 1498 nimirum
845 1465 863 1496 ‹
894 1445 1163 1504 Ravennae
1209 1451 1260 1504 in
1308 1453 1566 1507 suburbio
1601 1454 1652 1507 in
1690 1470 1780 1509 cc-

189 1529 348 1584 clesia
381 1531 532 1586 beati
558 1533 888 1590 confessoris
915 1548 969 1592 et
1008 1540 1242 1610 episcopi
1277 1541 1462 1597 Severi
1494 1543 1774 1615 (Leihnit.,

191 1623 390 1678 Access.
423 1625 546 1679 hist.
577 1637 616 1680 t.
645 1627 684 1693 l,
715 1644 768 1697 p.
799 1630 942 1701 ΓΠ).
982 1650 1002 1682 ι
1043 1631 1206 1687 Multa
1253 1635 1306 1688 in
1347 1636 1535 1690 eadem
1570 1640 1776 1708 synodo

1890 443 2041 499 ribus
2087 446 2418 504 dimittendis
2461 451 2682 516 audire,
2724 462 2780 506 et
2841 453 3150 508 omnimodo
3193 455 3460 526 episc0pis

1887 535 2105 590 obedire
2146 539 2281 595 adeo
2321 543 2652 611 prohibetis,
2699 553 2758 599 ut
2803 559 2897 600 eos
2937 561 3087 600 more
3132 545 3360 600 militum
3403 544 3460 598 in

1887 627 2083 680 vestris
2118 630 2364 685 manibus
2397 634 2686 702 recipiatis,
2712 645 2766 689 et
2792 636 2872 690 eis
2902 637 2953 690 in
2979 637 3228 691 omnibus
3255 635 3460 690 abomi-

1887 719 2218 783 nationihus,
2249 738 2386 791 quas
2414 736 2599 780 contra
2635 727 2802 781 Deum
2850 728 3074 793 faciunt,
3103 728 3459 797 patrocinium

1886 806 2027 862 ferre
2076 825 2178 863 non
2218 814 2516 878 omittatis;
2567 826 2620 870 et
2669 819 2822 887 quasi
2869 820 3023 874 vobis
3065 821 3267 872 dictum
3305 817 3403 881 sit,
3436 836 3455 868 ι

1888 899 2243 973 Quodcunque
2285 906 2496 961 solveris
2549 926 2704 977 super
2737 921 2964 975 terram,
3008 909 3232 964 solutum
3279 910 3376 964 erit
3411 916 3462 962 et

1883 993 1935 1045 iu
1962 994 2124 1057 caelis,
2160 1014 2180 1046 ι
2212 997 2284 1050 ita
2317 1008 2554 1053 nostram
2595 1002 3026 1056 interdictionem
3057 1018 3150 1056 eos
3179 1003 3462 1072 parvipen-

1881 1083 2012 1137 dere
2063 1085 2294 1141 faciatis.
2328 1107 2345 1138 ι
2393 1088 2579 1143 Nanno
2625 1091 2786 1160 igitur
2829 1111 2846 1143 ι
2887 1093 3126 1164 magistri
3169 1112 3186 1144 ν
3242 1091 3461 1146 nomine

1883 1173 2259 1244 intelligendus
2307 1187 2424 1243 est,
2476 1189 2532 1235 et
2573 1179 2909 1251 Giselpertns
2955 1183 3071 1253 ejus
3113 1202 3129 1233 ι
3179 1183 3396 1237 missus.
3439 1201 3458 1232 ι

1882 1267 2020 1332 Quid
2049 1280 2229 1321 autem
2261 1269 2316 1333 ii,
2343 1270 2434 1338 qui
2466 1271 2531 1324 ad
2556 1273 2819 1342 synodum
2847 1274 3186 1329 convenere?
3221 1291 3240 1323 ι
3273 1273 3347 1326 Ex
3377 1272 3463 1326 his

1883 1359 2072 1428 aliqui,
2110 1380 2128 1412 i
2165 1361 2242 1414 ait
2282 1361 2400 1415 loco
2437 1363 2605 1416 citato
2639 1362 2704 1416 ad
2740 1363 3106 1428 Ambrosium,
3142 1383 3160 1414 ι
3195 1379 3316 1418 cum
3347 1378 3496 1434 ma-_

1881 1448 2026 1502 xima
2067 1449 2501 1506 deliberaverunt
2529 1453 2804 1522 superbia,
2835 1453 2976 1522 quod
3011 1467 3183 1521 neque
3210 1451 3462 1506 muliero-

1883 1539 2103 1594 sitatem
2151 1541 2538 1612 relinquerent,
2578 1560 2752 1613 neque
2786 1545 2854 1598 ab
2895 1544 3071 1598 ollicio
3105 1551 3398 1598 cessarent.
3435 1563 3456 1596 ι

1887 1630 2025 1685 ilinc
2067 1632 2322 1702 colligere
2366 1633 2513 1696 licet,
2547 1634 2879 1689 Ravennatis
2926 1633 3138 1689 concilii
3184 1633 3462 1687 decretum

194 1718 483 1772 constituta
525 1737 544 1770 ι
577 1719 644 1773 ad
693 1721 979 1776 utilitatem
1018 1735 1222 1779 sancta:
1264 1727 1517 1782 Ecclesia'
1550 1747 1568 1779 ι
1607 1732 1774 1785 conti-
1808 1725 1854 1782 B
1882 1734 2069 1779 contra
2099 1725 2326 1780 clericos
2357 1726 2757 1781 incontinentes
2799 1726 3115 1796 bipartitum
3162 1725 3349 1788 fuisse,
3379 1724 3462 1778 ni-

197 1817 386 1860 nuator
439 1806 740 1878 chinonis
795 1820 1042 1867 testatur.
1101 1813 1434 1886 Praecipuum
1491 1821 1778 1876 consilium

198 1895 289 1948 fuit
317 1897 650 1951 restanratio
672 1899 1056 1957 ecclesiastica:
1083 1905 1398 1974 disciplima.
1425 1907 1479 1962 Id
1509 1911 1782 1980 colligitur

199 1999 255 2038 ex
284 1985 506 2041 decreto
536 1997 724 2042 contra
755 1991 1198 2048 mulierositatem
1241 2007 1293 2050 et
1333 1999 1578 2069 conjugia
1623 2003 1779 2056 cleri-

202 2093 400 2143 corum,
427 2080 586 2150 cujus
625 2079 918 2138 Ratherius
960 2086 1288 2141 mentionem
1332 2088 1478 2143 facit.
1509 2091 1775 2146 Veronam

198 2170 325 2222 enim
359 2185 615 2226 reversus
637 2182 764 2241 post
784 2172 1071 2230 Ravennas
1097 2179 1388 2233 concilium
1408 2221 1422 2245 ,
1467 2198 1590 2236 mox
1636 2185 1774 2239 dim-

199 2275 436 2315 cesanam
481 2263 752 2332 synodum
799 2268 1134 2334 convocavit,
1167 2279 1226 2324 ut
1271 2270 1512 2340 ejusdem
1559 2277 1774 2331 concilii

199 2350 401 2404 decreta
449 2362 806 2422 proponeret,
833 2363 889 2408 et
925 2359 1268 2425 exsequenda
1301 2371 1536 2416 curaret.
1569 2383 1588 2415 ι
1624 2365 1776 2420 Cele-

197 2440 332 2495 brata
381 2443 659 2498 mediante
700 2443 890 2512 Aprili,
929 2464 953 2497 ›
991 2446 1163 2516 inquit
1211 2449 1263 2503 in
1313 2452 1536 2520 epistola
1576 2454 1661 2508 1%.
1694 2455 1774 2509 Ad

197 2533 532 2615 Ambrosium
587 2551 740 2590 num.
774 2539 834 2601 1,
874 2555 892 2588 ι
930 2539 1221 2594 universali
1250 2545 1454 2612 synodo
1481 2544 1774 2613 Ravennae,

200 2640 435 2678 reversus
458 2627 753 2684 convocavi
778 2643 842 2683 ex
869 2631 1118 2686 omnibus
1157 2642 1358 2686 nostrae
1386 2633 1636 2690 dioecesis
1668 2636 1778 2706 ple-

196 2713 340 2768 bibus
361 2715 714 2785 presbyteros
739 2727 794 2770 et
821 2718 1096 2784 diaconos,
1125 2721 1394 2777 relaturus
1415 2737 1482 2776 ex
1510 2735 1779 2794 praecepto

195 2805 522 2859 serenissimi
563 2807 903 2876 imperatoris
932 2825 1053 2880 qua:
1093 2811 1226 2866 inibi
1250 2816 1545 2869 constituta
1575 2827 1720 2873 sunt.
1754 2837 1772 2870 ι

194 2892 315 2947 Cum
353 2895 472 2950 haec
508 2895 816 2953 dimcesana
851 2901 1088 2970 synodus
1116 2912 1440 2973 congregata
1471 2903 1636 2960 fuerit
1670 2915 1782 2961 sta-

195 2987 281 3038 tim
321 2995 448 3055 post
482 2987 852 3044 Ravennatem
898 2990 1226 3046 celebratam
1261 3011 1279 3044 ι
1321 2994 1594 3050 mediante
1620 2997 1780 3066 Apri-

1886 1814 2080 1867 mirnm
2123 1823 2182 1868 ut
2223 1815 2307 1869 vel
2342 1815 2598 1870 mulieres
2641 1816 2992 1881 dimitterent,
3024 1816 3108 1871 vel
3145 1816 3188 1870 si
3221 1816 3310 1884 qui
3349 1813 3466 1869 nol-

1881 1902 1994 1957 lent
2040 1904 2336 1968 dimittere,
2374 1915 2630 1974 tanquam
2679 1906 2906 1976 depositi
2949 1907 3017 1960 ab
3062 1905 3237 1960 cilicio
3283 1918 3464 1959 cessa-

1881 2003 2022 2048 rent.
2054 1995 2169 2048 Non
2204 1995 2454 2059 defuere,
2499 1997 2589 2064 qui
2641 1997 2766 2051 huic
2795 1998 3011 2051 decreto
3039 2011 3231 2065 parere
3276 1996 3463 2050 nolue-

1879 2093 2024 2138 runt.
2078 2084 2187 2138 Hos
2238 2085 2558 2149 Ratherins,
2612 2103 2630 2136 ι
2661 2086 3044 2154 comprehendi
3098 2095 3152 2138 ct
3203 2084 3462 2140 custodiae

1878 2176 2173 2244 mancipari
2221 2192 2389 2244 usque
2439 2175 2504 2229 ad
2547 2175 2968 2230 satisfactionem
3011 2175 3286 2245 prmcepit.
3316 2193 3334 2225 ›
3364 2172 3464 2228 Sa-

1878 2265 2202 2320 tisfactionis
2251 2267 2466 2320 nomine
2507 2266 2877 2334 pecuniariam
2922 2280 3156 2336 ptrnam,
3189 2280 3283 2319 seu
3327 2264 3464 2317 mul-

1879 2363 1985 2408 tam
2013 2355 2279 2424 intelligit,
2311 2364 2368 2408 ut
2397 2355 2638 2409 indicant
2663 2371 2784 2425 qua:
2812 2356 2996 2410 statim
3025 2355 3262 2423 subiicit.
3299 2372 3317 2404 ι
3356 2353 3458 2407 Sa-

1877 2446 2202 2502 tisfactionis
2233 2463 2502 2501 smnmam
2546 2449 2598 2501 in
2643 2449 3022 2512 restauranda,
3051 2463 3168 2512 seu,
3201 2449 3342 2517 quod
3372 2463 3465 2501 ve—

1878 2538 1990 2592 rius
2037 2548 2151 2601 est,
2192 2539 2496 2592 decor-arula
2544 2541 2714 2592 beatae
2760 2539 2852 2593 Dei
2900 2537 3191 2594 Genitrieis
3235 2537 3464 2592 ecclesia

1881 2627 2128 2700 [cxnvml
2158 2629 2383 2698 (scilicet
2420 2628 2741 2698 cathedrali)
2771 2645 2866 2698 spe
2898 2627 3200 2695 huiusmodi
3233 2626 3462 2690 contuli,
3515 2620 3523 2632 ’

1879 2728 1939 2772 ιιι
1985 2719 2112 2788 quia
2168 2719 2240 2772 illi
2292 2719 2346 2771 in
2394 2719 2602 2789 agenda
2655 2719 2972 2789 paenitentia
3027 2717 3462 2780 ineﬂicacissimi,

1880 2819 2067 2879 utpote
2095 2811 2453 2864 ehriosissimi
2483 2821 2660 2874 erant,
2694 2811 2882 2866 Matris
2915 2811 3229 2864 intercessio
3255 2809 3462 2863 Domini

1882 2899 1987 2954 illis
2031 2901 2220 2956 saltem
2269 2902 2515 2956 obtinere
2563 2902 2880 2970 dignaretur
2923 2902 3155 2965 veniam,
3184 2900 3275 2970 qui
3305 2915 3371 2954 ex
3406 2913 3466 2953 se

1882 2991 2319 3046 emendationem
2371 2992 2532 3046 aliam
2581 2992 2822 3047 facerent
2872 2992 3092 3045 nullam.
3130 3011 3147 3042 ι
3194 2990 3330 3044 Num
3383 2990 3466 3043 ha:

193 3075 222 3128 li
253 3095 270 3126 ι
301 3077 433 3131 anni
464 3077 602 3144 967;
635 3088 694 3132 ut
734 3081 930 3136 reditui
975 3083 1235 3153 episcopi,
1264 3093 1320 3138 et
1365 3087 1676 3140 convocatis
1708 3087 1772 3140 ad
1803 3100 1847 3161 ρ
1881 3082 2306 3137 inohedientium
2367 3083 2782 3152 comprehensio
2831 3091 2887 3136 et
2937 3083 3102 3136 multa
3157 3082 3208 3136 in
3261 3081 3467 3152 synodo

190 3170 451 3239 synodum
495 3185 791 3240 congruum
825 3182 1033 3244 tempus
1076 3175 1362 3241 tribuatur,
1395 3177 1655 3247 adigenda
1695 3180 1778 3232 vi-

189 3261 340 3314 detur
367 3261 543 3316 mensi
585 3261 766 3328 .lunio,
799 3265 880 3318 vel
913 3264 1074 3321 Julio.
1098 3266 1267 3322 Porro
1299 3270 1436 3323 inter
1465 3285 1546 3334 ea,
1573 3287 1692 3340 ane
1724 3272 1777 3324 in

189 3353 393 3422 synodo
437 3355 610 3408 edixit
663 3355 987 3423 Rathetius,
1044 3373 1208 3413 unum
1259 3360 1458 3416 ibidem
1515 3371 1778 3416 memorat

187 3455 518 3514 przeceptum
559 3447 626 3500 de
671 3446 1063 3504 mulierositate
1100 3450 1437 3504 dimittenda.
1471 3451 1583 3506 Hoc
1615 3453 1780 3522 igitur

188 3537 328 3591 inter
358 3539 627 3607 pnecipua
651 3539 981 3596 Ravennatis
999 3541 1212 3595 concilii
1237 3543 1529 3596 constituta
1551 3542 1776 3614 [cum]

185 3629 306 3683 fuit.
339 3631 398 3684 ln
443 3631 546 3684 hoc
589 3631 809 3696 vitium,
833 3632 978 3701 quod
1023 3633 1168 3688 inter
1192 3634 1422 3689 clericos
1456 3645 1563 3689 tam
1594 3636 1697 3688 late
1726 3643 1782 3688 et

183 3720 403 3788 publice
451 3722 825 3790 grassabatur,
857 3723 1285 3790 exstirpandnm,
1325 3732 1380 3778 et
1414 3724 1781 3778 ecclesiastica

184 3822 235 3866 ct
266 3813 569 3882 imperialis
595 3823 843 3884 potestas
866 3815 1228 3883 conspiravit;
1263 3830 1327 3869 ac
1357 3825 1636 3884 propterea
1668 3815 1782 3868 lan-

169 3906 376 3960 datum
413 3908 770 3962 constitutum
808 3907 1019 3961 concilii
1059 3906 1391 3962 Ravennatis
1429 3910 1494 3961 de
1538 3909 1782 3962 muliero-

181 4001 358 4060 sitote,
387 4015 480 4054 seu
509 4001 574 4052 de
609 3999 870 4054 uxoribus
896 3999 1216 4054 dimittendis
1243 4015 1384 4054 nunc
1418 4000 1779 4070 imperatoris,

183 4105 332 4144 nunc
360 4090 555 4143 summi
587 4087 869 4158 pontificis
897 4099 1219 4158 pra-ceptum
1249 4104 1278 4141 a
1309 4089 1570 4143 Ratherio
1601 4089 1785 4158 appel-

181 4179 351 4236 latur.
387 4197 405 4229 ι
440 4179 779 4250 Prwecptum
827 4179 1159 4233 serenissimi
1203 4180 1543 4249 imperatoris
1577 4199 1595 4232 ›
1629 4189 1788 4234 vocat

183 4271 239 4325 in
273 4272 490 4326 laudata
524 4273 590 4326 ad
620 4268 1220 4338 Ambrosium-epistola
1263 4270 1349 4332 η,
1384 4289 1402 4319 ι
1432 4269 1784 4340 Angustalcm

184 4364 520 4416 voluntatem
553 4380 571 4412 ι
611 4362 666 4416 in
693 4360 985 4415 Discordia
1026 4375 1175 4413 num.
1201 4359 1234 4412 6
1267 4377 1284 4409 ι
1317 4360 1636 4429 legationem
1669 4363 1783 4430 (seu

1879 3174 2182 3228 ditecesana
2224 3174 2542 3238 acciderint,
2579 3191 2646 3227 an
2695 3183 2979 3243 postquam
3034 3173 3107 3226 illi
3162 3173 3278 3242 ipso
3322 3171 3466 3226 facto

1878 3265 2362 3327 demonstrasscnt,
2395 3280 2454 3319 se
2495 3280 2591 3318 nec
2638 3264 3082 3318 mulierositatem
3129 3262 3267 3316 velle
3311 3263 3466 3315 dese-

1878 3372 2022 3420 rere,
2049 3373 2149 3411 nec
2176 3358 2243 3410 ab
2269 3355 2442 3410 cilicio
2471 3370 2707 3418 cessare,
2734 3357 2998 3408 incertum
3025 3361 3127 3406 est.
3156 3353 3230 3405 lta
3258 3352 3466 3420 pariter

1880 3449 2179 3511 incertum,
2227 3461 2354 3499 num
2402 3446 2467 3498 ad
2525 3446 2712 3514 synoui
2767 3454 2978 3511 tempus
3027 3443 3306 3496 referenda
3357 3440 3468 3494 sint

1882 3540 1982 3594 tria
2010 3539 2138 3600 alia,
2171 3552 2290 3604 qua:
2320 3535 2504 3589 statim
2549 3535 2730 3588 subdit
2770 3543 2942 3602 gesta.
2980 3551 2997 3582 ι
3035 3530 3306 3596 Quosdam
3331 3545 3463 3584 vero

1880 3632 1945 3686 de
1984 3630 2206 3683 civitate
2249 3643 2348 3696 pro
2395 3626 2623 3678 diversis
2666 3623 2960 3678 sceleribus
3006 3631 3308 3685 accusatos,
3337 3635 3460 3674 cum

1854 3723 1948 3776 .acl
1980 3718 2402 3775 satisfactionem
2440 3716 2624 3768 venire
2671 3713 2940 3782 dedignati
2989 3713 3236 3771 fuissent,
3279 3711 3463 3764 missis

1881 3825 1912 3866 e
1953 3813 2118 3866 latere
2150 3826 2267 3863 meo
2303 3807 2505 3878 (supple
2542 3805 2904 3872 hmmlaribns)
2939 3820 3061 3859 cum
3092 3804 3333 3857 ostiariis
3373 3819 3462 3857 ec-

1883 3901 2061 3956 clesim
2091 3897 2509 3967 comprehendi,
2549 3904 2605 3946 ut
2639 3895 2805 3948 lttttl'lS
2849 3902 2952 3957 cst,
2993 3893 3117 3953 feci,
3150 3901 3204 3945 et
3241 3890 3460 3945 satisfa-

1885 3993 2117 4046 ctionem
2176 3991 2370 4042 factum
2431 3987 2480 4040 in
2541 3986 2678 4038 idem
2735 3999 2871 4052 opus
2926 3982 3176 4051 expendi.
3233 3980 3461 4046 Quizlam

1883 4085 2171 4153 presbyter
2217 4099 2299 4134 me
2339 4097 2401 4135 os
2448 4078 2620 4132 vulva:
2667 4076 2973 4145 appellavit,
3006 4089 3165 4142 quem
3215 4072 3468 4126 similiter

1886 4174 2301 4243 comprehendi;
2351 4184 2405 4227 et
2447 4171 2568 4241 fuga
2606 4186 2728 4224 cum
2779 4168 2969 4221 fuisset
2999 4167 3234 4235 elapsus,
3268 4163 3466 4217 ahsnili

1888 4269 1956 4320 ab
1983 4280 2048 4319 eo
2075 4265 2215 4332 quod
2247 4263 2418 4332 potui,
2453 4277 2556 4314 non
2585 4270 2760 4312 tamen
2797 4255 3039 4310 ecclesia:
3066 4253 3299 4318 contuli;
3338 4253 3464 4321 quia

1891 4358 2099 4425 injuria:
2137 4370 2268 4408 mere
2302 4354 2590 4406 vindictam
2633 4351 2826 4405 offerre
2870 4351 2976 4402 Deo
3017 4362 3182 4400 ausus
3221 4345 3462 4407 minime,

183 4455 537 4527 ρινωεενιιηιι)
578 4469 730 4526 papa;
767 4469 788 4506 ι
837 4452 890 4505 in
937 4451 1166 4522 epistola
1207 4453 1267 4506 Η
1323 4453 1388 4506 ad
1428 4450 1776 4516 Nannonem,
1814 4441 2039 4518 Dcujus
2085 4445 2263 4516 potius
2314 4443 2522 4495 laxatur
2573 4457 2732 4509 quam
2793 4441 2936 4492 ultor
2980 4451 3101 4491 esse
3151 4435 3471 4496 debueram,

185 4566 337 4606 mum.
371 4549 424 4602 2.

259 4643 386 4698 119.
425 4641 572 4698 Licet
611 4653 809 4698 omnes
847 4637 915 4693 ad
958 4638 1219 4709 synodum
1255 4646 1534 4691 evocasset
1564 4637 1778 4706 episco-

190 4749 314 4804 pus.
346 4749 446 4788 non
476 4745 655 4789 tamen
681 4745 883 4788 omnes
911 4739 1299 4782 convenerunt.
1329 4727 1462 4780 Nam
1500 4744 1514 4777 ι
1545 4727 1778 4781 versutia

193 4826 325 4882 mihi
350 4842 554 4897 semper
585 4824 903 4883 rebellium,
928 4839 947 4873 ι
971 4819 1144 4889 inquit
1169 4821 1218 4874 in
1249 4820 1406 4888 epist.
1435 4820 1522 4882 η,
1554 4833 1699 4870 ιιιιιιι.
1727 4816 1778 4880 1,

205 4933 223 4966 ι
249 4920 470 4991 vitatque
510 4932 648 4974 mea?
680 4912 1060 4970 insidiantium
1089 4922 1285 4966 nostra:
1311 4911 1498 4963 matris
1531 4908 1782 4964 Ecclesiie

195 5016 440 5086 majorum
479 5017 558 5086 (id
599 5020 692 5069 est
732 5007 1143 5077 canotticorum)
1170 5007 1358 5062 venire
1397 5007 1615 5073 quidam
1659 5013 1783 5059 sunt

502 5129 517 5138 .
569 5106 685 5138 UAc
726 5119 747 5138 ι
785 5114 894 5138 nnn
935 5097 1202 5138 vaniontnc
1231 5111 1356 5138 mtm
1387 5097 1580 5138 ilprnm
1623 5107 1782 5138 atrum

192 5109 366 5138 ,ιιι-12η..
376 5111 444 5138 ...ε

1887 4541 1982 4594 fui.
2015 4538 2244 4603 Quidam
2277 4535 2558 4595 diaconus,
2587 4549 2746 4602 quem
2787 4547 2930 4583 anno
2972 4528 3250 4607 praeterito
3279 4535 3473 4579 contra

1887 4643 2034 4698 spem
2075 4639 2288 4695 quoque
2333 4622 2668 4676 ordinarium
2703 4621 2778 4691 (id
2825 4629 2908 4673 est
2960 4614 3304 4687 canonicum)
3346 4612 3473 4674 feci,

1889 4735 2048 4773 unam
2078 4733 2200 4771 cum
2233 4731 2300 4767 ex
2328 4721 2480 4783 parte
2513 4728 2630 4766 mea
2663 4727 2727 4766 ex
2761 4710 3073 4764 melioribus
3103 4706 3310 4777 plebem
3351 4716 3470 4758 cum

1887 4815 2039 4863 cnrte
2082 4806 2326 4864 haberet,
2355 4815 2453 4870 ego
2495 4816 2617 4854 cum
2650 4799 2874 4862 nullam,
2906 4813 2991 4851 me
3035 4795 3306 4854 fellonem,
3345 4793 3447 4843 han

1887 4900 2147 4953 siatorem
2182 4903 2345 4962 atque
2369 4889 2646 4961 perjnrnm
2677 4889 2998 4958 appellavit;
3029 4900 3149 4942 eam
3174 4879 3391 4942 abstuli,
3411 4891 3474 4934 et

1887 4995 2044 5059 mihi,
2073 4995 2198 5064 quia
2227 4992 2328 5045 fuit
2355 5003 2599 5050 necesse,
2634 4983 2854 5039 retinui.
2888 4997 2905 5028 ι

1960 5063 2102 5138 120.
2127 5088 2262 5138 Dum
2308 5085 2360 5137 in
2408 5082 2619 5138 svnodo
2661 5078 2964 5130 dimcesana
2996 5063 3286 5120 ltatherins
3317 5071 3483 5125 urge-
