4038 5388
596 326 703 383 ηδ

1555 312 1952 373 RATHERIUS
1989 296 2422 366 VERONENSIS
2463 300 2855 356 EPISCGP‘L’S.

3743 290 3842 347 ηε

586 435 750 491 latius
768 428 1303 503 explicavimus§15,
1321 425 1567 482 num.97.
1588 425 1725 481 Huic
1747 425 1929 493 itaque
1950 419 2168 476 inferio-
2196 415 2244 474 Δ
2272 408 2530 503 nonnulla
2558 408 2770 503 nnm._8
2794 425 2808 461 :
2845 425 2864 459 ι
2896 405 3048 474 Quod
3075 419 3237 460 causa
3265 403 3595 503 protuli-rain
3620 402 3844 503 commi-

592 539 713 579 rum
736 522 1055 578 clericorum
1084 519 1278 588 inopiae
1298 528 1357 572 ut
1377 516 1703 587 provideret,
1726 529 1849 568 cum
1876 513 2168 582 aequiorem

592 615 897 669 redditunm
925 611 1198 667 ecclesias:
1211 611 1414 664 icorum
1449 606 1884 661 distributionem
1917 603 2174 657 inducen-

594 705 719 758 dam
753 703 1095 773 intelligeret.
1123 699 1233 755 llac
1263 701 1328 755 de
1359 715 1434 761 rc,
1453 713 1614 767 quam
1644 706 1799 750 antea
1827 694 2025 749 frustra
2052 702 2169 747 ten-

593 803 825 856 taverat,
856 793 1049 847 iterum
1081 802 1201 860 post
1235 789 1596 844 ditecesanam
1625 787 1887 855 synodum
1926 801 2048 838 cum
2082 798 2172 838 ca-

592 883 803 937 llDlllClS
824 882 964 952 egit;
994 881 1227 949 potiores
1253 880 1396 933 enim
1425 877 1658 947 querelae
1680 884 1834 931 erant
1854 874 2171 929 clericorum

591 972 837 1028 ecclesia:
865 969 1210 1027 cathedralis.
1248 988 1266 1019 ι
1304 968 1471 1038 Hujus
1516 967 1591 1020 rei
1633 967 1805 1036 gratia
1845 964 2014 1027 volui,
2087 964 2171 1017 itt-

592 1062 750 1133 quit,
789 1077 1081 1132 agnoscere
1129 1059 1333 1121 omnia,
1365 1073 1485 1127 quae
1508 1058 1622 1111 sive
1646 1057 1714 1110 ab
1741 1055 2172 1110 antecessoribus

588 1154 730 1208 anteis
764 1166 1039 1209 concessa.
1076 1151 1189 1205 sive
1234 1166 1263 1203 a
1312 1150 1477 1202 Deum
1525 1147 1835 1201 timentibus
1878 1145 2011 1199 viris
2047 1151 2173 1199 sunt

590 1247 674 1301 eis
701 1246 913 1301 collata.
946 1264 964 1295 ι
993 1244 1071 1298 Ex
1102 1243 1232 1311 ipsis
1257 1242 1402 1296 enim
1425 1240 1770 1294 donationum
1802 1235 2174 1294 instrumentis

591 1336 837 1391 convinci
890 1349 1047 1404 posse
1092 1333 1367 1395 credebat,
1396 1329 1723 1385 eatltedralis
1751 1328 1994 1384 ecclesia:
2033 1328 2172 1382 bona

588 1443 659 1482 ac
683 1428 921 1482 redditus
950 1425 1249 1496 generatim
1286 1422 1453 1477 fuisse
1479 1421 1725 1485 collatos,
1755 1437 1861 1475 non
1908 1429 1964 1473 ut
2000 1419 2170 1489 maio-

544 1504 556 1515 ’
586 1532 682 1570 res
721 1515 939 1582 clerici,
994 1530 1087 1568 seu
1141 1513 1386 1568 canonici
1441 1512 1555 1567 fere
1604 1513 1782 1566 omnia
1835 1511 2174 1581 perciperent

591 1615 757 1673 atque
806 1605 1165 1667 ditescerent,
1216 1603 1394 1658 czeteri
1446 1602 1583 1657 nihil
1628 1609 1722 1655 aut
1761 1601 2031 1655 modicum
2077 1615 2171 1654 ae-

591 1695 853 1763 cipientes
879 1694 1084 1767 [crux]
1127 1695 1302 1763 in0pia
1334 1693 1660 1756 laborarent,
1688 1692 1781 1747 sed
1808 1701 1864 1746 ut
1893 1691 2071 1746 oblata
2101 1693 2170 1747 ad

2274 498 2510 553 nationis
2531 537 2546 561 ,
2581 498 2632 551 in
2663 496 2916 552 effectum
2946 504 3158 550 vertere
3196 509 3299 548 non
3326 492 3507 548 distuli
3537 490 3649 564 [cc]
3680 490 3847 546 actio-

2271 589 2378 652 nis,
2406 597 2461 643 et
2490 596 2758 656 praecepto
2805 601 2935 641 usus
2983 585 3213 639 dicentis
3268 601 3281 636 :
3345 582 3423 636 Da
3471 583 3633 645 bona,
3691 590 3742 634 et
3790 597 3850 633 ne

2271 678 2558 747 susceperis
2625 686 2944 746 peccatorem
2986 675 3176 745 (Ereti.
3217 690 3313 736 xu,
3342 673 3417 740 5),
3489 672 3596 726 illis
3637 670 3846 732 ablata,

2272 768 2427 822 bonis
2476 766 2686 821 duobus
2714 806 2729 832 ,
2785 765 2836 819 id
2884 774 2971 820 est
3026 766 3197 819 beatae
3244 762 3504 818 Genitrici
3556 768 3853 829 sanctoque

2274 859 2549 929 Stephano
2601 857 2986 929 protontartyri
3014 856 3248 920 contuli,
3279 855 3364 909 vel
3395 856 3574 925 potius
3601 853 3848 917 reddidi;

2271 950 2477 1006 faciens
2515 952 2582 1006 de
2610 952 2930 1020 quibusdam
2957 950 3191 1020 'insuper
3240 951 3504 1019 scriptum
3541 947 3813 1016 quoddam
3837 986 3853 1011 ,

2271 1042 2414 1112 quod
2441 1043 2725 1097 nominant
2748 1042 3082 1107 Judicatum,
3110 1043 3161 1097 id
3189 1051 3295 1105 est,
3324 1042 3626 1104 decretum,
3656 1053 3856 1109 paupe-

2272 1133 2508 1189 rioribus
2535 1133 2752 1188 clericis
2779 1139 3030 1202 (quorum
3060 1122 3226 1188 causa
3256 1133 3463 1187 scilicet
3492 1139 3701 1184 tantum
3730 1144 3856 1200 per-

2275 1226 2501 1281 tulerant
2532 1225 2813 1296 laborem)
2845 1227 3083 1296 ejusdem
3110 1226 3389 1288 ecclesite,
3429 1225 3531 1279 hoc
3559 1231 3679 1289 est,
3708 1236 3859 1293 pres-

2270 1316 2476 1388 byteris
2506 1315 2800 1386 capellanis
2826 1356 2840 1380 ,
2871 1315 3289 1370 subdiaconibus
3312 1316 3378 1370 de
3403 1314 3700 1369 secretario
3733 1328 3860 1382 sep-

2272 1413 2402 1472 tem,
2427 1406 2740 1460 cantoribus
2760 1400 2986 1475 septem,
3017 1405 3281 1476 acolbytis
3304 1405 3370 1460 de
3412 1406 3714 1460 secretario
3750 1418 3861 1471 sep-

2275 1505 2400 1561 tem,
2430 1499 2746 1553 cantoribus
2794 1499 3054 1567 quinque,
3079 1497 3318 1551 ostiariis
3352 1512 3466 1557 sex,
3502 1512 3606 1550 non
3636 1504 3700 1549 ut
3730 1494 3861 1548 mihi

2272 1587 2543 1642 ﬁdeliores
2565 1597 2765 1653 tamen,
2789 1588 2881 1642 sed
2907 1588 2958 1641 in
2982 1587 3205 1642 servitio
3232 1587 3441 1641 Domini
3461 1586 3653 1639 ﬁerent
3681 1600 3862 1655 prom-

2270 1680 2478 1751 ptiores
2494 1689 2549 1734 et
2568 1688 2814 1734 cessante
2829 1680 3164 1749 paupertatis
3184 1678 3490 1741 occasione,
3507 1676 3861 1732 studiosiores

591 1802 836 1841 normam
861 1786 1121 1841 Actorum
1164 1786 1528 1855 apostolorum
1568 1802 1643 1848 ιιι,
1671 1786 1765 1849 55,
1799 1785 2168 1840 dividerentur

2277 1776 2323 1830 in
2349 1775 2558 1831 Domini
2582 1774 2772 1829 diebus
2792 1789 2853 1828 ac
2880 1774 3127 1827 noctibus
3149 1773 3341 1828 ﬁerent
3369 1773 3651 1828 servitute.
3689 1791 3731 1824 ι·

590 1873 841 1949 singulis,
861 1888 1019 1948 prout
1039 1881 1234 1950 cuique
1261 1896 1396 1949 opus
1428 1890 1589 1936 esset.
1624 1879 1759 1935 lluic
1785 1889 1966 1934 autem
2000 1880 2180 1947 aequi-

591 1969 674 2023 ori
723 1970 1027 2025 redditunm
1070 1971 1473 2035 distributioni,
1523 1987 1684 2041 quam
1715 1986 1785 2025 ex
1806 1972 1937 2040 ipsis
1971 1972 2172 2025 instruo

595 2063 798 2116 mentis
848 2061 1198 2117 inducendam
1234 2063 1509 2132 cogitabat
1555 2063 1840 2132 cpiscopus
1865 2102 1880 2126 ,
1926 2061 2001 2116 illi
2038 2063 2172 2117 adeo

591 2152 926 2212 restiterunt,
958 2172 977 2203 ‹
997 2161 1055 2204 ιιι
1081 2154 1216 2207 mori
1239 2168 1299 2208 se
1326 2163 1482 2207 antea
1506 2153 1665 2207 malle
1689 2152 2171 2222 proferreutquam

592 2241 694 2297 hoc
724 2243 925 2298 factum
958 2244 1219 2299 viderent.
1261 2263 1278 2296 ι
1316 2245 1468 2298 Tunc
1512 2245 1798 2314 episcopus
1846 2259 2031 2299 sacros
2080 2260 2172 2299 ca~

590 2350 758 2389 nones
795 2335 925 2405 ipsis
954 2337 1189 2391 ostendit
1219 2350 1233 2390 :
1261 2337 1332 2390 illi
1363 2347 1585 2392 econtra
1616 2337 1785 2391 solam
1813 2338 2173 2407 praedecesso-

593 2443 713 2482 rum
735 2444 955 2483 suorum
985 2431 1430 2483 consuetudinem
1459 2428 1903 2500 ingerebantUb.
1935 2429 1989 2492 d,
2020 2446 2071 2482 η.
2090 2429 2168 2498 7).

592 2520 706 2575 llac
744 2522 811 2575 de
841 2536 900 2576 re
926 2523 1119 2591 agebat
1148 2522 1451 2590 episcopus,
1483 2521 1609 2574 dum
1640 2520 1896 2588 sperabat
1920 2534 2173 2588 compro-

595 2610 907 2665 vincialium
946 2612 1320 2680 episcoporum
1379 2611 1640 2681 synodum
1678 2610 1903 2664 Veronae
1945 2626 2173 2681 congre-

597 2698 852 2770 gandant,
883 2700 948 2753 de
986 2715 1089 2768 qua
1143 2709 1265 2768 post
1300 2715 1469 2768 pauca
1520 2700 1625 2754 erit
1671 2714 1868 2753 sermo.
1902 2700 1983 2754 Ad
2032 2701 2174 2754 hanc

596 2790 861 2859 synodum
892 2792 1244 2860 quaestionem
1284 2790 1547 2860 eiusmodi
1576 2791 1841 2846 deducere
1876 2792 2168 2863 cogitabat.

594 2881 813 2936 Interim
849 2885 1113 2950 quosdam
1149 2882 1383 2936 civitatis
1406 2883 1700 2953 primarios
1722 2884 1866 2937 viros
1907 2883 1974 2938 ad
2005 2898 2171 2938 cano-

595 2974 745 3029 nicos
768 2975 931 3038 misit,
955 2975 1046 3044 qui
1077 2991 1171 3030 eos
1193 2976 1501 3044 adiurarent
1526 2990 1624 3046 per
1651 2975 1982 3039 ﬁdelitatem,
2009 2991 2170 3046 quam

596 3065 696 3119 sibi
728 3080 830 3118 non
863 3067 1026 3120 semel
1053 3065 1392 3134 iuraverant,
1424 3076 1483 3120 ut
1512 3069 1554 3121 si
1588 3082 1752 3137 quam
1803 3067 2168 3121 authenticam

2345 1865 2468 1919 121.
2515 1863 2613 1918 llic
2640 1880 2763 1919 cum
2790 1864 3066 1918 canonicis
3110 1878 3434 1933 congressus
3473 1862 3721 1916 Ratherii
3745 1902 3760 1927 ,
3788 1869 3874 1916 ‘ut.

2274 1958 2657 2030 pauperiorum
2701 1957 3023 2013 clericorum
3062 1957 3294 2026 inopiam
3349 1955 3681 2017 sublevaret,
3740 1970 3861 2009 cum
3942 1960 3950 1968 '

2273 2048 2492 2103 habitus
2532 2047 2699 2102 fuerit
2738 2059 2860 2117 post
2909 2049 3172 2118 synodum
3207 2047 3569 2102 dimcesanam
3615 2047 3862 2102 celebra-

2274 2146 2381 2192 tam
2414 2152 2603 2193 mense
2620 2138 2805 2203 Junio,
2833 2138 2917 2193 vel
2953 2137 3096 2199 .lulio
3124 2139 3249 2192 anui
3282 2138 3406 2202 967,
3438 2148 3493 2193 et
3523 2146 3651 2192 ante
3682 2139 3863 2193 conci-

2273 2228 2405 2282 lium
2434 2228 2801 2298 proviuciale,
2834 2230 2977 2300 quod
3009 2228 3234 2285 Verona:
3264 2240 3514 2284 coactum
3559 2230 3883 2286 videbimus.

2272 2324 2460 2378 eodem
2499 2339 2661 2386 anno,
2692 2324 2909 2377 ineunte
2937 2322 3260 2389 Novembri,
3312 2323 3499 2378 incidit
3547 2324 3600 2378 in
3656 2325 3865 2395 Augus-

2273 2422 2384 2468 tum
2415 2416 2637 2470 circiter
2663 2414 2744 2469 vel
2772 2414 3167 2485 Septembrem.
3213 2415 3270 2469 [tt
3302 2415 3403 2470 hoc
3449 2430 3755 2485 congressu
3807 2425 3865 2470 ut

2272 2506 2340 2561 ad
2366 2507 2655 2575 teqniorctn
2690 2506 2991 2561 redditunm
3020 2508 3364 2575 partitionem
3386 2508 3606 2562 eosdem
3635 2509 3864 2563 canoni-

2274 2609 2367 2650 cos
2395 2595 2693 2659 induceret,
2722 2610 2828 2649 non
2860 2596 2932 2659 vi,
2958 2597 3052 2649 sed
3083 2596 3296 2651 ratione
3334 2610 3466 2651 usus
3494 2605 3621 2661 est,
3653 2613 3760 2652 nec
3809 2598 3895 2652 in‘

2273 2687 2607 2751 redditibus,
2647 2688 2739 2756 qui
2785 2702 2850 2741 cx
2897 2687 3286 2742 consuetudine
3310 2687 3443 2757 ipsis
3467 2687 3859 2752 obvenerant,

2275 2775 2463 2835 iisdem
2502 2775 2684 2829 invitis
2720 2776 3015 2846 quidquam
3061 2777 3256 2847 tetigit,
3297 2776 3699 2847 Vel/decerpsit.
3760 2776 3863 2831 So-

2274 2866 2384 2921 lum
2434 2874 2493 2920 ut
2521 2865 2867 2921 inferioribus
2899 2866 3113 2923 clericis
3140 2867 3320 2935 aliqua
3364 2868 3573 2923 ratione
3600 2868 3858 2924 consule-

2273 2968 2375 3020 ret.
2414 2959 2650 3014 minatus
2674 2967 2760 3014 est
2787 2974 2847 3014 se
2872 2959 3121 3028 quaedam
3153 2959 3415 3016 beneﬁcia
3442 2961 3825 3031 adempturum
3843 3002 3865 3026 ,

2273 3062 2393 3118 qua:
2407 3047 2520 3116 ipse
2539 3046 2811 3102 nonnullis
2824 3047 3102 3102 canonicis
3121 3048 3445 3103 contulerat.
3470 3047 3657 3118 Neque
3679 3060 3875 3115 tamenn

599 3155 863 3211 baberent
921 3158 1223 3222 rationem,
1272 3174 1367 3214 seu
1418 3159 1771 3214 instrumenta
1822 3160 2169 3225 authentica,

2277 3139 2328 3193 id
2360 3139 2604 3194 absolute
2632 3138 2916 3207 prtestitit,
2957 3139 3051 3193 sed
3074 3148 3364 3209 postquam
3390 3140 3465 3194 illi
3499 3140 3551 3194 in
3583 3140 3635 3194 id
3666 3156 3862 3196 assen—

597 3246 794 3314 quibus
828 3261 1015 3302 eorum
1053 3250 1386 3304 consuetudo
1421 3249 1746 3315 muniretur,
1767 3265 1873 3305 non
1905 3244 2172 3315 celarent,

602 3352 673 3391 ne
701 3352 823 3419 cum
878 3340 1094 3408 utrique
1151 3342 1395 3396 venirent
1432 3342 1483 3396 in
1532 3342 1793 3412 synodum
1851 3342 2175 3397 verecundia

598 3427 906 3497 episcopum
938 3429 1215 3487 afﬁcerent
1236 3472 1251 3493 ,
1276 3432 1321 3487 si
1351 3433 1653 3502 exigentem
1685 3432 1843 3487 aliam
1867 3432 2173 3488 redditunm

599 3518 942 3583 divisionem,
989 3520 1243 3588 iniustum
1296 3523 1494 3592 aliquid
1525 3523 1743 3594 exigere
1778 3525 2173 3595 probavissent.

602 3607 661 3663 Id
696 3624 908 3680 quoque
966 3613 1096 3666 nihil
1130 3613 1373 3684 profuit.
1438 3634 1457 3666 ι
1494 3616 1562 3672 Ut
1603 3617 1773 3679 enim,
1844 3615 2050 3685 inquit,
2123 3616 2176 3670 in

599 3698 809 3754 illorum
825 3704 1180 3758 sacramentis
1198 3704 1397 3758 nullam
1433 3706 1562 3760 mihi
1590 3706 2174 3762 monstrarenthabere

599 3789 839 3859 potuisse
865 3807 1098 3860 unquam
1127 3792 1402 3859 ﬁduciam,
1431 3796 1701 3860 dixerunt,
1733 3798 1868 3866 proh
1908 3795 2058 3851 nefas
2083 3800 2095 3851 !
2118 3811 2176 3851 se

599 3879 734 3933 satis
788 3881 928 3937 scire
980 3883 1163 3938 multis
1208 3886 1374 3940 multa
1419 3886 1664 3956 iurasse,
1714 3903 1834 3956 qua:
1873 3888 2176 3943 nullatenus

598 3968 842 4022 valerent
873 3970 1091 4040 implere
1126 3974 1291 4041 (inter
1320 3976 1455 4032 alios
1486 3994 1592 4032 non
1640 3980 1818 4034 minus
1860 3977 2176 4046 iuraverant

602 4057 883 4124 Ratherio,
910 4078 1072 4132 quam
1102 4064 1280 4119 Miloni
1306 4066 1587 4139 invasori),
1615 4068 1927 4136 adiicientes
1955 4071 2174 4124 stultum

598 4162 740 4214 esse,
799 4160 857 4204 ut
906 4168 992 4208 me
1040 4168 1372 4212 conarentur
1413 4160 1629 4213 docere.
1678 4159 1925 4214 Mandavi
1960 4176 2176 4215 rursum

600 4236 807 4292 ilorum
836 4241 1196 4310 quibusdam,
1247 4247 1389 4316 quod
1432 4248 1483 4300 in
1510 4257 1743 4317 utroque
1772 4249 2173 4320 delinquerent,

610 4325 655 4380 si
685 4339 780 4380 aut
809 4344 895 4384 me
923 4342 1112 4387 contra
1141 4350 1219 4395 se.
1252 4347 1343 4389 aut
1375 4350 1432 4390 se
1467 4348 1653 4391 contra
1688 4354 1773 4392 me
1799 4341 2171 4408 permitterent

605 4416 843 4474 scienter
870 4426 1218 4478 contendere.
1240 4424 1553 4494 Respondit,
1579 4427 1732 4496 cujus
1755 4429 1990 4483 maxime
2012 4431 2177 4485 inter-

601 4520 720 4565 erat
771 4515 911 4583 quod
934 4517 1253 4572 stultissime
1291 4517 1516 4583 faceret,
1548 4521 1594 4573 si
1628 4520 1714 4573 vel
1743 4534 1827 4574 me
1859 4528 1971 4574 toto
2005 4536 2176 4576 saecu-

600 4595 655 4654 lo
682 4604 1062 4670 praedicatum,
1094 4606 1176 4660 vel
1230 4608 1520 4677 magistros
1564 4622 1690 4662 suos
1737 4609 1932 4663 docere
1978 4626 2174 4679 przesu~

601 4704 794 4748 meret.
822 4713 853 4747 τ
891 4694 1098 4751 Caetera
1132 4696 1291 4766 huius
1331 4698 1752 4753 concertationis
1796 4700 1977 4754 verbis
2014 4701 2179 4771 ipsius

601 4802 997 4856 prosequamur
1025 4788 1131 4858 (Ib.
1163 4788 1238 4858 b).
1282 4808 1299 4839 ι
1336 4789 1447 4844 lloc
1475 4791 1605 4845 nihil
1645 4789 1905 4858 iuvante,
1949 4806 2177 4849 conatus

604 4875 715 4929 alio
743 4889 839 4929 eos
867 4879 1028 4930 modo
1057 4878 1123 4929 ad
1160 4891 1349 4946 pacem
1389 4894 1493 4931 non
1542 4880 1760 4949 quidem
1806 4882 1986 4935 mundi
2017 4922 2032 4946 ,
2084 4883 2177 4938 sed

602 4963 806 5021 Christi
837 4966 1161 5035 compellere
1187 4983 1341 5020 :cum
1381 4969 1600 5038 quidam
1630 4970 1839 5024 illorum
1866 4972 2174 5043 (canonico-

604 5054 749 5122 rutn)
781 5054 848 5109 de
876 5069 996 5108 meo
1020 5054 1286 5110 haberent
1314 5058 1598 5123 beneﬁcia,
1630 5061 2008 5116 interminatus
2036 5076 2174 5124 smn,

606 5143 747 5174 nunt]
779 5143 823 5174 οἶ
858 5144 986 5174 Μῖιιῖ
1026 5146 1405 5174 ξηιλ-,ΙῖΛΛ-Αηο
1459 5151 1596 5174 η..-)
1650 5152 1781 5174 ...2ιέ
1847 5160 2175 5174 ---.-..Αι-..ι.ι

2278 3246 2396 3287 sum
2429 3232 2725 3299 praebuere,
2762 3229 3053 3283 dummodo
3089 3230 3246 3285 bonis
3270 3245 3336 3285 ex
3362 3232 3765 3287 consuetudine
3787 3233 3857 3288 ad

2276 3322 2566 3378 canonicos
2624 3320 3019 3390 pertinentibus
3067 3330 3339 3389 parceret.
3390 3322 3447 3377 ld
3507 3333 3689 3377 autem
3753 3340 3861 3378 non

2276 3414 2523 3484 praestitit
2563 3414 2614 3466 in
2653 3413 2768 3480 ipso
2799 3426 3092 3480 congressu
3145 3421 3266 3482 post
3300 3428 3488 3467 conm
3533 3429 3862 3480 assensum,

2276 3507 2369 3562 sed
2387 3516 2511 3560 tunc
2525 3506 2797 3575 praestitit,
2816 3520 2940 3558 eum
2970 3513 3093 3571 post
3116 3519 3464 3575 congressum
3495 3508 3635 3561 bona
3658 3507 3742 3561 eis
3767 3508 3879 3564 abs

2278 3616 2338 3656 se
2366 3600 2563 3655 collata
2617 3598 2871 3652 auferens
2895 3635 2910 3660 ,
2967 3597 3023 3651 in
3078 3597 3216 3652 alios
3249 3599 3365 3667 pios
3392 3613 3521 3653 usus
3550 3601 3822 3654 convertit
3845 3640 3861 3662 ,

2276 3692 2792 3762 pauperioribusque
2839 3690 3053 3745 clericis
3105 3706 3202 3760 per
3246 3691 3555 3744 Judicatum
3598 3692 3859 3762 providit.

2277 3784 2472 3839 Decem
2518 3784 2813 3840 canonicos
2863 3783 3144 3837 beneﬁciis
3193 3783 3518 3838 militaribus
3565 3800 3629 3838 ex
3658 3785 3860 3849 bonis,

2277 3892 2396 3945 quae
2422 3873 2531 3942 iuri
2563 3877 2828 3930 cedebant
2862 3872 3121 3941 episcopi,
3152 3873 3204 3926 in
3232 3873 3618 3927 beneﬁciorum
3652 3875 3859 3929 milita-

2278 3970 2417 4021 rium
2448 3968 2710 4020 rationem
2754 3965 2966 4019 collatis
3008 3965 3312 4029 ditaverat;
3370 3974 3429 4018 ιιι
3479 3966 3530 4019 in
3566 3965 3858 4020 [litterario

2278 4059 2439 4112 tradit
2470 4074 2619 4112 num.
2651 4057 2715 4110 ιε
2750 4076 2769 4108 ι
2794 4056 2927 4111 Cum
2956 4056 3022 4109 de
3051 4069 3170 4109 mea
3205 4056 3575 4124 paupertatula
3608 4071 3715 4110 non
3756 4058 3861 4111 sim

2276 4149 2430 4202 vobis
2459 4151 2595 4202 adeo
2628 4148 2972 4210 inhumanus,
3000 4154 3059 4199 ut
3081 4146 3297 4199 militari
3328 4146 3857 4202 beneﬁcio'habeam

2280 4236 2356 4305 (et
2383 4237 2485 4290 hoc
2513 4233 2702 4306 gratis)
2731 4235 2917 4289 decem
2947 4248 3017 4286 ex
3056 4234 3207 4288 vobis
3243 4232 3496 4287 dilatas.»
3544 4233 3753 4289 Confer
3806 4236 3858 4290 in

2280 4325 2610 4378 Discordiam
2639 4333 2752 4379 not.
2783 4322 2873 4376 25.
2904 4321 3012 4376 llos
3041 4337 3172 4391 ergo
3194 4323 3384 4376 decem
3423 4322 3719 4377 canonicos
3774 4323 3862 4377 he-

2284 4418 2494 4473 neﬁciis
2518 4434 2546 4471 a
2577 4434 2634 4472 se
2661 4417 2934 4473 concessis
2961 4415 3202 4484 spolians
3224 4458 3238 4482 ,
3291 4418 3342 4470 in
3384 4416 3651 4485 triplicem
3699 4434 3856 4473 nsunt

2285 4508 2550 4577 ejusmodi
2596 4507 2856 4562 beneﬁcia
2893 4506 3199 4570 convertit,
3249 4506 3352 4559 alia
3383 4506 3528 4560 enim
3559 4506 3859 4561 cathedrali

2286 4599 2550 4664 ecclesite,
2581 4614 2699 4667 qua:
2728 4610 2933 4654 sanctae
2956 4601 3051 4659 Dei
3098 4596 3388 4654 Genitricis
3428 4598 3584 4653 titulo
3626 4600 3861 4668 gaudet,

2264 4691 2386 4745 alia
2419 4692 2663 4746 ecclesiae
2684 4693 2853 4747 sancti
2879 4692 3136 4762 Stephani
3168 4690 3583 4761 protomartyris
3614 4690 3873 4756 tradidit,

2284 4801 2377 4840 seu
2420 4805 2441 4837 ι
2472 4785 2652 4854 potius
2691 4784 2820 4857 [cu]
2861 4787 3144 4840 reddidit.»
3204 4784 3436 4839 Verbum
3477 4801 3497 4835 ι
3537 4783 3791 4843 reddidit,
3836 4803 3856 4834 ι

2282 4894 2390 4948 quo
2419 4878 2705 4931 Ratherius
2733 4878 2921 4941 utitur,
2954 4879 3189 4932 indicare
3223 4876 3438 4929 videtur
3480 4890 3542 4928 ea
3570 4874 3860 4935 beneﬁcia,

2281 4976 2570 5034 antequam
2600 4966 2651 5019 in
2684 4966 2994 5018 militarium
3030 4963 3413 5018 beneﬁciorum
3446 4962 3719 5015 rationem
3754 4971 3863 5015 tra-

2282 5058 2541 5113 derentur
2586 5056 2882 5119 canonicis,
2930 5058 3095 5108 fuisse
3141 5054 3308 5114 bona,
3356 5068 3474 5119 qua:
3523 5053 3590 5104 ad
3643 5055 3859 5107 easdem

2286 5147 2540 5174 ΑηηΙιυιῖιιο
2562 5152 2863 5174 annulus-nni
2907 5145 3098 5174 Ιὶσιηηιει
3119 5152 3296 5174 aulam
3318 5141 3671 5174 αηιιῑαᾱῖ-ινηηι
3700 5143 3836 5174 Ινιηηη
