4038 5388
197 227 300 285 123

1209 243 1744 304 PROLEGOMENA.
1783 275 1853 286 --
1895 245 2220 303 RATllEllll
2267 250 2442 306 VITA.

3359 251 3466 308 ιεσ

194 345 280 412 qui
319 344 388 398 ad
423 362 610 400 curam
634 349 870 420 episcopi
902 351 1264 421 pertinebant.
1291 356 1529 410 Tertiam
1565 359 1779 410 tandem
1808 354 1863 414 Α
1889 356 2058 407 solum
2107 372 2341 412 mmrens
2385 367 2694 424 cantarem,
2747 369 2800 415 et
2847 361 3060 415 invidia:
3104 371 3292 415 contra
3341 362 3460 418 illos

192 448 245 489 ct
270 437 528 492 fortassis
555 441 825 508 potiorem
859 455 1064 513 partem
1098 446 1150 500 in
1197 451 1577 517 pauperiorum
1625 450 1782 503 cleri-

193 544 380 580 coruzn
415 531 783 597 provisionem
818 535 1046 590 contulit
1075 552 1141 591 eo
1173 538 1535 603 fundatiouis,
1579 542 1652 594 uti
1687 558 1774 594 vo-

193 626 333 681 cant,
359 619 750 686 instrumento,
782 625 919 692 quod
948 627 1256 681 Judicamm
1297 634 1610 686 nominavit.

259 711 382 765 ηεξ.
428 713 487 767 1η
523 714 624 769 hoc
649 719 908 785 opusculo
946 723 1343 778 intolerandum
1367 727 1594 781 abusum
1617 738 1779 797 atque

191 805 510 858 scandalum
555 806 744 872 deflet,
795 827 899 880 quo
931 814 1216 872 inferiores
1243 818 1423 873 clerici
1451 861 1464 882 ,
1497 821 1586 888 qui
1614 821 1779 889 majo-

190 907 298 945 rem
333 895 388 946 in
422 896 657 951 ecclesia
701 900 936 956 laborem
977 905 1254 971 ferebant,
1305 909 1516 964 fortiori
1548 927 1778 982 pauper-

189 992 296 1036 tate
331 989 624 1053 oppressi,
655 1006 759 1043 non
786 993 957 1047 solum
1006 1013 1023 1045 ι
1063 997 1179 1051 sine
1209 999 1604 1056 intermissione
1636 1020 1780 1057 mur-

189 1085 494 1138 murarent,
521 1096 538 1126 ι
594 1095 779 1134 verum
824 1102 840 1133 ι
871 1084 940 1138 ob
971 1086 1204 1156 inopiam
1253 1089 1319 1143 ad
1346 1107 1532 1146 sacros
1561 1093 1778 1148 ordines

189 1163 482 1232 illegaliter
515 1168 679 1222 etiam
709 1175 969 1228 accedere
1001 1175 1358 1244 festinarent,
1390 1200 1408 1232 ι
1449 1192 1507 1236 ιιι
1553 1183 1653 1237 hac
1691 1185 1776 1238 via

188 1254 391 1322 aliquid
424 1259 652 1314 subsidii
686 1262 816 1331 ipsis
845 1271 1189 1335 proveniret;
1222 1280 1278 1325 et
1305 1275 1625 1329 accederent
1660 1277 1780 1345 qui-

185 1345 331 1407 dem,
372 1365 389 1397 ι
423 1364 551 1402 cum
584 1368 684 1407 nec
738 1365 870 1409 mtas
921 1360 1105 1429 utique
1156 1378 1248 1416 eos
1297 1364 1623 1430 admitteret,
1679 1383 1777 1421 nec

187 1437 415 1490 scicntia
449 1447 878 1510 commendaret,
917 1465 1018 1503 nec
1047 1468 1253 1506 morum
1284 1453 1524 1523 probitas
1550 1457 1778 1511 illustrao

189 1536 323 1578 ret.)
372 1529 547 1600 Hujus
581 1532 914 1592 fundationis
954 1541 1196 1596 redditus
1230 1546 1508 1614 aequaliter
1535 1547 1778 1602 dividen-

187 1617 280 1670 dos
329 1618 603 1687 decernit,
655 1643 674 1674 ‹
715 1642 821 1680 non
873 1645 969 1697 per
997 1646 1218 1702 campos
1261 1643 1438 1688 tamen
1469 1645 1523 1691 et
1550 1637 1770 1699 vineas,

1887 459 2081 498 causas
2109 445 2279 501 vitare
2305 447 2505 503 debere
2536 465 2620 503 me
2669 449 3002 504 crederem.»
3054 449 3108 504 Si
3161 466 3280 518 quae
3326 467 3460 505 vero

1885 533 1989 586 alia
2023 549 2050 586 a
2095 536 2200 604 piis
2228 538 2539 593 hominibus
2566 540 2739 594 eidem
2774 540 3088 594 inferiorum
3139 541 3459 595 clericorum

1884 623 2106 693 collegio
2135 625 2460 693 legarentur,
2513 629 2691 682 omnia
2731 645 2946 699 quoque
2991 629 3272 698 mqualiter
3321 630 3461 682 inter

1886 712 2032 782 ipsos
2069 714 2232 768 dividi
2279 713 2449 782 jubet.
2483 716 2650 771 Cavet
2698 735 2764 771 ne
2808 719 3044 786 episc0pi
3073 759 3087 782 ,
3142 727 3232 770 aut
3278 717 3460 771 ueteri

1885 806 2188 876 pnesertim
2219 805 2452 874 majores
2487 809 2668 862 clerici
2701 809 3029 863 catltedralis
3054 819 3175 879 post
3211 809 3347 861 hanc
3379 809 3460 861 in-

1885 896 2144 951 feriarum
2173 898 2492 953 clericorum
2547 901 2906 969 provisionem
2955 901 3143 955 iisdem
3186 898 3460 968 quidpiam

1883 990 2204 1045 subtrahunt
2231 1007 2294 1045 ex
2327 1007 2415 1054 eo,
2446 994 2587 1061 quod
2631 1002 2788 1047 antea
2837 993 2965 1062 ipsis
3013 993 3172 1047 tribui
3222 991 3456 1053 solebat,

1887 1100 1906 1132 ι
1941 1082 2094 1150 quasi
2125 1081 2337 1135 valeant
2359 1083 2538 1137 dicere
2568 1101 2581 1136 :
2624 1083 2844 1137 Habetis
2869 1094 3105 1138 vestrum
3132 1083 3460 1151 stipendium

1883 1173 1967 1243 (ex
2011 1173 2075 1226 iis
2104 1189 2222 1241 qua:
2254 1175 2541 1228 liathcrius
2569 1176 2852 1244 contulit),
2882 1175 3111 1230 sulliciat
3152 1176 3322 1234 istud;
3368 1191 3461 1241 aut

1879 1267 1922 1320 si
1953 1267 2116 1321 vultis
2146 1267 2426 1322 vobiscum
2455 1277 2635 1322 nostra
2660 1269 2872 1337 partiri,
2905 1270 3099 1322 mittite
3128 1267 3268 1336 quod
3305 1266 3457 1320 vobis

1879 1357 2060 1411 datum
2088 1368 2193 1421 est,
2227 1359 2279 1413 in
2330 1369 2576 1414 nostrum
2611 1375 2948 1414 commune.»
2992 1359 3110 1412 Alia
3148 1368 3308 1428 atque
3355 1357 3463 1411 alia

1877 1459 2001 1519 apte
2027 1451 2286 1521 disponit,
2321 1462 2482 1521 atque
2512 1453 2796 1522 praestitit;
2832 1469 2895 1505 ac
2927 1453 3136 1505 tandem
3169 1453 3462 1520 imperato-

1877 1540 1953 1592 ris
2004 1539 2177 1609 elogio
2205 1541 2517 1603 concludit,
2585 1559 2604 1592 ι
2634 1541 2807 1608 cujus,
2868 1542 3060 1609 inquit,
3112 1541 3308 1593 auxilio
3357 1540 3461 1593 fre-

1878 1637 1983 1692 tus,
2040 1644 2157 1682 sum
2207 1630 2308 1684 ista
2353 1630 2602 1694 molitus,
2651 1645 2714 1684 ac
2770 1645 2869 1700 per
2912 1632 3012 1683 hoc
3067 1629 3238 1699 magis
3269 1629 3461 1696 ipsius,

189 1708 276 1761 sed
315 1726 417 1778 per
444 1714 659 1768 modios
697 1726 858 1786 atque
896 1723 1151 1786 sextaria,
1197 1734 1249 1778 ut
1302 1741 1401 1778 nec
1452 1727 1582 1781 rixae
1630 1727 1777 1782 locus

1882 1735 2042 1788 quam
2095 1737 2273 1774 meum
2311 1731 2393 1774 ρει
2418 1737 2604 1790 ΟβΙΙΞ.)

189 1799 388 1866 aliquis
437 1803 618 1868 detur,
678 1821 852 1877 neque
902 1810 1134 1867 invidim.
1172 1833 1190 1865 ι
1246 1814 1467 1870 Nolcbat
1523 1818 1774 1872 nimirum

189 1903 368 1946 certos
401 1911 626 1966 campos
658 1908 714 1952 et
759 1901 947 1958 vincas
980 1905 1120 1960 inter
1158 1906 1383 1963 clericos
1424 1910 1628 1973 dividi;
1680 1911 1778 1965 bac

189 1983 333 2036 enim
365 1987 579 2040 ratione
609 1987 722 2044 fere
754 1995 932 2047 omnia
957 1995 1168 2052 clericis
1197 1997 1487 2066 majoribus
1518 2009 1571 2055 et
1596 2012 1779 2071 poten-

193 2075 426 2129 tioribus
468 2079 839 2147 obvenerant,
883 2089 1094 2142 caeteris
1129 2089 1472 2146 inferioribus
1516 2103 1570 2147 et
1614 2095 1781 2148 imbe-

189 2165 491 2222 cillioribus
521 2170 574 2224 in
621 2172 800 2242 inopia
833 2176 1053 2232 relictis.
1101 2179 1419 2234 Distributio
1464 2192 1641 2236 autem
1685 2199 1780 2251 pcr

194 2257 400 2311 modios
422 2271 587 2328 atque
619 2279 904 2320 mensuras
935 2269 1297 2336 :equalitatem
1331 2271 1540 2326 facilius
1575 2282 1776 2335 servat,

191 2355 240 2395 et
265 2361 292 2397 a
330 2352 754 2416 prapotentium
779 2354 1058 2412 fraudibus
1091 2371 1266 2412 cavet.
1300 2358 1474 2414 Simili
1520 2363 1586 2414 de
1615 2378 1778 2416 causa

195 2436 443 2491 redditus
472 2440 706 2496 abbatize
745 2445 809 2496 de
836 2445 1129 2517 Maguzano
1164 2449 1308 2503 inter
1329 2450 1553 2505 clericos
1583 2452 1777 2506 ibidem

191 2527 470 2585 institutos
507 2550 614 2588 non
647 2551 744 2604 per
771 2554 990 2606 campos
1014 2550 1068 2593 et
1097 2542 1302 2607 vineas,
1334 2543 1426 2596 sed
1455 2559 1550 2613 per
1569 2560 1783 2599 mensu-

192 2635 277 2671 ras
303 2621 478 2675 dividi
520 2622 702 2691 jussit.
749 2628 1012 2683 Omnibus
1063 2629 1408 2686 inferioribus
1453 2634 1782 2689 cathedralis

191 2709 437 2763 ecclesia:
469 2712 706 2779 clericis,
739 2717 828 2785 qui
863 2727 972 2771 tum
1001 2719 1288 2786 vivebant,
1334 2723 1661 2792 presbyteris
1691 2741 1782 2778 ca-

190 2802 420 2868 pellanis
447 2807 876 2875 comprehensis,
895 2809 996 2865 hoc
1017 2811 1334 2867 beneﬁcium
1355 2828 1642 2870 commune
1663 2831 1783 2871 esse

192 2891 382 2946 voluit.
438 2893 536 2948 His
577 2896 902 2952 abeuntibus
941 2901 1121 2954 omnia
1150 2919 1301 2972 teque
1333 2904 1617 2959 dividenda
1650 2923 1784 2976 prce-

192 2984 331 3051 eepit
368 2982 517 3036 inter
541 2985 687 3040 solos
717 2987 1000 3044 inferiores
1046 2991 1267 3046 ordines
1314 3001 1454 3054 tres,
1499 2995 1780 3050 subdiaco-

189 3087 384 3127 norum
412 3115 427 3136 ,
471 3075 846 3146 acolythorum
873 3089 930 3132 et
958 3080 1327 3145 ostiariorum,
1358 3084 1606 3140 videlicet
1641 3086 1780 3141 inter

189 3172 398 3232 scptcm
435 3165 806 3220 subdiaconos
836 3168 900 3222 de
946 3169 1239 3224 secretario
1288 3180 1340 3224 et
1394 3180 1599 3240 septem
1648 3174 1778 3228 alios

189 3254 562 3307 sulnliaconos
592 3270 872 3320 cantores,
908 3259 1049 3312 inter
1085 3260 1361 3332 acolythos
1388 3263 1453 3316 de
1483 3267 1780 3319 secretario

190 3352 393 3411 septem
432 3354 488 3397 et
515 3344 651 3399 alios
685 3347 965 3416 acolytbos
991 3349 1228 3418 quinque
1255 3361 1522 3414 cantores,
1567 3370 1776 3409 necnon

189 3441 239 3484 ct
272 3434 534 3487 ostiarios
561 3451 677 3488 sex.
711 3436 958 3493 Notanda
997 3460 1013 3490 ι
1047 3441 1483 3512 presbyterorum
1516 3443 1666 3516 [CLII]
1691 3463 1779 3501 ca-

191 3523 530 3589 pellanorum
565 3545 582 3577 ι
627 3529 852 3592 mentio,
898 3530 989 3598 qui
1021 3530 1223 3585 scilicet
1251 3547 1279 3585 a
1313 3535 1642 3604 presbyteris
1667 3551 1780 3588 ma-

185 3613 399 3682 joribus
462 3632 557 3669 seu
609 3621 887 3674 canonicis
933 3621 1438 3691 distinguebantur,
1498 3626 1575 3679 uti
1639 3643 1780 3682 nunc

191 3722 405 3778 quoque
446 3709 501 3761 in
534 3719 720 3763 nostra
751 3713 1048 3766 catltedrali
1102 3714 1329 3768 eccleSIa
1377 3715 1780 3785 distinguuntur

191 3800 262 3854 illi
287 3802 616 3871 presbyteri,
649 3802 762 3870 qui,
788 3818 908 3857 cum
939 3821 1042 3858 non
1071 3805 1178 3858 sint
1204 3806 1471 3869 canonici,
1508 3826 1526 3856 ε
1550 3808 1780 3876 capella-

191 3891 243 3944 ιεί
275 3911 291 3940 ι
335 3901 628 3946 vocantur.
661 3893 904 3948 Notanda
939 3896 1144 3964 pariter
1167 3897 1446 3950 distinctio
1475 3897 1614 3951 inter
1650 3901 1777 3953 sub-

191 3983 449 4036 diaconos
479 3991 534 4037 et
588 3985 870 4055 acolythus
900 4004 918 4035 I
952 3986 1017 4040 de
1046 3988 1360 4053 secretario,
1397 4008 1414 4040 ι
1451 3989 1541 4059 qui
1571 3991 1781 4046 scilicet

190 4075 442 4144 episcopo
475 4075 773 4130 celebranti
807 4077 858 4130 in
889 4078 1060 4132 sacris
1087 4080 1455 4134 inserviebant
1477 4121 1491 4146 ,
1538 4092 1592 4135 et
1639 4081 1774 4136 alios

191 4167 552 4222 subdiaconos
581 4176 746 4235 atque
775 4167 1052 4238 acolythus
1103 4189 1120 4220 ι
1153 4178 1419 4230 cantores,
1452 4189 1470 4222 ι
1507 4172 1596 4240 qui
1623 4186 1779 4226 cane-

199 4259 324 4313 bant
357 4261 408 4314 in
435 4261 627 4314 choro.
665 4260 1011 4329 Presbyteris
1057 4269 1235 4315 autem
1275 4262 1590 4330 capellanis,
1645 4264 1772 4316 sub-

193 4351 460 4415 diaconis,
505 4361 670 4421 atque
719 4352 990 4422 acolytbis
1043 4354 1109 4406 de
1178 4353 1474 4408 secretario
1508 4394 1522 4417 ,
1582 4363 1777 4422 praeter

195 4454 459 4498 certorum
487 4447 799 4500 reddituum
837 4445 1139 4513 portionem
1172 4445 1452 4514 aequaliter
1479 4461 1600 4498 cum
1651 4447 1768 4501 sub-

194 4535 426 4590 Ciacottis
447 4545 500 4590 et
524 4537 801 4607 acolytbis
837 4535 1146 4588 cantoribus
1175 4543 1336 4602 atque
1373 4536 1612 4590 ostiariis
1641 4535 1774 4589 divi-

197 4624 437 4690 tlendam,
470 4625 570 4680 alia
596 4627 856 4696 quagdam
890 4624 1026 4678 bona
1049 4625 1368 4693 assignavit,
1395 4640 1513 4693 quae
1538 4624 1772 4693 ipsorum

199 4726 394 4772 tantum
423 4721 637 4775 utilitati
670 4719 965 4780 cederent,
996 4733 1096 4770 nec
1131 4734 1250 4772 cum
1283 4717 1776 4786 cantoribusatque

198 4809 418 4863 ostiariis
445 4811 858 4866 dividerentur.
887 4805 1215 4863 Peculiarem
1244 4823 1405 4876 porro
1434 4809 1577 4862 addit
1613 4811 1774 4864 ratio-

203 4915 330 4964 nem,
359 4921 451 4956 cur
475 4907 647 4959 tribus
680 4902 818 4957 istis
873 4900 1323 4955 subdiaconorum
1346 4939 1360 4963 ,
1405 4901 1774 4970 acolytborum

206 5001 252 5044 et
299 4997 622 5054 ostiariorum
678 4991 988 5049 ordinibus
1036 4993 1426 5061 providendum
1489 4976 1772 5061 putaverit.

219 5081 566 5145 tConsideravi
611 5096 924 5148 namque,
971 5079 1138 5150 inquit
1195 5079 1426 5137 num.4,
1470 5083 1595 5150 quia
1627 5098 1771 5146 cum,

210 5185 366 5238 praeter
385 5180 430 5232 id
458 5181 597 5250 quod
629 5179 692 5232 in
731 5168 1120 5226 ecclesiastico
1147 5179 1319 5242 agunt
1348 5168 1667 5233 ministerio,
1718 5170 1771 5224 lIi

205 5270 290 5319 tres
315 5271 506 5327 ordines
531 5257 918 5344 peculiarius
945 5263 1150 5316 caeteris
1182 5257 1437 5318 omnibus
1466 5259 1772 5329 pontificali

1952 1813 2072 1866 1'25.
2105 1811 2174 1866 Ut
2205 1813 2570 1882 intelligantur
2597 1814 2779 1874 verba,
2812 1832 2830 1864 ι
2863 1814 3014 1882 cujus
3041 1812 3242 1866 auxilio
3262 1811 3460 1871 fretus,

1880 1919 1998 1958 sum
2031 1905 2130 1958 ista
2162 1905 2401 1967 molitus,
2447 1923 2465 1956 ι
2502 1904 2818 1972 explicanda
2849 1913 2973 1958 sunt
3003 1903 3090 1958 illa
3122 1903 3321 1972 quibus
3352 1920 3370 1952 ι
3402 1900 3462 1955 li-

1879 1992 2093 2046 duciam
2153 1993 2446 2061 imperialis
2503 1993 2804 2061 prmsentia:
2840 2013 2858 2045 ι
2921 2001 3185 2046 memorat
3242 1992 3294 2044 in
3340 1991 3464 2044 Dis-

1881 2085 2060 2137 cordia
2105 2100 2254 2137 num.
2304 2084 2360 2147 5,
2411 2099 2640 2152 eamque
2683 2103 2700 2134 ι
2739 2083 2985 2138 fiduciam
3043 2082 3335 2151 imperialis
3387 2081 3462 2134 nil

1881 2174 2022 2227 aliud
2049 2189 2213 2243 quam
2241 2175 2382 2242 quod
2409 2173 2612 2239 justum
2661 2182 2744 2226 est
2769 2172 3112 2225 decernentis
3159 2171 3464 2239 przesentia:

1886 2283 1904 2314 ‹
1949 2263 2179 2333 appellat
2246 2264 2297 2316 in
2367 2277 2617 2316 sermone
2689 2263 2752 2315 de
2811 2261 3022 2314 Octavia
3064 2258 3462 2313 Pascluvnum.

1879 2355 1934 2408 4.
2002 2355 2135 2408 Cum
2193 2355 2444 2407 nimirum
2492 2354 2774 2421 episc0pus
2829 2351 3010 2406 multis
3077 2349 3464 2420 experimentis

1885 2445 2062 2518 [CLIII]
2093 2446 2315 2499 edoctus
2339 2444 2614 2498 canonicis
2644 2442 2774 2496 nihil
2810 2442 3019 2507 fideret,
3055 2442 3267 2512 quando
3293 2441 3463 2495 benc-

1883 2541 2004 2594 licia
2050 2539 2145 2593 abs
2176 2554 2235 2592 se
2258 2537 2386 2606 ipsis
2411 2536 2603 2590 collata
2650 2535 2961 2589 rcunntiare
2988 2535 3088 2588 visi
3120 2543 3268 2596 sunt,
3299 2531 3466 2584 vehe-

1883 2639 2200 2696 menterque
2254 2633 2519 2680 metueret
2551 2640 2616 2678 ne
2646 2632 2940 2693 potestates
2967 2634 3154 2677 contra
3192 2636 3250 2674 se
3300 2620 3467 2674 laicas

1883 2726 2306 2781 commovercnt,
2337 2726 2396 2769 ut
2427 2724 2780 2769 memoratam
2808 2713 3197 2774 fundationem,
3230 2725 3321 2764 seu
3359 2707 3468 2761 Ju-

1882 2811 2116 2864 dicatum
2146 2808 2355 2861 irritum
2401 2807 2730 2868 redderent;
2782 2802 2953 2856 noluit
2999 2802 3242 2856 eamdem
3275 2797 3465 2850 funda-

1885 2904 2086 2958 tionem
2114 2899 2331 2970 prodire
2361 2898 2411 2950 in
2444 2896 2738 2965 publicum,
2790 2893 2890 2947 nisi
2921 2888 3260 2960 imperatoris
3282 2887 3466 2941 favore

1883 3009 1947 3046 ac
1988 2990 2288 3062 patrocinio
2327 2989 2648 3042 muniretur.
2698 2985 2855 3039 Brevi
2907 2999 3030 3037 eum
3074 2981 3339 3034 Veronam
3372 2993 3466 3031 ac—

1882 3097 2157 3137 cessurum
2183 3080 2407 3141 sciebat,
2438 3088 2495 3130 ιιι
2526 3076 2707 3131 Ottoni
2734 3076 2774 3129 ll
2809 3074 2918 3128 filio
2947 3088 3044 3127 suo
3072 3088 3136 3126 ex
3173 3068 3464 3126 Germania

1881 3179 1934 3232 in
1962 3178 2168 3233 Italiam
2199 3174 2433 3229 venienti
2482 3182 2812 3228 occurreret.
2857 3169 3106 3226 Occurrit
3143 3175 3322 3221 autem
3364 3162 3466 3216 Ve-

1883 3287 2028 3325 ronae
2054 3268 2154 3324 sub
2199 3267 2356 3321 linem
2387 3265 2636 3320 Octobris
2664 3263 2789 3316 anni
2837 3261 2964 3323 967,
3011 3260 3206 3327 lIicqne
3237 3261 3359 3311 cunt
3393 3269 3460 3309 eo

1882 3361 2132 3415 Omnium
2159 3357 2483 3412 Sanctorum
2519 3357 2712 3408 festum
2740 3353 3032 3408 celebravit
3061 3350 3316 3405 Kalendis
3361 3347 3468 3401 No-

1881 3449 2118 3502 vembris
2147 3445 2364 3509 (Annal.
2410 3443 2573 3507 Saxo,
2618 3457 2760 3494 anno
2790 3441 2935 3506 967).
2989 3439 3097 3492 llac
3141 3452 3271 3506 ergo
3311 3450 3467 3489 occa-

1881 3541 2030 3594 sione
2074 3537 2380 3591 Judicatum
2412 3542 2569 3587 antea
2613 3547 2642 3582 a
2669 3548 2728 3584 se
2770 3540 3014 3598 paratum
3051 3525 3364 3595 imperatori
3393 3523 3466 3578 si-

1882 3630 2166 3698 gniticasse
2212 3626 2444 3687 videtur,
2474 3633 2527 3677 et
2569 3635 2818 3690 sperasse
2866 3620 2979 3673 fore
3007 3628 3063 3671 ut
3105 3617 3233 3671 illud
3276 3617 3462 3670 Caesar

1881 3737 1977 3774 sua
2041 3718 2361 3772 auctoritate
2425 3721 2778 3784 protegeret,
2849 3712 3056 3777 hacque
3118 3728 3136 3750 α
3189 3706 3380 3760 ﬁducia
3435 3723 3456 3756 ι

1881 3829 2053 3881 Ipsum
2089 3811 2317 3864 subinde
2356 3808 2607 3863 edidisse.
2647 3804 2806 3859 Certe
2858 3811 2915 3856 ut
2955 3799 3312 3870 potestatibus
3359 3813 3464 3852 ete-

1883 3904 2034 3966 tcris,
2071 3917 2206 3971 quas
2260 3909 2446 3953 contra
2478 3913 2537 3951 se
2582 3908 2638 3950 et
2679 3905 2865 3950 contra
2897 3909 3048 3948 suam
3097 3892 3236 3945 hanc
3269 3887 3456 3942 funda-

1884 3996 2080 4049 lioaem
2110 3992 2353 4046 canonici
2387 3997 2635 4058 poterant
2667 3987 2931 4050 excitare,
2980 3983 3188 4037 frenum
3221 3981 3465 4049 impone-

1883 4095 2049 4147 retur,
2079 4085 2146 4137 ab
2178 4085 2366 4136 eodem
2395 4083 2719 4149 imperatore
2747 4077 2953 4146 insigne
2975 4074 3206 4142 diploma
3232 4068 3468 4124 obtinuit

1881 4177 2062 4230 datum
2097 4195 2112 4224 ι
2143 4173 2444 4226 Balsemate
2499 4173 2603 4239 (est
2651 4167 2800 4222 locus
2849 4163 3102 4218 dimcesis
3137 4157 3469 4213 Veronensis

1883 4282 2046 4336 prope
2083 4264 2358 4330 Mincium)
2400 4260 2562 4314 Nonis
2615 4256 2930 4311 Novembris
2985 4268 3125 4306 anno
3173 4250 3468 4304 Dominicte

1883 4353 2272 4410 incarnationis
2327 4350 2474 4414 967,
2525 4348 2736 4416 imperii
2800 4360 2927 4399 vero
2980 4343 3161 4398 domui
3213 4337 3470 4398 Othonis,

1883 4444 2111 4514 piissimi
2174 4441 2406 4496 Caesaris
2469 4440 2522 4502 6,
2573 4437 2868 4491 lndictione
2911 4433 2995 4487 ll.
3034 4452 3053 4484 ι
3089 4432 3144 4485 III
3181 4427 3470 4494 Qualitatis

1884 4537 2182 4605 conjectura
2213 4549 2358 4586 num.
2393 4531 2481 4594 15,
2511 4545 2566 4583 se
2595 4526 2848 4582 nonnulla
2873 4523 2940 4577 ab
2976 4524 3299 4591 imperatore
3334 4517 3468 4586 peti-

1884 4637 2062 4681 turum
2095 4625 2408 4692 scripserat,
2449 4636 2569 4690 quae
2604 4621 2654 4672 in
2687 4618 2790 4672 hoc
2832 4613 3123 4683 diplomate
3167 4609 3468 4664 concedun-

1885 4727 1991 4772 tur.
2022 4717 2134 4769 Nou
2167 4713 2337 4768 solum
2377 4711 2520 4766 enim
2569 4709 2958 4764 confirmantur
2992 4699 3267 4773 privilegia
3299 4698 3469 4751 Vero-

1887 4803 2324 4861 IlcllSi'CtxleSltB
2357 4803 2424 4854 ab
2477 4795 2914 4855 antecessoribus
2954 4806 3232 4851 concessa,
3285 4796 3470 4839 verum

1883 4900 2046 4954 etiam
2065 4898 2283 4953 castella
2309 4906 2362 4949 et
2389 4909 2636 4964 persona:
2661 4891 3008 4960 episcopatus
3029 4904 3056 4939 a
3075 4884 3195 4951 jure
3216 4878 3475 4933 comitum

1884 4996 1940 5041 et
1964 4997 2282 5042 casterarum
2318 4984 2635 5040 inferiorum
2665 4985 2997 5052 potestatum
3019 4974 3344 5029 eximuntur.
3376 4965 3477 5052 ἰωή

1887 5079 2068 5132 therio
2098 5087 2277 5133 autem
2319 5075 2554 5146 speciale
2583 5071 2919 5146 privilegium
2961 5062 3296 5120 conceditur,
3338 5051 3485 5122 quod

1891 5189 1909 5221 ι
1942 5171 2391 5225 mundeburdium
2424 5186 2441 5218 ι
2469 5178 2720 5228 vocatur,
2758 5160 2912 5226 cujus
2943 5159 3007 5210 vi
3039 5154 3168 5206 adeo
3197 5160 3315 5204 erat
3362 5157 3470 5214 pro

1885 5269 2082 5325 tectus,
2111 5281 2129 5312 ι
2163 5271 2222 5315 ιιι
2268 5261 2310 5315 si
2344 5257 2466 5328 quis
2505 5274 2631 5313 eum
2680 5249 2932 5320 amplius.
3005 5255 3058 5295 ιιι
3100 5244 3271 5310 ἰιδίιιιο
3319 5246 3490 5328 "uno:

2866 5333 3092 5356 ..δι-ηε..
3123 5334 3347 5356 --.ζμ-ιιιηιι
3405 5319 3490 5356 πίοι
