4038 5388
536 266 647 322 12⁸1

1504 264 1903 322 RATIIERIUS
1943 263 2376 322 VERONENSIS
2415 262 2810 324 EPISCOPUS.

3705 266 3811 323 19.8

537 376 826 431 factionem
868 372 1163 444 legitimam
1205 382 1365 444 atque
1394 375 1713 446 condignam
1754 375 2028 445 pellatur;
2074 360 2200 439 si'A
2224 375 2651 447 subscriptiones
2699 388 3066 433 accesserunt.
3118 378 3233 434 Nisi
3289 377 3545 436 librarius
3594 394 3664 435 ex
3705 381 3815 436 Ra-

536 461 747 528 servus,
779 463 922 533 quod
946 478 1226 517 servorum
1264 472 1366 528 est,
1387 465 1598 530 subeat,
1627 473 1682 519 et
1707 465 1761 519 in
1795 471 2115 535 potestatem

535 555 708 622 ipsius
739 564 798 607 nt
843 569 910 609 ex
940 553 1121 608 debito
1159 564 1402 619 maneat,
1434 574 1452 608 ι
1483 564 1587 610 etc.
1618 555 1913 610 Coercetnr
1955 556 2117 611 etiam

537 646 715 701 omnis
768 646 1026 700 comitum
1065 656 1119 701 et
1170 646 1398 700 aliarum
1442 655 1765 716 potestatum
1796 647 2116 713 auctoritas,

539 749 612 788 ne
638 734 777 788 sein
806 748 892 799 ea,
920 749 1041 803 quae
1084 735 1324 805 episcopi
1371 744 1516 799 sunt,
1558 747 1746 790 contra
1786 736 2116 791 voluntatem

541 824 713 892 ipsius
740 824 1011 880 ullatenus
1035 825 1302 895 ingerunt,
1333 835 1426 879 aut
1448 826 1705 879 clericum
1750 825 1836 881 vel
1860 825 2117 880 famulum

538 915 681 985 ejus,
711 916 828 986 ipso
858 932 962 970 non
994 917 1342 981 concedente,
1377 917 1427 969 in
1452 916 1811 985 patrocinium
1835 910 2118 986 recipiant,

540 1014 639 1061 aut
689 1016 876 1060 contra
918 1023 980 1062 ea
1027 1023 1147 1076 qua:
1171 1008 1426 1077 episcopo
1463 1010 1747 1062 statuenda
1794 1009 2122 1063 videbuntur

540 1098 645 1168 (uti
672 1097 798 1164 fuit,
832 1099 974 1168 quod
1002 1100 1055 1154 in
1099 1099 1348 1154 Judicato
1381 1102 1701 1173 constituit).
1751 1103 2122 1158 obtinentibus

539 1187 797 1241 auxilium
855 1199 948 1244 aut
1017 1188 1258 1245 favorem
1318 1202 1594 1261 praestent.
1665 1193 1904 1247 Tandem
1967 1193 2117 1248 libel-

541 1276 661 1332 larii
700 1276 869 1350 [cuv]
905 1289 1236 1343 contractus,
1265 1284 1715 1338 commutationes
1762 1293 1815 1336 et
1840 1286 2119 1355 precariae,

539 1369 734 1436 quibus
764 1371 1008 1425 ecclesiae
1035 1372 1171 1426 bona
1199 1373 1384 1428 dolose
1408 1374 1622 1429 fuerant
1646 1375 1900 1443 alienata,
1926 1379 2125 1433 rescin-

538 1457 776 1524 duntur;
834 1460 975 1529 quod
1005 1460 1059 1514 in
1090 1462 1230 1516 votis
1257 1464 1492 1533 episcopi
1531 1465 1694 1520 fuisse
1724 1481 1790 1520 ex
1838 1465 2123 1532 Qualitatis

544 1547 847 1616 conjectura
892 1550 1010 1605 loco
1039 1551 1255 1607 laudato
1285 1554 1569 1610 didicimus
1604 1555 1691 1627 (V.
1728 1573 1847 1627 sup.
1880 1576 1936 1612 ιι.
1974 1540 2119 1629 109).

541 1637 690 1703 Haec,
721 1655 841 1710 quae
888 1643 955 1696 ab
993 1643 1322 1713 imperatore
1370 1646 1666 1703 Ratherius
1696 1650 1948 1715 obtinuit,
1989 1650 2123 1704 ﬁdu-

2222 468 2380 523 therii
2406 469 2618 525 schedis
2642 468 2750 525 hoc
2769 470 3087 541 opusculum
3115 472 3498 536 transcribens,
3522 472 3818 529 chronicas

2220 572 2377 615 notas
2392 569 2447 615 et
2476 561 2900 631 subscriptiones
2956 561 3247 627 omisisset,
3279 562 3423 617 sicut
3449 562 3570 616 aliis
3598 576 3819 632 quoque

2219 651 2557 705 documentis
2578 666 2962 721 nonnunquam
2993 651 3212 715 accidit,
3239 651 3441 706 certius
3462 660 3680 720 tempus
3703 651 3820 707 elu-

2223 752 2465 799 cesceret
2493 741 2686 815 (Epist.
2719 743 2805 797 12.
2841 741 3081 811 mimi).
3105 741 3325 798 Missum
3354 740 3456 796 fuit
3485 741 3553 797 ad
3580 741 3816 796 Ambro-

2222 833 2360 888 sium
2392 833 2736 903 imperatoris
2771 832 3174 897 cancellarium,
3207 842 3267 886 ut
3295 848 3392 887 suo
3423 847 3642 903 quoque
3674 833 3819 903 apud

2222 922 2489 980 Caesarem
2529 922 2831 994 patrocinio
2859 922 3136 994 negotium
3166 930 3429 977 tueretur.

2299 1012 2428 1067 125.
2464 1012 2796 1078 Judicatum,
2826 1012 2931 1068 hac
2956 1011 3152 1082 duplici
3205 1021 3461 1081 tantaque
3491 1011 3819 1066 auctoritate

2222 1105 2515 1169 munitum,
2562 1104 2684 1173 quis
2731 1119 2835 1158 non
2885 1101 3021 1158 satis
3067 1111 3238 1156 tutum
3268 1101 3635 1158 credidisset?
3692 1100 3820 1156 Haec

2224 1194 2443 1263 quidem
2474 1202 2594 1248 erat
2621 1193 2782 1248 etiam
2800 1190 3049 1247 Ratherii
3072 1210 3090 1242 ι
3115 1191 3333 1246 ﬁducia.
3360 1210 3379 1244 ι
3399 1190 3470 1245 At
3490 1207 3615 1262 spes
3640 1192 3818 1245 omnis

2225 1283 2499 1338 incassum
2528 1283 2742 1338 cecidit.
2778 1283 2894 1338 lmo
2919 1281 3214 1347 discordia,
3247 1297 3367 1351 quae
3403 1282 3544 1336 inter
3581 1281 3819 1337 clericos

2225 1382 2278 1429 et
2305 1374 2614 1445 episcopum
2650 1389 2866 1445 semper
2895 1385 3055 1431 antea
3088 1376 3260 1446 viguit
3281 1375 3520 1447 quidem,
3543 1376 3640 1435 sed
3666 1374 3818 1430 clan-

2225 1462 2349 1518 culo
2375 1464 2647 1533 serpebat,
2673 1478 2737 1519 ex
2774 1464 3012 1520 Judicati
3039 1466 3276 1521 editione
3320 1465 3497 1536 palam
3529 1466 3735 1536 erupit,
3767 1475 3820 1524 et

2224 1554 2537 1625 episcopum
2575 1567 2761 1625 aperte
2787 1555 3049 1627 impetere
3097 1556 3281 1625 coepit.
3337 1575 3354 1608 ι
3400 1555 3501 1623 Qui
3530 1556 3817 1621 dicebant,

2227 1645 2405 1715 inquit
2441 1646 2494 1700 in
2542 1644 2821 1703 Discordia
2853 1663 3002 1701 num.
3043 1648 3097 1712 8,
3136 1663 3195 1702 se
3232 1663 3338 1702 non
3384 1663 3576 1703 curare
3607 1648 3653 1703 si
3676 1649 3823 1717 quod

542 1731 681 1786 ciam
705 1733 822 1803 ejus
854 1734 907 1788 in
940 1734 1204 1807 imperiali
1236 1741 1521 1808 praesentia
1555 1757 1663 1796 non
1701 1742 1916 1796 inanem
1960 1742 2124 1798 fuisse
2159 1735 2200 1794 Β
2228 1736 2294 1791 de
2322 1751 2443 1790 meo
2470 1737 2764 1807 habebant,
2796 1737 2864 1792 ab
2913 1738 2994 1793 eis
3046 1737 3338 1804 auferrem.
3384 1753 3560 1809 neque
3609 1740 3681 1793 οὺ
3718 1740 3830 1794 Ιιίιε·

545 1822 941 1879 demonstrant.
989 1826 1160 1882 Porro
1196 1838 1298 1882 una
1347 1846 1470 1884 cum
1525 1831 1787 1901 imperiali
1837 1833 2124 1902 praesentia

545 1916 755 1972 duobus
777 1918 829 1971 in
860 1918 990 1974 locis
1015 1931 1170 1975 antea
1196 1922 1446 1977 indicatis
1467 1923 1646 1994 jungit
1670 1925 1831 1978 etiam
1859 1925 2123 1996 synodum

546 2010 999 2077 congregandam,
1045 2010 1097 2064 in
1141 2026 1246 2082 qua
1288 2027 1346 2066 se
1387 2029 1600 2084 quoque
1634 2014 1923 2069 conﬁdisse
1960 2016 2129 2083 signi-

548 2097 696 2151 ﬁcat.
731 2116 749 2149 ι
778 2098 928 2154 Licet
968 2116 1142 2167 nunc,
1194 2103 1372 2173 inquit
1411 2104 1463 2158 in
1513 2103 1847 2159 Discordiam
1883 2122 2030 2160 num.
2069 2107 2124 2172 5,

547 2188 745 2242 tiducia
811 2190 1105 2260 imperialis
1152 2194 1455 2262 przesentiae
1505 2202 1560 2249 et
1603 2196 1791 2265 synodi
1830 2196 2128 2252 adunandte

543 2281 597 2334 in
628 2281 910 2351 propatulo
938 2284 1009 2336 sit
1037 2284 1317 2354 designata
1346 2302 1360 2351 ;
1390 2304 1407 2337 ι
1441 2294 1495 2339 et
1517 2286 1766 2342 similiter
1794 2286 1848 2340 in
1877 2303 2130 2344 sermone

545 2369 625 2424 De
652 2370 862 2426 Octauia
899 2370 1116 2427 Pascha:
1150 2390 1297 2428 num.
1329 2375 1395 2429 4:
1432 2396 1449 2428 ι
1480 2376 1699 2431 Fiducia
1734 2378 2028 2448 imperialis
2055 2379 2130 2433 nil

542 2461 685 2514 aliud
713 2478 875 2531 quam
906 2466 1048 2532 quod
1072 2462 1276 2531 justum
1309 2475 1391 2520 est
1427 2467 1768 2521 decernentis
1801 2468 2129 2537 pnesentiae,

545 2561 600 2605 et
625 2554 813 2623 synodi
842 2558 1234 2625 congreganda
1270 2576 1289 2608 ι
1320 2566 1425 2611 etc.
1470 2558 1609 2624 Quid
1647 2557 2034 2627 fueritjnstum
2066 2560 2130 2613 il-

543 2640 660 2706 Iud,
685 2645 827 2713 quod
866 2643 1156 2714 imperialis
1181 2651 1468 2716 prmsentia
1501 2650 1764 2715 decrevit,
1809 2664 1873 2703 ex
1922 2666 2131 2705 memo-

546 2742 667 2788 rato
697 2734 985 2802 diplomate
1030 2738 1371 2808 perSpicuum
1405 2740 1482 2795 ﬁt.
1538 2740 1682 2796 Satis
1729 2758 1794 2797 ex
1829 2743 1930 2798 hoc
1960 2750 2129 2797 tutum

544 2822 833 2878 videbatur
859 2824 1001 2895 quod
1029 2828 1314 2898 episcopus
1335 2829 1386 2882 in
1413 2828 1666 2884 Judicato
1698 2830 1949 2885 instituit.

615 2915 739 2969 124.
761 2915 1017 2982 Qutenam
1035 2932 1167 2973 vero
1195 2918 1356 2973 fuerit
1382 2939 1399 2971 ι
1423 2921 1659 2990 synodus
1683 2923 2081 2993 congreganda,
2105 2942 2125 2977 ι

544 3013 600 3060 et
621 3021 746 3060 num
780 3007 985 3077 aliquid
1006 3007 1153 3063 circa
1179 3008 1420 3064 Ratherii
1444 3010 1753 3064 Judicatum
1780 3013 1967 3082 egerit,
1988 3016 2131 3067 nunc

2227 1824 2359 1879 mihi
2398 1825 2576 1880 minus
2614 1825 2797 1881 ﬁdeles
2848 1827 3166 1894 existerent,
3224 1837 3430 1883 tantum
3472 1830 3661 1885 eos-de
3704 1830 3810 1895 his,

2230 1913 2426 1983 quibus
2487 1928 2579 1969 eos
2617 1916 3083 1986 interpellaveram
3131 1919 3361 1987 (scilicet
3397 1919 3467 1974 de
3516 1921 3820 1978 redditibus

2230 2005 2375 2060 inter
2394 2006 2539 2076 ipsos
2569 2006 2696 2062 olim
2723 2007 2936 2079 divisis)
2973 2010 3273 2079 inquietare
3301 2028 3612 2076 cessarem;
3637 2014 3820 2070 securi

2230 2107 2374 2148 nunc
2413 2094 2480 2149 de
2518 2109 2637 2149 mea
2668 2098 2975 2153 cessatione
3005 2098 3288 2169 (quantum
3314 2100 3379 2154 ad
3424 2100 3673 2157 laudatos
3700 2104 3822 2159 red—

2231 2181 2400 2255 ditus)
2426 2184 2495 2238 de
2525 2199 2647 2238 meo
2671 2185 2739 2239 ab
2766 2185 2846 2241 eis
2877 2186 2944 2240 ob
2974 2187 3416 2257 ingratitudinem
3466 2190 3681 2246 illormn
3737 2209 3820 2248 re-

2230 2287 2389 2345 cepto
2415 2291 2501 2331 me
2531 2284 2783 2345 satagunt
2807 2293 2907 2347 per
2924 2286 3242 2348 potestatem
3266 2283 3621 2350 quorunnlam
3647 2293 3824 2353 patro-

2232 2365 2389 2420 ciniis
2416 2367 2740 2437 inquietare.
2771 2385 2789 2418 ι
2840 2367 2916 2421 Illi
2951 2368 3227 2434 nimirum,
3275 2379 3334 2425 ut
3378 2372 3719 2440 obtinerent,
3757 2390 3824 2431 ne

2234 2457 2528 2514 Ratherius
2576 2460 2628 2513 in
2660 2474 2756 2514 sua
2790 2458 2929 2514 bona
2959 2474 3024 2515 ac
3052 2461 3297 2517 redditus
3343 2479 3536 2517 novam
3566 2465 3825 2522 distribu-

2234 2548 2437 2603 tionem
2471 2549 2769 2615 induceret,
2800 2552 3081 2620 protestati
3113 2551 3343 2617 fuerant,
3369 2569 3427 2608 se
3455 2570 3561 2609 non
3588 2572 3809 2622 curare,

2234 2637 2279 2692 si
2314 2638 2661 2708 privarentur
2685 2640 2751 2694 iis
2774 2640 3072 2706 beneﬁciis,
3102 2657 3222 2711 qua:
3242 2643 3310 2697 ab
3333 2643 3449 2714 ipso
3473 2658 3820 2715 acceperant.

2234 2729 2367 2786 Cum
2398 2744 2526 2785 vero
2570 2746 2633 2786 ex
2665 2732 2782 2802 ipso
2803 2732 3052 2789 .Iudicato
3083 2735 3363 2806 explorate
3397 2739 3822 2808 perspexissent,

2234 2834 2293 2875 se
2315 2819 2447 2875 satis
2476 2834 2696 2875 securos
2731 2822 2784 2875 in
2821 2822 2976 2877 bonis
3018 2830 3073 2878 et
3121 2824 3420 2880 redditibus
3444 2827 3705 2896 propriis,
3729 2829 3824 2884 be-

2235 2911 2428 2967 neﬁcia
2463 2912 2564 2968 sibi
2621 2914 2748 2969 olim
2795 2915 2990 2970 collata
3020 2924 3076 2971 et
3121 2919 3415 2975 novissime
3461 2919 3662 2987 ablata,
3704 2933 3823 2978 tan—

2238 3019 2401 3073 quam
2434 3019 2531 3059 sua
2573 3014 2817 3075 repetere
2857 3021 2955 3075 per
2990 3016 3315 3076 potestatem
3370 3011 3715 3066 studuerunt.
3767 3013 3822 3067 ln

544 3076 1192 3152 videndumJudicatum
1217 3099 1432 3167 quidem
1458 3101 1656 3153 charta:
1698 3076 1916 3155 nomine
1940 3110 2131 3156 auctor
2156 3076 2203 3141 (ἶ
2251 3094 2392 3150 hanc
2438 3109 2553 3148 rem
2583 3095 2885 3165 patrocinia
2922 3097 3220 3166 potentium
3272 3108 3505 3169 captata,
3539 3112 3595 3156 et
3626 3101 3825 3173 aliquis

546 3187 791 3243 indicans
821 3189 871 3242 in
901 3190 1058 3260 epist.
1098 3191 1164 3244 12
1190 3190 1255 3246 ad
1279 3192 1624 3246 Ambrosium
1666 3206 1814 3245 num.
1839 3192 1893 3260 4,
1924 3211 1944 3244 ι
1968 3209 2127 3248 manu

552 3279 895 3347 patriarchae,
928 3290 983 3333 et
1026 3294 1167 3345 mea,
1213 3280 1564 3351 omniumque
1612 3289 1811 3335 nostrae
1839 3283 2130 3351 provinciae

546 3368 990 3440 coepiscoporum
1042 3370 1315 3425 ﬁrmatum
1365 3372 1548 3425 tradit.
1582 3391 1599 3423 ι
1659 3371 1726 3427 Ut
1762 3373 2013 3427 nimirum
2062 3387 2125 3427 ea

547 3458 793 3514 fundatio
833 3475 939 3514 non
994 3468 1100 3514 tam
1133 3460 1397 3530 imperiali
1438 3476 1601 3530 quam
1637 3461 2002 3518 ecclesiastica
2035 3478 2129 3533 po-

549 3560 744 3606 testate
774 3561 889 3606 rata
917 3560 1061 3607 esset
1085 3561 1139 3605 et
1182 3552 1360 3617 ﬁrma,
1397 3553 1722 3623 patriarchae
1769 3554 2129 3624 Aquileiensis

548 3645 950 3713 metropolitani
991 3645 1072 3700 sui
1113 3656 1542 3715 cmterorumque
1570 3647 1942 3717 episcoporum
1970 3647 2128 3716 hujus

549 3738 840 3806 provinciae
901 3737 1387 3806 subscriptionibus
1437 3738 1861 3792 conﬁrmandam
1897 3739 2124 3794 curavit.

551 3825 662 3880 Hos
707 3825 930 3881 Verona:
966 3827 1307 3892 convenisse,
1357 3843 1477 3881 cun
1531 3827 1658 3883 Otto
1690 3829 1982 3898 imperator
2025 3830 2128 3883 huc

553 3916 795 3981 advenit,
834 3916 970 3972 nihil
1023 3925 1105 3973 est
1149 3918 1546 3988 ambigendum.
1597 3918 1652 3973 Id
1686 3919 1830 3973 enim
1878 3920 1932 3973 in
1980 3933 2130 3974 more

551 4007 782 4077 positum
813 4016 949 4073 erat,
982 4018 1041 4063 ut
1070 4011 1306 4080 episcopi
1340 4010 1646 4080 imperatori
1695 4011 1747 4065 in
1798 4011 2127 4081 provinciam

554 4097 861 4153 advenienti
912 4110 1281 4166 occurrerent,
1321 4102 1603 4170 eidemque
1632 4103 1948 4171 obsequium
1990 4117 2128 4171 pra:-

555 4197 778 4244 starent.
812 4189 867 4244 Id
891 4199 1067 4246 autem
1097 4192 1268 4246 multo
1296 4192 1467 4262 magis
1492 4192 1853 4261 praestandum
1888 4201 2005 4246 erat
2031 4190 2134 4247 Ve—

555 4296 701 4336 ronae
741 4282 841 4336 hac
880 4284 1184 4348 occasione,
1224 4299 1327 4352 qua
1379 4284 1674 4352 imperator
1716 4282 1882 4337 ﬁlium
1908 4299 2062 4336 suum
2105 4297 2136 4334 ιε

554 4370 841 4426 Germania
874 4373 924 4426 in
959 4372 1164 4426 italiam
1197 4373 1373 4442 primo
1404 4356 1792 4442 ingredientem
1824 4372 2016 4426 ibidem
2044 4387 2131 4427 re-

2236 3186 2303 3240 ad
2342 3187 2726 3259 imperatorem
2781 3188 2919 3242 clam
2966 3188 3226 3255 directus,
3255 3191 3343 3257 qui
3379 3190 3695 3246 Ratherium
3733 3208 3827 3247 ac-

2235 3287 2468 3343 cusaret,
2500 3288 2556 3332 et
2585 3279 2758 3349 ipsum
2803 3280 3070 3333 (starcm
3102 3280 3169 3332 ad
3215 3279 3524 3334 Judicatum
3569 3283 3814 3353 episcopi

2239 3367 2680 3435 rescindendum,
2710 3369 3122 3438 quibuscunque
3164 3369 3325 3424 rebus
3375 3379 3576 3439 posset,
3608 3388 3824 3442 permo.

2235 3467 2411 3513 veret.
2472 3458 2627 3512 Hanc
2679 3457 3025 3513 manifestam
3082 3458 3427 3514 rebellionem
3473 3462 3652 3514 statim
3701 3470 3823 3532 post

2237 3549 2443 3604 editum
2493 3548 2804 3603 ludicatum
2858 3550 3102 3619 erupisse
3146 3549 3314 3621 liquet
3352 3567 3419 3606 ex
3464 3553 3721 3622 Opusculo
3759 3558 3825 3610 de

2238 3637 2456 3693 Clericis
2494 3638 2790 3703 rebellibus,
2820 3640 2963 3708 quod
2989 3640 3073 3708 (V.
3101 3650 3210 3693 not.
3245 3642 3298 3711 1)
3333 3644 3593 3714 scriptum
3626 3642 3727 3698 fuit
3768 3646 3829 3701 in.

2237 3730 2487 3783 Adventu
2541 3729 2668 3782 anni
2706 3729 2829 3783 967.
2864 3729 3072 3782 Eximia
3103 3730 3402 3785 moderatio
3449 3731 3688 3802 episcOpi
3719 3733 3824 3787 ibi-

2239 3821 2361 3874 dem
2394 3814 2662 3889 proditur,
2711 3819 2910 3889 quippe
2960 3819 3050 3888 qui
3100 3832 3220 3873 cum
3250 3820 3479 3875 rebelles
3507 3830 3615 3874 tam
3648 3823 3825 3877 mani-

2240 3911 2406 3964 festos
2440 3920 2550 3962 tmn
2577 3911 2861 3973 canonica,
2914 3917 3022 3963 tum
3072 3910 3335 3979 imperiali
3381 3911 3705 3966 auctoritate
3731 3928 3829 3967 ex-

2241 4004 2645 4059 communicare
2674 4013 2729 4058 et
2756 4005 2820 4059 de
2847 4004 3076 4059 ecclesia
3121 4014 3303 4075 posset
3343 4006 3660 4070 extrudere,
3690 4008 3829 4061 divi-

2245 4109 2372 4148 nam
2418 4101 2597 4149 tamen
2652 4094 3082 4149 misericordiam
3131 4095 3370 4149 imitatos
3420 4095 3610 4149 noluit.
3662 4113 3680 4147 ι
3715 4097 3828 4151 llac

2239 4187 2422 4255 itaque
2462 4187 2529 4240 de
2557 4201 2742 4248 causa,
2793 4186 2871 4240 ait
2915 4203 3065 4241 num.
3112 4187 3165 4253 Ω,
3196 4186 3451 4256 Apostolo
3495 4189 3830 4244 conveniens

2244 4280 2412 4355 [cm]
2453 4281 2692 4336 dicenti.
2729 4301 2747 4334 ι
2803 4282 2987 4336 Estotc
3027 4281 3328 4337 imitatores
3369 4281 3488 4347 Dei,
3540 4281 3686 4336 sicut
3734 4281 3828 4336 ﬁlii

2243 4372 2551 4429 charissimi
2585 4371 2799 4444 (Ep/tes.
2830 4390 2884 4438 v,
2914 4374 3023 4441 l7),
3045 4392 3061 4423 ι
3095 4388 3232 4442 quos
3264 4373 3350 4427 ille
3375 4372 3826 4438 misericorditer,

555 4466 717 4533 cepit.
745 4463 1076 4519 Patriarclnn
1113 4479 1241 4534 ergo
1278 4473 1333 4518 et
1365 4463 1893 4534 comprovincialium
1924 4464 2131 4534 episco-
2162 4446 2211 4505 Ῑ)
2239 4472 2299 4518 ιιι
2319 4472 2466 4533 pulo,
2496 4471 2798 4532 exspectat,
2824 4478 2927 4517 non
2960 4477 3125 4516 ausus
3144 4461 3439 4516 crudeliter
3474 4461 3706 4530 insequi,
3734 4478 3830 4531 spe

554 4568 746 4622 porum
776 4554 1044 4610 Veronam
1078 4556 1460 4610 confluentium
1510 4564 1706 4621 ctetus,
1739 4571 1900 4626 quem
1928 4555 2133 4610 Ruthe-

554 4644 668 4698 rius
687 4646 984 4715 cogendum
1014 4657 1392 4716 praesenserat,
1426 4647 1524 4701 fuit
1563 4647 1650 4701 illa
1684 4667 1702 4698 ι
1728 4649 1964 4717 synodus
2005 4661 2136 4702 con-

554 4738 847 4810 greganda,
876 4758 895 4791 ›
929 4754 1092 4808 quam
1118 4754 1238 4792 cmn
1266 4739 1604 4807 imperatoris
1622 4739 1904 4808 praesentia
1929 4738 2138 4793 duobus

556 4834 610 4887 in
643 4833 776 4887 locis
796 4830 1118 4899 conjunxit;
1151 4846 1321 4900 eaque
1343 4833 1516 4900 reipsa
1542 4833 1755 4886 videtur
1783 4839 1991 4894 coacta,
2014 4845 2137 4883 ειιιιι

560 4923 867 4991 patriarcha
899 4938 963 4977 ac
994 4923 1175 4978 caeteri
1203 4923 1359 4992 hujus
1384 4922 1675 4991 provincia:
1718 4921 1955 4992 episcopi
1984 4921 2139 4975 ludi-

557 5023 675 5066 cato
695 5013 1155 5083 subscripserunt.
1189 5013 1322 5068 Cum
1368 5014 1422 5067 in
1454 5022 1684 5083 utroque
1735 5022 1882 5067 textu
1935 5014 2157 5068 [iathe-'

560 5103 675 5158 rius
732 5105 995 5176 synodum
1057 5107 1484 5177 congregandam
1536 5105 1798 5175 imperiali
1842 5105 2143 5174 pra‘sentize

2241 4552 2491 4619 forsitan,
2530 4551 2657 4607 licet
2706 4552 2875 4616 inani,
2935 4553 3341 4606 conversionem
3386 4551 3514 4606 mihi
3566 4551 3831 4621 pollicens

2242 4652 2508 4707 vestram,
2540 4658 2662 4697 eum
2686 4643 3089 4712 proposuissem
3125 4659 3220 4698 vos
3253 4643 3326 4697 uti
3369 4641 3596 4696 rebelles
3628 4680 3644 4695 .
3664 4683 3679 4695 .
3701 4682 3745 4697 ..
3772 4653 3831 4695 nt

2244 4745 2299 4792 et
2331 4735 2578 4805 legaliter
2604 4744 2659 4790 ct
2683 4735 3035 4803 imperialiter
3056 4736 3319 4791 sancitum
3346 4745 3450 4797 est,
3482 4736 3551 4789 ab
3581 4735 3843 4790 Ecclesia.

2243 4826 2562 4888 extundere;
2604 4826 2845 4895 pepercit
2875 4825 3089 4880 animus
3124 4824 3358 4893 diploide
3379 4822 3715 4879 confusionis
3747 4824 3830 4878 in-

2245 4914 2411 4969 duere
2439 4910 2651 4983 (Ibid.).
2678 4931 2695 4964 ι
2731 4912 2869 4979 Quid
2900 4913 3040 4981 quod
3080 4912 3285 4967 sciebat
3315 4911 3605 4967 canonicos
3635 4914 3704 4967 ad
3728 4913 3829 4967 im-

2243 5012 2553 5073 peratorem
2584 5005 2832 5058 nuntium
2878 5004 3110 5067 misisse,
3141 5003 3232 5072 qui
3279 4996 3469 5057 contra
3505 5016 3565 5057 se
3586 5014 3774 5075 ageret
3808 5023 3823 5072 ;

2245 5096 2362 5165 ipse
2387 5104 2568 5151 autem
2603 5112 2668 5151 ex
2692 5105 2847 5165 parte
2897 5111 2994 5150 sua
3028 5094 3297 5149 neminem
3334 5094 3655 5149 mittendum
3707 5111 3830 5153 cre-
