4038 5388
144 295 244 351 129

1137 293 1666 351 PROLEGOMENA.
1711 325 1774 333 —
1816 295 2142 351 IIA'I‘IIERII
2188 298 2367 353 VITA.

3300 308 3407 363 130

141 421 230 460 sus
256 425 275 456 ι
314 406 587 459 Veronam
621 405 861 459 directus
892 420 996 457 non
1045 403 1166 468 fuit,
1210 414 1357 459 certe
1391 415 1567 459 tamen
1599 406 1716 459 dum
1746 409 1793 466 Α
1819 406 2304 464 ecclesiasticorum
2344 412 2692 480 divisionem,
2738 429 2806 471 ex
2840 432 2943 487 qua
2977 418 3127 487 plura
3177 420 3313 474 mala
3349 433 3405 477 et

137 513 383 565 persona:
404 496 635 551 Veronae
655 498 991 551 dominantes
1036 498 1262 566 idipsum
1290 499 1607 566 praestitisse
1632 499 1714 550 νίν

138 586 385 638 debimus
415 587 563 639 circa
620 587 822 640 Pascha
854 588 977 639 anni
1026 589 1299 656 sequentis
1328 588 1451 641 968.
1497 588 1714 643 Interim

139 679 435 732 Ratherius
468 680 569 732 etsi
602 680 773 732 noluit
804 679 1030 733 rebelles
1059 695 1122 732 ex
1152 680 1380 733 ecclesia
1415 681 1633 748 pellere,
1665 682 1717 735 id

137 781 310 821 tamen
345 770 417 823 ab
447 770 529 822 eis
560 771 730 838 petiit,
786 784 849 822 ne
894 770 945 821 in
997 770 1293 823 cathedrali
1343 786 1493 823 sacra
1542 770 1715 825 oﬂicia

134 870 483 929 peragerent,
517 861 613 913 sed
637 861 797 913 aliam
831 875 1205 928 quamcunque
1250 861 1529 915 ecclesiam
1556 862 1718 931 elige.

133 962 265 1003 rent.
295 951 353 1003 Id
402 962 587 1005 autem
641 967 698 1004 se
728 962 979 1019 expetere
1008 952 1102 1015 ait,
1156 966 1260 1004 non
1294 953 1434 1019 quod
1466 951 1719 1006 fraterni-

134 1050 292 1093 tatem
320 1050 723 1104 contemneret,
758 1041 849 1093 sed
881 1042 1022 1110 quod
1060 1060 1078 1091 ι
1108 1042 1309 1095 rustico
1336 1041 1424 1094 illo
1464 1054 1718 1097 monente

130 1128 399 1196 exemplo,
434 1144 546 1196 quo
577 1129 806 1181 dicitur:
846 1148 863 1178 ι
896 1128 1047 1193 Quod
1087 1130 1268 1183 oculus
1304 1146 1405 1182 non
1442 1130 1598 1192 videt,
1627 1147 1718 1184 cor

131 1234 226 1269 non
260 1217 448 1280 dolet,
519 1238 537 1268 ε
583 1219 811 1282 videtur,
874 1219 1066 1288 inquit,
1118 1220 1360 1287 quaedam
1416 1231 1471 1273 et
1520 1237 1715 1290 perne-

128 1309 360 1361 tessaria
404 1308 614 1363 doloris
644 1309 758 1362 fore
806 1311 1079 1379 lcvigatio,
1109 1311 1151 1363 si
1180 1310 1259 1363 eis
1306 1327 1411 1363 non
1439 1311 1593 1375 visis,
1622 1312 1714 1379 qui

127 1400 253 1452 mihi
284 1408 440 1452 tanta
493 1401 636 1453 mala
682 1399 948 1465 fecerunt,
979 1411 1032 1454 et
1078 1399 1255 1454 facere
1300 1418 1407 1454 non
1440 1402 1712 1467 desinunt,

128 1488 263 1541 absit
317 1489 719 1559 aliquantisper
756 1491 1019 1544 malorum
1072 1492 1308 1560 ipsorum
1360 1494 1666 1547 recordatio
1696 1534 1710 1559 ,

127 1580 245 1631 dum
290 1589 550 1634 auctores
599 1582 914 1635 eorumdem
965 1582 1438 1652 quantulacunque
1488 1585 1716 1640 obnubit

126 1669 342 1723 oblivio.
373 1690 392 1721 ι

190 1761 317 1813 126.
350 1761 426 1814 De
472 1762 701 1829 epistola
738 1762 804 1817 ad
845 1762 1131 1816 Martinam
1176 1765 1483 1834 episcopum
1514 1764 1707 1818 Ferra-
1739 1758 1786 1817 B

126 1853 378 1918 riensetn,
422 1870 542 1923 quae
574 1856 780 1923 pariter
812 1856 862 1907 iu
902 1856 1147 1909 Adventu
1182 1857 1307 1909 atini
1352 1855 1454 1909 967
1486 1867 1709 1910 exarata

124 1946 237 2009 luit,
288 1962 458 2015 pauca
492 1948 736 2002 indicare
772 1947 1000 2003 sullieiet
1042 1949 1128 2017 (γ.
1168 1960 1275 2002 not.
1309 1950 1358 2013 1,
1388 1950 1441 2001 in
1482 1965 1561 2018 ep.
1598 1950 1706 2020 Ill).

129 2039 275 2091 llunc
308 2038 603 2093 Ratherius
634 2041 686 2092 in
717 2040 1026 2094 Ravennate
1054 2042 1245 2094 saltem
1285 2041 1511 2095 concilio
1541 2057 1707 2111 agno-

125 2137 291 2182 verat.
333 2129 832 2199 Reprehensionetn
880 2148 1097 2186 suorum
1136 2133 1222 2187 ille
1274 2133 1579 2187 incurrerat
1608 2134 1708 2187 du-

125 2220 245 2288 plici
271 2236 339 2273 es
377 2236 562 2283 causa,
592 2224 735 2292 quod
769 2240 963 2292 pueros
989 2234 1148 2277 wlate
1168 2225 1428 2278 canonica
1459 2234 1709 2293 expertes

122 2313 416 2376 ordinaret,
448 2313 609 2383 idque
655 2316 831 2384 pretio
860 2316 1228 2368 intercedente
1254 2324 1556 2384 perageret.
1585 2314 1710 2367 Han:

119 2402 338 2471 ep’stola
389 2401 638 2457 Ratherii
688 2404 862 2458 zelum
918 2405 1277 2471 demonstrat,
1332 2406 1425 2474 qui
1471 2404 1708 2475 episcopi

120 2498 235 2551 licet
257 2498 494 2553 senioris
521 2499 655 2552 vitia
684 2499 957 2569 corrigere
989 2500 1213 2553 studuit.

118 2632 295 2706 [cum]
337 2635 366 2705 §
414 2635 557 2689 XIX.
588 2666 660 2676 -—
689 2636 817 2688 Arta
863 2637 988 2688 anui
1054 2636 1177 2690 968.
1238 2635 1525 2690 Ral/terius
1566 2636 1708 2701 Qua-

182 2707 491 2771 draycsintae
530 2717 757 2773 tempore
785 2723 1046 2759 sermones
1075 2707 1225 2758 habet
1257 2708 1319 2758 de
1375 2725 1518 2774 pace.
1558 2707 1707 2760 Scri-

182 2776 246 2827 bit
279 2775 513 2827 libellum
536 2817 549 2837 ,
592 2778 676 2827 cui
716 2776 898 2827 titulus
930 2792 947 2828 :
983 2777 1278 2829 Discordia.
1315 2775 1569 2829 Canonici
1601 2776 1708 2829 llo-

176 2862 313 2898 mam
373 2846 582 2898 mittunt
637 2847 907 2908 nuntium,
953 2848 1041 2915 qui
1095 2848 1400 2914 rescriptum
1444 2864 1538 2915 pro
1581 2846 1707 2914 ipsis

179 2916 374 2967 retulit.
430 2914 741 2985 Episcopus
780 2914 1183 2985 Apologeticum
1242 2916 1365 2968 edit.
1426 2914 1704 2985 Inquisitio

175 2996 356 3037 contra
385 2986 645 3055 eamdem.
678 2984 782 3037 Alii
806 3002 1065 3037 sermones
1096 2984 1350 3050 llatherii,
1376 2986 1489 3055 ejus
1515 2986 1697 3038 Testa-

175 3066 439 3109 mentum.
478 3052 671 3106 Nanno
692 3096 706 3119 ,
748 3066 806 3106 ut
842 3057 1168 3122 imperatoris
1196 3052 1419 3117 missus,
1449 3056 1702 3123 placitum

1819 498 2067 551 scandala
2115 503 2616 569 consequebantur,
2648 505 2932 575 episcopus
2966 507 3108 561 ferre
3136 523 3241 561 nou
3274 525 3403 579 pos-

1818 595 1919 640 set.
1960 586 2119 641 Gesta
2152 590 2315 644 refert
2359 592 2546 663 synodi
2588 594 2905 649 dimeesauzn
2953 606 3073 665 post
3118 597 3404 653 Ravenna-

1818 684 1969 731 tense
2002 680 2286 733 concilium
2334 692 2561 749 coactat;
2606 686 2861 740 describit
2902 703 3248 758 congressum
3281 700 3403 759 post

1816 773 2057 823 eamdem
2082 774 2338 841 synodum
2363 788 2483 827 cmn
2512 778 2784 830 canonicis
2809 779 3045 831 habitum
3067 820 3079 841 ,
3105 778 3311 851 [cm-tu]
3342 792 3401 833 ut

1817 860 2230 927 pauperioribus
2256 861 2466 915 clericis
2497 865 2831 931 provideret;
2856 875 2911 918 et
2937 870 3246 921 eorumdem
3282 883 3397 922 mo-

1818 949 1999 1003 limina
2024 955 2161 1020 apud
2187 961 2563 1019 Imperatorem
2586 954 2803 1008 iudicat.
2831 956 3068 1009 Tandem
3089 972 3200 1011 suae
3220 974 3396 1011 causa:

1819 1042 2066 1095 ﬁduciam
2116 1040 2438 1111 przelerens,
2493 1046 2736 1112 repetitis
2782 1046 2890 1099 illis
2936 1046 3035 1101 .Iob
3091 1066 3102 1100 :
3166 1048 3396 1102 Causam

1816 1147 1973 1200 quam
2014 1132 2298 1185 nesciebam
2326 1174 2339 1196 ,
2384 1133 2774 1202 diligentissime
2842 1136 3211 1206 inrestigabam
3267 1136 3394 1206 (Job

1818 1236 1979 1286 XXIX,
2026 1220 2133 1290 I6),
2181 1222 2231 1276 id
2278 1239 2440 1276 unmn
2485 1240 2544 1277 se
2590 1234 2827 1278 metuere
2876 1227 2981 1289 ait,
3036 1243 3102 1279 ne
3146 1243 3241 1295 per
3291 1242 3390 1295 po-

1819 1310 2044 1363 tentium
2098 1312 2399 1379 patrocinia
2454 1321 2615 1381 atque
2665 1314 3046 1367 malevolorum
3096 1315 3394 1371 calumnias

1818 1400 2143 1469 imperatore
2195 1401 2599 1467 circumvento,
2633 1402 2732 1456 sibi
2770 1404 3061 1455 miserrimo
3092 1406 3390 1473 contingat,

1815 1491 1954 1561 quod
2007 1492 2210 1545 miseris
2257 1493 2506 1561 contigit,
2537 1494 2599 1546 de
2632 1494 2817 1561 quibus
2866 1492 3087 1561 legitur,
3116 1493 3221 1546 illis
3242 1535 3256 1557 ,
3301 1495 3391 1563 qui

1815 1582 2019 1635 etiamsi
2064 1582 2204 1649 apud
2256 1580 2477 1650 Scythas
2530 1599 2742 1635 causam
2791 1583 3086 1647 diaissent,
3141 1583 3391 1653 iuculpati

1815 1674 2007 1743 absgue
2042 1674 2200 1726 dubio
2248 1675 2448 1726 dimissi
2476 1674 2716 1742 fuissent.

1885 1765 2006 1819 128.
2046 1763 2171 1817 11ωο
2216 1765 2342 1818 dum
2389 1764 2695 1828 scribebat,
2747 1764 3128 1833 imperatorem
3164 1764 3392 1820 clericos

1811 1856 2009 1913 adiisse
2039 1864 2417 1924 persenserat;
2468 1857 2535 1909 ad
2568 1856 2867 1908 Romanum
2917 1870 3046 1909 vero
3073 1857 3388 1925 pontificem

1812 1964 1905 2003 eos
1951 1949 2155 2017 pariter
2199 1946 2505 2016 confugisse
2556 1947 2856 2016 ignorabat.
2906 1948 3103 2002 Verum
3155 1947 3270 2013 illi,
3332 1957 3390 2001 ut

1805 2039 2069 2108 judicium
2124 2040 2496 2095 institueretur
2544 2049 2732 2093 contra
2776 2038 3127 2104 Ratherium,
3166 2055 3273 2108 quo
3308 2053 3390 2093 rc-

1811 2134 2147 2186 scinderetur
2180 2132 2349 2199 ipsius
2395 2130 2733 2197 Judicatum,
2773 2141 2827 2185 et
2880 2131 3018 2185 bona
3059 2132 3159 2184 sibi
3212 2130 3389 2185 ablata

1812 2224 2195 2287 redderentur,
2234 2223 2613 2290 imperatorem
2648 2223 2978 2276 exorandum
3009 2232 3283 2290 putarunt.
3322 2222 3390 2276 Ut

1812 2324 1991 2369 autem
2041 2315 2094 2369 in
2142 2324 2416 2384 posterum
2462 2316 2600 2368 bona
2630 2316 2697 2368 ad
2733 2330 2791 2369 se
2822 2315 3145 2383 pertinentia
3179 2314 3229 2366 in
3267 2321 3384 2367 tuto

1808 2415 2018 2471 essent,
2068 2413 2123 2458 et
2166 2420 2195 2457 a
2235 2404 2357 2473 jure
2402 2404 2775 2472 episcoporum
2826 2404 3223 2467 eximerentnr,
3256 2417 3385 2471 apo-

1809 2498 2010 2553 stolica:
2058 2496 2202 2550 sedis
2251 2496 2627 2549 auctoritatem
2670 2495 3058 2563 implorandam
3104 2508 3384 2548 censuere.

1809 2588 1958 2642 Clam
2004 2587 2164 2657 igitur
2212 2586 2440 2639 Romam
2493 2585 2725 2655 legatum
2774 2586 3118 2647 direxerant;
3169 2592 3222 2637 et
3274 2582 3385 2639 for-

1811 2679 1971 2733 tassis
2011 2679 2152 2731 idem
2190 2676 2309 2742 ille,
2357 2677 2448 2745 qui
2496 2677 2562 2729 ad
2602 2676 2914 2729 comitatum
2946 2675 3142 2728 missus
3178 2675 3386 2740 fuerat,

1810 2774 1861 2826 iu
1908 2772 2173 2825 mandatis
2226 2771 2441 2836 habuit,
2474 2780 2554 2832 ut,
2582 2770 2797 2838 negotio
2840 2770 2978 2837 apud
3010 2770 3389 2838 imperatorem

1808 2874 2049 2930 exacto,
2116 2865 2419 2919 Romanum
2482 2866 2793 2932 pontilicem
2852 2863 3028 2916 adiret
3085 2860 3382 2931 (Apologet.

1808 2976 1957 3013 num.
2007 2959 2083 3029 7).
2136 2959 2183 3011 Is
2236 2967 2414 3011 autem
2477 2976 2494 3007 ι
2538 2956 2693 3026 quasi
2744 2955 3064 3023 apostolicas
3112 2953 3319 3006 litteras
3364 2970 3383 3002 ι

1809 3049 2029 3113 retulit,
2083 3049 2279 3117 quibus
2327 3048 2425 3101 sub
2476 3062 2632 3116 poma
2678 3045 3042 3099 anathematis
3091 3044 3381 3097 interdice-

176 3126 327 3207 liabet
375 3135 561 3204 contra
608 3125 847 3207 eumdem
867 3166 880 3189 ,
912 3124 999 3207 qui
1031 3125 1195 3205 tribus
1243 3126 1475 3207 epistolis
1503 3127 1582 3207 Ide
1604 3127 1703 3203 hoc

1810 3145 2002 3207 batur,
2044 3157 2110 3195 ne
2156 3140 2446 3195 Ratherius
2492 3148 2585 3192 aut
2613 3152 2957 3193 successores
3002 3136 3119 3204 eius
3176 3151 3295 3190 sese
3330 3152 3384 3190 In

174 3194 365 3264 placito
415 3196 671 3264 queritur.
731 3194 1009 3246 Everaclus
1060 3196 1329 3262 episcopus
1374 3194 1704 3247 Leodicensis

176 3262 342 3333 ipsum
374 3262 580 3316 inritat.
626 3262 683 3315 Is
732 3264 941 3316 tandem
990 3264 1345 3333 episcopatum
1386 3264 1624 3329 dimittit,
1657 3274 1704 3318 et

167 3336 217 3386 in
240 3334 509 3403 Belgicam
547 3334 834 3386 revertitur.

176 3426 292 3480 127.
334 3424 473 3479 Cum
504 3423 727 3478 rebellio
754 3423 964 3493 publice
1008 3424 1059 3477 iu
1104 3423 1218 3477 dies
1262 3432 1452 3477 contra
1499 3425 1707 3496 episco-

119 3532 232 3585 pum
272 3514 695 3577 eﬂ'ervesceret,
728 3514 774 3568 is
818 3515 872 3567 in
902 3514 1149 3567 oumibus
1169 3515 1538 3579 sermonibus,
1571 3530 1706 3582 quos

121 3607 166 3658 iu
189 3604 612 3673 Quadragesima
662 3604 785 3657 anui
816 3604 921 3658 968
949 3604 1013 3657 ad
1056 3604 1308 3674 populum
1342 3604 1527 3658 habuit
1557 3605 1704 3673 (Dis-

113 3698 301 3761 cordia,
331 3712 485 3750 num.
532 3696 620 3765 7),
654 3695 881 3749 rebelles
932 3697 998 3750 ad
1042 3712 1228 3765 pacem
1277 3711 1531 3750 revocare
1570 3711 1701 3749 con-

114 3787 299 3851 tendit,
331 3800 498 3855 quam
548 3799 673 3838 sese
722 3800 844 3837 cum
881 3784 1011 3852 ipsis
1052 3785 1406 3839 libentissime
1444 3785 1702 3838 initurum

113 3876 419 3946 spopondit,
455 3893 472 3924 ι
514 3882 726 3926 tantum
764 3873 816 3926 in
866 3888 992 3926 vera
1040 3888 1173 3942 pace
1232 3880 1333 3927 hoc
1369 3873 1564 3927 vellent
1593 3872 1699 3927 elli-

113 3978 238 4019 cerc.
269 3984 288 4016 ι
318 3964 429 4019 Sed
477 3963 707 4017 frustra.
761 3963 816 4017 Id
857 3964 1001 4017 enim
1036 3964 1211 4033 potius
1251 3978 1438 4017 eorum
1473 3964 1705 4032 augebat

112 4059 429 4127 superbiam,
448 4067 503 4113 et
525 4058 858 4112 accendebat
878 4057 1162 4122 malitiam,
1179 4057 1312 4111 adeo
1333 4066 1392 4109 ut
1413 4056 1627 4125 pejores
1649 4057 1700 4110 in

112 4152 410 4218 episcOpum
458 4150 874 4203 criminationes
906 4156 1258 4218 spargerent,
1291 4163 1451 4217 quam
1500 4164 1619 4217 qua:
1649 4148 1700 4201 in

114 4238 383 4303 Qualitatis
462 4244 768 4309 conjectura
838 4240 1147 4307 nuperrime
1226 4239 1513 4293 Ambrosio
1588 4248 1700 4292 tra-

111 4334 205 4385 dita
241 4332 575 4387 referuntur.
618 4333 728 4386 Has
759 4330 1166 4385 criminationes
1196 4329 1444 4383 indicans
1483 4329 1535 4382 in
1565 4329 1703 4397 Apo-

111 4422 311 4489 logetico
354 4440 508 4476 num.
556 4422 590 4475 4
636 4440 649 4474 :
709 4441 727 4472 ‹
767 4421 1031 4487 Quidam,
1106 4421 1211 4485 ait,
1276 4421 1388 4473 sive
1458 4421 1698 4489 putatis,

110 4516 259 4569 sivea
282 4530 344 4570 se
374 4516 550 4582 magis
586 4514 836 4569 conﬁctis
878 4529 963 4567 me
1001 4512 1244 4581 jaculaut
1274 4512 1589 4566 criminibus
1627 4532 1645 4564 ι
1684 4528 1697 4562 :

112 4622 216 4671 qua:
263 4622 419 4660 num.
474 4607 507 4659 8
548 4626 565 4657 ‹
609 4615 795 4668 tanta,
849 4604 1005 4669 talia,
1063 4614 1170 4658 tam
1221 4604 1396 4669 fteda,
1446 4613 1551 4657 tam
1587 4614 1700 4658 tur-

112 4697 229 4764 pia,
289 4707 400 4752 tam
458 4696 836 4757 incredibilia,
891 4705 945 4749 et
1000 4695 1098 4764 ipsi
1159 4696 1322 4749 etiam
1375 4695 1521 4748 (atati
1569 4710 1701 4749 mea:

114 4788 373 4840 contraria
410 4806 431 4838 ι
479 4796 655 4840 vocat.
705 4784 841 4839 Cum
888 4784 1070 4852 itaque
1122 4783 1347 4837 rebelles
1389 4783 1455 4835 ad
1511 4798 1699 4853 pacem

116 4892 208 4930 non
257 4886 444 4946 posset
490 4877 762 4930 deducere
789 4915 803 4938 ,
853 4874 1039 4927 eadem
1085 4872 1503 4941 Quadragesima
1551 4873 1701 4927 lucu-

119 4968 278 5020 bravit
306 4967 619 5035 opusculum
657 4966 1010 5033 inscriptum,
1064 4963 1341 5017 Discordia
1366 4965 1499 5017 inter
1528 4966 1697 5030 ipsum

814 5055 825 5065 ι
871 5055 902 5065 ΩΙ
956 5055 966 5065 I
1013 5055 1024 5065 ο
1060 5055 1070 5064 Ι
1636 5057 1646 5067 Ι

755 5055 903 5078 -...Ι..
954 5063 1101 5078 -.η-ι.η
1160 5063 1205 5078 -o
1260 5070 1445 5078 ειη-.-ΛΑ
1482 5056 1668 5078 .l.-.-_-s

1810 3250 1897 3288 res
1941 3233 2321 3287 canonicorum
2368 3231 2811 3284 intromitterent.
2864 3229 3183 3282 Durioribus
3211 3228 3390 3283 verbis

1810 3324 1913 3378 hoc
1960 3322 2161 3377 factum
2209 3320 2469 3375 describit
2515 3320 2821 3388 episcopus.
2863 3319 2997 3372 Dum
3039 3325 3218 3370 autem
3262 3331 3386 3385 pre-

1810 3416 1942 3469 tium
1991 3415 2044 3467 iu
2098 3416 2237 3467 hanc
2276 3429 2389 3467 rem
2439 3411 2817 3465 intercessisse
2850 3409 3114 3473 aliirmat;
3165 3408 3389 3477 pecunia

1808 3506 2027 3574 quidem
2074 3512 2388 3572 corruptum
2434 3519 2538 3555 non
2582 3502 2857 3555 credimus
2909 3502 3080 3568 ipsum
3126 3499 3387 3553 Joannem

1808 3595 1923 3649 XIII
1975 3609 2243 3649 summum
2291 3593 2629 3661 pontilicem,
2680 3589 2832 3658 cujus
2878 3589 3116 3658 probitas
3142 3589 3388 3656 pluribus

1810 3686 2162 3748 testimoniis,
2201 3692 2256 3738 et
2303 3683 2372 3737 ab
2417 3683 2534 3751 ipso
2578 3682 2742 3736 etiam
2791 3680 3051 3733 Ratherio
3109 3694 3386 3732 commen-

1808 3779 1966 3832 datur
1996 3775 2203 3845 (Itiner.
2237 3790 2291 3827 n.
2323 3774 2397 3844 Ξ).
2429 3772 2718 3837 Canonici,
2750 3772 2839 3840 qui
2870 3771 3069 3825 divitiis
3097 3769 3387 3839 pollebant,

1806 3869 1945 3922 sicut
1992 3866 2217 3934 pecunia
2266 3863 2566 3933 potentium
2620 3861 2921 3931 patrocinia
2963 3860 3247 3927 aucupati,
3282 3861 3385 3912 im-

1804 3958 2071 4029 peratoris
2118 3956 2357 4009 animum
2414 3954 2677 4007 Ratberio
2734 3967 3058 4022 propensum
3111 3951 3391 4005 subverte-

1805 4061 1962 4117 ruut,
2009 4060 2066 4103 ut
2116 4050 2368 4117 deinceps
2415 4048 2656 4117 patebit;
2688 4047 2761 4100 ita
2810 4046 2994 4100 eadem
3037 4052 3153 4097 arte
3186 4044 3381 4097 Roma-

1804 4161 1903 4199 nos
1954 4142 2215 4212 thosdam
2268 4150 2524 4211 patronos
2570 4141 2743 4204 nacti,
2777 4138 3074 4193 obtinuisse
3107 4136 3385 4200 videntur,

1805 4245 1863 4290 ut
1915 4235 2189 4305 negotium
2248 4232 2504 4285 Ratherio
2550 4230 2774 4284 absente
2806 4237 2862 4282 ct
2911 4225 3212 4281 inconsulto
3243 4235 3389 4279 tran-

1805 4329 2098 4398 sigeretur,
2126 4335 2180 4379 et
2236 4323 2544 4393 apostolica:
2586 4323 2780 4376 littera:
2827 4329 3015 4375 contra
3047 4320 3217 4387 ipsum
3252 4318 3391 4371 scri-

1809 4423 2083 4477 berentur.
2125 4420 2257 4474 Cum
2289 4418 2572 4488 episcopus
2618 4431 2738 4470 sese
2785 4416 2838 4468 in
2867 4417 3006 4469 bona
3053 4422 3106 4467 et
3148 4412 3389 4467 redditus

1808 4514 2128 4570 clericorurn
2153 4507 2477 4564 cathedralis
2502 4506 2741 4561 ecclesia:
2768 4503 3127 4559 intromittere
3156 4500 3389 4568 studuit,

1812 4622 1965 4661 mens
2018 4603 2135 4674 ejus
2184 4600 2325 4667 fuit,
2386 4615 2489 4654 nou
2544 4608 2603 4652 ut
2653 4597 2945 4667 quidquam
3005 4609 3069 4648 ex
3124 4593 3219 4657 iis,
3272 4608 3390 4661 quae

1809 4700 2048 4769 ipsorum
2091 4703 2279 4758 erant,
2325 4694 2675 4761 decerperet,
2728 4705 2791 4743 ac
2833 4689 2884 4742 in
2933 4690 3067 4742 alios
3119 4706 3245 4743 usus
3281 4695 3391 4738 tra-

1810 4790 2063 4851 duceret,
2116 4786 2208 4839 sed
2266 4794 2323 4839 ut
2370 4800 2436 4837 ex
2485 4784 2615 4851 ipsis
2665 4781 2865 4843 rebus,
2919 4796 3040 4849 qua:
3094 4778 3389 4849 generatim

1808 4878 2132 4936 cathedralis
2155 4877 2398 4931 ecclesiae
2431 4873 2642 4929 clericis
2668 4873 2839 4942 legata
2868 4869 3118 4934 fuerant,
3154 4871 3223 4921 ita
3255 4868 3394 4918 inter

1802 4988 1895 5027 eos
1938 4971 2273 5040 partirentur
2296 5012 2311 5037 ,
2361 4982 2428 5021 ne
2458 4965 2742 5021 inferiores
2773 4969 3151 5034 premerentur
3186 4954 3358 5021 inopia
3378 4991 3394 5017 ,

1843 5074 1851 5078 .
1926 5062 1958 5078 ιι
2003 5062 2013 5073 ο
2220 5060 2251 5076 ι.
2393 5058 2405 5074 1
2446 5067 2456 5074 .
2499 5058 2508 5068 ·
2649 5066 2658 5074 .
2740 5072 2747 5073 ,
2805 5061 3008 5072 κέκλη-.
3072 5047 3181 5072 II.--

3212 5052 3393 5070 Αοιίιιιιι
