4038 5388
542 234 639 290 {ﬁl

1496 217 1899 278 RATHERIUS
1937 211 2371 274 VERONENSIS
2409 210 2804 269 EPISCOPUS.

3693 214 3810 272 133

544 342 837 409 scriptum,
877 351 984 406 quo
1027 333 1191 391 iidem
1228 333 1536 390 redditus‘a
1569 339 1835 403 potestate
1862 328 2115 400 episcopi
2146 333 2193 390 Α
2223 326 2458 390 siarutn,
2505 340 2667 395 quam
2702 333 3022 379 cancrorum
3051 325 3349 381 necessitas
3380 338 3682 398 pauperum
3709 344 3823 383 cur

544 432 949 493 eximere-titur,
1007 427 1085 481 uti
1135 441 1197 481 ea
1250 425 1303 480 in
1353 424 1635 496 hypothesi
1690 422 1977 493 aequitatis
2018 419 2129 490 ple-

544 537 672 575 nmn
723 518 879 575 facile
921 516 1125 587 subripi
1178 515 1371 586 putuit.
1420 512 1592 582 Hujus
1643 512 1893 581 rescripti
1938 510 2130 564 notitia

546 622 672 667 ante
723 609 930 664 Pascha
974 608 1099 662 anni
1158 606 1258 662 968
1294 607 1558 661 Veronam
1603 603 1766 658 allata
1800 601 1931 666 fuit;
1963 600 2130 669 siqui-

546 705 668 759 dent
720 702 1007 757 Ratherius
1057 699 1515 769 in-Apologelico,
1560 698 1702 765 quod
1753 697 1986 750 instante
2039 693 2132 747 Pa-

546 794 733 848 schate
762 793 886 846 auni
926 790 1164 860 ejusdem
1198 790 1534 844 lucubratum
1578 787 1710 853 fuit,
1744 785 1882 841 istud
1926 784 2129 840 factum

554 900 572 933 α
615 882 923 951 nuperrime
960 901 978 933 ι
1012 864 1273 934 accidisse
1312 888 1543 934 testatur
1575 894 1725 932 num.
1776 878 1828 931 7.
1867 877 2131 932 Redualdi

550 972 871 1040 patriarcha:
911 971 1271 1040 Aquileiensis
1322 971 1588 1025 sententia
1641 970 1693 1023 in
1744 968 1985 1023 eamdem
2021 983 2133 1023 rem

553 1065 654 1117 hoc
700 1066 887 1118 eodem
927 1081 1069 1118 anno
1099 1064 1326 1119 subinde
1375 1062 1550 1127 edita,
1599 1062 1686 1117 cui
1739 1070 1850 1116 tum
1896 1060 1983 1115 alii
2015 1062 2134 1131 epi-

553 1154 731 1224 scopi,
775 1162 886 1208 tum
941 1156 1051 1225 ipse
1092 1155 1396 1228 _Ratherius
1446 1153 1650 1209 assensi
1707 1152 1873 1207 fuisse
1922 1153 2139 1206 tradun-

554 1256 642 1299 tur
667 1286 682 1311 ,
717 1247 878 1301 veluti
919 1247 1286 1301 commentitia
1319 1248 1370 1301 iu
1400 1245 1709 1317 Appendice
1743 1244 2065 1315 proferetur.
2128 1303 2133 1308 ,

623 1337 743 1393 129.
786 1337 913 1392 Otto
956 1338 1248 1407 imperator
1275 1378 1288 1402 ,
1329 1353 1450 1391 cum
1498 1353 1639 1391 anno
1669 1336 1992 1406 praecedenti
2027 1334 2135 1390 Ve-

554 1442 702 1482 rona:
754 1427 896 1493 fuit,
946 1429 1146 1497 aliquid
1190 1428 1401 1498 argenti
1454 1427 1713 1482 Ratherio
1764 1425 2018 1496 episcopo
2049 1426 2141 1479 de-

553 1516 744 1581 derat,
782 1528 840 1571 ut
879 1519 1157 1572 basilicam
1196 1519 1366 1573 sancti
1418 1518 1652 1573 Zenonis
1693 1516 1965 1571 reﬁceret.
2004 1515 2141 1569 Mul-

560 1614 671 1658 tum
719 1605 1043 1661 incommodi
1090 1623 1153 1661 ac
1206 1620 1451 1677 sumptus
1480 1609 1595 1663 haec
1631 1606 1976 1675 imperatoris
2006 1622 2142 1676 pra:-

2233 417 2381 486 ipse,
2429 417 2520 487 qui
2568 417 2807 471 omnium
2849 418 3224 487 pauperrimus
3266 421 3603 475 restrueudis
3633 420 3823 476 eccle-

2232 511 2328 565 siis
2352 526 2419 564 ex
2462 525 2562 565 suo
2590 525 2696 565 non
2750 508 3076 574 sufﬁciebat,
3120 511 3174 565 in
3226 526 3489 581 pauperes
3534 512 3823 568 conferret

2234 601 2359 655 illttd
2392 601 2667 671 imperiale
2692 617 2921 665 munus,
2969 602 3111 671 quod
3155 603 3336 658 sancti
3380 602 3612 658 Zenonis
3664 604 3815 660 basi-

2232 692 2347 747 licae
2391 693 2692 746 relieienlaa
2724 692 2983 747 traditmu
3034 692 3250 746 fuerat?
3296 692 3408 748 "ac
3456 708 3617 762 porro
3653 706 3823 749 oeca-

2233 784 2383 838 sione
2428 783 2494 837 dc
2542 782 2836 837 rebellione
2878 784 3200 838 clericorum
3244 798 3347 838 non
3390 798 3557 851 pauca
3599 782 3821 837 inserit.

2234 874 2417 929 Multis
2454 874 2565 945 agit
2616 875 2682 933 de
2735 875 2997 944 rescriptu
3053 873 3224 928 Roma
3263 874 3556 929 novissime
3607 871 3823 938 allato,

2234 981 2342 1036 quo
2392 966 2687 1022 cavebatur
2721 1006 2736 1031 ,
2785 982 2853 1021 ne
2916 965 2969 1019 in
3021 982 3108 1020 res
3151 965 3479 1020 clericorum
3529 978 3654 1019 sese
3705 962 3825 1018 ullo

2238 1056 2395 1112 modo
2446 1057 2737 1125 ingereret.
2780 1055 2962 1126 Ipsum
3015 1057 3375 1126 rescriptum,
3421 1070 3528 1126 quo
3581 1055 3832 1109 maxime

2238 1149 2572 1217 angebatur,
2630 1146 2804 1204 latiuri
2857 1162 3020 1217 quam
3078 1163 3166 1217 pat
3221 1156 3307 1202 est
3370 1145 3829 1216 interpretatione

2234 1240 2572 1303 extendens,
2625 1239 2677 1292 in
2734 1252 2801 1293 eo
2853 1258 2871 1290 ι
2912 1255 3094 1294 rerum
3142 1258 3161 1290 ι
3219 1238 3437 1293 nomine
3482 1251 3590 1292 non
3644 1235 3827 1291 solum

2240 1331 2381 1386 bona
2429 1339 2652 1384 externa
2678 1369 2694 1394 ,
2730 1345 2917 1384 verum
2947 1329 3113 1384 etiam
3145 1329 3356 1388 animas
3394 1326 3723 1384 clericorum
3754 1326 3829 1380 ab

2238 1423 2477 1493 episcopi
2533 1431 2798 1492 potestate
2859 1423 3156 1479 subductas
3218 1420 3460 1491 colligit;
3518 1418 3647 1474 hinc
3692 1433 3829 1474 vero

2242 1519 2373 1581 quot
2424 1513 2626 1568 absona
2685 1522 2742 1567 et
2807 1514 3040 1568 absurda
3100 1525 3562 1582 consequerentur
3589 1557 3605 1581 ,
3659 1512 3833 1568 latius

2241 1603 2606 1674 prosequitur.
2652 1603 2775 1658 Haec
2807 1603 2976 1657 illatio
2996 1619 3158 1672 quam
3183 1605 3256 1659 sit
3282 1606 3629 1671 exorbitans,
3663 1621 3832 1661 nemo

556 1695 729 1749 sentin
780 1696 1033 1752 attulerat
1085 1699 1373 1769 episcopo,
1421 1699 1498 1753 ttti
1539 1699 1877 1769 exploratum
1930 1698 2137 1756 faciunt
2167 1678 2214 1738 Β
2242 1711 2347 1748 non
2390 1694 2554 1747 videt.
2613 1693 2689 1748 Ea
2743 1703 2962 1758 autem,
3009 1707 3171 1762 queat
3212 1694 3569 1749 recentissimi
3596 1695 3681 1748 vis
3724 1694 3831 1748 do-

557 1784 648 1839 illa
706 1787 1023 1857 Apologetici
1081 1805 1227 1843 num.
1279 1789 1334 1842 2.
1387 1809 1405 1841 ι
1447 1790 1736 1860 Postquam
1783 1797 1962 1849 omnia
1996 1837 2011 1860 ,
2071 1797 2137 1851 de

559 1874 755 1943 quibus
811 1877 1102 1933 habueram
1138 1879 1419 1946 victitare,
1471 1879 1587 1950 ejus
1639 1883 1896 1956 (Ottonis)
1933 1886 2139 1955 obligu-

560 1967 770 2034 rierat,
828 1985 933 2024 non
982 1971 1104 2026 dico
1163 1975 1444 2042 potentia,
1506 1992 1642 2045 nego
1684 1979 1941 2035 violentia
1971 2021 1985 2046 ,
2040 1983 2137 2037 sed

561 2065 710 2111 certe
739 2060 1045 2127 praesentia.
1087 2081 1104 2112 ι
1142 2061 1303 2117 Forte
1359 2064 1410 2118 in
1464 2066 1682 2119 tacitam
1733 2071 2019 2136 quamdam
2048 2071 2138 2126 lto—

556 2163 675 2202 ruut
729 2161 1037 2220 sumptuum
1087 2157 1941 2228 compensationem,Augustus,
1983 2163 2134 2233 quid-

555 2240 684 2308 quid
731 2240 858 2295 illutl
905 2242 1002 2297 fuit
1056 2245 1302 2314 argenti,
1355 2247 1608 2317 episcopo
1665 2250 1887 2305 tradidit
1926 2268 1991 2306 eo
2043 2268 2138 2307 no-

557 2331 740 2396 mine,
790 2341 849 2385 ut
900 2334 1128 2388 laudata:
1175 2336 1409 2391 basilica:
1466 2341 1767 2394 reﬁciendae
1830 2343 2134 2399 inserviret.

557 2419 691 2473 Cum
739 2436 861 2474 mox
910 2423 1192 2492 episcopus
1228 2426 1409 2479 omnia
1464 2428 1530 2481 ad
1582 2429 1925 2499 imperatoris
1989 2449 2140 2488 men-

558 2520 669 2564 tem
726 2512 912 2567 fuisset
962 2525 1288 2582 exsecutus,
1356 2517 1622 2588 malignus
1675 2523 1992 2588 cavillator,
2053 2541 2140 2580 ca-

559 2598 785 2653 nonicus
824 2600 910 2654 ille
961 2603 1210 2671 quidem,
1262 2604 1356 2658 sed
1392 2620 1496 2660 non
1540 2606 1635 2679 (γ.
1690 2620 1798 2662 nol.
1856 2611 1939 2682 15)
1980 2613 2141 2668 Vero-

557 2689 771 2755 nensis,
826 2690 1066 2745 Ratlterii
1114 2693 1546 2749 adversariorum
1601 2696 1781 2753 fautor
1822 2709 1986 2769 atque
2043 2703 2139 2757 de—

559 2777 742 2833 fensor
790 2780 1124 2850 praecipuus,
1180 2791 1290 2837 tam
1346 2795 1553 2839 rectum
1601 2799 1655 2842 et
1682 2786 1888 2856 justum
1921 2809 2056 2863 opus
2086 2795 2138 2849 in

559 2868 760 2923 malum
811 2871 1093 2926 traducere
1140 2887 1233 2927 seu
1268 2874 1613 2942 interpretari
1662 2883 1957 2937 contendit.
1991 2883 2141 2941 inda:

557 2957 707 3013 enim
760 2958 1001 3015 imitatus
1047 2963 1389 3032 exemplum,
1435 2981 1554 3021 eam
1593 2971 1873 3040 pecuniam
1909 2972 1959 3026 itt
2002 2988 2135 3043 pau-

559 3061 717 3118 peres
767 3049 1016 3104 debuisse
1049 3053 1280 3121 expendi
1313 3054 1593 3111 dictitabat
1629 3058 1846 3127 (Malm.
1880 3078 2029 3128 xxvr,
2059 3066 2133 3134 9).

561 3137 690 3193 Haec
742 3156 971 3196 censura
1021 3143 1353 3215 Apologetico
1406 3148 1691 3204 refellitur.
1750 3153 1919 3223 Negat
1970 3158 2147 3225 primo

563 3227 856 3284 Ratherius
930 3247 987 3286 se
1041 3234 1281 3302 potuisse
1338 3251 1458 3290 eaut
1532 3243 1816 3307 pecuniam
1874 3245 1925 3299 in
1979 3247 2143 3303 alium

562 3335 722 3373 nsunt
768 3331 1115 3389 convertere,
1155 3342 1317 3394 quam
1369 3329 1421 3382 itt
1456 3344 1612 3396 eum,
1649 3334 1737 3388 cui
1791 3335 1861 3389 ab
1908 3338 2146 3406 impera-

564 3420 680 3466 tore
735 3414 930 3468 tradita
991 3415 1110 3471 fuit.
1166 3417 1329 3473 Addit
1379 3421 1553 3476 nullos
1606 3422 1830 3480 Verona:
1875 3430 2151 3485 exstitisse

560 3519 859 3575 pauperes,
911 3508 1002 3576 qui
1040 3508 1112 3562 ita
1160 3509 1498 3581 indigerent,
1533 3522 1591 3567 ut
1618 3531 1713 3583 pro
1756 3517 1841 3571 eis
1871 3519 1938 3572 ab
1969 3520 2145 3575 eccle—

562 3596 764 3650 siarum
817 3600 1177 3655 restructione
1226 3604 1685 3671 supersedendum
1722 3617 1888 3662 esset.
1923 3608 2144 3665 Libera-

564 3685 772 3742 litatem
826 3686 1212 3744 Veronensium
1256 3691 1467 3756 laudat,
1505 3695 1594 3763 qui
1632 3695 1701 3747 ita
1753 3707 1908 3753 erant
1938 3700 1989 3752 in
2019 3716 2145 3768 pau-

564 3789 725 3843 peres
758 3773 947 3840 eﬂ‘usi,
985 3785 1042 3830 ttt
1087 3777 1205 3832 sine
1245 3778 1352 3833 ullo
1390 3781 1600 3836 delectu
1649 3783 1752 3837 illis
1793 3801 2008 3856 quoque
2045 3788 2151 3843 lar-

564 3863 685 3932 gius
723 3865 1023 3920 tribuerent
1048 3904 1064 3931 ,
1112 3868 1204 3934 qui
1235 3870 1471 3937 crapulae
1496 3880 1550 3926 et
1577 3870 1825 3928 ebrietati
1854 3877 2147 3944 servirent;

565 3971 773 4026 eosque
817 3959 980 4013 etiam
1033 3960 1100 4015 ad
1133 3961 1185 4014 id
1217 3971 1342 4025 ante
1373 3964 1593 4028 horam,
1615 3964 1805 4034 jejunii
1839 3968 1984 4043 [cut]
2017 3988 2153 4043 quu-

568 4063 675 4115 que
704 4049 1183 4120 quadragesimalis
1214 4061 1454 4123 tempore
1474 4096 1487 4119 ,
1519 4058 1922 4126 compellerent.
1957 4064 2146 4129 Quan-

570 4144 685 4191 tum
725 4138 874 4193 hisce
921 4140 1247 4210 pauperibus
1294 4143 1628 4212 pra2fereuda
1678 4149 1749 4202 sit
1794 4150 2148 4208 ecclesiarum

570 4228 1009 4284 restrueudarum
1036 4232 1333 4287 necessitas
1353 4273 1370 4297 ,
1392 4235 1745 4293 demonstrat.
1772 4239 1981 4295 Etenim
2013 4262 2031 4294 ι
2064 4259 2151 4300 ec-

570 4317 752 4373 clesia:
794 4319 949 4375 istius
980 4322 1195 4391 patriae,
1241 4343 1259 4375 ι
1294 4324 1469 4392 inquit
1496 4343 1642 4382 nunt.
1680 4328 1744 4392 5,
1776 4349 1793 4380 t
1825 4334 2026 4400 passitn
2057 4345 2151 4391 aut

574 4408 826 4463 incendio
864 4425 1193 4482 paganorum
1227 4414 1303 4484 (id
1351 4423 1436 4471 est
1482 4416 1893 4489 Hungarorutn,
1925 4425 2016 4493 qui
2050 4426 2153 4483 hoc

568 4499 766 4555 saeculo
799 4502 1059 4573 religione
1094 4504 1341 4571 Ethnici,
1387 4507 1589 4578 pluries
1642 4511 1693 4564 in
1742 4511 1946 4569 Italiam
1977 4516 2153 4573 irrue-

572 4590 723 4660 runt)
790 4600 885 4646 aut
920 4593 1126 4648 incuria
1157 4586 1738 4667 pseudoepiscoporum
1798 4603 1909 4672 (qui
1952 4605 2003 4660 in
2046 4605 2154 4662 Ra-

572 4683 736 4737 tberii
764 4683 942 4739 locum
993 4686 1187 4742 intrusi
1218 4687 1454 4762 fuerant)
1479 4702 1606 4746 sunt
1647 4694 1912 4750 universae
1934 4708 2029 4753 aut
2054 4714 2151 4770 pe-

573 4772 723 4828 nitus
771 4773 999 4841 dirutre,
1061 4785 1156 4830 aut
1197 4794 1388 4850 magna
1434 4795 1500 4834 ex
1561 4792 1713 4851 parte
1762 4785 2070 4842 tlestructre.
2128 4807 2147 4840 ι

572 4862 700 4919 llaec
740 4874 921 4920 autem
980 4868 1328 4925 ecclesiarum
1376 4876 1700 4947 restauratio
1750 4885 1803 4932 et
1860 4894 1988 4933 cura
2040 4888 2152 4936 tota

575 4963 703 5010 tunc
755 4958 1009 5026 temporis
1065 4958 1129 5011 ad
1179 4959 1486 5030 episcopum
1540 4964 1859 5031 pertinebat.
1912 4968 1960 5023 ls
1988 4983 2151 5037 porro

574 5047 737 5101 rebus
780 5048 1057 5117 pluribus,
1106 5066 1171 5104 ac
1214 5053 1514 5120 prtesertim
1568 5055 1869 5124 hospitibus
1923 5059 1996 5113 ita
2036 5071 2154 5115 erat

572 5144 861 5202 gravatus,
910 5147 969 5191 ut
1014 5155 1119 5193 nou
1156 5140 1408 5208 haberet,
1455 5142 1599 5197 ttude
1643 5145 1775 5199 satis
1829 5161 2066 5218 congrue
2093 5165 2152 5205 se

574 5234 737 5294 atque
789 5229 1112 5286 domesticos
1156 5232 1365 5298 aleret;
1425 5250 1492 5288 ac
1545 5245 1828 5298 preptcrea
1881 5256 2030 5296 nunt.
2092 5242 2149 5297 2.

2238 1786 2369 1841 luris
2416 1786 2713 1854 expressit,
2764 1786 3115 1841 condonanda
3162 1795 3246 1843 est
3285 1787 3526 1855 homini,
3571 1788 3666 1858 qui
3716 1788 3836 1841 ele-

2239 1881 2380 1933 rieos
2424 1879 2526 1933 sibi
2580 1892 2773 1948 parere
2822 1886 3145 1943 renuentes,
3194 1891 3369 1947 eoque
3424 1879 3692 1949 rescripto
3716 1877 3834 1934 cla-

2240 1981 2355 2035 tos,
2404 1976 2593 2022 contra
2643 1967 2956 2036 episcopum
2985 1966 3091 2021 alia
3146 1974 3310 2037 atque
3349 1968 3454 2022 alia
3503 1968 3686 2025 moliri
3728 1984 3831 2024 ex-

2237 2063 2453 2131 perieba
2462 2072 2514 2115 tu
2524 2077 2569 2116 r.

2310 2155 2435 2209 l50.
2478 2153 2589 2208 Hos
2626 2153 2848 2222 quidem
2892 2153 3112 2223 gravius
3156 2153 3358 2223 aliquid
3390 2165 3575 2208 contra
3628 2167 3691 2209 se
3720 2169 3840 2207 ma-

2241 2244 2491 2299 cltiualos
2538 2259 2604 2298 eo
2636 2258 2851 2313 quoque
2878 2243 2966 2297 die
2992 2242 3283 2298 Dominicte
3331 2258 3530 2310 cauae,
3572 2259 3685 2313 quo
3714 2243 3839 2299 illos

2237 2332 2689 2397 communicavit,
2721 2348 2826 2387 nou
2850 2332 3084 2387 obscure
3109 2333 3285 2387 innuit
3311 2348 3564 2389 sermone
3588 2334 3836 2389 secundo

2238 2423 2305 2476 de
2344 2422 2641 2488 Paschate,
2688 2439 2850 2493 quem
2900 2425 3021 2494 ipso
3063 2425 3152 2479 die
3192 2424 3475 2481 Paschatis
3519 2425 3648 2480 anui
3698 2441 3840 2495 pra-

2238 2511 2408 2565 seutis
2459 2512 2563 2566 968
2611 2513 2817 2567 habuit.
2859 2514 3152 2583 Postquam
3181 2516 3325 2569 euint
3376 2531 3590 2570 omnem
3648 2516 3836 2570 iuimio

2235 2600 2421 2655 citiam
2464 2599 2855 2669 adjiciendum,
2893 2612 2948 2658 et
2995 2604 3079 2659 vel
3133 2622 3161 2658 a
3196 2604 3335 2660 lmsis
3392 2620 3579 2675 pacem
3627 2606 3832 2661 ineun-

2239 2691 2362 2745 dam
2392 2691 2715 2762 evangelicis
2745 2693 2924 2748 verbis
2958 2694 3219 2760 ostendit,
3257 2696 3371 2750 haec
3401 2697 3542 2750 addit
3574 2712 3730 2751 num.
3757 2699 3838 2767 ,Ξῖ

2245 2801 2267 2833 ε
2311 2781 2499 2851 Hujus,
2531 2785 2623 2838 sed
2660 2786 2793 2854 proh
2844 2786 3036 2840 dolor!
3088 2789 3300 2843 consilii
3350 2790 3401 2843 in
3453 2799 3661 2844 Iantunt
3700 2806 3838 2845 con-

2239 2882 2513 2946 temporcs
2558 2877 2817 2947 quosdam
2861 2879 3149 2948 conspexi,
3187 2881 3493 2934 cl‘miuam
3551 2898 3658 2936 tton
3721 2883 3841 2938 illos

2239 2966 2539 3035 principue,
2565 2966 2657 3037 qui
2698 2966 2995 3022 debuerant
3054 2968 3176 3023 aliis
3211 2969 3414 3025 bunum
3445 2970 3613 3045 [CLXI]
3651 2989 3842 3028 exem—

2244 3055 2391 3125 plunt
2448 3058 2721 3125 praebere,
2770 3065 2828 3111 ut
2880 3060 3041 3112 etiam
3104 3059 3248 3126 ipsi,
3302 3061 3392 3131 qui
3445 3077 3639 3130 panem
3715 3080 3843 3119 sau-

2246 3155 2390 3199 ctum
2442 3147 2521 3200 eis
2554 3148 2798 3201 mittebat
2837 3149 2890 3201 in
2936 3164 3031 3203 ore
3066 3150 3293 3205 dicendo
3334 3170 3346 3205 :
3387 3152 3588 3222 Corpus
3619 3152 3841 3208 Domini

2246 3237 2411 3289 nostri
2466 3236 2593 3290 Jesu
2644 3236 2839 3292 Christi
2883 3241 3045 3308 prosit
3099 3241 3194 3293 tibi
3242 3243 3297 3295 in
3346 3242 3501 3295 vitam
3541 3255 3840 3311 aeternam,

2247 3341 2354 3379 non
2397 3337 2678 3382 cessarent
2712 3329 3030 3397 perditionis
3066 3330 3289 3400 laqueos
3316 3334 3561 3397 tendere,
3599 3344 3655 3387 et
3685 3335 3843 3405 quasi

2246 3415 2418 3471 Pilato
2458 3419 2644 3473 diebus
2683 3419 2908 3486 eisdem,
2938 3420 3239 3494 Cruciﬁge,
3268 3425 3514 3495 cruciﬁge
3561 3425 3838 3492 clamare,

2248 3522 2353 3561 non
2410 3509 2674 3562 recordati
2718 3510 2986 3577 dicentis,
3037 3511 3125 3566 Va:
3193 3513 3358 3584 impio
3406 3515 3706 3583 proditori,
3762 3533 3843 3570 va:

2248 3598 2635 3670 complicibus,
2682 3599 2946 3671 hodieque
2989 3602 3042 3656 in
3090 3603 3353 3671 ecclesia,
3411 3606 3546 3675 ejus.
3595 3625 3615 3660 ι
3678 3607 3833 3672 Hos,

2249 3690 2302 3744 ni
2356 3692 2713 3760 resipiscant,
2764 3691 2915 3749 Judte
2972 3694 3274 3751 imitatores
3326 3695 3535 3752 futuros
3572 3713 3835 3768 praenun-

2249 3779 2371 3846 tiat,
2421 3780 2474 3835 in
2522 3797 2681 3852 quem
2728 3790 2850 3852 post
2905 3782 3204 3838 buccellam
3265 3784 3506 3841 introivit
3550 3785 3834 3853 Satanas,

2255 3891 2274 3924 ι
2318 3872 2503 3943 utique
2555 3889 2652 3942 per
2701 3875 2854 3944 pravi
2909 3876 3091 3943 operis
3144 3874 3436 3943 ell'ectum,
3488 3878 3577 3947 qui
3619 3876 3735 3947 jam
3781 3879 3841 3934 in

2249 3977 2314 4017 eo
2352 3978 2447 4030 per
2478 3964 2724 4035 malignae
2749 3965 3038 4021 voluntatis
3068 3976 3188 4021 crat
3215 3967 3483 4023 affectum.
3525 3988 3544 4020 ι

2321 4054 2442 4106 151.
2485 4052 2624 4119 Quid
2665 4062 2845 4109 autem
2902 4055 2974 4110 illi
3045 4056 3397 4123 molirentur,
3455 4057 3637 4113 statim
3709 4070 3842 4129 post

2251 4141 2457 4197 Pascha
2516 4146 2786 4214 apparuit.
2850 4144 2961 4201 liae
3009 4148 3076 4202 de
3128 4163 3188 4203 re
3255 4148 3368 4219 agit
3432 4147 3725 4204 Ratherius
3779 4151 3837 4205 in

2255 4245 2505 4287 sermone
2558 4233 2623 4286 de
2671 4233 2879 4290 Octavia
2933 4235 3155 4291 Pascha:
3194 4253 3343 4292 num.
3374 4237 3429 4292 1.
3480 4256 3499 4289 ‹
3533 4237 3668 4293 Cum
3716 4248 3841 4308 post

2260 4321 2599 4389 bucecllam,
2650 4343 2667 4375 ο
2704 4324 2898 4394 inquit,
2957 4344 2976 4377 ι
3031 4326 3312 4383 introisset
3362 4327 3415 4383 in
3466 4343 3560 4383 eos
3608 4326 3843 4384 Satanas

2259 4413 2442 4486 (Joan.
2495 4432 2614 4481 xm,
2667 4416 2759 4487 27)
2811 4432 2909 4487 per
2960 4419 3330 4489 operationem
3389 4418 3703 4491 malignam,
3745 4421 3839 4490 qui

2260 4518 2388 4562 ante
2432 4510 2484 4563 in
2528 4511 2609 4565 eis
2646 4508 2851 4578 jamdiu
2919 4526 3015 4580 per
3073 4513 3427 4567 intentionem
3484 4512 3665 4567 fuerat
3713 4529 3835 4583 pes-

2260 4600 2492 4666 simam;
2539 4600 2691 4671 quasi
2747 4601 3025 4656 audissent
3066 4602 3134 4655 ab
3181 4615 3266 4666 co,
3325 4603 3415 4672 qui
3458 4603 3537 4658 eis
3592 4604 3839 4657 eamdem

2259 4704 2575 4764 porrexerat
2596 4694 2892 4749 buccellam
2921 4713 2934 4748 :
2968 4695 3120 4761 Quod
3143 4697 3296 4767 facit,
3326 4696 3410 4765 [uc
3442 4697 3596 4752 citius
3624 4696 3839 4771 (Μίκων

2256 4785 2465 4839 abhinc
2504 4800 2606 4839 non
2658 4794 3013 4841 cessaverunt
3044 4788 3368 4855 quantocius
3420 4787 3661 4857 exsequi,
3692 4788 3839 4857 quod

2250 4875 2361 4944 jam
2439 4886 2634 4941 antea,
2687 4878 2959 4947 praecipue
3030 4887 3144 4933 tota
3204 4880 3303 4933 ista
3377 4879 3787 4950 quadragesima
3818 4920 3835 4946 ,

2257 4969 2475 5023 fuerant
2529 4970 2938 5024 machinati.....
3005 4980 3197 5024 contra
3267 4971 3519 5026 eumdem
3587 4972 3834 5039 scilicet,

2258 5075 2418 5129 quem
2469 5075 2554 5114 me
2612 5059 2731 5116 fore
2781 5078 2940 5117 nemo
2985 5062 3192 5116 utinam
3239 5063 3423 5126 sciret,
3472 5067 3651 5118 omnia
3704 5066 3838 5120 iusi-

2258 5151 2468 5204 diarum
2519 5150 2826 5214 molimina,
2871 5167 3060 5207 omnes
3115 5152 3434 5208 falsissimas
3468 5154 3839 5209 concinnatio-

2260 5258 2358 5296 nes
2408 5244 2458 5296 in
2502 5242 2678 5298 nalam
2734 5258 2830 5298 Der
2879 5258 3228 5298 auoscuuuue
3284 5243 3570 5298 valuerunt
3619 5246 3837 5298 mitten-
