  <div class='ocr_page' id='page_1' title='image "/cluster/home/n/w/nwhite01/storage/ocr_20150623/136/hvd.32044015471766/072.png"; bbox 0 0 4038 5388; ppageno 0'>
   <div class='ocr_carea' id='block_1_1' title="bbox 169 165 290 220">
    <p class='ocr_par' dir='ltr' id='par_1_1' title="bbox 169 165 290 220">
     <span class='ocr_line' id='line_1_1' title="bbox 169 165 290 220; baseline 0 -1"><span class='ocrx_word' id='word_1_1' title='bbox 169 168 202 219; x_wconf 75' lang='grc'><strong>1</strong></span> <span class='ocrx_word' id='word_1_2' title='bbox 213 165 290 220; x_wconf 75' lang='lat'><strong>33</strong></span> 
     </span>
    </p>
   </div>
   <div class='ocr_carea' id='block_1_2' title="bbox 1181 161 2411 221">
    <p class='ocr_par' dir='ltr' id='par_1_2' title="bbox 1181 161 2411 221">
     <span class='ocr_line' id='line_1_2' title="bbox 1181 161 2411 221; baseline 0.002 -3"><span class='ocrx_word' id='word_1_3' title='bbox 1181 162 1714 220; x_wconf 66' lang='lat' dir='ltr'><strong>PBOLEGOMENA.</strong></span> <span class='ocrx_word' id='word_1_4' title='bbox 1753 191 1822 202; x_wconf 92' lang='lat'><strong>-—</strong></span> <span class='ocrx_word' id='word_1_5' title='bbox 1859 161 2190 218; x_wconf 68' lang='lat' dir='ltr'><strong>RATHERII</strong></span> <span class='ocrx_word' id='word_1_6' title='bbox 2232 163 2411 221; x_wconf 77' lang='lat' dir='ltr'><strong>VlTA.</strong></span> 
     </span>
    </p>
   </div>
   <div class='ocr_carea' id='block_1_3' title="bbox 3338 171 3441 231">
    <p class='ocr_par' dir='ltr' id='par_1_3' title="bbox 3338 171 3441 231">
     <span class='ocr_line' id='line_1_3' title="bbox 3338 171 3441 231; baseline 0 -2"><span class='ocrx_word' id='word_1_7' title='bbox 3338 171 3441 231; x_wconf 73' lang='grc'><strong>134</strong></span> 
     </span>
    </p>
   </div>
   <div class='ocr_carea' id='block_1_4' title="bbox 175 276 3440 351">
    <p class='ocr_par' dir='ltr' id='par_1_4' title="bbox 175 276 3440 351">
     <span class='ocr_line' id='line_1_4' title="bbox 175 276 3440 351; baseline 0.002 -18"><span class='ocrx_word' id='word_1_8' title='bbox 175 281 540 351; x_wconf 75' lang='lat' dir='ltr'><strong>malignitas,</strong></span> <span class='ocrx_word' id='word_1_9' title='bbox 593 291 644 337; x_wconf 89' lang='lat' dir='ltr'><strong>ct</strong></span> <span class='ocrx_word' id='word_1_10' title='bbox 707 281 946 350; x_wconf 80' lang='lat' dir='ltr'><strong>iniquum</strong></span> <span class='ocrx_word' id='word_1_11' title='bbox 992 291 1181 336; x_wconf 85' lang='lat' dir='ltr'><strong>contra</strong></span> <span class='ocrx_word' id='word_1_12' title='bbox 1245 298 1304 336; x_wconf 89' lang='lat' dir='ltr'><strong>se</strong></span> <span class='ocrx_word' id='word_1_13' title='bbox 1360 279 1611 334; x_wconf 83' lang='lat' dir='ltr'><strong>molimen</strong></span> <span class='ocrx_word' id='word_1_14' title='bbox 1673 293 1764 347; x_wconf 88' lang='lat' dir='ltr'><strong>pa-</strong></span> <span class='ocrx_word' id='word_1_15' title='bbox 1797 280 1838 336; x_wconf 84' lang='grc' dir='ltr'><strong>Λ</strong></span> <span class='ocrx_word' id='word_1_16' title='bbox 1872 290 2155 344; x_wconf 79' lang='lat' dir='ltr'><strong>pauperem</strong></span> <span class='ocrx_word' id='word_1_17' title='bbox 2205 277 2386 346; x_wconf 85' lang='lat' dir='ltr'><strong>potius</strong></span> <span class='ocrx_word' id='word_1_18' title='bbox 2440 292 2602 346; x_wconf 89' lang='lat' dir='ltr'><strong>quam</strong></span> <span class='ocrx_word' id='word_1_19' title='bbox 2651 276 2974 350; x_wconf 82' lang='lat' dir='ltr'><strong>_0ptrleulunt</strong></span> <span class='ocrx_word' id='word_1_20' title='bbox 3032 279 3324 337; x_wconf 87' lang='lat' dir='ltr'><strong>declarant.</strong></span> <span class='ocrx_word' id='word_1_21' title='bbox 3383 287 3440 342; x_wconf 91' lang='lat' dir='ltr'><strong>lu</strong></span> 
     </span>
    </p>
   </div>
   <div class='ocr_carea' id='block_1_5' title="bbox 178 370 1766 442">
    <p class='ocr_par' dir='ltr' id='par_1_5' title="bbox 178 370 1766 442">
     <span class='ocr_line' id='line_1_5' title="bbox 178 370 1766 442; baseline -0.001 -20"><span class='ocrx_word' id='word_1_22' title='bbox 178 371 288 424; x_wconf 83' lang='lat' dir='ltr'><strong>lam</strong></span> <span class='ocrx_word' id='word_1_23' title='bbox 344 373 571 440; x_wconf 88' lang='lat' dir='ltr'><strong>prodiit.</strong></span> <span class='ocrx_word' id='word_1_24' title='bbox 629 371 970 441; x_wconf 80' lang='lat' dir='ltr'><strong>Episcnpales</strong></span> <span class='ocrx_word' id='word_1_25' title='bbox 1033 373 1174 426; x_wconf 65' lang='lat' dir='ltr'><strong>aedes</strong></span> <span class='ocrx_word' id='word_1_26' title='bbox 1233 373 1424 442; x_wconf 88' lang='lat' dir='ltr'><strong>partim</strong></span> <span class='ocrx_word' id='word_1_27' title='bbox 1499 370 1766 437; x_wconf 85' lang='lat' dir='ltr'><strong>hospitum</strong></span> 
     </span>
    </p>
   </div>
   <div class='ocr_carea' id='block_1_6' title="bbox 178 460 1763 531">
    <p class='ocr_par' dir='ltr' id='par_1_6' title="bbox 178 460 1763 531">
     <span class='ocr_line' id='line_1_6' title="bbox 178 460 1763 531; baseline -0.003 -17"><span class='ocrx_word' id='word_1_28' title='bbox 178 476 366 524; x_wconf 82' lang='lat' dir='ltr'><strong>causa,</strong></span> <span class='ocrx_word' id='word_1_29' title='bbox 426 463 633 531; x_wconf 84' lang='lat' dir='ltr'><strong>partim</strong></span> <span class='ocrx_word' id='word_1_30' title='bbox 690 463 986 516; x_wconf 83' lang='lat' dir='ltr'><strong>vicinorum</strong></span> <span class='ocrx_word' id='word_1_31' title='bbox 1043 463 1243 514; x_wconf 76' lang='lat' dir='ltr'><strong>malitia</strong></span> <span class='ocrx_word' id='word_1_32' title='bbox 1301 476 1513 529; x_wconf 78' lang='lat' dir='ltr'><strong>pessum</strong></span> <span class='ocrx_word' id='word_1_33' title='bbox 1573 460 1763 512; x_wconf 86' lang='lat' dir='ltr'><strong>ierant.</strong></span> 
     </span>
    </p>
   </div>
   <div class='ocr_carea' id='block_1_7' title="bbox 181 550 1764 619">
    <p class='ocr_par' dir='ltr' id='par_1_7' title="bbox 181 550 1764 619">
     <span class='ocr_line' id='line_1_7' title="bbox 181 550 1764 619; baseline 0.001 -21"><span class='ocrx_word' id='word_1_34' title='bbox 181 568 203 598; x_wconf 68' lang='grc' dir='ltr'>ι</span> <span class='ocrx_word' id='word_1_35' title='bbox 256 550 611 619; x_wconf 73' lang='lat' dir='ltr'><strong>liospitantes</strong></span> <span class='ocrx_word' id='word_1_36' title='bbox 661 552 787 604; x_wconf 92' lang='lat' dir='ltr'><strong>inibi</strong></span> <span class='ocrx_word' id='word_1_37' title='bbox 832 552 880 604; x_wconf 91' lang='lat' dir='ltr'><strong>vi</strong></span> <span class='ocrx_word' id='word_1_38' title='bbox 939 561 993 604; x_wconf 88' lang='lat' dir='ltr'><strong>et</strong></span> <span class='ocrx_word' id='word_1_39' title='bbox 1045 561 1316 619; x_wconf 90' lang='lat' dir='ltr'><strong>potestate</strong></span> <span class='ocrx_word' id='word_1_40' title='bbox 1357 566 1461 603; x_wconf 89' lang='lat' dir='ltr'><strong>non</strong></span> <span class='ocrx_word' id='word_1_41' title='bbox 1511 557 1764 610; x_wconf 86' lang='lat' dir='ltr'><strong>cessant,</strong></span> 
     </span>
    </p>
   </div>
   <div class='ocr_carea' id='block_1_8' title="bbox 179 641 1764 710">
    <p class='ocr_par' dir='ltr' id='par_1_8' title="bbox 179 641 1764 710">
     <span class='ocr_line' id='line_1_8' title="bbox 179 641 1764 710; baseline 0.001 -18"><span class='ocrx_word' id='word_1_42' title='bbox 179 641 359 708; x_wconf 91' lang='lat' dir='ltr'><strong>inquit</strong></span> <span class='ocrx_word' id='word_1_43' title='bbox 432 643 582 694; x_wconf 90' lang='lat' dir='ltr'><strong>illam</strong></span> <span class='ocrx_word' id='word_1_44' title='bbox 655 643 912 707; x_wconf 89' lang='lat' dir='ltr'><strong>(domum</strong></span> <span class='ocrx_word' id='word_1_45' title='bbox 982 641 1385 710; x_wconf 86' lang='lat' dir='ltr'><strong>episcopalem)</strong></span> <span class='ocrx_word' id='word_1_46' title='bbox 1443 641 1764 704; x_wconf 83' lang='lat' dir='ltr'><strong>destruere,</strong></span> 
     </span>
    </p>
   </div>
   <div class='ocr_carea' id='block_1_9' title="bbox 179 731 1763 784">
    <p class='ocr_par' dir='ltr' id='par_1_9' title="bbox 179 731 1763 784">
     <span class='ocr_line' id='line_1_9' title="bbox 179 731 1763 784; baseline 0.002 -3"><span class='ocrx_word' id='word_1_47' title='bbox 179 745 270 782; x_wconf 87' lang='lat' dir='ltr'><strong>me</strong></span> <span class='ocrx_word' id='word_1_48' title='bbox 308 745 412 782; x_wconf 90' lang='lat' dir='ltr'><strong>non</strong></span> <span class='ocrx_word' id='word_1_49' title='bbox 462 731 674 784; x_wconf 79' lang='lat' dir='ltr'><strong>valente</strong></span> <span class='ocrx_word' id='word_1_50' title='bbox 715 733 915 784; x_wconf 84' lang='lat' dir='ltr'><strong>scilicet</strong></span> <span class='ocrx_word' id='word_1_51' title='bbox 951 732 1161 784; x_wconf 91' lang='lat' dir='ltr'><strong>illorum</strong></span> <span class='ocrx_word' id='word_1_52' title='bbox 1197 733 1357 784; x_wconf 77' lang='lat' dir='ltr'><strong>alicui</strong></span> <span class='ocrx_word' id='word_1_53' title='bbox 1399 731 1763 784; x_wconf 57' lang='lat' dir='ltr'><strong>resistere...&quot;</strong></span> 
     </span>
    </p>
   </div>
   <div class='ocr_carea' id='block_1_10' title="bbox 175 821 1763 893">
    <p class='ocr_par' dir='ltr' id='par_1_10' title="bbox 175 821 1763 893">
     <span class='ocr_line' id='line_1_10' title="bbox 175 821 1763 893; baseline 0.003 -22"><span class='ocrx_word' id='word_1_54' title='bbox 175 821 450 889; x_wconf 80' lang='lat' dir='ltr'><strong>imperiali</strong></span> <span class='ocrx_word' id='word_1_55' title='bbox 502 839 626 877; x_wconf 87' lang='lat' dir='ltr'><strong>cum</strong></span> <span class='ocrx_word' id='word_1_56' title='bbox 673 834 878 877; x_wconf 90' lang='lat' dir='ltr'><strong>constet</strong></span> <span class='ocrx_word' id='word_1_57' title='bbox 931 840 1025 879; x_wconf 82' lang='lat' dir='ltr'><strong>eos</strong></span> <span class='ocrx_word' id='word_1_58' title='bbox 1067 829 1134 878; x_wconf 90' lang='lat' dir='ltr'><strong>de</strong></span> <span class='ocrx_word' id='word_1_59' title='bbox 1180 826 1424 878; x_wconf 80' lang='lat' dir='ltr'><strong>exercitu</strong></span> <span class='ocrx_word' id='word_1_60' title='bbox 1465 825 1763 893; x_wconf 68' lang='lat' dir='ltr'><strong>praesertim</strong></span> 
     </span>
    </p>
   </div>
   <div class='ocr_carea' id='block_1_11' title="bbox 179 917 1762 986">
    <p class='ocr_par' dir='ltr' id='par_1_11' title="bbox 179 917 1762 986">
     <span class='ocr_line' id='line_1_11' title="bbox 179 917 1762 986; baseline 0.003 -20"><span class='ocrx_word' id='word_1_61' title='bbox 179 917 400 978; x_wconf 87' lang='lat' dir='ltr'><strong>redire,</strong></span> <span class='ocrx_word' id='word_1_62' title='bbox 462 917 548 969; x_wconf 89' lang='lat' dir='ltr'><strong>vel</strong></span> <span class='ocrx_word' id='word_1_63' title='bbox 603 918 669 970; x_wconf 90' lang='lat' dir='ltr'><strong>ad</strong></span> <span class='ocrx_word' id='word_1_64' title='bbox 718 918 865 970; x_wconf 92' lang='lat' dir='ltr'><strong>illum</strong></span> <span class='ocrx_word' id='word_1_65' title='bbox 915 919 1118 972; x_wconf 88' lang='lat' dir='ltr'><strong>venire.</strong></span> <span class='ocrx_word' id='word_1_66' title='bbox 1164 938 1182 970; x_wconf 74' lang='grc' dir='ltr'><strong><em>ι</em></strong></span> <span class='ocrx_word' id='word_1_67' title='bbox 1235 918 1303 972; x_wconf 84' lang='lat' dir='ltr'><strong>Et</strong></span> <span class='ocrx_word' id='word_1_68' title='bbox 1349 927 1468 986; x_wconf 86' lang='lat' dir='ltr'><strong>post</strong></span> <span class='ocrx_word' id='word_1_69' title='bbox 1526 933 1692 986; x_wconf 79' lang='lat' dir='ltr'><strong>pauca</strong></span> <span class='ocrx_word' id='word_1_70' title='bbox 1747 937 1762 970; x_wconf 84' lang='lat'><strong>:</strong></span> 
     </span>
    </p>
   </div>
   <div class='ocr_carea' id='block_1_12' title="bbox 180 1007 1764 1078">
    <p class='ocr_par' dir='ltr' id='par_1_12' title="bbox 180 1007 1764 1078">
     <span class='ocr_line' id='line_1_12' title="bbox 180 1007 1764 1078; baseline 0.001 -18"><span class='ocrx_word' id='word_1_71' title='bbox 180 1027 200 1052; x_wconf 76' lang='grc' dir='ltr'><strong><em>ο</em></strong></span> <span class='ocrx_word' id='word_1_72' title='bbox 247 1007 303 1060; x_wconf 90' lang='lat' dir='ltr'><strong>ln</strong></span> <span class='ocrx_word' id='word_1_73' title='bbox 351 1019 561 1062; x_wconf 84' lang='lat' dir='ltr'><strong>tantum</strong></span> <span class='ocrx_word' id='word_1_74' title='bbox 610 1010 772 1072; x_wconf 95' lang='lat' dir='ltr'><strong>illam,</strong></span> <span class='ocrx_word' id='word_1_75' title='bbox 829 1011 1160 1078; x_wconf 88' lang='lat' dir='ltr'><strong>lrospitantes</strong></span> <span class='ocrx_word' id='word_1_76' title='bbox 1212 1010 1264 1064; x_wconf 94' lang='lat' dir='ltr'><strong>in</strong></span> <span class='ocrx_word' id='word_1_77' title='bbox 1314 1025 1418 1069; x_wconf 87' lang='lat' dir='ltr'><strong>ea.</strong></span> <span class='ocrx_word' id='word_1_78' title='bbox 1481 1011 1764 1064; x_wconf 82' lang='lat' dir='ltr'><strong>destruunt</strong></span> 
     </span>
    </p>
   </div>
   <div class='ocr_carea' id='block_1_13' title="bbox 176 1096 1758 1168">
    <p class='ocr_par' dir='ltr' id='par_1_13' title="bbox 176 1096 1758 1168">
     <span class='ocr_line' id='line_1_13' title="bbox 176 1096 1758 1168; baseline -0.001 -19"><span class='ocrx_word' id='word_1_79' title='bbox 176 1099 540 1162; x_wconf 85' lang='lat' dir='ltr'><strong>potestative,</strong></span> <span class='ocrx_word' id='word_1_80' title='bbox 596 1109 655 1151; x_wconf 91' lang='lat' dir='ltr'><strong>ut</strong></span> <span class='ocrx_word' id='word_1_81' title='bbox 703 1100 746 1153; x_wconf 89' lang='lat' dir='ltr'><strong>si</strong></span> <span class='ocrx_word' id='word_1_82' title='bbox 797 1099 1030 1168; x_wconf 85' lang='lat' dir='ltr'><strong>aliquis.</strong></span> <span class='ocrx_word' id='word_1_83' title='bbox 1083 1097 1235 1166; x_wconf 91' lang='lat' dir='ltr'><strong>cujus</strong></span> <span class='ocrx_word' id='word_1_84' title='bbox 1293 1098 1500 1152; x_wconf 75' lang='lat' dir='ltr'><strong>scilicet</strong></span> <span class='ocrx_word' id='word_1_85' title='bbox 1562 1096 1758 1159; x_wconf 88' lang='lat' dir='ltr'><strong>refert,</strong></span> 
     </span>
    </p>
   </div>
   <div class='ocr_carea' id='block_1_14' title="bbox 177 1185 1761 1247">
    <p class='ocr_par' dir='ltr' id='par_1_14' title="bbox 177 1185 1761 1247">
     <span class='ocr_line' id='line_1_14' title="bbox 177 1185 1761 1247; baseline 0 -11"><span class='ocrx_word' id='word_1_86' title='bbox 177 1186 307 1240; x_wconf 86' lang='lat' dir='ltr'><strong>illuc</strong></span> <span class='ocrx_word' id='word_1_87' title='bbox 342 1187 750 1240; x_wconf 88' lang='lat' dir='ltr'><strong>consideratunr</strong></span> <span class='ocrx_word' id='word_1_88' title='bbox 798 1190 978 1242; x_wconf 87' lang='lat' dir='ltr'><strong>veniat</strong></span> <span class='ocrx_word' id='word_1_89' title='bbox 1023 1186 1383 1247; x_wconf 88' lang='lat' dir='ltr'><strong>famulorum,</strong></span> <span class='ocrx_word' id='word_1_90' title='bbox 1426 1185 1607 1238; x_wconf 80' lang='lat' dir='ltr'><strong>statim</strong></span> <span class='ocrx_word' id='word_1_91' title='bbox 1637 1199 1761 1236; x_wconf 85' lang='lat' dir='ltr'><strong>eum</strong></span> 
     </span>
    </p>
   </div>
   <div class='ocr_carea' id='block_1_15' title="bbox 165 1273 1760 1346">
    <p class='ocr_par' dir='ltr' id='par_1_15' title="bbox 165 1273 1760 1346">
     <span class='ocr_line' id='line_1_15' title="bbox 165 1273 1760 1346; baseline -0.001 -19"><span class='ocrx_word' id='word_1_92' title='bbox 165 1275 682 1343; x_wconf 77' lang='lat' dir='ltr'><strong>comprehendant,</strong></span> <span class='ocrx_word' id='word_1_93' title='bbox 746 1285 799 1329; x_wconf 90' lang='lat' dir='ltr'><strong>et</strong></span> <span class='ocrx_word' id='word_1_94' title='bbox 849 1277 1166 1346; x_wconf 87' lang='lat' dir='ltr'><strong>gravissime</strong></span> <span class='ocrx_word' id='word_1_95' title='bbox 1215 1275 1540 1345; x_wconf 82' lang='lat' dir='ltr'><strong>llagellatum</strong></span> <span class='ocrx_word' id='word_1_96' title='bbox 1572 1314 1587 1336; x_wconf 97' lang='lat'><strong>,</strong></span> <span class='ocrx_word' id='word_1_97' title='bbox 1631 1273 1760 1326; x_wconf 90' lang='lat' dir='ltr'><strong>loris</strong></span> 
     </span>
    </p>
   </div>
   <div class='ocr_carea' id='block_1_16' title="bbox 169 1367 1761 1438">
    <p class='ocr_par' dir='ltr' id='par_1_16' title="bbox 169 1367 1761 1438">
     <span class='ocr_line' id='line_1_16' title="bbox 169 1367 1761 1438; baseline 0.001 -21"><span class='ocrx_word' id='word_1_98' title='bbox 169 1369 570 1438; x_wconf 84' lang='lat' dir='ltr'><strong>constringant.</strong></span> <span class='ocrx_word' id='word_1_99' title='bbox 608 1388 627 1419; x_wconf 72' lang='grc' dir='ltr'><strong>ι</strong></span> <span class='ocrx_word' id='word_1_100' title='bbox 673 1368 780 1422; x_wconf 86' lang='lat' dir='ltr'><strong>llos</strong></span> <span class='ocrx_word' id='word_1_101' title='bbox 815 1369 1054 1438; x_wconf 79' lang='lat' dir='ltr'><strong>hospites</strong></span> <span class='ocrx_word' id='word_1_102' title='bbox 1105 1369 1268 1421; x_wconf 84' lang='lat' dir='ltr'><strong>fuisse</strong></span> <span class='ocrx_word' id='word_1_103' title='bbox 1316 1368 1612 1436; x_wconf 70' lang='lat' dir='ltr'><strong>praesertim</strong></span> <span class='ocrx_word' id='word_1_104' title='bbox 1664 1367 1761 1419; x_wconf 86' lang='lat' dir='ltr'><strong>Ba-</strong></span> 
     </span>
    </p>
   </div>
   <div class='ocr_carea' id='block_1_17' title="bbox 168 1455 1755 1526">
    <p class='ocr_par' dir='ltr' id='par_1_17' title="bbox 168 1455 1755 1526">
     <span class='ocr_line' id='line_1_17' title="bbox 168 1455 1755 1526; baseline 0.004 -23"><span class='ocrx_word' id='word_1_105' title='bbox 168 1455 380 1522; x_wconf 76' lang='lat' dir='ltr'><strong>juarios</strong></span> <span class='ocrx_word' id='word_1_106' title='bbox 433 1473 502 1512; x_wconf 70' lang='lat' dir='ltr'><strong>ex</strong></span> <span class='ocrx_word' id='word_1_107' title='bbox 564 1459 788 1526; x_wconf 85' lang='lat' dir='ltr'><strong>cpistola</strong></span> <span class='ocrx_word' id='word_1_108' title='bbox 843 1460 907 1512; x_wconf 57' lang='lat' dir='ltr'><strong>li</strong></span> <span class='ocrx_word' id='word_1_109' title='bbox 959 1460 1025 1512; x_wconf 89' lang='lat' dir='ltr'><strong>ad</strong></span> <span class='ocrx_word' id='word_1_110' title='bbox 1078 1459 1421 1513; x_wconf 78' lang='lat' dir='ltr'><strong>Ambrosium</strong></span> <span class='ocrx_word' id='word_1_111' title='bbox 1474 1458 1755 1520; x_wconf 82' lang='lat' dir='ltr'><strong>discimus,</strong></span> 
     </span>
    </p>
   </div>
   <div class='ocr_carea' id='block_1_18' title="bbox 174 1546 1751 1616">
    <p class='ocr_par' dir='ltr' id='par_1_18' title="bbox 174 1546 1751 1616">
     <span class='ocr_line' id='line_1_18' title="bbox 174 1546 1751 1616; baseline -0.001 -17"><span class='ocrx_word' id='word_1_112' title='bbox 174 1546 262 1600; x_wconf 81' lang='lat' dir='ltr'><strong>ubi</strong></span> <span class='ocrx_word' id='word_1_113' title='bbox 329 1548 500 1601; x_wconf 81' lang='lat' dir='ltr'><strong>etiam</strong></span> <span class='ocrx_word' id='word_1_114' title='bbox 568 1549 886 1616; x_wconf 74' lang='lat' dir='ltr'><strong>explicans,</strong></span> <span class='ocrx_word' id='word_1_115' title='bbox 939 1549 1158 1616; x_wconf 92' lang='lat' dir='ltr'><strong>quinam</strong></span> <span class='ocrx_word' id='word_1_116' title='bbox 1229 1548 1429 1602; x_wconf 87' lang='lat' dir='ltr'><strong>fuerint</strong></span> <span class='ocrx_word' id='word_1_117' title='bbox 1470 1566 1488 1599; x_wconf 72' lang='grc' dir='ltr'><strong><em>ι</em></strong></span> <span class='ocrx_word' id='word_1_118' title='bbox 1535 1549 1694 1601; x_wconf 92' lang='lat' dir='ltr'><strong>vicini</strong></span> <span class='ocrx_word' id='word_1_119' title='bbox 1734 1568 1751 1598; x_wconf 80' lang='grc'>›</span> 
     </span>
    </p>
   </div>
   <div class='ocr_carea' id='block_1_19' title="bbox 1873 365 3439 436">
    <p class='ocr_par' dir='ltr' id='par_1_19' title="bbox 1873 365 3439 436">
     <span class='ocr_line' id='line_1_19' title="bbox 1873 365 3439 436; baseline 0.007 -21"><span class='ocrx_word' id='word_1_120' title='bbox 1873 365 2244 432; x_wconf 88' lang='lat' dir='ltr'><strong>apperrdicula.</strong></span> <span class='ocrx_word' id='word_1_121' title='bbox 2299 382 2458 434; x_wconf 91' lang='lat' dir='ltr'><strong>quam</strong></span> <span class='ocrx_word' id='word_1_122' title='bbox 2528 367 2624 436; x_wconf 86' lang='lat' dir='ltr'><strong>ipsi</strong></span> <span class='ocrx_word' id='word_1_123' title='bbox 2681 377 2865 436; x_wconf 84' lang='lat' dir='ltr'><strong>pOsIea</strong></span> <span class='ocrx_word' id='word_1_124' title='bbox 2923 369 3159 434; x_wconf 85' lang='lat' dir='ltr'><strong>addidit,</strong></span> <span class='ocrx_word' id='word_1_125' title='bbox 3209 373 3335 426; x_wconf 90' lang='lat' dir='ltr'><strong>dum</strong></span> <span class='ocrx_word' id='word_1_126' title='bbox 3382 391 3439 428; x_wconf 87' lang='lat' dir='ltr'><strong>se</strong></span> 
     </span>
    </p>
   </div>
   <div class='ocr_carea' id='block_1_20' title="bbox 1869 458 3440 528">
    <p class='ocr_par' dir='ltr' id='par_1_20' title="bbox 1869 458 3440 528">
     <span class='ocr_line' id='line_1_20' title="bbox 1869 458 3440 528; baseline 0.006 -19"><span class='ocrx_word' id='word_1_127' title='bbox 1869 470 2086 524; x_wconf 86' lang='lat' dir='ltr'><strong>sperare</strong></span> <span class='ocrx_word' id='word_1_128' title='bbox 2112 459 2185 509; x_wconf 90' lang='lat' dir='ltr'><strong>ait</strong></span> <span class='ocrx_word' id='word_1_129' title='bbox 2212 477 2228 507; x_wconf 85' lang='grc'><strong><em>‹</em></strong></span> <span class='ocrx_word' id='word_1_130' title='bbox 2255 458 2648 528; x_wconf 87' lang='lat' dir='ltr'><strong>elongationem</strong></span> <span class='ocrx_word' id='word_1_131' title='bbox 2677 461 3016 528; x_wconf 83' lang='lat' dir='ltr'><strong>promissam,</strong></span> <span class='ocrx_word' id='word_1_132' title='bbox 3040 483 3057 511; x_wconf 71' lang='grc' dir='ltr'><em>ι</em></span> <span class='ocrx_word' id='word_1_133' title='bbox 3093 463 3204 517; x_wconf 76' lang='lat' dir='ltr'><strong>haec</strong></span> <span class='ocrx_word' id='word_1_134' title='bbox 3241 483 3256 512; x_wconf 75' lang='grc' dir='ltr'>ι</span> <span class='ocrx_word' id='word_1_135' title='bbox 3287 465 3440 518; x_wconf 89' lang='lat' dir='ltr'><strong>elon-</strong></span> 
     </span>
    </p>
   </div>
   <div class='ocr_carea' id='block_1_21' title="bbox 1871 548 3441 620">
    <p class='ocr_par' dir='ltr' id='par_1_21' title="bbox 1871 548 3441 620">
     <span class='ocr_line' id='line_1_21' title="bbox 1871 548 3441 620; baseline 0.006 -21"><span class='ocrx_word' id='word_1_136' title='bbox 1871 548 2011 613; x_wconf 77' lang='lat' dir='ltr'><strong>gatio</strong></span> <span class='ocrx_word' id='word_1_137' title='bbox 2054 568 2068 596; x_wconf 77' lang='grc' dir='ltr'>ι</span> <span class='ocrx_word' id='word_1_138' title='bbox 2125 548 2209 600; x_wconf 89' lang='lat' dir='ltr'><strong>illa</strong></span> <span class='ocrx_word' id='word_1_139' title='bbox 2269 564 2388 602; x_wconf 86' lang='lat' dir='ltr'><strong>esse</strong></span> <span class='ocrx_word' id='word_1_140' title='bbox 2442 551 2675 614; x_wconf 85' lang='lat' dir='ltr'><strong>videtur,</strong></span> <span class='ocrx_word' id='word_1_141' title='bbox 2727 552 2791 604; x_wconf 88' lang='lat' dir='ltr'><strong>de</strong></span> <span class='ocrx_word' id='word_1_142' title='bbox 2841 569 2943 620; x_wconf 83' lang='lat' dir='ltr'><strong>qua</strong></span> <span class='ocrx_word' id='word_1_143' title='bbox 2993 553 3044 604; x_wconf 87' lang='lat' dir='ltr'><strong>itr</strong></span> <span class='ocrx_word' id='word_1_144' title='bbox 3097 555 3319 618; x_wconf 87' lang='lat' dir='ltr'><strong>epistola</strong></span> <span class='ocrx_word' id='word_1_145' title='bbox 3375 556 3441 609; x_wconf 78' lang='lat' dir='ltr'><strong>l3</strong></span> 
     </span>
    </p>
   </div>
   <div class='ocr_carea' id='block_1_22' title="bbox 1871 639 3438 717">
    <p class='ocr_par' dir='ltr' id='par_1_22' title="bbox 1871 639 3438 717">
     <span class='ocr_line' id='line_1_22' title="bbox 1871 639 3438 717; baseline 0.008 -27"><span class='ocrx_word' id='word_1_146' title='bbox 1871 640 1936 690; x_wconf 91' lang='lat' dir='ltr'><strong>ad</strong></span> <span class='ocrx_word' id='word_1_147' title='bbox 1989 639 2295 692; x_wconf 79' lang='lat' dir='ltr'><strong>Adelaideur</strong></span> <span class='ocrx_word' id='word_1_148' title='bbox 2355 641 2752 708; x_wconf 88' lang='lat' dir='ltr'><strong>imperatricerrr</strong></span> <span class='ocrx_word' id='word_1_149' title='bbox 2813 653 2932 697; x_wconf 85' lang='lat' dir='ltr'><strong>art:</strong></span> <span class='ocrx_word' id='word_1_150' title='bbox 2977 663 2993 694; x_wconf 74' lang='grc' dir='ltr'>ι</span> <span class='ocrx_word' id='word_1_151' title='bbox 3032 645 3283 717; x_wconf 77' lang='lat' dir='ltr'><strong>Elougari</strong></span> <span class='ocrx_word' id='word_1_152' title='bbox 3339 665 3438 716; x_wconf 85' lang='lat' dir='ltr'><strong>po-</strong></span> 
     </span>
    </p>
   </div>
   <div class='ocr_carea' id='block_1_23' title="bbox 1871 730 3441 793">
    <p class='ocr_par' dir='ltr' id='par_1_23' title="bbox 1871 730 3441 793">
     <span class='ocr_line' id='line_1_23' title="bbox 1871 730 3441 793; baseline 0.007 -11"><span class='ocrx_word' id='word_1_153' title='bbox 1871 730 1977 783; x_wconf 89' lang='lat' dir='ltr'><strong>tirrs</strong></span> <span class='ocrx_word' id='word_1_154' title='bbox 2023 730 2344 793; x_wconf 90' lang='lat' dir='ltr'><strong>salubriter,</strong></span> <span class='ocrx_word' id='word_1_155' title='bbox 2380 742 2435 785; x_wconf 90' lang='lat' dir='ltr'><strong>et</strong></span> <span class='ocrx_word' id='word_1_156' title='bbox 2474 734 2714 786; x_wconf 80' lang='lat' dir='ltr'><strong>habitare</strong></span> <span class='ocrx_word' id='word_1_157' title='bbox 2751 735 2800 787; x_wconf 93' lang='lat' dir='ltr'><strong>in</strong></span> <span class='ocrx_word' id='word_1_158' title='bbox 2835 738 3148 790; x_wconf 84' lang='lat' dir='ltr'><strong>monasterii</strong></span> <span class='ocrx_word' id='word_1_159' title='bbox 3195 740 3298 791; x_wconf 91' lang='lat' dir='ltr'><strong>mei</strong></span> <span class='ocrx_word' id='word_1_160' title='bbox 3347 741 3441 793; x_wconf 88' lang='lat' dir='ltr'><strong>de-</strong></span> 
     </span>
    </p>
   </div>
   <div class='ocr_carea' id='block_1_24' title="bbox 1868 819 3436 896">
    <p class='ocr_par' dir='ltr' id='par_1_24' title="bbox 1868 819 3436 896">
     <span class='ocr_line' id='line_1_24' title="bbox 1868 819 3436 896; baseline 0.007 -25"><span class='ocrx_word' id='word_1_161' title='bbox 1868 819 2046 872; x_wconf 88' lang='lat' dir='ltr'><strong>sidero</strong></span> <span class='ocrx_word' id='word_1_162' title='bbox 2089 819 2393 872; x_wconf 81' lang='lat' dir='ltr'><strong>solitudine.</strong></span> <span class='ocrx_word' id='word_1_163' title='bbox 2437 841 2454 871; x_wconf 74' lang='grc' dir='ltr'>ι</span> <span class='ocrx_word' id='word_1_164' title='bbox 2489 823 2620 874; x_wconf 80' lang='lat' dir='ltr'><strong>Cum</strong></span> <span class='ocrx_word' id='word_1_165' title='bbox 2665 823 2871 877; x_wconf 88' lang='lat' dir='ltr'><strong>scilicet</strong></span> <span class='ocrx_word' id='word_1_166' title='bbox 2915 834 2990 877; x_wconf 93' lang='lat' dir='ltr'><strong>tot</strong></span> <span class='ocrx_word' id='word_1_167' title='bbox 3035 828 3303 896; x_wconf 85' lang='lat' dir='ltr'><strong>tantisque</strong></span> <span class='ocrx_word' id='word_1_168' title='bbox 3340 827 3436 882; x_wconf 76' lang='lat' dir='ltr'><strong>Ve-</strong></span> 
     </span>
    </p>
   </div>
   <div class='ocr_carea' id='block_1_25' title="bbox 1868 909 3433 988">
    <p class='ocr_par' dir='ltr' id='par_1_25' title="bbox 1868 909 3433 988">
     <span class='ocr_line' id='line_1_25' title="bbox 1868 909 3433 988; baseline 0.007 -28"><span class='ocrx_word' id='word_1_169' title='bbox 1868 909 2177 962; x_wconf 85' lang='lat' dir='ltr'><strong>ronensium</strong></span> <span class='ocrx_word' id='word_1_170' title='bbox 2229 911 2717 966; x_wconf 81' lang='lat' dir='ltr'><strong>machinationibus</strong></span> <span class='ocrx_word' id='word_1_171' title='bbox 2752 925 2993 977; x_wconf 79' lang='lat' dir='ltr'><strong>vexatus,</strong></span> <span class='ocrx_word' id='word_1_172' title='bbox 3028 917 3078 969; x_wconf 91' lang='lat' dir='ltr'><strong>in</strong></span> <span class='ocrx_word' id='word_1_173' title='bbox 3123 918 3433 988; x_wconf 82' lang='lat' dir='ltr'><strong>episcopatu</strong></span> 
     </span>
    </p>
   </div>
   <div class='ocr_carea' id='block_1_26' title="bbox 1865 1004 3431 1070">
    <p class='ocr_par' dir='ltr' id='par_1_26' title="bbox 1865 1004 3431 1070">
     <span class='ocr_line' id='line_1_26' title="bbox 1865 1004 3431 1070; baseline 0.006 -19"><span class='ocrx_word' id='word_1_174' title='bbox 1865 1015 2052 1068; x_wconf 87' lang='lat' dir='ltr'><strong>pacem</strong></span> <span class='ocrx_word' id='word_1_175' title='bbox 2099 1016 2316 1068; x_wconf 85' lang='lat' dir='ltr'><strong>sperare</strong></span> <span class='ocrx_word' id='word_1_176' title='bbox 2356 1017 2459 1054; x_wconf 93' lang='lat' dir='ltr'><strong>non</strong></span> <span class='ocrx_word' id='word_1_177' title='bbox 2523 1013 2722 1070; x_wconf 88' lang='lat' dir='ltr'><strong>posset,</strong></span> <span class='ocrx_word' id='word_1_178' title='bbox 2769 1004 2833 1058; x_wconf 89' lang='lat' dir='ltr'><strong>de</strong></span> <span class='ocrx_word' id='word_1_179' title='bbox 2877 1021 2941 1058; x_wconf 92' lang='lat' dir='ltr'><strong>eo</strong></span> <span class='ocrx_word' id='word_1_180' title='bbox 2987 1007 3200 1061; x_wconf 83' lang='lat' dir='ltr'><strong>tandem</strong></span> <span class='ocrx_word' id='word_1_181' title='bbox 3248 1008 3431 1061; x_wconf 87' lang='lat' dir='ltr'><strong>diruit-</strong></span> 
     </span>
    </p>
   </div>
   <div class='ocr_carea' id='block_1_27' title="bbox 1865 1091 3436 1168">
    <p class='ocr_par' dir='ltr' id='par_1_27' title="bbox 1865 1091 3436 1168">
     <span class='ocr_line' id='line_1_27' title="bbox 1865 1091 3436 1168; baseline 0.006 -25"><span class='ocrx_word' id='word_1_182' title='bbox 1865 1091 2023 1143; x_wconf 81' lang='lat' dir='ltr'><strong>tendo</strong></span> <span class='ocrx_word' id='word_1_183' title='bbox 2080 1091 2317 1161; x_wconf 78' lang='lat' dir='ltr'><strong>(‘ogilat&#39;e</strong></span> <span class='ocrx_word' id='word_1_184' title='bbox 2365 1094 2763 1162; x_wconf 68' lang='lat' dir='ltr'><strong>cuqtilzqtttrrrr</strong></span> <span class='ocrx_word' id='word_1_185' title='bbox 2822 1105 2996 1149; x_wconf 72' lang='lat' dir='ltr'><strong>tamen</strong></span> <span class='ocrx_word' id='word_1_186' title='bbox 3062 1113 3182 1151; x_wconf 88' lang='lat' dir='ltr'><strong>cum</strong></span> <span class='ocrx_word' id='word_1_187' title='bbox 3245 1110 3436 1168; x_wconf 81' lang='lat' dir='ltr'><strong>sponte</strong></span> 
     </span>
    </p>
   </div>
   <div class='ocr_carea' id='block_1_28' title="bbox 1865 1181 3432 1255">
    <p class='ocr_par' dir='ltr' id='par_1_28' title="bbox 1865 1181 3432 1255">
     <span class='ocr_line' id='line_1_28' title="bbox 1865 1181 3432 1255; baseline 0.008 -24"><span class='ocrx_word' id='word_1_188' title='bbox 1865 1181 2136 1234; x_wconf 88' lang='lat' dir='ltr'><strong>dimittere</strong></span> <span class='ocrx_word' id='word_1_189' title='bbox 2188 1181 2330 1252; x_wconf 63' lang='grc' dir='ltr'><strong>[νεα.</strong></span> <span class='ocrx_word' id='word_1_190' title='bbox 2386 1201 2547 1250; x_wconf 73' lang='lat' dir='ltr'><strong>supra</strong></span> <span class='ocrx_word' id='word_1_191' title='bbox 2599 1201 2650 1236; x_wconf 82' lang='grc' dir='ltr'><strong>η.</strong></span> <span class='ocrx_word' id='word_1_192' title='bbox 2707 1184 2819 1255; x_wconf 78' lang='lat'><strong>66.]</strong></span> <span class='ocrx_word' id='word_1_193' title='bbox 2871 1186 3114 1240; x_wconf 89' lang='lat' dir='ltr'><strong>illicitum</strong></span> <span class='ocrx_word' id='word_1_194' title='bbox 3167 1189 3432 1250; x_wconf 85' lang='lat' dir='ltr'><strong>crederet.</strong></span> 
     </span>
    </p>
   </div>
   <div class='ocr_carea' id='block_1_29' title="bbox 1865 1271 3436 1344">
    <p class='ocr_par' dir='ltr' id='par_1_29' title="bbox 1865 1271 3436 1344">
     <span class='ocr_line' id='line_1_29' title="bbox 1865 1271 3436 1344; baseline 0.007 -22"><span class='ocrx_word' id='word_1_195' title='bbox 1865 1271 2142 1339; x_wconf 88' lang='lat' dir='ltr'><strong>irrrperiale</strong></span> <span class='ocrx_word' id='word_1_196' title='bbox 2187 1283 2536 1342; x_wconf 75' lang='lat' dir='ltr'><strong>przeccptum,</strong></span> <span class='ocrx_word' id='word_1_197' title='bbox 2592 1290 2698 1341; x_wconf 92' lang='lat' dir='ltr'><strong>quo</strong></span> <span class='ocrx_word' id='word_1_198' title='bbox 2751 1274 2952 1328; x_wconf 68' lang='lat' dir='ltr'><strong>Verona</strong></span> <span class='ocrx_word' id='word_1_199' title='bbox 3011 1286 3296 1344; x_wconf 72' lang='lat' dir='ltr'><strong>cogeretur</strong></span> <span class='ocrx_word' id='word_1_200' title='bbox 3344 1279 3436 1333; x_wconf 85' lang='lat' dir='ltr'><strong>de-</strong></span> 
     </span>
    </p>
   </div>
   <div class='ocr_carea' id='block_1_30' title="bbox 1859 1363 3434 1440">
    <p class='ocr_par' dir='ltr' id='par_1_30' title="bbox 1859 1363 3434 1440">
     <span class='ocr_line' id='line_1_30' title="bbox 1859 1363 3434 1440; baseline 0.004 -26"><span class='ocrx_word' id='word_1_201' title='bbox 1859 1364 2079 1421; x_wconf 82' lang='lat' dir='ltr'><strong>cedere.</strong></span> <span class='ocrx_word' id='word_1_202' title='bbox 2125 1373 2177 1414; x_wconf 90' lang='lat' dir='ltr'><strong>et</strong></span> <span class='ocrx_word' id='word_1_203' title='bbox 2209 1363 2275 1415; x_wconf 91' lang='lat' dir='ltr'><strong>ad</strong></span> <span class='ocrx_word' id='word_1_204' title='bbox 2328 1365 2714 1416; x_wconf 83' lang='lat' dir='ltr'><strong>monasterium</strong></span> <span class='ocrx_word' id='word_1_205' title='bbox 2774 1376 2952 1434; x_wconf 89' lang='lat' dir='ltr'><strong>posset</strong></span> <span class='ocrx_word' id='word_1_206' title='bbox 3009 1369 3183 1420; x_wconf 87' lang='lat' dir='ltr'><strong>redire</strong></span> <span class='ocrx_word' id='word_1_207' title='bbox 3223 1366 3434 1440; x_wconf 70' lang='lat' dir='ltr'><strong>[cum]</strong></span> 
     </span>
    </p>
   </div>
   <div class='ocr_carea' id='block_1_31' title="bbox 1860 1450 3433 1524">
    <p class='ocr_par' dir='ltr' id='par_1_31' title="bbox 1860 1450 3433 1524">
     <span class='ocr_line' id='line_1_31' title="bbox 1860 1450 3433 1524; baseline 0.007 -23"><span class='ocrx_word' id='word_1_208' title='bbox 1860 1450 2240 1515; x_wconf 72' lang='lat' dir='ltr'><strong>desiderasse,</strong></span> <span class='ocrx_word' id='word_1_209' title='bbox 2297 1465 2351 1506; x_wconf 87' lang='lat' dir='ltr'><strong>et</strong></span> <span class='ocrx_word' id='word_1_210' title='bbox 2401 1454 2557 1520; x_wconf 88' lang='lat' dir='ltr'><strong>hujus</strong></span> <span class='ocrx_word' id='word_1_211' title='bbox 2604 1456 2819 1523; x_wconf 79' lang='lat' dir='ltr'><strong>quidem</strong></span> <span class='ocrx_word' id='word_1_212' title='bbox 2876 1459 3124 1524; x_wconf 52' lang='lat' dir='ltr'><strong>praecepti</strong></span> <span class='ocrx_word' id='word_1_213' title='bbox 3176 1459 3433 1512; x_wconf 87' lang='lat' dir='ltr'><strong>irrdicirrrn</strong></span> 
     </span>
    </p>
   </div>
   <div class='ocr_carea' id='block_1_32' title="bbox 1861 1547 3434 1616">
    <p class='ocr_par' dir='ltr' id='par_1_32' title="bbox 1861 1547 3434 1616">
     <span class='ocr_line' id='line_1_32' title="bbox 1861 1547 3434 1616; baseline 0.004 -18"><span class='ocrx_word' id='word_1_214' title='bbox 1861 1548 2137 1613; x_wconf 81' lang='lat' dir='ltr'><strong>accepisse</strong></span> <span class='ocrx_word' id='word_1_215' title='bbox 2194 1547 2426 1610; x_wconf 87' lang='lat' dir='ltr'><strong>videtur,</strong></span> <span class='ocrx_word' id='word_1_216' title='bbox 2456 1549 2580 1600; x_wconf 91' lang='lat' dir='ltr'><strong>dum</strong></span> <span class='ocrx_word' id='word_1_217' title='bbox 2617 1549 2668 1600; x_wconf 93' lang='lat' dir='ltr'><strong>in</strong></span> <span class='ocrx_word' id='word_1_218' title='bbox 2717 1549 2816 1602; x_wconf 91' lang='lat' dir='ltr'><strong>hac</strong></span> <span class='ocrx_word' id='word_1_219' title='bbox 2851 1550 3200 1616; x_wconf 77' lang='lat' dir='ltr'><strong>appendicula</strong></span> <span class='ocrx_word' id='word_1_220' title='bbox 3238 1572 3253 1601; x_wconf 77' lang='grc' dir='ltr'>ι</span> <span class='ocrx_word' id='word_1_221' title='bbox 3285 1551 3434 1605; x_wconf 90' lang='lat' dir='ltr'><strong>clon-</strong></span> 
     </span>
    </p>
   </div>
   <div class='ocr_carea' id='block_1_33' title="bbox 171 1631 3012 1705">
    <p class='ocr_par' dir='ltr' id='par_1_33' title="bbox 171 1631 3012 1705">
     <span class='ocr_line' id='line_1_33' title="bbox 171 1631 3012 1705; baseline 0 -17"><span class='ocrx_word' id='word_1_222' title='bbox 171 1637 420 1690; x_wconf 85' lang='lat' dir='ltr'><strong>eamdem</strong></span> <span class='ocrx_word' id='word_1_223' title='bbox 471 1639 690 1690; x_wconf 88' lang='lat' dir='ltr'><strong>domum</strong></span> <span class='ocrx_word' id='word_1_224' title='bbox 741 1638 1109 1702; x_wconf 81' lang='lat' dir='ltr'><strong>destrucnles,</strong></span> <span class='ocrx_word' id='word_1_225' title='bbox 1165 1655 1182 1685; x_wconf 73' lang='grc' dir='ltr'><strong><em>ι</em></strong></span> <span class='ocrx_word' id='word_1_226' title='bbox 1228 1637 1459 1705; x_wconf 87' lang='lat' dir='ltr'><strong>Bajuarii</strong></span> <span class='ocrx_word' id='word_1_227' title='bbox 1495 1677 1509 1701; x_wconf 97' lang='lat'><strong>,</strong></span> <span class='ocrx_word' id='word_1_228' title='bbox 1580 1637 1757 1705; x_wconf 79' lang='lat' dir='ltr'><strong>inprit</strong></span> <span class='ocrx_word' id='word_1_229' title='bbox 1789 1631 1830 1687; x_wconf 71' lang='lat' dir='ltr'><strong>ll</strong></span> <span class='ocrx_word' id='word_1_230' title='bbox 1859 1634 2392 1704; x_wconf 69' lang='lat' dir='ltr'><strong>gatiouispromissm</strong></span> <span class='ocrx_word' id='word_1_231' title='bbox 2432 1655 2449 1686; x_wconf 76' lang='grc' dir='ltr'><strong><em>ι</em></strong></span> <span class='ocrx_word' id='word_1_232' title='bbox 2496 1638 2817 1689; x_wconf 88' lang='lat' dir='ltr'><strong>rucntiorrern</strong></span> <span class='ocrx_word' id='word_1_233' title='bbox 2866 1636 3012 1690; x_wconf 83' lang='lat' dir='ltr'><strong>fecit.</strong></span> 
     </span>
    </p>
   </div>
   <div class='ocr_carea' id='block_1_34' title="bbox 174 1726 1759 1797">
    <p class='ocr_par' dir='ltr' id='par_1_34' title="bbox 174 1726 1759 1797">
     <span class='ocr_line' id='line_1_34' title="bbox 174 1726 1759 1797; baseline 0.003 -21"><span class='ocrx_word' id='word_1_234' title='bbox 174 1742 328 1778; x_wconf 75' lang='lat' dir='ltr'><strong>nam-</strong></span> <span class='ocrx_word' id='word_1_235' title='bbox 381 1726 416 1778; x_wconf 67' lang='grc'><strong>4</strong></span> <span class='ocrx_word' id='word_1_236' title='bbox 444 1766 458 1788; x_wconf 87' lang='grc'>,</span> <span class='ocrx_word' id='word_1_237' title='bbox 533 1736 588 1780; x_wconf 88' lang='lat' dir='ltr'><strong>et</strong></span> <span class='ocrx_word' id='word_1_238' title='bbox 638 1726 794 1793; x_wconf 76' lang='lat' dir='ltr'><strong>juxta</strong></span> <span class='ocrx_word' id='word_1_239' title='bbox 845 1729 1004 1797; x_wconf 91' lang='lat' dir='ltr'><strong>positi</strong></span> <span class='ocrx_word' id='word_1_240' title='bbox 1049 1728 1254 1790; x_wconf 86' lang='lat' dir='ltr'><strong>clerici,</strong></span> <span class='ocrx_word' id='word_1_241' title='bbox 1301 1737 1355 1781; x_wconf 89' lang='lat' dir='ltr'><strong>et</strong></span> <span class='ocrx_word' id='word_1_242' title='bbox 1397 1728 1577 1781; x_wconf 82' lang='lat' dir='ltr'><strong>farnuli</strong></span> <span class='ocrx_word' id='word_1_243' title='bbox 1623 1744 1759 1796; x_wconf 73' lang='lat' dir='ltr'><strong>pra:-</strong></span> 
     </span>
    </p>
   </div>
   <div class='ocr_carea' id='block_1_35' title="bbox 171 1815 1759 1887">
    <p class='ocr_par' dir='ltr' id='par_1_35' title="bbox 171 1815 1759 1887">
     <span class='ocr_line' id='line_1_35' title="bbox 171 1815 1759 1887; baseline 0.003 -17"><span class='ocrx_word' id='word_1_244' title='bbox 171 1815 332 1884; x_wconf 85' lang='lat' dir='ltr'><strong>cipue</strong></span> <span class='ocrx_word' id='word_1_245' title='bbox 392 1817 698 1871; x_wconf 88' lang='lat' dir='ltr'><strong>destruunt.</strong></span> <span class='ocrx_word' id='word_1_246' title='bbox 739 1839 757 1869; x_wconf 75' lang='grc' dir='ltr'><strong>ο</strong></span> <span class='ocrx_word' id='word_1_247' title='bbox 809 1819 957 1874; x_wconf 79' lang='lat' dir='ltr'><strong>Ostia</strong></span> <span class='ocrx_word' id='word_1_248' title='bbox 1013 1840 1030 1869; x_wconf 73' lang='grc' dir='ltr'>ι</span> <span class='ocrx_word' id='word_1_249' title='bbox 1075 1821 1269 1887; x_wconf 89' lang='lat' dir='ltr'><strong>partim</strong></span> <span class='ocrx_word' id='word_1_250' title='bbox 1319 1819 1480 1884; x_wconf 81' lang='lat' dir='ltr'><strong>furto,</strong></span> <span class='ocrx_word' id='word_1_251' title='bbox 1519 1840 1536 1872; x_wconf 78' lang='grc' dir='ltr'><strong><em>ι</em></strong></span> <span class='ocrx_word' id='word_1_252' title='bbox 1583 1820 1634 1875; x_wconf 87' lang='lat' dir='ltr'><strong>id</strong></span> <span class='ocrx_word' id='word_1_253' title='bbox 1677 1831 1759 1874; x_wconf 87' lang='lat' dir='ltr'><strong>est</strong></span> 
     </span>
    </p>
   </div>
   <div class='ocr_carea' id='block_1_36' title="bbox 173 1907 1754 1977">
    <p class='ocr_par' dir='ltr' id='par_1_36' title="bbox 173 1907 1754 1977">
     <span class='ocr_line' id='line_1_36' title="bbox 173 1907 1754 1977; baseline 0.003 -17"><span class='ocrx_word' id='word_1_254' title='bbox 173 1907 350 1969; x_wconf 88' lang='lat' dir='ltr'><strong>clam,</strong></span> <span class='ocrx_word' id='word_1_255' title='bbox 407 1928 424 1958; x_wconf 84' lang='grc'>‹</span> <span class='ocrx_word' id='word_1_256' title='bbox 465 1910 663 1977; x_wconf 87' lang='lat' dir='ltr'><strong>partim</strong></span> <span class='ocrx_word' id='word_1_257' title='bbox 708 1911 758 1962; x_wconf 92' lang='lat' dir='ltr'><strong>vi</strong></span> <span class='ocrx_word' id='word_1_258' title='bbox 809 1911 986 1964; x_wconf 90' lang='lat' dir='ltr'><strong>ablata</strong></span> <span class='ocrx_word' id='word_1_259' title='bbox 1026 1932 1044 1962; x_wconf 71' lang='grc' dir='ltr'><strong>ι</strong></span> <span class='ocrx_word' id='word_1_260' title='bbox 1090 1910 1284 1963; x_wconf 85' lang='lat' dir='ltr'><strong>ibidem</strong></span> <span class='ocrx_word' id='word_1_261' title='bbox 1331 1921 1754 1975; x_wconf 86' lang='lat' dir='ltr'><strong>commemorat,</strong></span> 
     </span>
    </p>
   </div>
   <div class='ocr_carea' id='block_1_37' title="bbox 168 1998 1760 2067">
    <p class='ocr_par' dir='ltr' id='par_1_37' title="bbox 168 1998 1760 2067">
     <span class='ocr_line' id='line_1_37' title="bbox 168 1998 1760 2067; baseline 0.004 -20"><span class='ocrx_word' id='word_1_262' title='bbox 168 2005 226 2048; x_wconf 88' lang='lat' dir='ltr'><strong>et</strong></span> <span class='ocrx_word' id='word_1_263' title='bbox 254 1998 616 2067; x_wconf 78' lang='lat' dir='ltr'><strong>quadraginta</strong></span> <span class='ocrx_word' id='word_1_264' title='bbox 666 1998 777 2052; x_wconf 84' lang='lat' dir='ltr'><strong>fere</strong></span> <span class='ocrx_word' id='word_1_265' title='bbox 828 1999 994 2052; x_wconf 90' lang='lat' dir='ltr'><strong>libras</strong></span> <span class='ocrx_word' id='word_1_266' title='bbox 1034 1999 1086 2052; x_wconf 87' lang='lat' dir='ltr'><strong>in</strong></span> <span class='ocrx_word' id='word_1_267' title='bbox 1137 2000 1583 2052; x_wconf 77' lang='lat' dir='ltr'><strong>restaurationem</strong></span> <span class='ocrx_word' id='word_1_268' title='bbox 1615 1998 1760 2067; x_wconf 86' lang='lat' dir='ltr'><strong>ejus-</strong></span> 
     </span>
    </p>
   </div>
   <div class='ocr_carea' id='block_1_38' title="bbox 169 2086 1752 2159">
    <p class='ocr_par' dir='ltr' id='par_1_38' title="bbox 169 2086 1752 2159">
     <span class='ocr_line' id='line_1_38' title="bbox 169 2086 1752 2159; baseline 0.001 -19"><span class='ocrx_word' id='word_1_269' title='bbox 169 2086 287 2140; x_wconf 88' lang='lat' dir='ltr'><strong>dem</strong></span> <span class='ocrx_word' id='word_1_270' title='bbox 331 2089 528 2141; x_wconf 88' lang='lat' dir='ltr'><strong>donurs</strong></span> <span class='ocrx_word' id='word_1_271' title='bbox 567 2104 626 2142; x_wconf 90' lang='lat' dir='ltr'><strong>se</strong></span> <span class='ocrx_word' id='word_1_272' title='bbox 658 2091 984 2158; x_wconf 81' lang='lat' dir='ltr'><strong>expendisse</strong></span> <span class='ocrx_word' id='word_1_273' title='bbox 1013 2100 1266 2152; x_wconf 88' lang='lat' dir='ltr'><strong>testatur,</strong></span> <span class='ocrx_word' id='word_1_274' title='bbox 1299 2090 1582 2159; x_wconf 80' lang='lat' dir='ltr'><strong>sexiesque</strong></span> <span class='ocrx_word' id='word_1_275' title='bbox 1613 2090 1752 2143; x_wconf 90' lang='lat' dir='ltr'><strong>ostia</strong></span> 
     </span>
    </p>
   </div>
   <div class='ocr_carea' id='block_1_39' title="bbox 167 2175 1755 2248">
    <p class='ocr_par' dir='ltr' id='par_1_39' title="bbox 167 2175 1755 2248">
     <span class='ocr_line' id='line_1_39' title="bbox 167 2175 1755 2248; baseline 0.003 -22"><span class='ocrx_word' id='word_1_276' title='bbox 167 2175 502 2240; x_wconf 66' lang='lat' dir='ltr'><strong>restituisse;</strong></span> <span class='ocrx_word' id='word_1_277' title='bbox 545 2177 639 2230; x_wconf 76' lang='lat' dir='ltr'><strong>sed</strong></span> <span class='ocrx_word' id='word_1_278' title='bbox 696 2177 827 2229; x_wconf 91' lang='lat' dir='ltr'><strong>nihil</strong></span> <span class='ocrx_word' id='word_1_279' title='bbox 859 2175 1054 2248; x_wconf 77' lang='lat' dir='ltr'><strong>[cum]</strong></span> <span class='ocrx_word' id='word_1_280' title='bbox 1091 2177 1313 2246; x_wconf 81' lang='lat' dir='ltr'><strong>proluit.</strong></span> <span class='ocrx_word' id='word_1_281' title='bbox 1350 2178 1423 2230; x_wconf 72' lang='lat' dir='ltr'><strong>Ea</strong></span> <span class='ocrx_word' id='word_1_282' title='bbox 1471 2193 1602 2231; x_wconf 86' lang='lat' dir='ltr'><strong>vero</strong></span> <span class='ocrx_word' id='word_1_283' title='bbox 1651 2177 1755 2232; x_wconf 90' lang='lat' dir='ltr'><strong>fuit</strong></span> 
     </span>
    </p>
   </div>
   <div class='ocr_carea' id='block_1_40' title="bbox 168 2264 1754 2338">
    <p class='ocr_par' dir='ltr' id='par_1_40' title="bbox 168 2264 1754 2338">
     <span class='ocr_line' id='line_1_40' title="bbox 168 2264 1754 2338; baseline 0.005 -22"><span class='ocrx_word' id='word_1_284' title='bbox 168 2264 512 2320; x_wconf 84' lang='lat' dir='ltr'><strong>inimicorum</strong></span> <span class='ocrx_word' id='word_1_285' title='bbox 565 2267 916 2334; x_wconf 75' lang='lat' dir='ltr'><strong>malignitas,</strong></span> <span class='ocrx_word' id='word_1_286' title='bbox 973 2277 1031 2320; x_wconf 94' lang='lat' dir='ltr'><strong>ut</strong></span> <span class='ocrx_word' id='word_1_287' title='bbox 1076 2269 1167 2337; x_wconf 86' lang='lat' dir='ltr'><strong>qui</strong></span> <span class='ocrx_word' id='word_1_288' title='bbox 1225 2283 1290 2322; x_wconf 87' lang='lat' dir='ltr'><strong>ea</strong></span> <span class='ocrx_word' id='word_1_289' title='bbox 1340 2268 1534 2322; x_wconf 86' lang='lat' dir='ltr'><strong>damna</strong></span> <span class='ocrx_word' id='word_1_290' title='bbox 1583 2271 1754 2338; x_wconf 85' lang='lat' dir='ltr'><strong>patie-</strong></span> 
     </span>
    </p>
   </div>
   <div class='ocr_carea' id='block_1_41' title="bbox 164 2354 1753 2424">
    <p class='ocr_par' dir='ltr' id='par_1_41' title="bbox 164 2354 1753 2424">
     <span class='ocr_line' id='line_1_41' title="bbox 164 2354 1753 2424; baseline 0.004 -17"><span class='ocrx_word' id='word_1_291' title='bbox 164 2354 323 2407; x_wconf 85' lang='lat' dir='ltr'><strong>batur</strong></span> <span class='ocrx_word' id='word_1_292' title='bbox 349 2357 662 2424; x_wconf 84' lang='lat' dir='ltr'><strong>episcopus,</strong></span> <span class='ocrx_word' id='word_1_293' title='bbox 705 2358 1017 2411; x_wconf 79' lang='lat' dir='ltr'><strong>earumdem</strong></span> <span class='ocrx_word' id='word_1_294' title='bbox 1062 2356 1382 2412; x_wconf 84' lang='lat' dir='ltr'><strong>damnorum</strong></span> <span class='ocrx_word' id='word_1_295' title='bbox 1413 2367 1601 2412; x_wconf 87' lang='lat' dir='ltr'><strong>auctor</strong></span> <span class='ocrx_word' id='word_1_296' title='bbox 1645 2368 1753 2413; x_wconf 87' lang='lat' dir='ltr'><strong>tra-</strong></span> 
     </span>
    </p>
   </div>
   <div class='ocr_carea' id='block_1_42' title="bbox 167 2443 1751 2516">
    <p class='ocr_par' dir='ltr' id='par_1_42' title="bbox 167 2443 1751 2516">
     <span class='ocr_line' id='line_1_42' title="bbox 167 2443 1751 2516; baseline 0.005 -21"><span class='ocrx_word' id='word_1_297' title='bbox 167 2443 474 2497; x_wconf 87' lang='lat' dir='ltr'><strong>duceretur.</strong></span> <span class='ocrx_word' id='word_1_298' title='bbox 527 2445 655 2499; x_wconf 60' lang='lat' dir='ltr'><strong>llzec</strong></span> <span class='ocrx_word' id='word_1_299' title='bbox 707 2463 810 2499; x_wconf 90' lang='lat' dir='ltr'><strong>una</strong></span> <span class='ocrx_word' id='word_1_300' title='bbox 861 2462 946 2499; x_wconf 72' lang='lat' dir='ltr'><strong>ex-</strong></span> <span class='ocrx_word' id='word_1_301' title='bbox 981 2448 1269 2516; x_wconf 64' lang='lat' dir='ltr'><strong>prmcipuis</strong></span> <span class='ocrx_word' id='word_1_302' title='bbox 1317 2449 1751 2504; x_wconf 88' lang='lat' dir='ltr'><strong>accusationibus</strong></span> 
     </span>
    </p>
   </div>
   <div class='ocr_carea' id='block_1_43' title="bbox 167 2533 1748 2606">
    <p class='ocr_par' dir='ltr' id='par_1_43' title="bbox 167 2533 1748 2606">
     <span class='ocr_line' id='line_1_43' title="bbox 167 2533 1748 2606; baseline 0.008 -24"><span class='ocrx_word' id='word_1_303' title='bbox 167 2533 296 2595; x_wconf 83' lang='lat' dir='ltr'><strong>fuit,</strong></span> <span class='ocrx_word' id='word_1_304' title='bbox 350 2550 471 2602; x_wconf 76' lang='lat' dir='ltr'><strong>qua:</strong></span> <span class='ocrx_word' id='word_1_305' title='bbox 531 2545 588 2587; x_wconf 91' lang='lat' dir='ltr'><strong>ut</strong></span> <span class='ocrx_word' id='word_1_306' title='bbox 649 2537 778 2588; x_wconf 86' lang='lat' dir='ltr'><strong>satis</strong></span> <span class='ocrx_word' id='word_1_307' title='bbox 836 2536 1060 2604; x_wconf 86' lang='lat' dir='ltr'><strong>probata</strong></span> <span class='ocrx_word' id='word_1_308' title='bbox 1105 2537 1172 2589; x_wconf 89' lang='lat' dir='ltr'><strong>ad</strong></span> <span class='ocrx_word' id='word_1_309' title='bbox 1223 2537 1603 2606; x_wconf 81' lang='lat' dir='ltr'><strong>imperatorem</strong></span> <span class='ocrx_word' id='word_1_310' title='bbox 1656 2541 1748 2595; x_wconf 90' lang='lat' dir='ltr'><strong>de-</strong></span> 
     </span>
    </p>
   </div>
   <div class='ocr_carea' id='block_1_44' title="bbox 165 2621 1747 2700">
    <p class='ocr_par' dir='ltr' id='par_1_44' title="bbox 165 2621 1747 2700">
     <span class='ocr_line' id='line_1_44' title="bbox 165 2621 1747 2700; baseline 0.006 -24"><span class='ocrx_word' id='word_1_311' title='bbox 165 2621 438 2688; x_wconf 76' lang='lat' dir='ltr'><strong>ferretur,</strong></span> <span class='ocrx_word' id='word_1_312' title='bbox 503 2628 556 2678; x_wconf 91' lang='lat' dir='ltr'><strong>in</strong></span> <span class='ocrx_word' id='word_1_313' title='bbox 612 2627 726 2695; x_wconf 87' lang='lat' dir='ltr'><strong>ipsa</strong></span> <span class='ocrx_word' id='word_1_314' title='bbox 776 2627 1016 2695; x_wconf 87' lang='lat' dir='ltr'><strong>paschali</strong></span> <span class='ocrx_word' id='word_1_315' title='bbox 1073 2627 1407 2683; x_wconf 89' lang='lat' dir='ltr'><strong>hebdornada</strong></span> <span class='ocrx_word' id='word_1_316' title='bbox 1463 2629 1581 2684; x_wconf 70' lang='lat' dir='ltr'><strong>dum</strong></span> <span class='ocrx_word' id='word_1_317' title='bbox 1624 2647 1747 2700; x_wconf 86' lang='lat' dir='ltr'><strong>pcr-</strong></span> 
     </span>
    </p>
   </div>
   <div class='ocr_carea' id='block_1_45' title="bbox 165 2723 1748 2793">
    <p class='ocr_par' dir='ltr' id='par_1_45' title="bbox 165 2723 1748 2793">
     <span class='ocr_line' id='line_1_45' title="bbox 165 2723 1748 2793; baseline 0.004 -21"><span class='ocrx_word' id='word_1_318' title='bbox 165 2735 310 2773; x_wconf 71' lang='lat' dir='ltr'><strong>soua:</strong></span> <span class='ocrx_word' id='word_1_319' title='bbox 375 2723 432 2775; x_wconf 87' lang='lat' dir='ltr'><strong>in</strong></span> <span class='ocrx_word' id='word_1_320' title='bbox 499 2723 633 2776; x_wconf 87' lang='lat' dir='ltr'><strong>urbe</strong></span> <span class='ocrx_word' id='word_1_321' title='bbox 692 2725 1065 2789; x_wconf 88' lang='lat' dir='ltr'><strong>dominantes,</strong></span> <span class='ocrx_word' id='word_1_322' title='bbox 1104 2725 1278 2793; x_wconf 89' lang='lat' dir='ltr'><strong>pretio</strong></span> <span class='ocrx_word' id='word_1_323' title='bbox 1326 2734 1626 2793; x_wconf 74' lang='lat' dir='ltr'><strong>corruptm,</strong></span> <span class='ocrx_word' id='word_1_324' title='bbox 1683 2724 1748 2778; x_wconf 91' lang='lat' dir='ltr'><strong>ad</strong></span> 
     </span>
    </p>
   </div>
   <div class='ocr_carea' id='block_1_46' title="bbox 161 2812 1748 2884">
    <p class='ocr_par' dir='ltr' id='par_1_46' title="bbox 161 2812 1748 2884">
     <span class='ocr_line' id='line_1_46' title="bbox 161 2812 1748 2884; baseline 0.004 -20"><span class='ocrx_word' id='word_1_325' title='bbox 161 2812 617 2867; x_wconf 82' lang='lat' dir='ltr'><strong>coasiderandam</strong></span> <span class='ocrx_word' id='word_1_326' title='bbox 667 2815 1025 2884; x_wconf 84' lang='lat' dir='ltr'><strong>episcopalem</strong></span> <span class='ocrx_word' id='word_1_327' title='bbox 1095 2815 1313 2871; x_wconf 88' lang='lat' dir='ltr'><strong>domum</strong></span> <span class='ocrx_word' id='word_1_328' title='bbox 1367 2817 1748 2870; x_wconf 70' lang='lat' dir='ltr'><strong>circumducta:</strong></span> 
     </span>
    </p>
   </div>
   <div class='ocr_carea' id='block_1_47' title="bbox 163 2903 1742 2978">
    <p class='ocr_par' dir='ltr' id='par_1_47' title="bbox 163 2903 1742 2978">
     <span class='ocr_line' id='line_1_47' title="bbox 163 2903 1742 2978; baseline 0.002 -22"><span class='ocrx_word' id='word_1_329' title='bbox 163 2903 402 2958; x_wconf 86' lang='lat' dir='ltr'><strong>luerunt.</strong></span> <span class='ocrx_word' id='word_1_330' title='bbox 459 2905 573 2960; x_wconf 85' lang='lat' dir='ltr'><strong>Una</strong></span> <span class='ocrx_word' id='word_1_331' title='bbox 627 2906 726 2960; x_wconf 90' lang='lat' dir='ltr'><strong>ftrit</strong></span> <span class='ocrx_word' id='word_1_332' title='bbox 769 2906 917 2978; x_wconf 76' lang='lat' dir='ltr'><strong>[VirL</strong></span> <span class='ocrx_word' id='word_1_333' title='bbox 963 2919 1072 2962; x_wconf 78' lang='lat' dir='ltr'><strong>not.</strong></span> <span class='ocrx_word' id='word_1_334' title='bbox 1111 2908 1143 2960; x_wconf 85' lang='grc'><strong>5</strong></span> <span class='ocrx_word' id='word_1_335' title='bbox 1185 2909 1238 2962; x_wconf 91' lang='lat' dir='ltr'><strong>in</strong></span> <span class='ocrx_word' id='word_1_336' title='bbox 1287 2924 1452 2961; x_wconf 85' lang='lat' dir='ltr'><strong>serru.</strong></span> <span class='ocrx_word' id='word_1_337' title='bbox 1509 2908 1573 2962; x_wconf 84' lang='lat' dir='ltr'><strong>de</strong></span> <span class='ocrx_word' id='word_1_338' title='bbox 1625 2906 1742 2960; x_wconf 79' lang='lat' dir='ltr'><strong>Oct.</strong></span> 
     </span>
    </p>
   </div>
   <div class='ocr_carea' id='block_1_48' title="bbox 1931 1725 3431 1782">
    <p class='ocr_par' dir='ltr' id='par_1_48' title="bbox 1931 1725 3431 1782">
     <span class='ocr_line' id='line_1_48' title="bbox 1931 1725 3431 1782; baseline 0.004 -6"><span class='ocrx_word' id='word_1_339' title='bbox 1931 1725 2052 1778; x_wconf 77' lang='grc'><strong>155.</strong></span> <span class='ocrx_word' id='word_1_340' title='bbox 2091 1725 2202 1777; x_wconf 62' lang='lat' dir='ltr'><strong>Non</strong></span> <span class='ocrx_word' id='word_1_341' title='bbox 2249 1726 2337 1778; x_wconf 89' lang='lat' dir='ltr'><strong>diu</strong></span> <span class='ocrx_word' id='word_1_342' title='bbox 2391 1741 2520 1779; x_wconf 87' lang='lat' dir='ltr'><strong>sane</strong></span> <span class='ocrx_word' id='word_1_343' title='bbox 2563 1726 2726 1779; x_wconf 89' lang='lat' dir='ltr'><strong>dilata</strong></span> <span class='ocrx_word' id='word_1_344' title='bbox 2775 1743 2858 1779; x_wconf 86' lang='lat' dir='ltr'><strong>res</strong></span> <span class='ocrx_word' id='word_1_345' title='bbox 2907 1728 3022 1780; x_wconf 84' lang='lat' dir='ltr'><strong>fuit.</strong></span> <span class='ocrx_word' id='word_1_346' title='bbox 3074 1727 3260 1782; x_wconf 76' lang='lat' dir='ltr'><strong>Nanno</strong></span> <span class='ocrx_word' id='word_1_347' title='bbox 3288 1729 3431 1782; x_wconf 88' lang='lat' dir='ltr'><strong>enim</strong></span> 
     </span>
    </p>
   </div>
   <div class='ocr_carea' id='block_1_49' title="bbox 1859 1813 3434 1886">
    <p class='ocr_par' dir='ltr' id='par_1_49' title="bbox 1859 1813 3434 1886">
     <span class='ocr_line' id='line_1_49' title="bbox 1859 1813 3434 1886; baseline 0.004 -20"><span class='ocrx_word' id='word_1_348' title='bbox 1859 1813 2085 1868; x_wconf 68' lang='lat' dir='ltr'><strong>Verona:</strong></span> <span class='ocrx_word' id='word_1_349' title='bbox 2112 1830 2292 1869; x_wconf 86' lang='lat' dir='ltr'><strong>comes</strong></span> <span class='ocrx_word' id='word_1_350' title='bbox 2326 1826 2577 1884; x_wconf 87' lang='lat' dir='ltr'><strong>tanquam</strong></span> <span class='ocrx_word' id='word_1_351' title='bbox 2607 1816 2796 1868; x_wconf 78' lang='lat' dir='ltr'><strong>missus</strong></span> <span class='ocrx_word' id='word_1_352' title='bbox 2837 1818 2900 1869; x_wconf 83' lang='lat' dir='ltr'><strong>de</strong></span> <span class='ocrx_word' id='word_1_353' title='bbox 2934 1830 3080 1886; x_wconf 76' lang='lat' dir='ltr'><strong>parte</strong></span> <span class='ocrx_word' id='word_1_354' title='bbox 3106 1821 3434 1884; x_wconf 74' lang='lat' dir='ltr'><strong>imperatoris</strong></span> 
     </span>
    </p>
   </div>
   <div class='ocr_carea' id='block_1_50' title="bbox 1859 1904 3434 1966">
    <p class='ocr_par' dir='ltr' id='par_1_50' title="bbox 1859 1904 3434 1966">
     <span class='ocr_line' id='line_1_50' title="bbox 1859 1904 3434 1966; baseline 0.006 -8"><span class='ocrx_word' id='word_1_355' title='bbox 1859 1906 1910 1958; x_wconf 87' lang='lat' dir='ltr'><strong>itt</strong></span> <span class='ocrx_word' id='word_1_356' title='bbox 1970 1904 2108 1960; x_wconf 81' lang='lat' dir='ltr'><strong>festo</strong></span> <span class='ocrx_word' id='word_1_357' title='bbox 2163 1908 2712 1961; x_wconf 77' lang='lat' dir='ltr'><strong>&#39;commemorationis</strong></span> <span class='ocrx_word' id='word_1_358' title='bbox 2775 1911 2944 1962; x_wconf 89' lang='lat' dir='ltr'><strong>sarrcli</strong></span> <span class='ocrx_word' id='word_1_359' title='bbox 3010 1909 3158 1962; x_wconf 83' lang='lat' dir='ltr'><strong>Pauli</strong></span> <span class='ocrx_word' id='word_1_360' title='bbox 3231 1913 3314 1964; x_wconf 84' lang='lat' dir='ltr'><strong>die</strong></span> <span class='ocrx_word' id='word_1_361' title='bbox 3362 1912 3434 1966; x_wconf 82' lang='lat'><strong>50</strong></span> 
     </span>
    </p>
   </div>
   <div class='ocr_carea' id='block_1_51' title="bbox 1853 1995 3431 2070">
    <p class='ocr_par' dir='ltr' id='par_1_51' title="bbox 1853 1995 3431 2070">
     <span class='ocr_line' id='line_1_51' title="bbox 1853 1995 3431 2070; baseline 0 -21"><span class='ocrx_word' id='word_1_362' title='bbox 1853 1995 2001 2050; x_wconf 79' lang='lat' dir='ltr'><strong>Junii</strong></span> <span class='ocrx_word' id='word_1_363' title='bbox 2052 2005 2241 2050; x_wconf 89' lang='lat' dir='ltr'><strong>contra</strong></span> <span class='ocrx_word' id='word_1_364' title='bbox 2303 1997 2619 2050; x_wconf 76' lang='lat' dir='ltr'><strong>llatherium</strong></span> <span class='ocrx_word' id='word_1_365' title='bbox 2676 1999 2932 2066; x_wconf 86' lang='lat' dir='ltr'><strong>placitum</strong></span> <span class='ocrx_word' id='word_1_366' title='bbox 2989 2000 3194 2054; x_wconf 88' lang='lat' dir='ltr'><strong>habuit.</strong></span> <span class='ocrx_word' id='word_1_367' title='bbox 3257 2020 3274 2047; x_wconf 79' lang='grc' dir='ltr'><strong><em>σ</em></strong></span> <span class='ocrx_word' id='word_1_368' title='bbox 3316 2001 3431 2070; x_wconf 82' lang='lat' dir='ltr'><strong>Ipsa</strong></span> 
     </span>
    </p>
   </div>
   <div class='ocr_carea' id='block_1_52' title="bbox 1856 2089 3430 2160">
    <p class='ocr_par' dir='ltr' id='par_1_52' title="bbox 1856 2089 3430 2160">
     <span class='ocr_line' id='line_1_52' title="bbox 1856 2089 3430 2160; baseline 0.003 -18"><span class='ocrx_word' id='word_1_369' title='bbox 1856 2089 1998 2143; x_wconf 90' lang='lat' dir='ltr'><strong>beati</strong></span> <span class='ocrx_word' id='word_1_370' title='bbox 2061 2089 2206 2142; x_wconf 82' lang='lat' dir='ltr'><strong>Pauli</strong></span> <span class='ocrx_word' id='word_1_371' title='bbox 2264 2091 2488 2158; x_wconf 88' lang='lat' dir='ltr'><strong>apostoli</strong></span> <span class='ocrx_word' id='word_1_372' title='bbox 2541 2090 2878 2144; x_wconf 87' lang='lat' dir='ltr'><strong>solenrnitate</strong></span> <span class='ocrx_word' id='word_1_373' title='bbox 2939 2091 3046 2160; x_wconf 93' lang='lat' dir='ltr'><strong>(uti</strong></span> <span class='ocrx_word' id='word_1_374' title='bbox 3125 2092 3319 2160; x_wconf 80' lang='lat' dir='ltr'><strong>legitur</strong></span> <span class='ocrx_word' id='word_1_375' title='bbox 3377 2095 3430 2146; x_wconf 91' lang='lat' dir='ltr'><strong>in</strong></span> 
     </span>
    </p>
   </div>
   <div class='ocr_carea' id='block_1_53' title="bbox 1857 2177 3432 2246">
    <p class='ocr_par' dir='ltr' id='par_1_53' title="bbox 1857 2177 3432 2246">
     <span class='ocr_line' id='line_1_53' title="bbox 1857 2177 3432 2246; baseline 0.003 -16"><span class='ocrx_word' id='word_1_376' title='bbox 1857 2177 2084 2246; x_wconf 86' lang='lat' dir='ltr'><strong>epistola</strong></span> <span class='ocrx_word' id='word_1_377' title='bbox 2146 2177 2212 2230; x_wconf 73' lang='grc'>12</span> <span class='ocrx_word' id='word_1_378' title='bbox 2267 2195 2413 2231; x_wconf 89' lang='lat' dir='ltr'><strong>nutu.</strong></span> <span class='ocrx_word' id='word_1_379' title='bbox 2448 2178 2502 2242; x_wconf 69' lang='grc'><strong>4)</strong></span> <span class='ocrx_word' id='word_1_380' title='bbox 2541 2194 2676 2245; x_wconf 85' lang='lat' dir='ltr'><strong>pene</strong></span> <span class='ocrx_word' id='word_1_381' title='bbox 2717 2187 2823 2231; x_wconf 89' lang='lat' dir='ltr'><strong>tota</strong></span> <span class='ocrx_word' id='word_1_382' title='bbox 2886 2180 3076 2232; x_wconf 83' lang='lat' dir='ltr'><strong>civitas</strong></span> <span class='ocrx_word' id='word_1_383' title='bbox 3117 2179 3320 2243; x_wconf 82' lang='lat' dir='ltr'><strong>adfuit,</strong></span> <span class='ocrx_word' id='word_1_384' title='bbox 3376 2192 3432 2235; x_wconf 86' lang='lat' dir='ltr'><strong>et.</strong></span> 
     </span>
    </p>
   </div>
   <div class='ocr_carea' id='block_1_54' title="bbox 1856 2265 3427 2339">
    <p class='ocr_par' dir='ltr' id='par_1_54' title="bbox 1856 2265 3427 2339">
     <span class='ocr_line' id='line_1_54' title="bbox 1856 2265 3427 2339; baseline 0.002 -18"><span class='ocrx_word' id='word_1_385' title='bbox 1856 2268 2052 2321; x_wconf 84' lang='lat' dir='ltr'><strong>sedens</strong></span> <span class='ocrx_word' id='word_1_386' title='bbox 2097 2265 2284 2320; x_wconf 73' lang='lat' dir='ltr'><strong>Nanno</strong></span> <span class='ocrx_word' id='word_1_387' title='bbox 2335 2283 2430 2336; x_wconf 91' lang='lat' dir='ltr'><strong>pro</strong></span> <span class='ocrx_word' id='word_1_388' title='bbox 2464 2268 2716 2320; x_wconf 90' lang='lat' dir='ltr'><strong>tribunali</strong></span> <span class='ocrx_word' id='word_1_389' title='bbox 2768 2269 2840 2321; x_wconf 90' lang='lat' dir='ltr'><strong>ita</strong></span> <span class='ocrx_word' id='word_1_390' title='bbox 2887 2285 3044 2322; x_wconf 87' lang='lat' dir='ltr'><strong>orsus</strong></span> <span class='ocrx_word' id='word_1_391' title='bbox 3085 2280 3166 2323; x_wconf 81' lang='lat' dir='ltr'><strong>est</strong></span> <span class='ocrx_word' id='word_1_392' title='bbox 3206 2270 3368 2339; x_wconf 89' lang='lat' dir='ltr'><strong>loqrri.</strong></span> <span class='ocrx_word' id='word_1_393' title='bbox 3405 2289 3427 2324; x_wconf 73' lang='grc' dir='ltr'><strong><em>ι</em></strong></span> 
     </span>
    </p>
   </div>
   <div class='ocr_carea' id='block_1_55' title="bbox 1847 2359 3432 2430">
    <p class='ocr_par' dir='ltr' id='par_1_55' title="bbox 1847 2359 3432 2430">
     <span class='ocr_line' id='line_1_55' title="bbox 1847 2359 3432 2430; baseline 0.004 -19"><span class='ocrx_word' id='word_1_394' title='bbox 1847 2359 2099 2426; x_wconf 58' lang='grc' dir='ltr'><strong>ιριιιιιυοι·</strong></span> <span class='ocrx_word' id='word_1_395' title='bbox 2151 2360 2555 2412; x_wconf 85' lang='lat' dir='ltr'><strong>accusationum</strong></span> <span class='ocrx_word' id='word_1_396' title='bbox 2603 2361 2780 2429; x_wconf 86' lang='lat' dir='ltr'><strong>capita</strong></span> <span class='ocrx_word' id='word_1_397' title='bbox 2833 2360 3020 2413; x_wconf 84' lang='lat' dir='ltr'><strong>Nauno</strong></span> <span class='ocrx_word' id='word_1_398' title='bbox 3065 2362 3260 2429; x_wconf 90' lang='lat' dir='ltr'><strong>popqu</strong></span> <span class='ocrx_word' id='word_1_399' title='bbox 3309 2376 3432 2430; x_wconf 80' lang='lat' dir='ltr'><strong>pro-</strong></span> 
     </span>
    </p>
   </div>
   <div class='ocr_carea' id='block_1_56' title="bbox 1853 2451 3432 2521">
    <p class='ocr_par' dir='ltr' id='par_1_56' title="bbox 1853 2451 3432 2521">
     <span class='ocr_line' id='line_1_56' title="bbox 1853 2451 3432 2521; baseline 0.004 -18"><span class='ocrx_word' id='word_1_400' title='bbox 1853 2453 2055 2520; x_wconf 86' lang='lat' dir='ltr'><strong>posuit.</strong></span> <span class='ocrx_word' id='word_1_401' title='bbox 2110 2451 2349 2504; x_wconf 83' lang='lat' dir='ltr'><strong>Primurn</strong></span> <span class='ocrx_word' id='word_1_402' title='bbox 2406 2451 2472 2504; x_wconf 86' lang='lat' dir='ltr'><strong>de</strong></span> <span class='ocrx_word' id='word_1_403' title='bbox 2531 2461 2688 2518; x_wconf 83' lang='lat' dir='ltr'><strong>prato</strong></span> <span class='ocrx_word' id='word_1_404' title='bbox 2729 2452 2883 2521; x_wconf 79' lang='lat' dir='ltr'><strong>juxta</strong></span> <span class='ocrx_word' id='word_1_405' title='bbox 2947 2451 3140 2505; x_wconf 85' lang='lat' dir='ltr'><strong>flumen</strong></span> <span class='ocrx_word' id='word_1_406' title='bbox 3189 2454 3432 2520; x_wconf 77' lang='lat' dir='ltr'><strong>Athesis,</strong></span> 
     </span>
    </p>
   </div>
   <div class='ocr_carea' id='block_1_57' title="bbox 1853 2546 3430 2614">
    <p class='ocr_par' dir='ltr' id='par_1_57' title="bbox 1853 2546 3430 2614">
     <span class='ocr_line' id='line_1_57' title="bbox 1853 2546 3430 2614; baseline 0.003 -16"><span class='ocrx_word' id='word_1_407' title='bbox 1853 2546 1994 2614; x_wconf 88' lang='lat' dir='ltr'><strong>quod</strong></span> <span class='ocrx_word' id='word_1_408' title='bbox 2058 2561 2181 2599; x_wconf 90' lang='lat' dir='ltr'><strong>cum</strong></span> <span class='ocrx_word' id='word_1_409' title='bbox 2252 2546 2529 2599; x_wconf 82' lang='lat' dir='ltr'><strong>venientes</strong></span> <span class='ocrx_word' id='word_1_410' title='bbox 2581 2554 2634 2598; x_wconf 90' lang='lat' dir='ltr'><strong>et</strong></span> <span class='ocrx_word' id='word_1_411' title='bbox 2679 2547 2937 2601; x_wconf 73' lang='lat' dir='ltr'><strong>abeuntes</strong></span> <span class='ocrx_word' id='word_1_412' title='bbox 2989 2563 3094 2600; x_wconf 90' lang='lat' dir='ltr'><strong>non</strong></span> <span class='ocrx_word' id='word_1_413' title='bbox 3153 2560 3430 2604; x_wconf 89' lang='lat' dir='ltr'><strong>cessarent</strong></span> 
     </span>
    </p>
   </div>
   <div class='ocr_carea' id='block_1_58' title="bbox 1852 2635 3428 2708">
    <p class='ocr_par' dir='ltr' id='par_1_58' title="bbox 1852 2635 3428 2708">
     <span class='ocr_line' id='line_1_58' title="bbox 1852 2635 3428 2708; baseline 0.003 -20"><span class='ocrx_word' id='word_1_414' title='bbox 1852 2635 2193 2697; x_wconf 88' lang='lat' dir='ltr'><strong>detundere.</strong></span> <span class='ocrx_word' id='word_1_415' title='bbox 2257 2645 2316 2688; x_wconf 87' lang='lat' dir='ltr'><strong>et</strong></span> <span class='ocrx_word' id='word_1_416' title='bbox 2388 2636 2566 2690; x_wconf 87' lang='lat' dir='ltr'><strong>vineta</strong></span> <span class='ocrx_word' id='word_1_417' title='bbox 2628 2637 2676 2690; x_wconf 89' lang='lat' dir='ltr'><strong>ei</strong></span> <span class='ocrx_word' id='word_1_418' title='bbox 2733 2639 2984 2708; x_wconf 81' lang='lat' dir='ltr'><strong>contigua</strong></span> <span class='ocrx_word' id='word_1_419' title='bbox 3040 2638 3428 2707; x_wconf 81' lang='lat' dir='ltr'><strong>devastareut;</strong></span> 
     </span>
    </p>
   </div>
   <div class='ocr_carea' id='block_1_59' title="bbox 1851 2724 3432 2793">
    <p class='ocr_par' dir='ltr' id='par_1_59' title="bbox 1851 2724 3432 2793">
     <span class='ocr_line' id='line_1_59' title="bbox 1851 2724 3432 2793; baseline 0.003 -18"><span class='ocrx_word' id='word_1_420' title='bbox 1851 2725 2138 2793; x_wconf 75' lang='lat' dir='ltr'><strong>cpiscopus</strong></span> <span class='ocrx_word' id='word_1_421' title='bbox 2181 2725 2326 2777; x_wconf 88' lang='lat' dir='ltr'><strong>arari</strong></span> <span class='ocrx_word' id='word_1_422' title='bbox 2371 2724 2630 2792; x_wconf 86' lang='lat' dir='ltr'><strong>jusserat,</strong></span> <span class='ocrx_word' id='word_1_423' title='bbox 2682 2741 2746 2778; x_wconf 90' lang='lat' dir='ltr'><strong>ac</strong></span> <span class='ocrx_word' id='word_1_424' title='bbox 2790 2726 2840 2778; x_wconf 92' lang='lat' dir='ltr'><strong>in</strong></span> <span class='ocrx_word' id='word_1_425' title='bbox 2888 2742 2951 2779; x_wconf 91' lang='lat' dir='ltr'><strong>eo</strong></span> <span class='ocrx_word' id='word_1_426' title='bbox 3000 2726 3226 2780; x_wconf 90' lang='lat' dir='ltr'><strong>milliunr</strong></span> <span class='ocrx_word' id='word_1_427' title='bbox 3270 2729 3432 2782; x_wconf 85' lang='lat' dir='ltr'><strong>semi-</strong></span> 
     </span>
    </p>
   </div>
   <div class='ocr_carea' id='block_1_60' title="bbox 1851 2812 3430 2883">
    <p class='ocr_par' dir='ltr' id='par_1_60' title="bbox 1851 2812 3430 2883">
     <span class='ocr_line' id='line_1_60' title="bbox 1851 2812 3430 2883; baseline 0.003 -17"><span class='ocrx_word' id='word_1_428' title='bbox 1851 2813 1994 2868; x_wconf 80' lang='lat' dir='ltr'><strong>nari.</strong></span> <span class='ocrx_word' id='word_1_429' title='bbox 2058 2812 2305 2868; x_wconf 83' lang='lat' dir='ltr'><strong>Nannoui</strong></span> <span class='ocrx_word' id='word_1_430' title='bbox 2365 2823 2546 2866; x_wconf 91' lang='lat' dir='ltr'><strong>autem</strong></span> <span class='ocrx_word' id='word_1_431' title='bbox 2606 2814 2978 2883; x_wconf 80' lang='lat' dir='ltr'><strong>interroganti,</strong></span> <span class='ocrx_word' id='word_1_432' title='bbox 3023 2834 3054 2867; x_wconf 84' lang='grc'><strong>·‹</strong></span> <span class='ocrx_word' id='word_1_433' title='bbox 3091 2816 3226 2883; x_wconf 87' lang='lat' dir='ltr'><strong>Quid</strong></span> <span class='ocrx_word' id='word_1_434' title='bbox 3279 2817 3430 2871; x_wconf 80' lang='lat' dir='ltr'><strong>vobis</strong></span> 
     </span>
    </p>
   </div>
   <div class='ocr_carea' id='block_1_61' title="bbox 1850 2905 3427 2973">
    <p class='ocr_par' dir='ltr' id='par_1_61' title="bbox 1850 2905 3427 2973">
     <span class='ocr_line' id='line_1_61' title="bbox 1850 2905 3427 2973; baseline 0.005 -19"><span class='ocrx_word' id='word_1_435' title='bbox 1850 2905 2064 2956; x_wconf 89' lang='lat' dir='ltr'><strong>videtur</strong></span> <span class='ocrx_word' id='word_1_436' title='bbox 2113 2908 2177 2956; x_wconf 85' lang='lat' dir='ltr'><strong>de</strong></span> <span class='ocrx_word' id='word_1_437' title='bbox 2229 2905 2331 2958; x_wconf 88' lang='lat' dir='ltr'><strong>isto</strong></span> <span class='ocrx_word' id='word_1_438' title='bbox 2383 2913 2560 2972; x_wconf 92' lang='lat' dir='ltr'><strong>prato,</strong></span> <span class='ocrx_word' id='word_1_439' title='bbox 2624 2922 2782 2973; x_wconf 89' lang='lat' dir='ltr'><strong>quem</strong></span> <span class='ocrx_word' id='word_1_440' title='bbox 2847 2915 3126 2960; x_wconf 82' lang='lat' dir='ltr'><strong>exaratum</strong></span> <span class='ocrx_word' id='word_1_441' title='bbox 3189 2907 3427 2962; x_wconf 86' lang='lat' dir='ltr'><strong>videtis?</strong></span> 
     </span>
    </p>
   </div>
   <div class='ocr_carea' id='block_1_62' title="bbox 163 2974 3426 3065">
    <p class='ocr_par' dir='ltr' id='par_1_62' title="bbox 163 2974 3426 3065">
     <span class='ocr_line' id='line_1_62' title="bbox 163 2974 3426 3065; baseline 0 -15"><span class='ocrx_word' id='word_1_442' title='bbox 163 2991 408 3065; x_wconf 71' lang='lat' dir='ltr'><strong>Pascha’]</strong></span> <span class='ocrx_word' id='word_1_443' title='bbox 470 2995 660 3050; x_wconf 85' lang='lat' dir='ltr'><strong>Nanuo</strong></span> <span class='ocrx_word' id='word_1_444' title='bbox 705 2974 931 3052; x_wconf 64' lang='lat' dir='ltr'><strong>Verona:</strong></span> <span class='ocrx_word' id='word_1_445' title='bbox 995 3015 1177 3053; x_wconf 89' lang='lat' dir='ltr'><strong>comes</strong></span> <span class='ocrx_word' id='word_1_446' title='bbox 1251 2999 1510 3052; x_wconf 81' lang='lat' dir='ltr'><strong>llatherio</strong></span> <span class='ocrx_word' id='word_1_447' title='bbox 1569 2999 1742 3051; x_wconf 87' lang='lat' dir='ltr'><strong>iul&#39;en-</strong></span> <span class='ocrx_word' id='word_1_448' title='bbox 1771 2974 1818 3036; x_wconf 67' lang='grc' dir='ltr'><strong>δ</strong></span> <span class='ocrx_word' id='word_1_449' title='bbox 1854 2993 2242 3062; x_wconf 88' lang='lat' dir='ltr'><strong>responderunt</strong></span> <span class='ocrx_word' id='word_1_450' title='bbox 2273 2995 2596 3046; x_wconf 89' lang='lat' dir='ltr'><strong>rruarrirniter</strong></span> <span class='ocrx_word' id='word_1_451' title='bbox 2621 3010 2809 3047; x_wconf 89' lang='lat' dir='ltr'><strong>orrrnes</strong></span> <span class='ocrx_word' id='word_1_452' title='bbox 2838 3011 2850 3046; x_wconf 89' lang='lat'><strong>:</strong></span> <span class='ocrx_word' id='word_1_453' title='bbox 2884 2995 3139 3048; x_wconf 80' lang='lat' dir='ltr'><strong>Pessime.</strong></span> <span class='ocrx_word' id='word_1_454' title='bbox 3175 3015 3190 3045; x_wconf 69' lang='grc' dir='ltr'><strong>ρ</strong></span> <span class='ocrx_word' id='word_1_455' title='bbox 3221 2996 3426 3050; x_wconf 87' lang='lat' dir='ltr'><strong>Secun-</strong></span> 
     </span>
    </p>
   </div>
   <div class='ocr_carea' id='block_1_63' title="bbox 159 3083 1748 3153">
    <p class='ocr_par' dir='ltr' id='par_1_63' title="bbox 159 3083 1748 3153">
     <span class='ocr_line' id='line_1_63' title="bbox 159 3083 1748 3153; baseline 0.001 -13"><span class='ocrx_word' id='word_1_456' title='bbox 159 3086 449 3153; x_wconf 85' lang='lat' dir='ltr'><strong>sissimus,</strong></span> <span class='ocrx_word' id='word_1_457' title='bbox 498 3088 667 3142; x_wconf 89' lang='lat' dir='ltr'><strong>altera</strong></span> <span class='ocrx_word' id='word_1_458' title='bbox 715 3088 943 3144; x_wconf 87' lang='lat' dir='ltr'><strong>forsitan</strong></span> <span class='ocrx_word' id='word_1_459' title='bbox 992 3083 1094 3143; x_wconf 89' lang='lat' dir='ltr'><strong>fuit</strong></span> <span class='ocrx_word' id='word_1_460' title='bbox 1136 3091 1455 3144; x_wconf 84' lang='lat' dir='ltr'><strong>viceconres.</strong></span> <span class='ocrx_word' id='word_1_461' title='bbox 1501 3089 1748 3143; x_wconf 85' lang='lat' dir='ltr'><strong>Rebelles</strong></span> 
     </span>
    </p>
   </div>
   <div class='ocr_carea' id='block_1_64' title="bbox 161 3179 1745 3248">
    <p class='ocr_par' dir='ltr' id='par_1_64' title="bbox 161 3179 1745 3248">
     <span class='ocr_line' id='line_1_64' title="bbox 161 3179 1745 3248; baseline 0.001 -20"><span class='ocrx_word' id='word_1_462' title='bbox 161 3187 342 3229; x_wconf 85' lang='lat' dir='ltr'><strong>autem</strong></span> <span class='ocrx_word' id='word_1_463' title='bbox 419 3186 586 3230; x_wconf 86' lang='lat' dir='ltr'><strong>totam</strong></span> <span class='ocrx_word' id='word_1_464' title='bbox 641 3179 850 3246; x_wconf 87' lang='lat' dir='ltr'><strong>culpam</strong></span> <span class='ocrx_word' id='word_1_465' title='bbox 918 3179 1227 3248; x_wconf 81' lang='lat' dir='ltr'><strong>rejicicnles</strong></span> <span class='ocrx_word' id='word_1_466' title='bbox 1291 3180 1343 3232; x_wconf 91' lang='lat' dir='ltr'><strong>in</strong></span> <span class='ocrx_word' id='word_1_467' title='bbox 1402 3181 1745 3248; x_wconf 81' lang='lat' dir='ltr'><strong>episcopum,</strong></span> 
     </span>
    </p>
   </div>
   <div class='ocr_carea' id='block_1_65' title="bbox 162 3269 1743 3332">
    <p class='ocr_par' dir='ltr' id='par_1_65' title="bbox 162 3269 1743 3332">
     <span class='ocr_line' id='line_1_65' title="bbox 162 3269 1743 3332; baseline 0.002 -15"><span class='ocrx_word' id='word_1_468' title='bbox 162 3284 180 3315; x_wconf 73' lang='grc' dir='ltr'>ι</span> <span class='ocrx_word' id='word_1_469' title='bbox 232 3282 322 3319; x_wconf 88' lang='lat' dir='ltr'><strong>me</strong></span> <span class='ocrx_word' id='word_1_470' title='bbox 392 3269 837 3332; x_wconf 85' lang='lat' dir='ltr'><strong>ruendacissimi,</strong></span> <span class='ocrx_word' id='word_1_471' title='bbox 907 3269 984 3322; x_wconf 89' lang='lat' dir='ltr'><strong>ait.</strong></span> <span class='ocrx_word' id='word_1_472' title='bbox 1067 3285 1214 3322; x_wconf 92' lang='lat' dir='ltr'><strong>num.</strong></span> <span class='ocrx_word' id='word_1_473' title='bbox 1274 3270 1297 3322; x_wconf 79' lang='grc'><strong>1</strong></span> <span class='ocrx_word' id='word_1_474' title='bbox 1353 3271 1418 3323; x_wconf 86' lang='lat' dir='ltr'><strong>de</strong></span> <span class='ocrx_word' id='word_1_475' title='bbox 1500 3269 1743 3332; x_wconf 69' lang='lat' dir='ltr'><strong>Octavia,</strong></span> 
     </span>
    </p>
   </div>
   <div class='ocr_carea' id='block_1_66' title="bbox 156 3358 1747 3414">
    <p class='ocr_par' dir='ltr' id='par_1_66' title="bbox 156 3358 1747 3414">
     <span class='ocr_line' id='line_1_66' title="bbox 156 3358 1747 3414; baseline 0.001 -4"><span class='ocrx_word' id='word_1_476' title='bbox 156 3358 444 3411; x_wconf 85' lang='lat' dir='ltr'><strong>coaductis</strong></span> <span class='ocrx_word' id='word_1_477' title='bbox 500 3360 997 3414; x_wconf 85' lang='lat' dir='ltr'><strong>consideratoribus</strong></span> <span class='ocrx_word' id='word_1_478' title='bbox 1055 3369 1311 3414; x_wconf 88' lang='lat' dir='ltr'><strong>accusant</strong></span> <span class='ocrx_word' id='word_1_479' title='bbox 1369 3360 1615 3414; x_wconf 84' lang='lat' dir='ltr'><strong>eamdem</strong></span> <span class='ocrx_word' id='word_1_480' title='bbox 1657 3359 1747 3412; x_wconf 89' lang='lat' dir='ltr'><strong>de-</strong></span> 
     </span>
    </p>
   </div>
   <div class='ocr_carea' id='block_1_67' title="bbox 158 3448 1744 3518">
    <p class='ocr_par' dir='ltr' id='par_1_67' title="bbox 158 3448 1744 3518">
     <span class='ocr_line' id='line_1_67' title="bbox 158 3448 1744 3518; baseline -0.001 -17"><span class='ocrx_word' id='word_1_481' title='bbox 158 3456 408 3510; x_wconf 83' lang='lat' dir='ltr'><strong>struere,</strong></span> <span class='ocrx_word' id='word_1_482' title='bbox 443 3449 594 3516; x_wconf 87' lang='lat' dir='ltr'><strong>quasi</strong></span> <span class='ocrx_word' id='word_1_483' title='bbox 642 3449 815 3518; x_wconf 89' lang='lat' dir='ltr'><strong>possit</strong></span> <span class='ocrx_word' id='word_1_484' title='bbox 851 3464 969 3503; x_wconf 89' lang='lat' dir='ltr'><strong>csse</strong></span> <span class='ocrx_word' id='word_1_485' title='bbox 1019 3449 1306 3513; x_wconf 88' lang='lat' dir='ltr'><strong>credibile,</strong></span> <span class='ocrx_word' id='word_1_486' title='bbox 1349 3459 1412 3502; x_wconf 91' lang='lat' dir='ltr'><strong>trt</strong></span> <span class='ocrx_word' id='word_1_487' title='bbox 1457 3448 1599 3518; x_wconf 87' lang='lat' dir='ltr'><strong>quod</strong></span> <span class='ocrx_word' id='word_1_488' title='bbox 1645 3461 1744 3514; x_wconf 88' lang='lat' dir='ltr'><strong>ego</strong></span> 
     </span>
    </p>
   </div>
   <div class='ocr_carea' id='block_1_68' title="bbox 159 3537 1742 3606">
    <p class='ocr_par' dir='ltr' id='par_1_68' title="bbox 159 3537 1742 3606">
     <span class='ocr_line' id='line_1_68' title="bbox 159 3537 1742 3606; baseline -0.001 -18"><span class='ocrx_word' id='word_1_489' title='bbox 159 3543 312 3590; x_wconf 89' lang='lat' dir='ltr'><strong>tanto</strong></span> <span class='ocrx_word' id='word_1_490' title='bbox 359 3538 467 3590; x_wconf 89' lang='lat' dir='ltr'><strong>mei</strong></span> <span class='ocrx_word' id='word_1_491' title='bbox 502 3537 782 3590; x_wconf 68' lang='lat' dir='ltr'><strong>construxi</strong></span> <span class='ocrx_word' id='word_1_492' title='bbox 814 3537 1116 3606; x_wconf 89' lang='lat' dir='ltr'><strong>dispendio,</strong></span> <span class='ocrx_word' id='word_1_493' title='bbox 1166 3548 1259 3591; x_wconf 88' lang='lat' dir='ltr'><strong>aut</strong></span> <span class='ocrx_word' id='word_1_494' title='bbox 1289 3538 1564 3591; x_wconf 81' lang='lat' dir='ltr'><strong>destruant</strong></span> <span class='ocrx_word' id='word_1_495' title='bbox 1607 3537 1742 3604; x_wconf 85' lang='lat' dir='ltr'><strong>ipse,</strong></span> 
     </span>
    </p>
   </div>
   <div class='ocr_carea' id='block_1_69' title="bbox 157 3626 1742 3696">
    <p class='ocr_par' dir='ltr' id='par_1_69' title="bbox 157 3626 1742 3696">
     <span class='ocr_line' id='line_1_69' title="bbox 157 3626 1742 3696; baseline 0.002 -19"><span class='ocrx_word' id='word_1_496' title='bbox 157 3636 251 3680; x_wconf 87' lang='lat' dir='ltr'><strong>aut</strong></span> <span class='ocrx_word' id='word_1_497' title='bbox 295 3626 504 3680; x_wconf 87' lang='lat' dir='ltr'><strong>destrui</strong></span> <span class='ocrx_word' id='word_1_498' title='bbox 565 3627 740 3696; x_wconf 85' lang='lat' dir='ltr'><strong>patiar</strong></span> <span class='ocrx_word' id='word_1_499' title='bbox 790 3637 1000 3696; x_wconf 80' lang='lat' dir='ltr'><strong>sponte.</strong></span> <span class='ocrx_word' id='word_1_500' title='bbox 1040 3648 1057 3680; x_wconf 73' lang='grc' dir='ltr'><strong>ο</strong></span> <span class='ocrx_word' id='word_1_501' title='bbox 1121 3628 1244 3682; x_wconf 72' lang='grc' dir='ltr'><strong>Ηωο</strong></span> <span class='ocrx_word' id='word_1_502' title='bbox 1302 3629 1438 3681; x_wconf 87' lang='lat' dir='ltr'><strong>mala</strong></span> <span class='ocrx_word' id='word_1_503' title='bbox 1502 3628 1742 3681; x_wconf 92' lang='lat' dir='ltr'><strong>nonnulli</strong></span> 
     </span>
    </p>
   </div>
   <div class='ocr_carea' id='block_1_70' title="bbox 158 3717 1744 3789">
    <p class='ocr_par' dir='ltr' id='par_1_70' title="bbox 158 3717 1744 3789">
     <span class='ocr_line' id='line_1_70' title="bbox 158 3717 1744 3789; baseline 0 -18"><span class='ocrx_word' id='word_1_504' title='bbox 158 3733 222 3771; x_wconf 87' lang='lat' dir='ltr'><strong>eo</strong></span> <span class='ocrx_word' id='word_1_505' title='bbox 291 3717 607 3771; x_wconf 80' lang='lat' dir='ltr'><strong>referebant</strong></span> <span class='ocrx_word' id='word_1_506' title='bbox 671 3720 816 3787; x_wconf 90' lang='lat' dir='ltr'><strong>quod</strong></span> <span class='ocrx_word' id='word_1_507' title='bbox 873 3721 1156 3789; x_wconf 82' lang='lat' dir='ltr'><strong>episcopus</strong></span> <span class='ocrx_word' id='word_1_508' title='bbox 1228 3719 1280 3772; x_wconf 95' lang='lat' dir='ltr'><strong>in</strong></span> <span class='ocrx_word' id='word_1_509' title='bbox 1351 3717 1744 3788; x_wconf 86' lang='lat' dir='ltr'><strong>episcopalibus</strong></span> 
     </span>
    </p>
   </div>
   <div class='ocr_carea' id='block_1_71' title="bbox 157 3807 1743 3879">
    <p class='ocr_par' dir='ltr' id='par_1_71' title="bbox 157 3807 1743 3879">
     <span class='ocr_line' id='line_1_71' title="bbox 157 3807 1743 3879; baseline 0.001 -19"><span class='ocrx_word' id='word_1_510' title='bbox 157 3807 366 3861; x_wconf 66' lang='lat' dir='ltr'><strong>aedibus</strong></span> <span class='ocrx_word' id='word_1_511' title='bbox 413 3825 518 3862; x_wconf 91' lang='lat' dir='ltr'><strong>non</strong></span> <span class='ocrx_word' id='word_1_512' title='bbox 564 3819 890 3863; x_wconf 78' lang='lat' dir='ltr'><strong>moraretur.</strong></span> <span class='ocrx_word' id='word_1_513' title='bbox 943 3809 1138 3864; x_wconf 79' lang='lat' dir='ltr'><strong>Verum</strong></span> <span class='ocrx_word' id='word_1_514' title='bbox 1188 3811 1478 3879; x_wconf 87' lang='lat' dir='ltr'><strong>respondet</strong></span> <span class='ocrx_word' id='word_1_515' title='bbox 1533 3812 1583 3864; x_wconf 87' lang='lat' dir='ltr'><strong>itt</strong></span> <span class='ocrx_word' id='word_1_516' title='bbox 1631 3811 1743 3878; x_wconf 84' lang='lat' dir='ltr'><strong>epi-</strong></span> 
     </span>
    </p>
   </div>
   <div class='ocr_carea' id='block_1_72' title="bbox 157 3898 1740 3972">
    <p class='ocr_par' dir='ltr' id='par_1_72' title="bbox 157 3898 1740 3972">
     <span class='ocr_line' id='line_1_72' title="bbox 157 3898 1740 3972; baseline 0.004 -22"><span class='ocrx_word' id='word_1_517' title='bbox 157 3898 292 3951; x_wconf 84' lang='lat' dir='ltr'><strong>stola</strong></span> <span class='ocrx_word' id='word_1_518' title='bbox 343 3899 410 3952; x_wconf 75' lang='grc'><strong>12</strong></span> <span class='ocrx_word' id='word_1_519' title='bbox 457 3899 522 3952; x_wconf 91' lang='lat' dir='ltr'><strong>ad</strong></span> <span class='ocrx_word' id='word_1_520' title='bbox 574 3900 917 3954; x_wconf 81' lang='lat' dir='ltr'><strong>Ambrosium</strong></span> <span class='ocrx_word' id='word_1_521' title='bbox 963 3917 1110 3954; x_wconf 88' lang='lat' dir='ltr'><strong>nrrrn.</strong></span> <span class='ocrx_word' id='word_1_522' title='bbox 1160 3902 1215 3956; x_wconf 71' lang='grc'><strong>4.</strong></span> <span class='ocrx_word' id='word_1_523' title='bbox 1268 3921 1285 3953; x_wconf 74' lang='grc' dir='ltr'><strong><em>ι</em></strong></span> <span class='ocrx_word' id='word_1_524' title='bbox 1319 3901 1376 3956; x_wconf 88' lang='lat' dir='ltr'><strong>lu</strong></span> <span class='ocrx_word' id='word_1_525' title='bbox 1424 3918 1486 3956; x_wconf 90' lang='lat' dir='ltr'><strong>ea</strong></span> <span class='ocrx_word' id='word_1_526' title='bbox 1537 3901 1740 3972; x_wconf 80' lang='lat' dir='ltr'><strong>(domo)</strong></span> 
     </span>
    </p>
   </div>
   <div class='ocr_carea' id='block_1_73' title="bbox 156 3985 1742 4054">
    <p class='ocr_par' dir='ltr' id='par_1_73' title="bbox 156 3985 1742 4054">
     <span class='ocr_line' id='line_1_73' title="bbox 156 3985 1742 4054; baseline 0.004 -16"><span class='ocrx_word' id='word_1_527' title='bbox 156 3985 307 4038; x_wconf 86' lang='lat' dir='ltr'><strong>illum</strong></span> <span class='ocrx_word' id='word_1_528' title='bbox 377 3988 581 4040; x_wconf 80' lang='lat' dir='ltr'><strong>versari</strong></span> <span class='ocrx_word' id='word_1_529' title='bbox 652 3989 1279 4044; x_wconf 86' lang='lat' dir='ltr'><strong>inconvenientissimum</strong></span> <span class='ocrx_word' id='word_1_530' title='bbox 1334 3991 1462 4054; x_wconf 86' lang='lat' dir='ltr'><strong>l&#39;uit,</strong></span> <span class='ocrx_word' id='word_1_531' title='bbox 1521 4006 1586 4044; x_wconf 83' lang='lat' dir='ltr'><strong>ne</strong></span> <span class='ocrx_word' id='word_1_532' title='bbox 1648 4001 1742 4044; x_wconf 89' lang='lat' dir='ltr'><strong>aut</strong></span> 
     </span>
    </p>
   </div>
   <div class='ocr_carea' id='block_1_74' title="bbox 159 4076 1740 4145">
    <p class='ocr_par' dir='ltr' id='par_1_74' title="bbox 159 4076 1740 4145">
     <span class='ocr_line' id='line_1_74' title="bbox 159 4076 1740 4145; baseline 0.006 -17"><span class='ocrx_word' id='word_1_533' title='bbox 159 4076 722 4145; x_wconf 83' lang='lat' dir='ltr'><strong>comprehenderetur</strong></span> <span class='ocrx_word' id='word_1_534' title='bbox 772 4087 829 4131; x_wconf 91' lang='lat' dir='ltr'><strong>ut</strong></span> <span class='ocrx_word' id='word_1_535' title='bbox 871 4079 1032 4144; x_wconf 90' lang='lat' dir='ltr'><strong>olim,</strong></span> <span class='ocrx_word' id='word_1_536' title='bbox 1081 4089 1206 4143; x_wconf 89' lang='lat' dir='ltr'><strong>aut,</strong></span> <span class='ocrx_word' id='word_1_537' title='bbox 1253 4081 1295 4136; x_wconf 92' lang='lat' dir='ltr'><strong>si</strong></span> <span class='ocrx_word' id='word_1_538' title='bbox 1349 4097 1406 4135; x_wconf 88' lang='lat' dir='ltr'><strong>se</strong></span> <span class='ocrx_word' id='word_1_539' title='bbox 1456 4082 1740 4137; x_wconf 83' lang='lat' dir='ltr'><strong>defendere</strong></span> 
     </span>
    </p>
   </div>
   <div class='ocr_carea' id='block_1_75' title="bbox 158 4168 1740 4241">
    <p class='ocr_par' dir='ltr' id='par_1_75' title="bbox 158 4168 1740 4241">
     <span class='ocr_line' id='line_1_75' title="bbox 158 4168 1740 4241; baseline 0.004 -23"><span class='ocrx_word' id='word_1_540' title='bbox 158 4177 483 4232; x_wconf 85' lang='lat' dir='ltr'><strong>conaretur,</strong></span> <span class='ocrx_word' id='word_1_541' title='bbox 525 4168 650 4237; x_wconf 84' lang='lat' dir='ltr'><strong>igne</strong></span> <span class='ocrx_word' id='word_1_542' title='bbox 698 4169 940 4222; x_wconf 89' lang='lat' dir='ltr'><strong>adhibito</strong></span> <span class='ocrx_word' id='word_1_543' title='bbox 971 4172 1120 4239; x_wconf 85' lang='lat' dir='ltr'><strong>(quid</strong></span> <span class='ocrx_word' id='word_1_544' title='bbox 1153 4173 1295 4226; x_wconf 87' lang='lat' dir='ltr'><strong>enim</strong></span> <span class='ocrx_word' id='word_1_545' title='bbox 1331 4173 1520 4241; x_wconf 83' lang='lat' dir='ltr'><strong>vulgus</strong></span> <span class='ocrx_word' id='word_1_546' title='bbox 1573 4173 1740 4227; x_wconf 82' lang='lat' dir='ltr'><strong>Vero-</strong></span> 
     </span>
    </p>
   </div>
   <div class='ocr_carea' id='block_1_76' title="bbox 159 4259 1738 4332">
    <p class='ocr_par' dir='ltr' id='par_1_76' title="bbox 159 4259 1738 4332">
     <span class='ocr_line' id='line_1_76' title="bbox 159 4259 1738 4332; baseline 0.006 -25"><span class='ocrx_word' id='word_1_547' title='bbox 159 4270 326 4308; x_wconf 85' lang='lat' dir='ltr'><strong>nense</strong></span> <span class='ocrx_word' id='word_1_548' title='bbox 373 4273 476 4310; x_wconf 93' lang='lat' dir='ltr'><strong>non</strong></span> <span class='ocrx_word' id='word_1_549' title='bbox 527 4259 748 4327; x_wconf 80' lang='lat' dir='ltr'><strong>audet?)</strong></span> <span class='ocrx_word' id='word_1_550' title='bbox 789 4261 1184 4328; x_wconf 75' lang='lat' dir='ltr'><strong>circumposita:</strong></span> <span class='ocrx_word' id='word_1_551' title='bbox 1223 4274 1440 4332; x_wconf 87' lang='lat' dir='ltr'><strong>propter</strong></span> <span class='ocrx_word' id='word_1_552' title='bbox 1477 4280 1597 4318; x_wconf 93' lang='lat' dir='ltr'><strong>eum</strong></span> <span class='ocrx_word' id='word_1_553' title='bbox 1642 4265 1738 4317; x_wconf 91' lang='lat' dir='ltr'><strong>ba-</strong></span> 
     </span>
    </p>
   </div>
   <div class='ocr_carea' id='block_1_77' title="bbox 1851 3083 3428 3152">
    <p class='ocr_par' dir='ltr' id='par_1_77' title="bbox 1851 3083 3428 3152">
     <span class='ocr_line' id='line_1_77' title="bbox 1851 3083 3428 3152; baseline 0.003 -16"><span class='ocrx_word' id='word_1_554' title='bbox 1851 3083 1974 3136; x_wconf 90' lang='lat' dir='ltr'><strong>durn</strong></span> <span class='ocrx_word' id='word_1_555' title='bbox 2005 3091 2175 3152; x_wconf 87' lang='lat' dir='ltr'><strong>caput</strong></span> <span class='ocrx_word' id='word_1_556' title='bbox 2213 3085 2277 3136; x_wconf 87' lang='lat' dir='ltr'><strong>ad</strong></span> <span class='ocrx_word' id='word_1_557' title='bbox 2307 3084 2522 3136; x_wconf 88' lang='lat' dir='ltr'><strong>domum</strong></span> <span class='ocrx_word' id='word_1_558' title='bbox 2563 3083 2917 3152; x_wconf 82' lang='lat' dir='ltr'><strong>episcopalem</strong></span> <span class='ocrx_word' id='word_1_559' title='bbox 2959 3085 3254 3152; x_wconf 87' lang='lat' dir='ltr'><strong>spectabat.</strong></span> <span class='ocrx_word' id='word_1_560' title='bbox 3285 3086 3428 3142; x_wconf 83' lang='lat' dir='ltr'><strong>Nart-</strong></span> 
     </span>
    </p>
   </div>
   <div class='ocr_carea' id='block_1_78' title="bbox 1851 3172 3426 3242">
    <p class='ocr_par' dir='ltr' id='par_1_78' title="bbox 1851 3172 3426 3242">
     <span class='ocr_line' id='line_1_78' title="bbox 1851 3172 3426 3242; baseline 0.003 -17"><span class='ocrx_word' id='word_1_561' title='bbox 1851 3173 1975 3226; x_wconf 91' lang='lat' dir='ltr'><strong>noni</strong></span> <span class='ocrx_word' id='word_1_562' title='bbox 2009 3188 2135 3226; x_wconf 83' lang='lat' dir='ltr'><strong>vero</strong></span> <span class='ocrx_word' id='word_1_563' title='bbox 2163 3175 2422 3242; x_wconf 70' lang='lat' dir='ltr'><strong>quaerenti</strong></span> <span class='ocrx_word' id='word_1_564' title='bbox 2455 3191 2468 3225; x_wconf 92' lang='lat'>:</span> <span class='ocrx_word' id='word_1_565' title='bbox 2506 3191 2524 3222; x_wconf 75' lang='grc' dir='ltr'>ί</span> <span class='ocrx_word' id='word_1_566' title='bbox 2563 3172 2698 3238; x_wconf 89' lang='lat' dir='ltr'><strong>Quid</strong></span> <span class='ocrx_word' id='word_1_567' title='bbox 2723 3175 2976 3241; x_wconf 88' lang='lat' dir='ltr'><strong>judicatis</strong></span> <span class='ocrx_word' id='word_1_568' title='bbox 3011 3177 3075 3228; x_wconf 87' lang='lat' dir='ltr'><strong>de</strong></span> <span class='ocrx_word' id='word_1_569' title='bbox 3105 3176 3205 3228; x_wconf 84' lang='lat' dir='ltr'><strong>ista</strong></span> <span class='ocrx_word' id='word_1_570' title='bbox 3236 3177 3426 3241; x_wconf 84' lang='lat' dir='ltr'><strong>domo,</strong></span> 
     </span>
    </p>
   </div>
   <div class='ocr_carea' id='block_1_79' title="bbox 1849 3264 3424 3336">
    <p class='ocr_par' dir='ltr' id='par_1_79' title="bbox 1849 3264 3424 3336">
     <span class='ocr_line' id='line_1_79' title="bbox 1849 3264 3424 3336; baseline 0.004 -22"><span class='ocrx_word' id='word_1_571' title='bbox 1849 3277 2010 3332; x_wconf 89' lang='lat' dir='ltr'><strong>quam</strong></span> <span class='ocrx_word' id='word_1_572' title='bbox 2055 3265 2132 3317; x_wconf 90' lang='lat' dir='ltr'><strong>sic</strong></span> <span class='ocrx_word' id='word_1_573' title='bbox 2181 3264 2510 3317; x_wconf 79' lang='lat' dir='ltr'><strong>destruetam</strong></span> <span class='ocrx_word' id='word_1_574' title='bbox 2570 3265 2810 3317; x_wconf 85' lang='lat' dir='ltr'><strong>videtis?</strong></span> <span class='ocrx_word' id='word_1_575' title='bbox 2844 3265 3014 3334; x_wconf 84' lang='lat' dir='ltr'><strong>Culpa</strong></span> <span class='ocrx_word' id='word_1_576' title='bbox 3046 3278 3128 3318; x_wconf 83' lang='lat' dir='ltr'><strong>est</strong></span> <span class='ocrx_word' id='word_1_577' title='bbox 3167 3267 3424 3336; x_wconf 89' lang='lat' dir='ltr'><strong>episcopi,</strong></span> 
     </span>
    </p>
   </div>
   <div class='ocr_carea' id='block_1_80' title="bbox 1848 3353 3428 3423">
    <p class='ocr_par' dir='ltr' id='par_1_80' title="bbox 1848 3353 3428 3423">
     <span class='ocr_line' id='line_1_80' title="bbox 1848 3353 3428 3423; baseline 0 -15"><span class='ocrx_word' id='word_1_578' title='bbox 1848 3369 2038 3408; x_wconf 91' lang='lat' dir='ltr'><strong>onmes</strong></span> <span class='ocrx_word' id='word_1_579' title='bbox 2081 3355 2423 3423; x_wconf 87' lang='lat' dir='ltr'><strong>respondent.</strong></span> <span class='ocrx_word' id='word_1_580' title='bbox 2479 3353 2719 3407; x_wconf 90' lang='lat' dir='ltr'><strong>Tertium</strong></span> <span class='ocrx_word' id='word_1_581' title='bbox 2767 3364 2925 3422; x_wconf 89' lang='lat' dir='ltr'><strong>caput</strong></span> <span class='ocrx_word' id='word_1_582' title='bbox 2975 3356 3218 3408; x_wconf 81' lang='lat' dir='ltr'><strong>Ratherii</strong></span> <span class='ocrx_word' id='word_1_583' title='bbox 3269 3357 3428 3408; x_wconf 73' lang='lat' dir='ltr'><strong>ludi-</strong></span> 
     </span>
    </p>
   </div>
   <div class='ocr_carea' id='block_1_81' title="bbox 1848 3443 3426 3513">
    <p class='ocr_par' dir='ltr' id='par_1_81' title="bbox 1848 3443 3426 3513">
     <span class='ocr_line' id='line_1_81' title="bbox 1848 3443 3426 3513; baseline -0.001 -15"><span class='ocrx_word' id='word_1_584' title='bbox 1848 3455 2023 3498; x_wconf 84' lang='lat' dir='ltr'><strong>catum</strong></span> <span class='ocrx_word' id='word_1_585' title='bbox 2076 3446 2425 3513; x_wconf 76' lang='lat' dir='ltr'><strong>respiciebat,</strong></span> <span class='ocrx_word' id='word_1_586' title='bbox 2459 3459 2564 3512; x_wconf 89' lang='lat' dir='ltr'><strong>quo</strong></span> <span class='ocrx_word' id='word_1_587' title='bbox 2613 3443 2870 3496; x_wconf 83' lang='lat' dir='ltr'><strong>beneﬁcia</strong></span> <span class='ocrx_word' id='word_1_588' title='bbox 2907 3445 3150 3511; x_wconf 84' lang='lat' dir='ltr'><strong>qu:cdam</strong></span> <span class='ocrx_word' id='word_1_589' title='bbox 3200 3445 3426 3511; x_wconf 84' lang='lat' dir='ltr'><strong>ingratis</strong></span> 
     </span>
    </p>
   </div>
   <div class='ocr_carea' id='block_1_82' title="bbox 1849 3534 3422 3605">
    <p class='ocr_par' dir='ltr' id='par_1_82' title="bbox 1849 3534 3422 3605">
     <span class='ocr_line' id='line_1_82' title="bbox 1849 3534 3422 3605; baseline 0 -17"><span class='ocrx_word' id='word_1_590' title='bbox 1849 3536 2146 3605; x_wconf 85' lang='lat' dir='ltr'><strong>majoribus</strong></span> <span class='ocrx_word' id='word_1_591' title='bbox 2197 3536 2434 3598; x_wconf 90' lang='lat' dir='ltr'><strong>clericis,</strong></span> <span class='ocrx_word' id='word_1_592' title='bbox 2481 3550 2574 3589; x_wconf 88' lang='lat' dir='ltr'><strong>serr</strong></span> <span class='ocrx_word' id='word_1_593' title='bbox 2632 3534 2910 3588; x_wconf 88' lang='lat' dir='ltr'><strong>canonicis</strong></span> <span class='ocrx_word' id='word_1_594' title='bbox 2968 3535 3035 3588; x_wconf 90' lang='lat' dir='ltr'><strong>ab</strong></span> <span class='ocrx_word' id='word_1_595' title='bbox 3084 3551 3148 3589; x_wconf 86' lang='lat' dir='ltr'><strong>eo</strong></span> <span class='ocrx_word' id='word_1_596' title='bbox 3217 3537 3422 3600; x_wconf 89' lang='lat' dir='ltr'><strong>ablata,</strong></span> 
     </span>
    </p>
   </div>
   <div class='ocr_carea' id='block_1_83' title="bbox 1848 3624 3420 3694">
    <p class='ocr_par' dir='ltr' id='par_1_83' title="bbox 1848 3624 3420 3694">
     <span class='ocr_line' id='line_1_83' title="bbox 1848 3624 3420 3694; baseline 0.003 -17"><span class='ocrx_word' id='word_1_597' title='bbox 1848 3625 2065 3694; x_wconf 75' lang='lat' dir='ltr'><strong>intrpum</strong></span> <span class='ocrx_word' id='word_1_598' title='bbox 2112 3625 2433 3678; x_wconf 87' lang='lat' dir='ltr'><strong>clericorum</strong></span> <span class='ocrx_word' id='word_1_599' title='bbox 2481 3624 2860 3678; x_wconf 85' lang='lat' dir='ltr'><strong>sustentationi</strong></span> <span class='ocrx_word' id='word_1_600' title='bbox 2917 3625 3132 3680; x_wconf 86' lang='lat' dir='ltr'><strong>addicta</strong></span> <span class='ocrx_word' id='word_1_601' title='bbox 3182 3626 3420 3681; x_wconf 86' lang='lat' dir='ltr'><strong>fuerant.</strong></span> 
     </span>
    </p>
   </div>
   <div class='ocr_carea' id='block_1_84' title="bbox 1847 3714 3425 3786">
    <p class='ocr_par' dir='ltr' id='par_1_84' title="bbox 1847 3714 3425 3786">
     <span class='ocr_line' id='line_1_84' title="bbox 1847 3714 3425 3786; baseline 0.004 -19"><span class='ocrx_word' id='word_1_602' title='bbox 1847 3715 2019 3782; x_wconf 88' lang='lat' dir='ltr'><strong>Quid,</strong></span> <span class='ocrx_word' id='word_1_603' title='bbox 2075 3736 2092 3767; x_wconf 74' lang='grc' dir='ltr'><strong>ι</strong></span> <span class='ocrx_word' id='word_1_604' title='bbox 2157 3717 2331 3786; x_wconf 88' lang='lat' dir='ltr'><strong>inquit</strong></span> <span class='ocrx_word' id='word_1_605' title='bbox 2391 3715 2530 3768; x_wconf 89' lang='lat' dir='ltr'><strong>idem</strong></span> <span class='ocrx_word' id='word_1_606' title='bbox 2579 3714 2802 3779; x_wconf 85' lang='lat' dir='ltr'><strong>Nanno,</strong></span> <span class='ocrx_word' id='word_1_607' title='bbox 2857 3734 2874 3766; x_wconf 69' lang='grc' dir='ltr'>ε</span> <span class='ocrx_word' id='word_1_608' title='bbox 2911 3717 2978 3770; x_wconf 89' lang='lat' dir='ltr'><strong>de</strong></span> <span class='ocrx_word' id='word_1_609' title='bbox 3027 3717 3143 3771; x_wconf 85' lang='lat' dir='ltr'><strong>istis</strong></span> <span class='ocrx_word' id='word_1_610' title='bbox 3211 3718 3425 3774; x_wconf 86' lang='lat' dir='ltr'><strong>clericis</strong></span> 
     </span>
    </p>
   </div>
   <div class='ocr_carea' id='block_1_85' title="bbox 1843 3809 3421 3881">
    <p class='ocr_par' dir='ltr' id='par_1_85' title="bbox 1843 3809 3421 3881">
     <span class='ocr_line' id='line_1_85' title="bbox 1843 3809 3421 3881; baseline 0.004 -19"><span class='ocrx_word' id='word_1_611' title='bbox 1843 3810 1920 3878; x_wconf 78' lang='lat' dir='ltr'><strong>(id</strong></span> <span class='ocrx_word' id='word_1_612' title='bbox 1982 3817 2066 3863; x_wconf 89' lang='lat' dir='ltr'><strong>est</strong></span> <span class='ocrx_word' id='word_1_613' title='bbox 2111 3809 2448 3880; x_wconf 90' lang='lat' dir='ltr'><strong>majoribus),</strong></span> <span class='ocrx_word' id='word_1_614' title='bbox 2501 3809 2591 3877; x_wconf 90' lang='lat' dir='ltr'><strong>qui</strong></span> <span class='ocrx_word' id='word_1_615' title='bbox 2642 3825 2737 3862; x_wconf 90' lang='lat' dir='ltr'><strong>sua</strong></span> <span class='ocrx_word' id='word_1_616' title='bbox 2801 3810 3063 3864; x_wconf 78' lang='lat' dir='ltr'><strong>beneficia</strong></span> <span class='ocrx_word' id='word_1_617' title='bbox 3117 3812 3190 3865; x_wconf 81' lang='lat' dir='ltr'><strong>ita</strong></span> <span class='ocrx_word' id='word_1_618' title='bbox 3237 3813 3421 3881; x_wconf 84' lang='lat' dir='ltr'><strong>perdi-</strong></span> 
     </span>
    </p>
   </div>
   <div class='ocr_carea' id='block_1_86' title="bbox 1845 3900 3412 3972">
    <p class='ocr_par' dir='ltr' id='par_1_86' title="bbox 1845 3900 3412 3972">
     <span class='ocr_line' id='line_1_86' title="bbox 1845 3900 3412 3972; baseline 0.003 -19"><span class='ocrx_word' id='word_1_619' title='bbox 1845 3900 2091 3954; x_wconf 87' lang='lat' dir='ltr'><strong>derrrrrt?</strong></span> <span class='ocrx_word' id='word_1_620' title='bbox 2141 3901 2591 3954; x_wconf 80' lang='lat' dir='ltr'><strong>Exclamaverunt</strong></span> <span class='ocrx_word' id='word_1_621' title='bbox 2655 3916 2844 3954; x_wconf 87' lang='lat' dir='ltr'><strong>onmes</strong></span> <span class='ocrx_word' id='word_1_622' title='bbox 2893 3919 2906 3953; x_wconf 90' lang='lat'>:</span> <span class='ocrx_word' id='word_1_623' title='bbox 2963 3900 3107 3955; x_wconf 83' lang='lat' dir='ltr'><strong>Nihil</strong></span> <span class='ocrx_word' id='word_1_624' title='bbox 3165 3903 3334 3972; x_wconf 87' lang='lat' dir='ltr'><strong>pejus.</strong></span> <span class='ocrx_word' id='word_1_625' title='bbox 3392 3924 3412 3957; x_wconf 77' lang='grc' dir='ltr'><strong><em>ι</em></strong></span> 
     </span>
    </p>
   </div>
   <div class='ocr_carea' id='block_1_87' title="bbox 1844 3988 3424 4060">
    <p class='ocr_par' dir='ltr' id='par_1_87' title="bbox 1844 3988 3424 4060">
     <span class='ocr_line' id='line_1_87' title="bbox 1844 3988 3424 4060; baseline 0.003 -19"><span class='ocrx_word' id='word_1_626' title='bbox 1844 3988 2106 4054; x_wconf 90' lang='lat' dir='ltr'><strong>Quartum</strong></span> <span class='ocrx_word' id='word_1_627' title='bbox 2153 3999 2315 4060; x_wconf 89' lang='lat' dir='ltr'><strong>caput</strong></span> <span class='ocrx_word' id='word_1_628' title='bbox 2360 3990 2459 4043; x_wconf 88' lang='lat' dir='ltr'><strong>fuit</strong></span> <span class='ocrx_word' id='word_1_629' title='bbox 2491 4010 2504 4042; x_wconf 70' lang='grc' dir='ltr'>ς</span> <span class='ocrx_word' id='word_1_630' title='bbox 2543 4008 2561 4039; x_wconf 72' lang='grc' dir='ltr'>ι</span> <span class='ocrx_word' id='word_1_631' title='bbox 2597 3988 2734 4055; x_wconf 88' lang='lat' dir='ltr'><strong>Quid</strong></span> <span class='ocrx_word' id='word_1_632' title='bbox 2761 3991 2826 4044; x_wconf 89' lang='lat' dir='ltr'><strong>de</strong></span> <span class='ocrx_word' id='word_1_633' title='bbox 2855 4005 2920 4044; x_wconf 89' lang='lat' dir='ltr'><strong>eo</strong></span> <span class='ocrx_word' id='word_1_634' title='bbox 2965 3991 3140 4058; x_wconf 90' lang='lat' dir='ltr'><strong>quod,</strong></span> <span class='ocrx_word' id='word_1_635' title='bbox 3173 3992 3218 4045; x_wconf 86' lang='lat' dir='ltr'><strong>si</strong></span> <span class='ocrx_word' id='word_1_636' title='bbox 3258 3993 3424 4047; x_wconf 79' lang='lat' dir='ltr'><strong>cleri-</strong></span> 
     </span>
    </p>
   </div>
   <div class='ocr_carea' id='block_1_88' title="bbox 1841 4079 3416 4149">
    <p class='ocr_par' dir='ltr' id='par_1_88' title="bbox 1841 4079 3416 4149">
     <span class='ocr_line' id='line_1_88' title="bbox 1841 4079 3416 4149; baseline 0.003 -14"><span class='ocrx_word' id='word_1_637' title='bbox 1841 4094 1966 4143; x_wconf 89' lang='lat' dir='ltr'><strong>cus,</strong></span> <span class='ocrx_word' id='word_1_638' title='bbox 2008 4088 2105 4132; x_wconf 89' lang='lat' dir='ltr'><strong>aut</strong></span> <span class='ocrx_word' id='word_1_639' title='bbox 2136 4079 2372 4135; x_wconf 86' lang='lat' dir='ltr'><strong>famulus</strong></span> <span class='ocrx_word' id='word_1_640' title='bbox 2417 4081 2584 4149; x_wconf 91' lang='lat' dir='ltr'><strong>ipsius</strong></span> <span class='ocrx_word' id='word_1_641' title='bbox 2615 4096 2710 4149; x_wconf 89' lang='lat' dir='ltr'><strong>per</strong></span> <span class='ocrx_word' id='word_1_642' title='bbox 2739 4097 2891 4135; x_wconf 87' lang='lat' dir='ltr'><strong>suam</strong></span> <span class='ocrx_word' id='word_1_643' title='bbox 2932 4082 3262 4137; x_wconf 81' lang='lat' dir='ltr'><strong>voluntatem</strong></span> <span class='ocrx_word' id='word_1_644' title='bbox 3308 4101 3416 4139; x_wconf 91' lang='lat' dir='ltr'><strong>non</strong></span> 
     </span>
    </p>
   </div>
   <div class='ocr_carea' id='block_1_89' title="bbox 1842 4171 3417 4242">
    <p class='ocr_par' dir='ltr' id='par_1_89' title="bbox 1842 4171 3417 4242">
     <span class='ocr_line' id='line_1_89' title="bbox 1842 4171 3417 4242; baseline 0.004 -19"><span class='ocrx_word' id='word_1_645' title='bbox 1842 4171 1957 4225; x_wconf 87' lang='lat' dir='ltr'><strong>adit</strong></span> <span class='ocrx_word' id='word_1_646' title='bbox 2003 4179 2231 4226; x_wconf 88' lang='lat' dir='ltr'><strong>vocatus</strong></span> <span class='ocrx_word' id='word_1_647' title='bbox 2260 4173 2600 4241; x_wconf 84' lang='lat' dir='ltr'><strong>episcopum,</strong></span> <span class='ocrx_word' id='word_1_648' title='bbox 2633 4171 2720 4226; x_wconf 89' lang='lat' dir='ltr'><strong>ille</strong></span> <span class='ocrx_word' id='word_1_649' title='bbox 2749 4188 2875 4227; x_wconf 90' lang='lat' dir='ltr'><strong>suos</strong></span> <span class='ocrx_word' id='word_1_650' title='bbox 2915 4173 3196 4229; x_wconf 85' lang='lat' dir='ltr'><strong>baculares</strong></span> <span class='ocrx_word' id='word_1_651' title='bbox 3229 4176 3417 4242; x_wconf 83' lang='lat' dir='ltr'><strong>mittit,</strong></span> 
     </span>
    </p>
   </div>
   <div class='ocr_carea' id='block_1_90' title="bbox 1843 4264 3418 4336">
    <p class='ocr_par' dir='ltr' id='par_1_90' title="bbox 1843 4264 3418 4336">
     <span class='ocr_line' id='line_1_90' title="bbox 1843 4264 3418 4336; baseline 0.004 -22"><span class='ocrx_word' id='word_1_652' title='bbox 1843 4271 1898 4314; x_wconf 87' lang='lat' dir='ltr'><strong>et</strong></span> <span class='ocrx_word' id='word_1_653' title='bbox 1950 4277 2046 4330; x_wconf 92' lang='lat' dir='ltr'><strong>per</strong></span> <span class='ocrx_word' id='word_1_654' title='bbox 2088 4271 2407 4332; x_wconf 90' lang='lat' dir='ltr'><strong>potestatem</strong></span> <span class='ocrx_word' id='word_1_655' title='bbox 2462 4278 2586 4316; x_wconf 90' lang='lat' dir='ltr'><strong>eum</strong></span> <span class='ocrx_word' id='word_1_656' title='bbox 2645 4264 2875 4331; x_wconf 91' lang='lat' dir='ltr'><strong>rapiunt,</strong></span> <span class='ocrx_word' id='word_1_657' title='bbox 2902 4273 2958 4317; x_wconf 91' lang='lat' dir='ltr'><strong>et</strong></span> <span class='ocrx_word' id='word_1_658' title='bbox 3000 4266 3065 4317; x_wconf 89' lang='lat' dir='ltr'><strong>ad</strong></span> <span class='ocrx_word' id='word_1_659' title='bbox 3108 4267 3418 4336; x_wconf 86' lang='lat' dir='ltr'><strong>episcopum</strong></span> 
     </span>
    </p>
   </div>
   <div class='ocr_carea' id='block_1_91' title="bbox 161 4335 3422 4424">
    <p class='ocr_par' dir='ltr' id='par_1_91' title="bbox 161 4335 3422 4424">
     <span class='ocr_line' id='line_1_91' title="bbox 161 4335 3422 4424; baseline 0.004 -26"><span class='ocrx_word' id='word_1_660' title='bbox 161 4345 320 4399; x_wconf 67' lang='lat' dir='ltr'><strong>silicaa</strong></span> <span class='ocrx_word' id='word_1_661' title='bbox 369 4359 774 4402; x_wconf 89' lang='lat' dir='ltr'><strong>cremarentur.</strong></span> <span class='ocrx_word' id='word_1_662' title='bbox 817 4350 873 4404; x_wconf 87' lang='lat' dir='ltr'><strong>Si</strong></span> <span class='ocrx_word' id='word_1_663' title='bbox 917 4361 1168 4405; x_wconf 88' lang='lat' dir='ltr'><strong>neutrum</strong></span> <span class='ocrx_word' id='word_1_664' title='bbox 1215 4368 1343 4407; x_wconf 88' lang='lat' dir='ltr'><strong>vero</strong></span> <span class='ocrx_word' id='word_1_665' title='bbox 1379 4356 1734 4424; x_wconf 86' lang='lat' dir='ltr'><strong>contingeret,</strong></span> <span class='ocrx_word' id='word_1_666' title='bbox 1768 4335 2082 4407; x_wconf 78' lang='lat' dir='ltr'><strong>Dducunt?</strong></span> <span class='ocrx_word' id='word_1_667' title='bbox 2121 4353 2239 4418; x_wconf 84' lang='lat' dir='ltr'><strong>llic,</strong></span> <span class='ocrx_word' id='word_1_668' title='bbox 2293 4370 2415 4408; x_wconf 92' lang='lat' dir='ltr'><strong>cum</strong></span> <span class='ocrx_word' id='word_1_669' title='bbox 2472 4368 2663 4407; x_wconf 91' lang='lat' dir='ltr'><strong>omnes</strong></span> <span class='ocrx_word' id='word_1_670' title='bbox 2723 4353 2849 4408; x_wconf 86' lang='lat' dir='ltr'><strong>illud</strong></span> <span class='ocrx_word' id='word_1_671' title='bbox 2900 4355 3284 4411; x_wconf 90' lang='lat' dir='ltr'><strong>Terentianum</strong></span> <span class='ocrx_word' id='word_1_672' title='bbox 3334 4374 3422 4410; x_wconf 88' lang='lat' dir='ltr'><strong>va-</strong></span> 
     </span>
    </p>
   </div>
   <div class='ocr_carea' id='block_1_92' title="bbox 142 4436 1739 4526">
    <p class='ocr_par' dir='ltr' id='par_1_92' title="bbox 142 4436 1739 4526">
     <span class='ocr_line' id='line_1_92' title="bbox 142 4436 1739 4526; baseline 0.009 -41"><span class='ocrx_word' id='word_1_673' title='bbox 142 4437 280 4526; x_wconf 31' lang='lat' dir='ltr'><strong>(quid</strong></span> <span class='ocrx_word' id='word_1_674' title='bbox 333 4436 556 4504; x_wconf 90' lang='lat' dir='ltr'><strong>faceret,</strong></span> <span class='ocrx_word' id='word_1_675' title='bbox 605 4455 732 4494; x_wconf 91' lang='lat' dir='ltr'><strong>cum</strong></span> <span class='ocrx_word' id='word_1_676' title='bbox 772 4452 1002 4498; x_wconf 79' lang='lat' dir='ltr'><strong>exeunte</strong></span> <span class='ocrx_word' id='word_1_677' title='bbox 1051 4458 1120 4497; x_wconf 80' lang='lat' dir='ltr'><strong>ex</strong></span> <span class='ocrx_word' id='word_1_678' title='bbox 1165 4459 1230 4499; x_wconf 85' lang='lat' dir='ltr'><strong>ea</strong></span> <span class='ocrx_word' id='word_1_679' title='bbox 1272 4461 1377 4498; x_wconf 92' lang='lat' dir='ltr'><strong>uno</strong></span> <span class='ocrx_word' id='word_1_680' title='bbox 1423 4461 1489 4500; x_wconf 82' lang='lat' dir='ltr'><strong>ex</strong></span> <span class='ocrx_word' id='word_1_681' title='bbox 1534 4456 1739 4500; x_wconf 83' lang='lat' dir='ltr'><strong>vestra-</strong></span> 
     </span>
    </p>
   </div>
   <div class='ocr_carea' id='block_1_93' title="bbox 163 4529 1736 4605">
    <p class='ocr_par' dir='ltr' id='par_1_93' title="bbox 163 4529 1736 4605">
     <span class='ocr_line' id='line_1_93' title="bbox 163 4529 1736 4605; baseline 0.008 -27"><span class='ocrx_word' id='word_1_682' title='bbox 163 4529 298 4583; x_wconf 90' lang='lat' dir='ltr'><strong>tibus</strong></span> <span class='ocrx_word' id='word_1_683' title='bbox 345 4531 418 4600; x_wconf 90' lang='lat' dir='ltr'><strong>(id</strong></span> <span class='ocrx_word' id='word_1_684' title='bbox 468 4541 555 4585; x_wconf 89' lang='lat' dir='ltr'><strong>est</strong></span> <span class='ocrx_word' id='word_1_685' title='bbox 602 4531 896 4587; x_wconf 78' lang='lat' dir='ltr'><strong>Germanis</strong></span> <span class='ocrx_word' id='word_1_686' title='bbox 945 4535 1012 4589; x_wconf 89' lang='lat' dir='ltr'><strong>ad</strong></span> <span class='ocrx_word' id='word_1_687' title='bbox 1061 4536 1401 4605; x_wconf 88' lang='lat' dir='ltr'><strong>imperatoris</strong></span> <span class='ocrx_word' id='word_1_688' title='bbox 1439 4539 1736 4592; x_wconf 85' lang='lat' dir='ltr'><strong>exercitum</strong></span> 
     </span>
    </p>
   </div>
   <div class='ocr_carea' id='block_1_94' title="bbox 158 4622 1736 4700">
    <p class='ocr_par' dir='ltr' id='par_1_94' title="bbox 158 4622 1736 4700">
     <span class='ocr_line' id='line_1_94' title="bbox 158 4622 1736 4700; baseline 0.009 -30"><span class='ocrx_word' id='word_1_689' title='bbox 158 4622 650 4688; x_wconf 76' lang='lat' dir='ltr'><strong>proﬁciscentibus,</strong></span> <span class='ocrx_word' id='word_1_690' title='bbox 701 4622 786 4676; x_wconf 82' lang='lat' dir='ltr'><strong>vel</strong></span> <span class='ocrx_word' id='word_1_691' title='bbox 821 4625 1015 4680; x_wconf 82' lang='lat' dir='ltr'><strong>exinde</strong></span> <span class='ocrx_word' id='word_1_692' title='bbox 1058 4627 1428 4700; x_wconf 86' lang='lat' dir='ltr'><strong>redeuntibus)</strong></span> <span class='ocrx_word' id='word_1_693' title='bbox 1471 4630 1736 4699; x_wconf 88' lang='lat' dir='ltr'><strong>principe,</strong></span> 
     </span>
    </p>
   </div>
   <div class='ocr_carea' id='block_1_95' title="bbox 158 4709 1739 4780">
    <p class='ocr_par' dir='ltr' id='par_1_95' title="bbox 158 4709 1739 4780">
     <span class='ocr_line' id='line_1_95' title="bbox 158 4709 1739 4780; baseline 0.007 -18"><span class='ocrx_word' id='word_1_694' title='bbox 158 4709 295 4764; x_wconf 85' lang='lat' dir='ltr'><strong>alter</strong></span> <span class='ocrx_word' id='word_1_695' title='bbox 334 4714 383 4766; x_wconf 92' lang='lat' dir='ltr'><strong>ei</strong></span> <span class='ocrx_word' id='word_1_696' title='bbox 430 4715 792 4779; x_wconf 87' lang='lat' dir='ltr'><strong>succederet,</strong></span> <span class='ocrx_word' id='word_1_697' title='bbox 828 4717 899 4769; x_wconf 91' lang='lat' dir='ltr'><strong>illi</strong></span> <span class='ocrx_word' id='word_1_698' title='bbox 945 4717 1103 4780; x_wconf 83' lang='lat' dir='ltr'><strong>alius,</strong></span> <span class='ocrx_word' id='word_1_699' title='bbox 1145 4718 1283 4773; x_wconf 92' lang='lat' dir='ltr'><strong>alius</strong></span> <span class='ocrx_word' id='word_1_700' title='bbox 1327 4721 1454 4774; x_wconf 90' lang='lat' dir='ltr'><strong>item</strong></span> <span class='ocrx_word' id='word_1_701' title='bbox 1499 4721 1610 4773; x_wconf 92' lang='lat' dir='ltr'><strong>illi?</strong></span> <span class='ocrx_word' id='word_1_702' title='bbox 1638 4719 1739 4773; x_wconf 88' lang='lat' dir='ltr'><strong>Po-</strong></span> 
     </span>
    </p>
   </div>
   <div class='ocr_carea' id='block_1_96' title="bbox 161 4805 1732 4874">
    <p class='ocr_par' dir='ltr' id='par_1_96' title="bbox 161 4805 1732 4874">
     <span class='ocr_line' id='line_1_96' title="bbox 161 4805 1732 4874; baseline 0.005 -22"><span class='ocrx_word' id='word_1_703' title='bbox 161 4808 364 4856; x_wconf 87' lang='lat' dir='ltr'><strong>teratne</strong></span> <span class='ocrx_word' id='word_1_704' title='bbox 395 4820 514 4858; x_wconf 89' lang='lat' dir='ltr'><strong>cum</strong></span> <span class='ocrx_word' id='word_1_705' title='bbox 563 4806 674 4858; x_wconf 89' lang='lat' dir='ltr'><strong>illis</strong></span> <span class='ocrx_word' id='word_1_706' title='bbox 715 4805 1002 4874; x_wconf 87' lang='lat' dir='ltr'><strong>episcopus</strong></span> <span class='ocrx_word' id='word_1_707' title='bbox 1034 4807 1085 4859; x_wconf 92' lang='lat' dir='ltr'><strong>iu</strong></span> <span class='ocrx_word' id='word_1_708' title='bbox 1116 4823 1221 4860; x_wconf 87' lang='lat' dir='ltr'><strong>una</strong></span> <span class='ocrx_word' id='word_1_709' title='bbox 1247 4808 1404 4862; x_wconf 88' lang='lat' dir='ltr'><strong>dorno</strong></span> <span class='ocrx_word' id='word_1_710' title='bbox 1434 4809 1678 4862; x_wconf 87' lang='lat' dir='ltr'><strong>versari?</strong></span> <span class='ocrx_word' id='word_1_711' title='bbox 1713 4827 1732 4860; x_wconf 73' lang='grc' dir='ltr'><strong><em>ι</em></strong></span> 
     </span>
    </p>
   </div>
   <div class='ocr_carea' id='block_1_97' title="bbox 159 4892 1737 4969">
    <p class='ocr_par' dir='ltr' id='par_1_97' title="bbox 159 4892 1737 4969">
     <span class='ocr_line' id='line_1_97' title="bbox 159 4892 1737 4969; baseline 0.006 -24"><span class='ocrx_word' id='word_1_712' title='bbox 159 4892 384 4964; x_wconf 87' lang='lat' dir='ltr'><strong>ldipsum</strong></span> <span class='ocrx_word' id='word_1_713' title='bbox 429 4898 551 4952; x_wconf 85' lang='lat' dir='ltr'><strong>aliis</strong></span> <span class='ocrx_word' id='word_1_714' title='bbox 584 4899 772 4952; x_wconf 83' lang='lat' dir='ltr'><strong>verbis</strong></span> <span class='ocrx_word' id='word_1_715' title='bbox 812 4901 984 4969; x_wconf 82' lang='lat' dir='ltr'><strong>tangit</strong></span> <span class='ocrx_word' id='word_1_716' title='bbox 1038 4900 1092 4953; x_wconf 86' lang='lat' dir='ltr'><strong>in</strong></span> <span class='ocrx_word' id='word_1_717' title='bbox 1137 4914 1388 4954; x_wconf 91' lang='lat' dir='ltr'><strong>sermone</strong></span> <span class='ocrx_word' id='word_1_718' title='bbox 1423 4905 1486 4953; x_wconf 83' lang='lat' dir='ltr'><strong>de</strong></span> <span class='ocrx_word' id='word_1_719' title='bbox 1526 4901 1737 4955; x_wconf 76' lang='lat' dir='ltr'><strong>Octaris</strong></span> 
     </span>
    </p>
   </div>
   <div class='ocr_carea' id='block_1_98' title="bbox 162 4982 1736 5045">
    <p class='ocr_par' dir='ltr' id='par_1_98' title="bbox 162 4982 1736 5045">
     <span class='ocr_line' id='line_1_98' title="bbox 162 4982 1736 5045; baseline 0.007 -11"><span class='ocrx_word' id='word_1_720' title='bbox 162 4982 377 5039; x_wconf 75' lang='lat' dir='ltr'><strong>Pusclur</strong></span> <span class='ocrx_word' id='word_1_721' title='bbox 399 5003 550 5041; x_wconf 91' lang='lat' dir='ltr'><strong>num.</strong></span> <span class='ocrx_word' id='word_1_722' title='bbox 586 4988 642 5041; x_wconf 73' lang='grc'><strong>2.</strong></span> <span class='ocrx_word' id='word_1_723' title='bbox 676 4988 900 5042; x_wconf 90' lang='lat' dir='ltr'><strong>lnterirn</strong></span> <span class='ocrx_word' id='word_1_724' title='bbox 931 5006 1034 5043; x_wconf 89' lang='lat' dir='ltr'><strong>non</strong></span> <span class='ocrx_word' id='word_1_725' title='bbox 1068 4990 1275 5044; x_wconf 87' lang='lat' dir='ltr'><strong>destitit</strong></span> <span class='ocrx_word' id='word_1_726' title='bbox 1303 4991 1531 5045; x_wconf 87' lang='lat' dir='ltr'><strong>rebelles</strong></span> <span class='ocrx_word' id='word_1_727' title='bbox 1562 4991 1736 5045; x_wconf 90' lang='lat' dir='ltr'><strong>adhuc</strong></span> 
     </span>
    </p>
   </div>
   <div class='ocr_carea' id='block_1_99' title="bbox 162 5077 1734 5151">
    <p class='ocr_par' dir='ltr' id='par_1_99' title="bbox 162 5077 1734 5151">
     <span class='ocr_line' id='line_1_99' title="bbox 162 5077 1734 5151; baseline 0.003 -22"><span class='ocrx_word' id='word_1_728' title='bbox 162 5077 224 5130; x_wconf 88' lang='lat' dir='ltr'><strong>ad</strong></span> <span class='ocrx_word' id='word_1_729' title='bbox 251 5093 430 5146; x_wconf 85' lang='lat' dir='ltr'><strong>pacem</strong></span> <span class='ocrx_word' id='word_1_730' title='bbox 463 5079 700 5135; x_wconf 88' lang='lat' dir='ltr'><strong>hortari.</strong></span> <span class='ocrx_word' id='word_1_731' title='bbox 746 5079 879 5134; x_wconf 80' lang='lat' dir='ltr'><strong>Vide</strong></span> <span class='ocrx_word' id='word_1_732' title='bbox 913 5082 1082 5151; x_wconf 88' lang='lat' dir='ltr'><strong>ipstrut</strong></span> <span class='ocrx_word' id='word_1_733' title='bbox 1131 5097 1438 5138; x_wconf 86' lang='lat' dir='ltr'><strong>sermonem</strong></span> <span class='ocrx_word' id='word_1_734' title='bbox 1475 5082 1540 5135; x_wconf 82' lang='lat' dir='ltr'><strong>de</strong></span> <span class='ocrx_word' id='word_1_735' title='bbox 1572 5081 1734 5135; x_wconf 82' lang='lat' dir='ltr'><strong>Octa-</strong></span> 
     </span>
    </p>
   </div>
   <div class='ocr_carea' id='block_1_100' title="bbox 163 5167 1737 5240">
    <p class='ocr_par' dir='ltr' id='par_1_100' title="bbox 163 5167 1737 5240">
     <span class='ocr_line' id='line_1_100' title="bbox 163 5167 1737 5240; baseline -0.004 -11"><span class='ocrx_word' id='word_1_736' title='bbox 163 5170 232 5222; x_wconf 71' lang='grc' dir='ltr'><strong>ι’ἔε</strong></span> <span class='ocrx_word' id='word_1_737' title='bbox 279 5167 515 5239; x_wconf 65' lang='lat' dir='ltr'><strong>Pascitur,</strong></span> <span class='ocrx_word' id='word_1_738' title='bbox 561 5172 734 5227; x_wconf 68' lang='lat' dir='ltr'><strong>alium</strong></span> <span class='ocrx_word' id='word_1_739' title='bbox 780 5181 892 5240; x_wconf 71' lang='lat' dir='ltr'><strong>post</strong></span> <span class='ocrx_word' id='word_1_740' title='bbox 945 5170 1172 5234; x_wconf 79' lang='lat' dir='ltr'><strong>Pascha,</strong></span> <span class='ocrx_word' id='word_1_741' title='bbox 1227 5181 1282 5226; x_wconf 82' lang='lat' dir='ltr'><strong>et</strong></span> <span class='ocrx_word' id='word_1_742' title='bbox 1328 5174 1623 5229; x_wconf 86' lang='lat' dir='ltr'><strong>secundum</strong></span> <span class='ocrx_word' id='word_1_743' title='bbox 1673 5171 1737 5223; x_wconf 86' lang='lat' dir='ltr'><strong>de</strong></span> 
     </span>
    </p>
   </div>
   <div class='ocr_carea' id='block_1_101' title="bbox 162 5260 1728 5330">
    <p class='ocr_par' dir='ltr' id='par_1_101' title="bbox 162 5260 1728 5330">
     <span class='ocr_line' id='line_1_101' title="bbox 162 5260 1728 5330; baseline 0.002 -19"><span class='ocrx_word' id='word_1_744' title='bbox 162 5260 462 5316; x_wconf 74' lang='lat' dir='ltr'><strong>Ascensione</strong></span> <span class='ocrx_word' id='word_1_745' title='bbox 509 5262 754 5325; x_wconf 82' lang='lat' dir='ltr'><strong>Domini,</strong></span> <span class='ocrx_word' id='word_1_746' title='bbox 796 5262 888 5330; x_wconf 86' lang='lat' dir='ltr'><strong>qui</strong></span> <span class='ocrx_word' id='word_1_747' title='bbox 929 5263 1030 5319; x_wconf 90' lang='lat' dir='ltr'><strong>hoc</strong></span> <span class='ocrx_word' id='word_1_748' title='bbox 1055 5265 1244 5319; x_wconf 85' lang='lat' dir='ltr'><strong>eodem</strong></span> <span class='ocrx_word' id='word_1_749' title='bbox 1286 5281 1428 5320; x_wconf 88' lang='lat' dir='ltr'><strong>anno</strong></span> <span class='ocrx_word' id='word_1_750' title='bbox 1457 5264 1561 5318; x_wconf 82' lang='lat'><strong>968</strong></span> <span class='ocrx_word' id='word_1_751' title='bbox 1599 5262 1728 5315; x_wconf 88' lang='lat' dir='ltr'><strong>rcci-</strong></span> 
     </span>
    </p>
   </div>
   <div class='ocr_carea' id='block_1_102' title="bbox 166 5353 486 5388">
    <p class='ocr_par' dir='ltr' id='par_1_102' title="bbox 166 5353 486 5388">
     <span class='ocr_line' id='line_1_102' title="bbox 166 5353 486 5388; baseline 0 0"><span class='ocrx_word' id='word_1_752' title='bbox 166 5354 251 5388; x_wconf 65' lang='lat' dir='ltr'><strong>HI:</strong></span> <span class='ocrx_word' id='word_1_753' title='bbox 283 5353 426 5388; x_wconf 68' lang='grc' dir='ltr'><strong>Γηηι-ιι</strong></span> <span class='ocrx_word' id='word_1_754' title='bbox 437 5367 486 5388; x_wconf 75' lang='grc' dir='ltr'>ιιι</span> 
     </span>
    </p>
   </div>
   <div class='ocr_carea' id='block_1_103' title="bbox 1841 4443 3415 4513">
    <p class='ocr_par' dir='ltr' id='par_1_103' title="bbox 1841 4443 3415 4513">
     <span class='ocr_line' id='line_1_103' title="bbox 1841 4443 3415 4513; baseline 0.003 -17"><span class='ocrx_word' id='word_1_755' title='bbox 1841 4444 2066 4498; x_wconf 89' lang='lat' dir='ltr'><strong>luisserrt</strong></span> <span class='ocrx_word' id='word_1_756' title='bbox 2113 4444 2414 4513; x_wconf 88' lang='lat' dir='ltr'><strong>justissime</strong></span> <span class='ocrx_word' id='word_1_757' title='bbox 2470 4444 2794 4513; x_wconf 86' lang='lat' dir='ltr'><strong>respondere</strong></span> <span class='ocrx_word' id='word_1_758' title='bbox 2837 4462 2848 4497; x_wconf 92' lang='lat'><strong>:</strong></span> <span class='ocrx_word' id='word_1_759' title='bbox 2901 4443 2946 4499; x_wconf 92' lang='grc'>0</span> <span class='ocrx_word' id='word_1_760' title='bbox 2993 4443 3193 4498; x_wconf 84' lang='lat' dir='ltr'><strong>factum</strong></span> <span class='ocrx_word' id='word_1_761' title='bbox 3249 4447 3415 4501; x_wconf 87' lang='lat' dir='ltr'><strong>bene!</strong></span> 
     </span>
    </p>
   </div>
   <div class='ocr_carea' id='block_1_104' title="bbox 1841 4535 3414 4605">
    <p class='ocr_par' dir='ltr' id='par_1_104' title="bbox 1841 4535 3414 4605">
     <span class='ocr_line' id='line_1_104' title="bbox 1841 4535 3414 4605; baseline 0.001 -19"><span class='ocrx_word' id='word_1_762' title='bbox 1841 4535 2066 4604; x_wconf 90' lang='lat' dir='ltr'><strong>porcino</strong></span> <span class='ocrx_word' id='word_1_763' title='bbox 2113 4538 2282 4605; x_wconf 81' lang='lat' dir='ltr'><strong>magis</strong></span> <span class='ocrx_word' id='word_1_764' title='bbox 2327 4536 2560 4589; x_wconf 90' lang='lat' dir='ltr'><strong>universi</strong></span> <span class='ocrx_word' id='word_1_765' title='bbox 2615 4545 3075 4604; x_wconf 90' lang='lat' dir='ltr'><strong>concrepaverunt</strong></span> <span class='ocrx_word' id='word_1_766' title='bbox 3109 4537 3359 4590; x_wconf 89' lang='lat' dir='ltr'><strong>stridore.</strong></span> <span class='ocrx_word' id='word_1_767' title='bbox 3396 4556 3414 4588; x_wconf 79' lang='grc' dir='ltr'><strong><em>ι</em></strong></span> 
     </span>
    </p>
   </div>
   <div class='ocr_carea' id='block_1_105' title="bbox 1841 4627 3416 4696">
    <p class='ocr_par' dir='ltr' id='par_1_105' title="bbox 1841 4627 3416 4696">
     <span class='ocr_line' id='line_1_105' title="bbox 1841 4627 3416 4696; baseline -0.002 -15"><span class='ocrx_word' id='word_1_768' title='bbox 1841 4629 2030 4682; x_wconf 87' lang='lat' dir='ltr'><strong>Nanuo</strong></span> <span class='ocrx_word' id='word_1_769' title='bbox 2085 4631 2297 4682; x_wconf 87' lang='lat' dir='ltr'><strong>tandem</strong></span> <span class='ocrx_word' id='word_1_770' title='bbox 2363 4627 2627 4696; x_wconf 88' lang='lat' dir='ltr'><strong>imperiali</strong></span> <span class='ocrx_word' id='word_1_771' title='bbox 2699 4627 3026 4682; x_wconf 85' lang='lat' dir='ltr'><strong>auctoritate</strong></span> <span class='ocrx_word' id='word_1_772' title='bbox 3095 4628 3416 4682; x_wconf 88' lang='lat' dir='ltr'><strong>seutcutiarn</strong></span> 
     </span>
    </p>
   </div>
   <div class='ocr_carea' id='block_1_106' title="bbox 1847 4717 3424 4786">
    <p class='ocr_par' dir='ltr' id='par_1_106' title="bbox 1847 4717 3424 4786">
     <span class='ocr_line' id='line_1_106' title="bbox 1847 4717 3424 4786; baseline 0 -16"><span class='ocrx_word' id='word_1_773' title='bbox 1847 4719 1969 4772; x_wconf 90' lang='lat' dir='ltr'><strong>tulit</strong></span> <span class='ocrx_word' id='word_1_774' title='bbox 2022 4720 2108 4772; x_wconf 93' lang='lat' dir='ltr'><strong>his</strong></span> <span class='ocrx_word' id='word_1_775' title='bbox 2157 4718 2391 4772; x_wconf 88' lang='lat' dir='ltr'><strong>verbis:</strong></span> <span class='ocrx_word' id='word_1_776' title='bbox 2429 4737 2446 4768; x_wconf 85' lang='grc'><strong>‹</strong></span> <span class='ocrx_word' id='word_1_777' title='bbox 2485 4719 2679 4772; x_wconf 82' lang='lat' dir='ltr'><strong>Missus</strong></span> <span class='ocrx_word' id='word_1_778' title='bbox 2729 4717 2883 4772; x_wconf 89' lang='lat' dir='ltr'><strong>vobis</strong></span> <span class='ocrx_word' id='word_1_779' title='bbox 2934 4718 3110 4772; x_wconf 76' lang='lat' dir='ltr'><strong>existo</strong></span> <span class='ocrx_word' id='word_1_780' title='bbox 3154 4719 3220 4770; x_wconf 91' lang='lat' dir='ltr'><strong>de</strong></span> <span class='ocrx_word' id='word_1_781' title='bbox 3274 4726 3424 4786; x_wconf 84' lang='lat' dir='ltr'><strong>parte</strong></span> 
     </span>
    </p>
   </div>
   <div class='ocr_carea' id='block_1_107' title="bbox 1845 4807 3427 4881">
    <p class='ocr_par' dir='ltr' id='par_1_107' title="bbox 1845 4807 3427 4881">
     <span class='ocr_line' id='line_1_107' title="bbox 1845 4807 3427 4881; baseline -0.003 -17"><span class='ocrx_word' id='word_1_782' title='bbox 1845 4813 2186 4881; x_wconf 89' lang='lat' dir='ltr'><strong>imperatoris</strong></span> <span class='ocrx_word' id='word_1_783' title='bbox 2238 4820 2292 4867; x_wconf 91' lang='lat' dir='ltr'><strong>et</strong></span> <span class='ocrx_word' id='word_1_784' title='bbox 2340 4811 2572 4868; x_wconf 73' lang='lat' dir='ltr'><strong>dominre</strong></span> <span class='ocrx_word' id='word_1_785' title='bbox 2625 4824 2758 4862; x_wconf 80' lang='lat' dir='ltr'><strong>mea:</strong></span> <span class='ocrx_word' id='word_1_786' title='bbox 2817 4811 3093 4880; x_wconf 89' lang='lat' dir='ltr'><strong>(nimirum</strong></span> <span class='ocrx_word' id='word_1_787' title='bbox 3153 4807 3427 4864; x_wconf 77' lang='lat' dir='ltr'><strong>Adelaidis</strong></span> 
     </span>
    </p>
   </div>
   <div class='ocr_carea' id='block_1_108' title="bbox 1845 4897 3430 4973">
    <p class='ocr_par' dir='ltr' id='par_1_108' title="bbox 1845 4897 3430 4973">
     <span class='ocr_line' id='line_1_108' title="bbox 1845 4897 3430 4973; baseline -0.003 -19"><span class='ocrx_word' id='word_1_788' title='bbox 1845 4902 2241 4973; x_wconf 88' lang='lat' dir='ltr'><strong>imperatricis)</strong></span> <span class='ocrx_word' id='word_1_789' title='bbox 2290 4911 2350 4955; x_wconf 89' lang='lat' dir='ltr'><strong>ut</strong></span> <span class='ocrx_word' id='word_1_790' title='bbox 2404 4903 2451 4957; x_wconf 86' lang='lat' dir='ltr'><strong>si</strong></span> <span class='ocrx_word' id='word_1_791' title='bbox 2519 4901 2715 4958; x_wconf 87' lang='lat' dir='ltr'><strong>arnodo</strong></span> <span class='ocrx_word' id='word_1_792' title='bbox 2792 4901 2987 4970; x_wconf 88' lang='lat' dir='ltr'><strong>aliquis</strong></span> <span class='ocrx_word' id='word_1_793' title='bbox 3052 4897 3267 4953; x_wconf 89' lang='lat' dir='ltr'><strong>illorum</strong></span> <span class='ocrx_word' id='word_1_794' title='bbox 3327 4897 3430 4950; x_wconf 90' lang='lat' dir='ltr'><strong>hoc</strong></span> 
     </span>
    </p>
   </div>
   <div class='ocr_carea' id='block_1_109' title="bbox 1843 4986 3430 5062">
    <p class='ocr_par' dir='ltr' id='par_1_109' title="bbox 1843 4986 3430 5062">
     <span class='ocr_line' id='line_1_109' title="bbox 1843 4986 3430 5062; baseline -0.004 -14"><span class='ocrx_word' id='word_1_795' title='bbox 1843 5009 2002 5062; x_wconf 84' lang='lat' dir='ltr'><strong>agere</strong></span> <span class='ocrx_word' id='word_1_796' title='bbox 2041 4995 2202 5048; x_wconf 87' lang='lat' dir='ltr'><strong>fuerit</strong></span> <span class='ocrx_word' id='word_1_797' title='bbox 2241 5007 2437 5055; x_wconf 80' lang='lat' dir='ltr'><strong>ausus.</strong></span> <span class='ocrx_word' id='word_1_798' title='bbox 2473 4998 2540 5049; x_wconf 81' lang='lat' dir='ltr'><strong>ab</strong></span> <span class='ocrx_word' id='word_1_799' title='bbox 2589 4991 2847 5046; x_wconf 90' lang='lat' dir='ltr'><strong>omnibus</strong></span> <span class='ocrx_word' id='word_1_800' title='bbox 2898 4993 2947 5046; x_wconf 90' lang='lat' dir='ltr'><strong>ei</strong></span> <span class='ocrx_word' id='word_1_801' title='bbox 3002 4986 3290 5042; x_wconf 86' lang='lat' dir='ltr'><strong>resistatur</strong></span> <span class='ocrx_word' id='word_1_802' title='bbox 3331 5000 3430 5053; x_wconf 83' lang='lat' dir='ltr'><strong>pro</strong></span> 
     </span>
    </p>
   </div>
   <div class='ocr_carea' id='block_1_110' title="bbox 1845 5079 3434 5146">
    <p class='ocr_par' dir='ltr' id='par_1_110' title="bbox 1845 5079 3434 5146">
     <span class='ocr_line' id='line_1_110' title="bbox 1845 5079 3434 5146; baseline -0.003 -11"><span class='ocrx_word' id='word_1_803' title='bbox 1845 5084 2067 5138; x_wconf 82' lang='lat' dir='ltr'><strong>viribus.</strong></span> <span class='ocrx_word' id='word_1_804' title='bbox 2101 5104 2119 5136; x_wconf 73' lang='grc' dir='ltr'><strong><em>ι</em></strong></span> <span class='ocrx_word' id='word_1_805' title='bbox 2164 5086 2241 5138; x_wconf 88' lang='lat' dir='ltr'><strong>lla</strong></span> <span class='ocrx_word' id='word_1_806' title='bbox 2291 5083 2574 5140; x_wconf 87' lang='lat' dir='ltr'><strong>rebellium</strong></span> <span class='ocrx_word' id='word_1_807' title='bbox 2619 5080 2830 5136; x_wconf 90' lang='lat' dir='ltr'><strong>animos</strong></span> <span class='ocrx_word' id='word_1_808' title='bbox 2878 5089 3067 5135; x_wconf 90' lang='lat' dir='ltr'><strong>contra</strong></span> <span class='ocrx_word' id='word_1_809' title='bbox 3117 5079 3434 5146; x_wconf 89' lang='lat' dir='ltr'><strong>episcopum</strong></span> 
     </span>
    </p>
   </div>
   <div class='ocr_carea' id='block_1_111' title="bbox 1843 5168 3435 5236">
    <p class='ocr_par' dir='ltr' id='par_1_111' title="bbox 1843 5168 3435 5236">
     <span class='ocr_line' id='line_1_111' title="bbox 1843 5168 3435 5236; baseline -0.004 -8"><span class='ocrx_word' id='word_1_810' title='bbox 1843 5178 1987 5229; x_wconf 90' lang='lat' dir='ltr'><strong>acuit</strong></span> <span class='ocrx_word' id='word_1_811' title='bbox 2036 5186 2090 5230; x_wconf 91' lang='lat' dir='ltr'><strong>et</strong></span> <span class='ocrx_word' id='word_1_812' title='bbox 2141 5175 2422 5230; x_wconf 76' lang='lat' dir='ltr'><strong>excitavit.</strong></span> <span class='ocrx_word' id='word_1_813' title='bbox 2480 5178 2600 5231; x_wconf 76' lang='lat' dir='ltr'><strong>Mox</strong></span> <span class='ocrx_word' id='word_1_814' title='bbox 2646 5187 2773 5224; x_wconf 80' lang='lat' dir='ltr'><strong>vero</strong></span> <span class='ocrx_word' id='word_1_815' title='bbox 2817 5172 3128 5225; x_wconf 82' lang='lat' dir='ltr'><strong>Judicatum</strong></span> <span class='ocrx_word' id='word_1_816' title='bbox 3191 5168 3435 5236; x_wconf 80' lang='lat' dir='ltr'><strong>ejusdem</strong></span> 
     </span>
    </p>
   </div>
   <div class='ocr_carea' id='block_1_112' title="bbox 1841 5258 3441 5338">
    <p class='ocr_par' dir='ltr' id='par_1_112' title="bbox 1841 5258 3441 5338">
     <span class='ocr_line' id='line_1_112' title="bbox 1841 5258 3441 5338; baseline -0.005 -18"><span class='ocrx_word' id='word_1_817' title='bbox 1841 5268 2077 5337; x_wconf 90' lang='lat' dir='ltr'><strong>episcopi</strong></span> <span class='ocrx_word' id='word_1_818' title='bbox 2127 5267 2286 5338; x_wconf 88' lang='lat' dir='ltr'><strong>plane</strong></span> <span class='ocrx_word' id='word_1_819' title='bbox 2350 5264 2569 5321; x_wconf 81' lang='lat' dir='ltr'><strong>irritum</strong></span> <span class='ocrx_word' id='word_1_820' title='bbox 2610 5260 2929 5314; x_wconf 82' lang='lat' dir='ltr'><strong>declaravit.</strong></span> <span class='ocrx_word' id='word_1_821' title='bbox 2975 5277 2994 5309; x_wconf 82' lang='grc'><em>‹</em></span> <span class='ocrx_word' id='word_1_822' title='bbox 3039 5258 3289 5328; x_wconf 71' lang='lat' dir='ltr'><strong>Cumque</strong></span> <span class='ocrx_word' id='word_1_823' title='bbox 3339 5259 3441 5312; x_wconf 92' lang='lat' dir='ltr'><strong>hoc</strong></span> 
     </span>
    </p>
   </div>
   <div class='ocr_carea' id='block_1_113' title="bbox 1851 5347 3443 5388">
    <p class='ocr_par' dir='ltr' id='par_1_113' title="bbox 1851 5347 3443 5388">
     <span class='ocr_line' id='line_1_113' title="bbox 1851 5347 3443 5388; baseline 0 0"><span class='ocrx_word' id='word_1_824' title='bbox 1851 5360 2066 5388; x_wconf 67' lang='lat' dir='ltr'><strong>1&#39;:I-:nnn.</strong></span> <span class='ocrx_word' id='word_1_825' title='bbox 2149 5381 2162 5388; x_wconf 87' lang='lat'><strong>-</strong></span> <span class='ocrx_word' id='word_1_826' title='bbox 2228 5355 2370 5388; x_wconf 69' lang='lat' dir='ltr'><strong>mhlit</strong></span> <span class='ocrx_word' id='word_1_827' title='bbox 2446 5351 2738 5388; x_wconf 70' lang='lat' dir='ltr'><strong>D..ul.nrirtc</strong></span> <span class='ocrx_word' id='word_1_828' title='bbox 2821 5375 2836 5388; x_wconf 82' lang='lat'>.</span> <span class='ocrx_word' id='word_1_829' title='bbox 2877 5347 3138 5388; x_wconf 63' lang='lat' dir='ltr'><strong>nnirlnllirl</strong></span> <span class='ocrx_word' id='word_1_830' title='bbox 3194 5350 3443 5388; x_wconf 69' lang='lat' dir='ltr'><strong>nunnilrn:</strong></span> 
     </span>
    </p>
   </div>
  </div>
