4038 5388
564 249 667 306 135

1518 214 1919 292 ΒᾸΤΗΕΒΙΠΞ
1961 221 2402 285 VERONENSIS
2436 218 2837 279 ‘EI’ISCOI’US.

3714 209 3817 266 156

565 365 646 419 eis
687 358 1142 417 contuleram.....
1191 360 1362 409 totum
1417 350 1496 405 eis
1532 347 1762 403 reddidit
1808 345 2014 407 dicens,
2056 341 2142 411 jn-
2168 349 2214 406 Α
2246 343 2416 389 torem
2468 333 2719 398 instruat,
2745 330 3097 399 obtinealquc
3147 324 3424 398 imperiale
3473 321 3817 392 rescriptum.

567 466 718 507 rasse
758 448 1179 517 imperatorem,
1221 440 1364 512 quod
1388 451 1660 506 nunquam
1684 436 1785 490 hoc
1811 432 2000 488 stabile
2023 428 2137 483 fore

567 534 930 611 permitteret.
968 554 988 588 ι
1023 533 1194 601 Quam
1242 527 1647 585 tumultuarium
1693 534 1750 579 et
1804 522 2135 590 illegilimutn

567 610 771 705 [cum]
826 627 992 683 fuerit
1037 627 1141 681 hoc
1180 622 1456 694 placitum,
1506 619 1561 673 in
1602 630 1710 687 quo
1751 613 1915 683 iudex
1964 610 2140 667 rebel-

571 702 703 778 lium
734 702 1059 775 sententiam
1084 723 1303 771 secutus
1331 721 1414 767 est
1452 710 1694 766 inaudito
1731 704 2012 768 Ratberio,
2049 702 2139 772 qui

571 812 736 867 rebus
763 798 1004 879 pluribus
1031 812 1242 876 poterat
1261 803 1503 872 objectas
1538 796 1948 855 criminationes
1979 792 2140 849 refel-

568 902 698 967 lere,
728 900 885 955 facile
921 898 1145 969 quisque
1171 894 1480 966 perspiciet.

641 992 764 1046 154.
808 991 882 1045 Ex
934 989 1018 1043 his
1045 988 1330 1058 episcopus
1378 997 1631 1052 magnum
1684 978 1785 1035 sibi
1840 977 2143 1049 periculum

572 1085 856 1140 imminere
889 1080 1218 1149 intelligens,
1265 1091 1390 1132 mox
1447 1083 1556 1129 tres
1601 1072 1857 1143 epistolas
1904 1069 2141 1138 scripsit.

574 1178 691 1235 Una
739 1177 861 1232 data
899 1182 983 1229 est
1029 1174 1097 1226 ad
1162 1171 1479 1225 Naunonem
1539 1165 1818 1229 comitem,
1865 1177 2029 1232 quam
2088 1160 2143 1215 in

572 1264 1010 1320 annotationibus
1080 1268 1355 1317 exaratam
1423 1256 1768 1327 probavimus
1833 1253 1919 1308 die
1972 1251 2145 1322 prima

576 1354 703 1411 Julii
759 1365 955 1409 octava
995 1351 1118 1407 festi
1161 1349 1219 1404 S.
1263 1348 1490 1405 Joannis
1525 1346 1812 1416 Baptistae;
1862 1343 2029 1398 altera
2078 1340 2146 1396 ad

569 1446 919 1502 Ambrosium
967 1442 1312 1512 imperatoris
1357 1439 1770 1503 cancellarium;
1815 1437 1882 1491 ad
1934 1434 2149 1490 Adelai~

575 1538 697 1591 dem
745 1534 1143 1606 imperatricem
1196 1532 1353 1586 tertia
1388 1529 1531 1602 (Vid.
1575 1539 1685 1584 not.
1724 1545 1742 1583 ι
1782 1530 1838 1582 in
1866 1527 2013 1597 epist.
2061 1523 2143 1595 tt).

572 1625 764 1681 Nanno
813 1640 997 1681 comes
1041 1621 1280 1677 Bucconi
1327 1628 1686 1676 successerat.
1729 1617 1836 1673 Sed
1871 1631 1995 1672 cum
2043 1615 2145 1669 iste

2244 438 2351 495 quo
2384 430 2493 478 tota
2526 422 2859 492 conspiratio
2893 420 3248 490 reprimatur.

2313 514 2436 570 1'56.
2467 513 2705 583 Epistola
2733 513 2945 566 tandem
2969 507 3039 564 ad
3079 505 3391 562 Adelaiilem
3423 500 3826 572 imperatrieem

2243 607 2384 662 hanc
2418 606 2722 676 praesertim
2775 605 2827 658 in
2872 601 3188 657 Ratberium
3226 598 3365 652 male
3393 600 3828 667 pra‘oceupatam

2243 699 2522 768 praesumit
2559 697 2751 769 (Epist.
2788 693 2897 765 l5).
2923 693 3099 747 Causa
3144 689 3344 760 potior,
3377 701 3496 755 quae
3527 684 3676 738 illam
3706 696 3831 751 per-

2244 796 2509 855 moverat,
2536 802 2601 842 ea
2627 786 2794 841 fuisse
2817 784 3048 848 videtur,
3071 781 3214 851 quod
3235 778 3336 848 ipsi
3363 789 3683 846 persuasum
3718 770 3833 825 fue-

2243 879 2334 943 rit,
2365 876 2626 932 Ratberio
2653 876 2906 944 episcopo
2929 888 3016 928 res
3040 871 3381 941 episcopatus
3402 862 3731 920 Veronensis
3757 861 3833 916 ita

2250 971 2304 1025 in
2334 970 2450 1024 dies
2474 970 2856 1024 detrimentum
2899 979 3116 1036 capere,
3161 971 3220 1017 ut
3271 962 3314 1017 si
3366 975 3472 1015 non
3517 963 3837 1013 amoveatur

2245 1063 2393 1119 brevi
2421 1064 2600 1118 omnia
2644 1070 2946 1117 extremum
2997 1060 3221 1115 exitium
3256 1059 3368 1112 sint
3404 1054 3674 1110 subitura.
3718 1049 3838 1105 Hoc

2245 1163 2489 1224 spectant
2517 1156 2643 1210 illa:
2679 1173 2697 1206 ‹
2728 1154 2784 1208 Si
2824 1169 2922 1224 pro
2945 1154 3256 1224 episcopatu
3281 1152 3386 1205 hoc
3408 1148 3590 1219 agitis.
3620 1165 3639 1199 ι
3660 1144 3839 1215 Rogat

2244 1261 2397 1310 vero,
2439 1256 2497 1301 ut
2536 1247 2679 1303 sinat
2705 1246 2893 1301 saltem
2946 1260 3004 1300 se
3051 1253 3222 1299 tutum
3254 1243 3482 1297 Veronae
3508 1239 3837 1300 consistere,

2247 1339 2423 1409 quoad
2450 1338 2816 1394 cathedralem
2846 1336 3133 1392 ecclesiam
3162 1332 3428 1405 perficiat.
3459 1330 3734 1387 Caeterum
3778 1340 3842 1379 se

2249 1435 2498 1497 paratum
2532 1427 2752 1482 exhibet
2786 1427 2853 1481 ad
2898 1426 3273 1481 dimittendum
3326 1423 3720 1493 episcopatum,
3781 1423 3842 1470 et

2252 1516 2318 1570 ad
2348 1517 2733 1571 monasterium
2770 1532 2925 1571 suum
2976 1513 3346 1584 repetendum.
3384 1510 3485 1577 Ipsi
3519 1521 3700 1563 autem
3730 1506 3839 1559 im-

2250 1609 2502 1676 peratrici
2532 1624 2629 1680 per
2665 1609 2830 1664 falsas
2876 1607 3176 1663 delationes
3220 1605 3557 1673 subreptum,
3587 1609 3644 1655 et
3681 1612 3840 1652 suam

575 1719 733 1772 initio
771 1717 1026 1786 episcopo
1077 1713 1267 1768 ruisset
1310 1711 1553 1767 infensus
1603 1710 1750 1780 (licet
1800 1708 1901 1779 ipsi
1957 1714 2145 1775 postea
2174 1701 2222 1760 Β
2251 1713 2468 1753 causam
2492 1702 2737 1755 exactius
2761 1698 3188 1770 cognoscendam
3229 1697 3468 1750 insinuat
3507 1693 3591 1747 his
3627 1701 3846 1761 postre-

572 1807 820 1878 faverit);
852 1804 1142 1860 Ratherius
1184 1813 1242 1857 ut
1286 1801 1567 1856 Nanuonis
1607 1796 1730 1854 novi
1782 1798 1996 1854 comitis
2037 1812 2155 1867 gra-

577 1900 710 1953 tiam
764 1898 864 1952 sibi
917 1895 1271 1958 conciliaret,
1319 1892 1497 1962 aliqua
1553 1890 1724 1945 eidem
1779 1900 1999 1942 munera
2052 1887 2155 1941 im-

573 1989 806 2060 pertitus
850 1987 1084 2041 videtur.
1111 1983 1220 2039 Sed
1258 1984 1376 2038 haec
1422 1983 1572 2036 fuere
1614 1979 1842 2044 inutilia,
1873 1985 2154 2048 propterea

577 2079 721 2151 quod
767 2077 1013 2133 eamdem
1064 2091 1191 2146 erga
1243 2075 1419 2144 ipsum
1469 2071 1849 2127 liberalitatem
1902 2070 2156 2137 deinceps

575 2186 683 2226 non
733 2167 996 2223 exhibuit.
1056 2184 1074 2217 ι
1110 2165 1187 2220 Ita
1235 2163 1383 2218 enim
1435 2171 1521 2217 est
1581 2168 1950 2228 comparatum
1989 2199 2005 2224 ,
2038 2180 2039 2183 η
2073 2158 2157 2211 in-

575 2259 692 2329 quit
744 2258 798 2311 in
848 2254 1073 2326 epistola
1122 2271 1187 2321 ιι,
1241 2266 1486 2314 num.~t,
1564 2258 1625 2303 ut
1694 2256 1876 2303 vetera
1925 2246 2156 2300 subruas

574 2345 858 2410 beneficia,
897 2345 1001 2399 nisi
1037 2358 1100 2398 ea
1135 2340 1530 2414 posterioribus
1572 2338 1787 2393 fulcias.
1838 2357 1857 2389 ι
1909 2335 2155 2390 Ratherii

574 2437 762 2492 hostes
804 2434 1248 2504 locupletioribus
1280 2430 1601 2486 muneribus
1645 2440 1768 2480 eum
1819 2426 1920 2480 sibi
1967 2433 2156 2479 contra

577 2526 888 2595 episcopum
937 2522 1302 2591 captivaruut.
1356 2520 1411 2573 ln
1466 2516 1692 2587 epistola
1744 2523 1923 2569 autem
1976 2513 2156 2583 queri-

583 2628 672 2670 tur
718 2613 1065 2687 praavaluisse
1109 2610 1544 2666 adversariorum
1598 2604 1911 2672 mendacia,
1955 2604 2160 2673 ipsum-

577 2720 684 2777 que
725 2706 979 2761 comitem
1017 2714 1205 2759 eorum
1248 2701 1393 2756 vitiis
1435 2715 1500 2756 ac
1549 2698 1832 2754 rebellioni
1872 2711 1996 2751 cum
2043 2696 2159 2750 aui-

578 2814 791 2854 marum
853 2795 1094 2868 periculo
1151 2792 1514 2866 patrocinium
1594 2799 1861 2861 prmstare
1916 2806 1929 2842 :
1992 2804 2013 2839 ι
2055 2787 2160 2842 Vos

580 2892 727 2963 ipsas
777 2890 987 2945 animas
1042 2887 1122 2943 eis
1187 2887 1451 2950 aufertis,
1518 2886 1642 2940 dum
1699 2883 2044 2955 presbyteros
2092 2881 2159 2935 ad

586 2978 851 3052 synodum
907 2979 1128 3043 venire,
1173 2985 1228 3033 et
1294 2976 1613 3048 legationem
1675 2974 1842 3044 ipsius
1892 2967 2044 3043 papa:
2094 2971 2161 3027 de

2255 1786 2355 1840 mis
2377 1789 2586 1845 verbis:
2622 1809 2640 1840 ε
2671 1788 2716 1845 Ο
2742 1805 2870 1844 vero
2892 1804 3052 1859 quam
3076 1787 3347 1851 omnibus,
3374 1785 3465 1854 qui
3494 1785 3548 1838 in
3570 1790 3845 1852 potestate

2253 1890 2377 1933 sunt
2404 1881 2701 1945 constituti,
2755 1889 2814 1933 ut
2866 1894 2971 1933 non
3012 1875 3182 1932 semel
3230 1886 3425 1929 vestra:
3479 1871 3841 1927 dominationi

2255 1974 2520 2047 suggessi,
2562 1972 2862 2043 prodesset,
2893 1970 2940 2024 si
2978 1983 3084 2025 non
3122 1976 3232 2043 tam
3282 1965 3589 2036 prmcipites
3633 1962 3846 2017 ferrent

2255 2067 2574 2129 sententias,
2605 2064 2697 2121 sed
2727 2061 2856 2135 illud
2895 2061 3036 2116 beati
3075 2058 3175 2114 Job
3215 2057 3607 2112 attendisset“;
3647 2070 3667 2105 ‹
3700 2053 3851 2106 Cau-

2259 2178 2395 2225 sam,
2412 2175 2572 2230 quam
2591 2157 2915 2220 nesciebam,
2938 2152 3345 2225 diligentissime
3366 2148 3781 2218 investigabam.
3820 2163 3840 2196 ι

2261 2255 2481 2310 Tiutens
2507 2264 2669 2321 porro
2695 2263 2763 2302 ne
2789 2247 2874 2301 his
2901 2245 3095 2299 litteris
3124 2235 3851 2312 irnperatricemexacerba-

2257 2353 2362 2407 ret,
2417 2340 2785 2395 additamento
2834 2335 3065 2405 quodam
3126 2329 3449 2387 brevissimo
3505 2324 3672 2380 veluti
3727 2328 3851 2393 post

2256 2436 2460 2505 scripto
2487 2446 2608 2486 sese
2628 2441 2889 2484 excusare
2914 2440 2980 2480 eo
3005 2423 3220 2478 nomine
3257 2420 3458 2484 studet,
3484 2416 3608 2486 quia
3647 2425 3853 2471 stoma-

2258 2527 2362 2580 chu
2395 2523 2514 2577 aloe
2542 2534 2730 2575 amaro
2760 2526 2989 2581 tumens,
3020 2513 3356 2569 dulcedinem
3379 2508 3553 2564 mellis
3597 2512 3853 2561 cruciare

2256 2628 2363 2670 non
2397 2620 2589 2683 potest.

2288 2711 2293 2715 ’
2330 2705 2454 2760 157.
2485 2703 2565 2758 Ex
2595 2701 2696 2755 hac
2719 2698 2931 2768 quidem
2957 2693 3182 2766 epistola
3204 2690 3498 2746 Ratherius
3540 2700 3768 2757 magnas
3793 2684 3850 2739 in

2259 2797 2536 2867 angustias
2563 2794 2841 2864 conjectus
2861 2787 3201 2860 agnoscitur;
3233 2797 3462 2853 cumque
3486 2779 3853 2836 sedandorum

2263 2889 2568 2953 rebellium,
2642 2898 2929 2953 rerumque
3008 2877 3293 2949 aliquando
3357 2871 3853 2945 componendarum

2269 2980 2415 3037 nulla
2465 2995 2591 3049 Spes
2628 2975 2943 3045 amolgeret,
2971 2968 3309 3040 despondens
3339 2966 3499 3037 plane
3531 2962 3741 3025 animo,
3770 2959 3856 3014 di-

583 3048 846 3127 uxoribus
892 3067 1225 3125 dimittendis
1264 3068 1472 3132 audire,
1510 3075 1565 3120 et
1601 3064 1912 3119 omnimodo
1952 3063 2161 3131 episco-

2271 3048 2513 3129 mittendi
2541 3078 2731 3140 sponte
2771 3066 3106 3138 episcopatus
3132 3058 3437 3123 consilium,
3479 3062 3772 3123 antequam
3802 3048 3860 3104 vi

580 3165 669 3234 pis
716 3162 938 3218 obedire
980 3162 1114 3218 adeo
1145 3160 1463 3233 prohibetis,
1503 3167 1564 3213 ut
1594 3173 1687 3215 eos
1731 3172 1883 3212 more
1930 3156 2165 3210 militum

583 3255 640 3310 in
685 3254 883 3310 vestris
921 3254 1171 3309 manibus
1218 3251 1517 3321 recipiatis,
1581 3256 1638 3304 et
1688 3249 1768 3304 eis
1821 3248 1873 3302 in
1910 3247 2167 3301 omnibus

586 3344 1097 3409 abommationibus,
1146 3357 1283 3413 quas
1331 3349 1521 3396 contra
1576 3338 1745 3393 Deum
1792 3336 2017 3400 faciunt,
2068 3349 2166 3404 pa.

587 3434 876 3489 trocinium
930 3432 1073 3488 ferre
1136 3431 1443 3487 nullatenus
1503 3428 1800 3491 omittatis,
1844 3434 1899 3481 et
1944 3425 2018 3479 ita
2067 3438 2167 3478 no-

587 3534 756 3580 stram
803 3522 1239 3578 interdictionem
1282 3535 1378 3575 eos
1427 3517 1821 3590 parvipendere
1864 3512 2103 3568 faciatis.
2145 3530 2164 3563 ι

587 3616 723 3671 Cum
771 3614 863 3669 ille
903 3613 957 3667 in
1023 3612 1223 3684 placito
1270 3626 1376 3666 non
1427 3619 1538 3665 tam
1594 3605 1937 3678 imperatoris
2006 3619 2168 3674 quam

587 3704 946 3776 tmperatricis
1012 3703 1324 3757 mandatum
1385 3700 1696 3766 laudasset;
1748 3698 1897 3753 illam
1949 3697 2168 3766 quidem

589 3797 896 3865 deceptam,
926 3802 981 3848 et
1009 3801 1197 3848 contra
1242 3806 1301 3847 se
1345 3790 1540 3845 fortius
1584 3796 2017 3860 praeoccupatam
2062 3785 2171 3839 Ra—

591 3887 801 3942 therius
864 3883 1071 3949 innuit;
1118 3892 1174 3936 at
1221 3881 1383 3936 simul
1437 3879 1674 3949 aliquam
1721 3880 1899 3934 adhuc
1954 3877 2174 3947 prmfert

594 3978 648 4031 in
704 3976 1031 4044 imperatore
1093 3971 1380 4034 fiduciam,
1434 3984 1596 4040 quem
1656 3970 1798 4024 haud
1855 3968 2027 4023 credit
2083 3983 2174 4021 eo-

594 4081 716 4119 rum
758 4063 903 4118 beati
942 4062 1063 4131 (Job
1112 4076 1265 4123 xxrx,
1304 4060 1413 4132 16),
1441 4060 1728 4116 verborum
1759 4059 2171 4113 immemorem:

596 4157 860 4221 Causam,
905 4169 1064 4225 quam
1127 4152 1452 4219 nesciebam,
1504 4151 1898 4223 diligentissime
1960 4150 2172 4205 investi-

601 4249 813 4320 gabam.
864 4247 1002 4302 Hinc
1041 4246 1207 4301 etiam
1254 4244 1446 4300 addit:
1484 4263 1502 4296 ι
1539 4242 1617 4299 Te
1665 4256 1858 4314 precor
1903 4257 2064 4307 sane,
2117 4250 2179 4296 ut

596 4343 665 4398 de
710 4351 864 4413 parte
902 4340 1136 4411 piissimi
1186 4352 1400 4407 semper
1439 4336 1573 4391 mihi
1625 4336 1853 4391 Cmsaris
1892 4349 1978 4389 me
2021 4333 2177 4388 terri-

600 4437 789 4501 ticare,
821 4449 941 4489 cum
995 4431 1297 4501 nequeatis,
1328 4428 1593 4494 cessetis;
1641 4426 1839 4481 millies
1888 4427 2032 4481 enim
2081 4438 2177 4479 vos

599 4525 774 4596 magis
824 4523 1054 4578 formido
1101 4534 1263 4592 quam
1311 4520 1509 4590 ipsum.
1546 4538 1567 4570 ι
1622 4518 1768 4573 Nihil
1828 4518 2036 4573 scilicet
2074 4518 2177 4571 du-

607 4617 840 4682 bitabat,
894 4612 1024 4683 quin
1072 4613 1402 4680 imperator,
1470 4610 1516 4665 si
1565 4610 1735 4680 ipsam
1792 4623 2008 4663 causam
2060 4605 2182 4660 dili-

603 4717 790 4781 genter
837 4705 1205 4774 investigaret,
1238 4700 1538 4757 calumnias
1575 4707 1632 4754 et
1661 4698 2054 4767 malignitatem
2087 4695 2183 4751 de-

604 4807 828 4871 tegeret.

676 4890 802 4946 155.
832 4887 891 4943 ln
922 4887 1091 4943 altera
1118 4887 1186 4941 ad
1219 4885 1566 4940 Ambrosium
1603 4881 1831 4955 epistola
1865 4881 2058 4954 (Epist.
2086 4880 2176 4951 i2)

608 4983 845 5053 primum
890 4979 1059 5035 refert
1091 4978 1219 5049 quid
1249 4986 1371 5048 post
1412 4978 1703 5035 Ravennas
1740 4976 2027 5031 concilium
2054 4989 2183 5044 ege-

607 5074 700 5138 rit,
742 5080 803 5127 ut
851 5079 1135 5141 corruptos
1168 5071 1489 5125 clericorum
1526 5084 1706 5126 mores
1756 5066 1939 5141 [cexv]
1988 5082 2179 5122 emen-

608 5164 781 5228 daret,
812 5172 1182 5233 quantumque
1210 5162 1295 5218 isti
1322 5162 1582 5218 Nanuone
1622 5162 1995 5232 patrocinante
2025 5157 2186 5212 resti-

588 5255 800 5308 terim.
857 5253 1133 5309 Nannonis
1162 5253 1414 5324 placitum
1442 5252 1723 5315 describit,
1756 5260 1809 5305 et
1852 5248 2182 5320 singularum

617 5344 1018 5388 annitentinnnm
1073 5346 1269 5388 niiilmc
1313 5343 1567 5388 imlininm
1624 5342 1868 5388 innixum
1919 5338 2038 5388 fuit.
2085 5337 2187 5388 itii-

2270 3166 2581 3237 pelleretur,
2633 3167 2812 3216 mente
2872 3157 3088 3213 volvere
3139 3153 3323 3222 coepit.
3375 3146 3678 3206 Contrariis
3727 3157 3863 3198 vero

2270 3257 2433 3311 animi
2464 3254 2700 3309 motibus
2719 3249 3076 3309 conﬂictatus,
3110 3247 3176 3299 ad
3198 3240 3513 3297 Everaclum
3544 3237 3862 3307 episcopum

2270 3347 2675 3407 Leodicensem,
2716 3350 2772 3396 et
2799 3340 2862 3394 ad
2897 3336 3215 3393 Fulcuinum
3242 3332 3490 3387 abbatem
3535 3325 3862 3381 Lobiensem

2274 3438 2485 3491 litteras
2536 3418 2729 3489 dedit.‘
2759 3428 3006 3484 Baldrice
3055 3420 3374 3479 Leodicensi
3441 3416 3684 3472 antistite
3747 3413 3862 3467 vita

2271 3527 2457 3583 functo
2483 3539 2627 3580 anno
2647 3522 2770 3578 959.
2794 3516 3085 3576 Everaclus
3124 3508 3386 3569 Bonensis
3411 3506 3670 3565 Ecclesiae
3697 3506 3866 3559 deca-

2272 3632 2395 3683 nIs,
2426 3630 2588 3686 quem
2613 3612 2702 3667 alii
2728 3611 3044 3670 Evracrum,
3076 3620 3171 3659 seu
3188 3601 3462 3657 Eraclium
3493 3605 3716 3660 vocant,
3746 3592 3866 3647 suf-

2272 3684 2459 3765 fectus
2475 3707 2669 3762 fuerat.
2693 3703 2743 3758 ls
2755 3711 2934 3755 autem
2955 3694 3297 3751 restituendis.
3325 3688 3637 3745 monastica:
3656 3684 3865 3752 regulae

2280 3799 2728 3860 studiosissimus,
2760 3783 3386 3849 Lobiensimouasterio,
3436 3777 3589 3848 cujus
3633 3776 3865 3830 abbates

2276 3890 2479 3965 [cum]
2538 3903 2635 3959 per
2685 3887 2802 3940 lucc
2850 3891 3093 3949 tempora
3141 3882 3298 3930 erant
3348 3871 3447 3943 ipsi
3503 3869 3867 3923 Leodicenses

2279 3957 2711 4053 episcopi,_anno
2733 3973 2837 4030 960
2858 3969 3131 4042 proprium
3159 3964 3409 4020 abbatem
3451 3959 3711 4024 reStituit,
3740 3957 3868 4011 Ale-

2276 4051 2600 4138 tranumque
2628 4065 2799 4118 cidem
2826 4058 3074 4116 coenobio
3098 4054 3358 4127 praefecit.
3394 4051 3495 4105 Hic
3523 4060 3707 4105 autem
3742 4062 3867 4102 cum

2283 4180 2314 4221 e
2339 4162 2478 4217 vivis
2508 4158 2754 4214 sublatus
2785 4154 2973 4208 fuisset
3012 4164 3152 4203 anno
3181 4146 3306 4211 965,
3342 4142 3636 4199 Fulcuinus
3678 4155 3872 4195 mona-

2278 4256 2414 4311 chus
2435 4254 2759 4320 subrogatus
2788 4256 2891 4300 est.
2920 4243 3087 4313 Igitur
3127 4237 3415 4292 llatherius
3444 4233 3510 4288 ad
3541 4232 3869 4288 chraclum

2278 4347 2610 4417 episc0pum,
2639 4353 2797 4409 quem
2826 4343 2984 4390 antea
3006 4340 3253 4396 noverat,
3276 4328 3545 4399 quoddam
3572 4340 3874 4380 munuscu-

2284 4416 2394 4492 lum
2424 4449 2547 4489 cum
2592 4429 2789 4483 litteris
2814 4425 2981 4489 misit,
3024 4422 3221 4492 quibus
3258 4416 3561 4488 repetendze
3593 4417 3789 4484 patria
3819 4423 3874 4471 et

2286 4524 2599 4586 monasterii
2672 4517 2976 4581 consilium,
3039 4513 3132 4568 sed
3208 4510 3411 4580 aliquot
3464 4505 3875 4561 dillicultatibus

2287 4628 2607 4688 suspensum
2644 4607 2986 4679 signiﬁcavit.
3018 4601 3108 4656 Ille
3138 4609 3316 4654 autem
3368 4595 3653 4667 epistolam
3693 4594 3877 4649 reddi-

2288 4685 2399 4772 dit,
2443 4719 2549 4774 qua
2593 4715 2715 4755 cum
2754 4698 2965 4765 insigne
3001 4694 3067 4747 de
3111 4689 3356 4744 Ratherii
3397 4686 3688 4740 virtutibus
3717 4685 3876 4739 testi-

2290 4797 2527 4852 monium
2557 4789 2728 4862 ponit,
2748 4797 2858 4841 tum
2883 4799 3005 4839 eum
3027 4783 3093 4836 ad
3123 4782 3349 4836 reditqu
3376 4780 3428 4833 iu
3453 4778 3686 4849 patriam
3716 4777 3879 4830 enixe

2287 4888 2625 4948 hortatur,et
2642 4878 2810 4934 allicit
2837 4873 3031 4948 (Epist.
3058 4871 3148 4943 Η)
3181 4890 3193 4925 :
3224 4870 3443 4924 «Nativa
3472 4868 3625 4923 vobis
3651 4866 3877 4936 supplex

2290 4976 2461 5032 tendit
2518 4986 2711 5026 manus
2770 4966 2969 5039 patria,
3024 4973 3084 5017 ut
3123 4962 3357 5017 redeatis
3400 4959 3609 5014 invitat.
3673 4956 3879 5013 Omnes

2288 5074 2555 5138 quotquot
2582 5069 2709 5116 sunt
2727 5058 3008 5126 utriusque
3035 5054 3242 5108 ordinis
3265 5050 3529 5107 clericalis
3557 5065 3651 5104 seu
3683 5048 3882 5103 milita-

2290 5137 2387 5222 ris,
2432 5161 2633 5217 mente,
2663 5148 2960 5209 voluntate,
3010 5142 3209 5210 studio,
3240 5156 3394 5204 voce,
3426 5149 3484 5194 ut
3513 5138 3749 5194 veniatis
3770 5137 3885 5192 cla-

2294 5256 2479 5309 mant;
2521 5257 2620 5297 vos
2646 5240 2831 5295 videre
2861 5235 3190 5291 desiderant.
3224 5231 3457 5288 Servilio
3493 5230 3643 5283 vobis
3667 5229 3881 5297 impen-

2294 5337 2468 5388 dendo
2500 5349 2599 5388 nec
2619 5342 2929 5388 numerum,
2953 5339 3052 5379 nec
3083 5322 3300 5378 modum
3330 5319 3660 5388 przefigimus
3686 5317 3882 5371 ullum.
