4038 5388
209 202 322 261 157

1235 191 1778 254 PROLEGOMENA.‘
1818 225 1887 237 -
1923 194 2252 254 RATHERII
2290 187 2474 255 VITAQ

3401 198 3508 265 158

205 307 328 380 tam
356 317 597 381 litteras,
625 327 789 387 quam
835 295 1038 369 librum
1047 295 1285 380 direxit,
1326 313 1418 384 qui
1450 314 1504 369 in
1549 314 1815 371 desiderio
1843 325 1890 386 Α
1918 313 2210 383 obtineret,
2243 314 2297 370 in
2327 315 2575 372 eamdem
2602 329 2718 371 rem
2745 313 2951 388 aliquid
2967 316 3212 374 contulit.
3239 317 3390 375 Abiit
3408 335 3508 380 au-

205 428 318 487 est.
359 416 634 471 Audialur
677 413 814 468 idem
864 411 1152 466 Fulcuinus
1195 411 1280 479 (de
1325 409 1469 466 ϐεδε.
1506 413 1623 466 abb.
1655 410 1812 478 Lob.,

203 525 255 564 c.
284 508 380 576 28)
409 525 423 560 :
466 525 485 558 ι
525 505 815 559 Ratherius
844 503 1017 558 adhuc
1067 503 1290 557 Veronae
1319 511 1457 567 erat,
1491 503 1580 572 qui
1621 513 1814 573 pertre-

205 618 304 656 sus
334 601 541 656 civium
571 597 822 653 insolenti
848 612 938 663 .m,
971 595 1238 665 simulque
1277 604 1583 666 suspectam
1609 595 1813 650 habens

206 696 454 750 innatam
491 694 600 749 illis
621 703 677 750 et
701 692 1025 764 peculiarem
1050 689 1352 760 perﬁdiam,
1378 690 1442 743 de
1467 689 1642 744 reditu
1665 689 1815 758 cogi-

211 790 378 852 tabat.
412 802 728 858 proponens
753 785 899 848 illud,
931 784 1074 854 quod
1138 783 1191 836 in
1240 781 1414 836 aliena
1460 781 1631 850 patria
1669 795 1812 849 saepe

208 882 432 952 quidem
476 879 619 934 bene
650 879 864 941 vivitur,
897 877 990 931 sed
1021 875 1157 930 male
1189 876 1436 929 moritur.
1465 873 1629 927 Mittit
1650 873 1812 944 igitur

217 973 283 1026 ad
329 971 603 1026 Abbatem
645 972 785 1041 (erat
840 969 953 1039 ipse
1013 967 1328 1038 Fulcuinus)
1378 966 1596 1030 librum,
1651 980 1809 1034 quem

207 1063 569 1136 praetitulavit
615 1061 901 1132 Conﬂictus
942 1061 1188 1123 duorum,
1220 1075 1318 1130 pro
1345 1073 1409 1113 eo
1437 1059 1578 1128 quod
1617 1057 1671 1111 in
1717 1072 1811 1112 eo-

207 1159 326 1211 dem
378 1157 695 1227 disputans,
741 1164 918 1208 utrum
962 1161 1326 1207 reverteretur
1374 1165 1562 1216 necne,
1616 1149 1809 1205 anxius

207 1247 516 1304 ﬂuctuaret.
587 1267 608 1301 ι
663 1247 953 1302 lncliuasse
1008 1261 1137 1300 vero
1196 1245 1415 1299 tandem
1463 1243 1516 1298 in
1573 1243 1808 1298 reditum

207 1346 507 1396 ostendunt.
538 1340 863 1411 sequentia:
903 1359 922 1392 ι
969 1337 1140 1392 Simul
1193 1348 1247 1392 et
1300 1351 1497 1407 rogans
1537 1335 1808 1408 (fortassis

207 1434 258 1489 in
297 1435 559 1505 epistola,
584 1449 691 1504 qua
722 1432 996 1486 laudatum
1044 1430 1238 1484 librmn
1267 1429 1511 1499 miserat)
1545 1438 1602 1481 ut
1631 1428 1808 1481 mitte-

205 1537 390 1580 rentur
416 1526 467 1580 ei
497 1527 625 1596 equi
649 1534 704 1580 et
725 1525 975 1587 comites,
1000 1537 1106 1592 quo
1135 1521 1438 1591 expeditius
1478 1520 1544 1574 ad
1584 1537 1682 1575 nos
1704 1519 1808 1574 iter

202 1621 514 1676 accelerare
576 1629 778 1690 posset.
868 1637 888 1670 ι
964 1617 1170 1671 Annuit
1239 1616 1392 1671 ocius
1470 1614 1801 1670 Fulcuinus:

1916 413 2025 461 tem
2067 408 2354 463 liatherius
2399 425 2506 463 non
2546 409 2714 463 multo
2757 418 2881 481 post
2929 408 3208 466 Nannonis
3245 412 3510 483 placitum

1915 497 2282 564 menseJulio,
2312 500 2392 554 vel
2424 500 2492 554 ad
2529 515 2800 555 sununum
2829 500 3074 572 Augusto
3102 503 3226 556 auni
3259 502 3383 558 968.
3426 503 3509 561 Ex

1916 589 2181 645 tabulario
2213 589 2328 661 (De‘
2361 608 2494 645 vesc.
2531 608 2559 645 e
2588 609 2704 662 gor.
2741 592 2797 646 di
2843 589 3068 659 Verona,
3105 611 3157 663 p.
3204 595 3328 666 195)
3359 597 3506 654 enim

1914 681 2156 736 ecclesia:
2185 685 2357 737 sancti
2402 683 2615 739 Proculi
2641 685 2846 741 editum
2877 695 2961 741 est
2998 704 3027 741 a
3067 688 3380 744 Biancolino
3403 690 3502 746 Mi-

1916 771 2057 828 lonis
2092 773 2206 844 jam
2237 776 2474 846 episcopi
2519 777 2898 832 documentqu
2951 793 3072 833 cum
3110 780 3195 834 his
3233 783 3508 839 chronicis.

1913 866 2094 920 notis:
2129 884 2147 916 ι
2182 867 2342 922 Αιιιιο
2379 869 2588 938 imperii
2620 871 2822 924 domini
2869 872 3041 926 nostri
3086 872 3262 944 Magni
3290 872 3506 930 Ottonis

1913 955 2171 1026 septimo,
2206 957 2301 1010 ﬁlii
2337 956 2453 1026 ejus
2482 961 2678 1028 primo,
2711 962 3004 1017 indictione
3038 964 3122 1019 ll.
3158 983 3177 1016 ι
3209 964 3349 1020 Sunt
3374 966 3507 1021 cha-

1914 1060 2156 1105 racteres
2193 1053 2324 1106 anni
2351 1053 2475 1120 968,
2511 1072 2743 1127 cumque
2775 1059 2875 1114 hoc
2896 1076 3041 1115 anno
3069 1061 3294 1116 indictio
3319 1063 3378 1116 ll
3412 1063 3509 1118 de-

1912 1143 2066 1199 sierit
2092 1160 2278 1200 mense
2317 1147 2580 1218 Augusto,
2632 1151 2772 1206 istud
2814 1152 3197 1210 documentum
3242 1155 3507 1226 scriptum

1911 1233 2080 1306 liquet
2109 1248 2234 1291 ante
2267 1237 2664 1309 Septembrem,
2698 1259 2805 1313 quo
2837 1244 3114 1302 inchoavit
3149 1248 3370 1303 indictio
3414 1249 3502 1303 l2.

1911 1328 2044 1385 Cum
2099 1347 2262 1402 porro
2300 1343 2475 1388 exstet
2514 1335 2658 1390 aliud
2713 1338 3096 1394 documentum
3151 1343 3352 1398 mensis
3379 1341 3508 1398 Maii

1911 1422 2036 1475 anni
2090 1423 2330 1493 ejusdem
2374 1425 2613 1494 (DIONYS.
2659 1425 2875 1484 Collect.
2915 1431 3154 1502 diplom.,
3192 1449 3312 1505 pag.
3357 1435 3504 1508 128),

1911 1512 2004 1580 qui
2032 1511 2350 1570 ltatherium
2376 1517 2603 1574 Verona:
2647 1521 2959 1592 episcopum
2988 1525 3230 1596 przefert,
3258 1529 3508 1599 idemque

1915 1599 2139 1658 Veronae
2163 1606 2338 1660 adhuc
2368 1618 2514 1663 esset
2560 1610 2645 1666 die
2690 1611 2759 1665 50
2788 1612 2957 1680 Junii,
2985 1631 3092 1685 quo
3123 1614 3315 1673 Nauno
3337 1619 3510 1690 placi-

206 1732 224 1764 ι
273 1713 511 1768 Factum
554 1723 670 1776 est,
725 1711 934 1782 inquit,
983 1711 1206 1765 missum
1263 1717 1376 1773 est,
1426 1708 1573 1763 venit
1621 1707 1728 1763 ille,
1781 1729 1800 1760 ι
1836 1704 1882 1762 Β
1914 1705 2026 1750 ιιιιιι
2059 1699 2265 1765 habuit,
2300 1716 2508 1758 necnon
2533 1703 2778 1778 [caxvm]
2803 1708 2890 1763 die
2916 1710 3090 1779 prima
3112 1709 3388 1783 Julii,quo
3419 1713 3508 1770 ille

200 1807 352 1875 Quod
383 1823 552 1878 porro
579 1806 821 1877 subjicit,
866 1824 885 1856 ι
931 1806 1182 1860 auferens
1231 1821 1414 1861 secum
1463 1805 1582 1859 auri
1613 1813 1667 1860 et
1712 1820 1803 1859 ar-

197 1903 343 1973 genti
373 1919 482 1958 non
514 1903 690 1955 dicam
729 1901 991 1971 pondera,
1020 1901 1136 1964 sed,
1168 1908 1227 1953 ut
1253 1899 1421 1970 ipsius
1447 1899 1630 1954 verbis
1657 1907 1801 1964 utar,

203 2012 422 2052 massas
475 2006 530 2051 et
568 2010 826 2070 acervos,_
867 2014 888 2046 ι
936 1993 1253 2049 incredibile
1297 2008 1521 2064 prorsus
1569 1994 1800 2048 videtur.

195 2089 376 2156 Quam
424 2089 726 2144 Ratherius
753 2087 963 2142 alienus
991 2087 1045 2141 in
1079 2095 1191 2142 tota
1221 2086 1333 2142 vita
1366 2086 1528 2141 fuerit
1549 2101 1578 2141 a
1601 2085 1806 2140 divitiis

193 2183 619 2255 congregandis,
646 2198 766 2236 cum
792 2180 957 2236 multa
985 2181 1218 2250 probant
1260 2197 1381 2251 qua:
1403 2182 1468 2234 de
1492 2180 1803 2236 divitiarum

197 2285 518 2347 contemptu
558 2292 623 2331 ac
651 2275 978 2329 liberalitate
1003 2274 1121 2344 ejus
1152 2273 1357 2343 aliquot
1401 2273 1454 2327 in
1508 2272 1640 2328 locis
1664 2271 1804 2328 refe-

193 2377 420 2434 runtur,
467 2378 579 2423 tum
615 2383 746 2424 vero
782 2367 869 2421 illa
900 2366 1146 2421 Everacli
1179 2366 1416 2436 episcopi
1459 2365 1806 2421 Leodiccnsis

195 2463 248 2516 in
273 2462 485 2518 litteris
511 2461 578 2516 ad
602 2462 776 2530 ipsum
806 2460 1125 2515 Ratherium
1158 2459 1386 2529 scripta,
1417 2475 1540 2513 cum
1575 2459 1622 2514 is
1653 2458 1707 2512 in
1740 2473 1804 2514 eo

195 2565 342 2610 esset
375 2561 441 2607 ut
480 2552 745 2607 Veronam
792 2560 1123 2622 postremum
1157 2550 1455 2616 desereret,
1507 2549 1806 2604 luculenter

197 2653 517 2698 testantur:
575 2663 592 2694 ι
662 2643 778 2698 Νοιι
851 2643 1012 2698 modo
1054 2658 1161 2696 non
1225 2641 1488 2712 rapuisti,
1557 2641 1649 2695 sed
1705 2655 1805 2696 nec

205 2738 430 2807 quidem
487 2735 744 2807 appetisti
785 2737 993 2792 aliena:
1031 2735 1259 2808 largitus
1311 2733 1536 2808 [cexvu]
1575 2749 1635 2788 cs
1679 2748 1805 2804 pro-

198 2830 342 2901 pria,
399 2828 632 2884 aliorum
675 2829 969 2884 condolens
999 2829 1256 2893 miseriis,
1299 2844 1408 2882 non
1458 2826 1804 2882 felicitatibus

206 2924 464 2978 invidens
521 2923 730 2980 alienis.
797 2943 814 2974 ι
865 2923 922 2978 lu
973 2931 1344 2994 paupertatem
1385 2937 1516 2976 sane
1563 2922 1636 2974 ita
1687 2927 1803 2975 erat

202 3030 533 3086 propensus,
579 3025 641 3070 ut
686 3034 706 3067 ι
753 3024 864 3070 tam
903 3031 962 3070 se
1010 3014 1147 3070 velle
1199 3014 1406 3068 diceret
1455 3013 1589 3066 mori
1652 3025 1801 3065 men-

204 3079 420 3176 dicam,
481 3119 544 3164 ut
605 3109 829 3166 alterius
899 3108 1242 3180 eleemosyna
1303 3105 1421 3176 ejus
1481 3079 1875 3174 contegaturC

203 3203 464 3259 cadaver.
529 3221 551 3254 ι
607 3202 821 3271 Quanta
862 3213 1042 3256 autem
1086 3199 1186 3256 sub
1232 3198 1563 3254 Veronensis
1595 3197 1805 3267 episco-

202 3305 364 3367 patus
411 3296 575 3351 linem
625 3306 768 3350 esset
805 3295 974 3365 ipsius
1031 3291 1316 3362 pauperies
1360 3299 1523 3359 atque
1567 3297 1804 3360 egestas,

205 3404 271 3443 ex
334 3389 725 3460 Apologetico,
778 3387 919 3457 quod
981 3385 1143 3456 paulo
1198 3393 1326 3439 ante
1387 3382 1596 3436 Pascha
1646 3378 1806 3448 hujus

208 3484 333 3538 anni
379 3482 488 3539 968
541 3481 811 3544 exaravit,
855 3479 1182 3533 audivimus.
1234 3478 1405 3544 Quam
1442 3489 1606 3546 porro
1632 3487 1804 3543 augu-

205 3585 289 3630 sta
345 3575 450 3646 ipsi
519 3583 664 3629 esset
717 3589 806 3629 res
862 3571 1180 3636 familiaris,
1237 3568 1642 3624 Testamentum
1702 3568 1807 3620 hoc

206 3667 400 3721 eodem
440 3681 585 3721 anno
627 3667 890 3735 scriptum
931 3665 1288 3727 demonstrat,
1338 3662 1392 3715 in
1442 3675 1550 3729 quo
1589 3659 1707 3713 hzec
1737 3657 1804 3712 de

206 3757 762 3828 pecuuialeguntur:
816 3773 834 3806 ι
880 3754 1093 3810 Denarii
1143 3755 1188 3806 si
1230 3752 1362 3807 mihi
1393 3748 1802 3817 fuerintaliqui,

208 3850 281 3902 ita
312 3851 436 3903 volo
463 3849 596 3902 [iant
620 3848 800 3902 divisi.
839 3845 951 3902 Una
980 3847 1026 3901 si
1062 3845 1228 3898 fuerit
1258 3844 1412 3906 libra,
1461 3844 1618 3896 detur
1647 3856 1801 3895 cura-

213 3943 430 3997 toribus
455 3942 660 3998 l‘uueris
688 3942 830 4006 mei;
859 3942 1028 3995 altera
1061 3940 1164 3995 nisi
1193 3937 1442 4002 defuerit,
1467 3936 1680 3991 clericis
1709 3951 1802 3990 ee-

214 4032 440 4088 clesiam
503 4032 906 4102 possidentibus
950 4040 1152 4086 sanctae
1203 4029 1384 4084 Mariae
1418 4027 1805 4083 Consolatricis

212 4143 336 4182 cum
369 4126 583 4182 caateris
613 4127 667 4180 iu
691 4126 882 4181 eodem
909 4123 1160 4180 Judicato
1187 4123 1490 4192 descriptis.
1535 4120 1805 4189 Quidquid

210 4223 507 4289 supererit,
550 4219 665 4274 sive
717 4219 789 4273 sit
829 4217 1076 4282 multum,
1117 4219 1259 4287 quod
1319 4230 1425 4270 non
1465 4215 1648 4280 credo,
1690 4213 1806 4268 sive

209 4329 426 4384 parum,
462 4323 556 4368 aut
583 4322 734 4369 certe
781 4311 934 4377 nihil,
975 4312 1116 4381 quod
1144 4327 1250 4364 non
1283 4308 1551 4373 discredo,
1606 4307 1805 4361 habeat

209 4403 496 4472 Martinus,
553 4405 859 4461 loculorum
931 4420 1073 4459 nunc
1123 4412 1369 4458 servator
1408 4415 1674 4466 meorum,
1711 4407 1804 4452 aut

208 4500 322 4568 qui,
359 4501 576 4570 quando
603 4499 791 4564 obibo,
825 4507 952 4552 tunc
994 4497 1134 4552 idem
1186 4495 1440 4551 habuerit
1474 4492 1730 4549 otlicium.
1780 4510 1800 4542 )

210 4589 309 4657 Qui
342 4601 487 4646 tanta
519 4592 875 4647 denariorum
920 4589 1168 4660 angustia
1206 4587 1488 4642 laborabat
1517 4599 1659 4640 anno
1680 4582 1805 4649 968,

209 4683 367 4754 paulo
407 4695 698 4754 antequam
743 4683 955 4738 Verona
995 4683 1332 4747 discederet,
1379 4679 1652 4750 quomodo
1681 4676 1810 4732 hinc

210 4776 400 4830 abiens
422 4775 615 4831 all'erre
646 4791 835 4831 secum
864 4775 1036 4843 potuit
1069 4792 1087 4824 ι
1128 4773 1244 4827 auri
1277 4781 1332 4827 et
1360 4770 1571 4841 argenti
1597 4785 1703 4824 non
1732 4767 1812 4822 di-

210 4881 327 4921 cam
368 4869 628 4936 pondera,
675 4867 772 4922 sed
819 4881 1026 4920 massas
1058 4874 1113 4920 et
1153 4862 1422 4920 acervos?
1457 4881 1476 4914 ι
1518 4862 1575 4916 Id
1600 4862 1646 4916 si
1677 4859 1812 4916 dixit

211 4959 520 5027 Ratherius,
555 4962 699 5017 haud
741 4959 908 5015 dubie
938 4976 1032 5030 per
1083 4961 1312 5014 ironiam
1343 4971 1492 5012 more
1527 4971 1624 5012 suo
1648 4955 1805 5010 dixit.

214 5054 268 5107 Si
296 5055 426 5124 quid
455 5070 582 5110 vero
603 5053 726 5109 auri
755 5061 814 5107 et
845 5053 1056 5124 argenti
1086 5067 1272 5108 secum
1304 5050 1508 5116 attulit,
1533 5049 1676 5119 quod
1699 5063 1807 5104 non

214 5146 488 5201 videretur
507 5149 769 5220 exiguum
797 5186 812 5210 ,
853 5145 906 5198 id
936 5145 1256 5201 clericorum
1299 5143 1600 5214 praesertim
1631 5141 1809 5197 rebel-

217 5235 365 5303 lium,
399 5253 533 5309 quos
559 5240 722 5294 valde
755 5237 949 5292 divites
971 5247 1024 5293 et
1056 5240 1310 5310 profusos
1336 5237 1590 5302 vidimus,
1613 5245 1670 5291 et
1699 5233 1807 5290 Ve-

217 5334 522 5388 ronensium
547 5331 868 5388 liberalitati
901 5331 1266 5388 tribuendum.
1295 5333 1386 5388 nui
1415 5331 1700 5388 scilicetut
1723 5342 1810 5384 se-

1908 1791 1974 1844 ad
2000 1789 2344 1859 Nauuouem,
2378 1796 2728 1854 Ambrosium
2759 1810 2816 1855 et
2842 1803 3152 1860 Adelaidem
3179 1805 3390 1863 litteras
3416 1810 3508 1866 de-

1908 1881 2006 1946 dit,
2064 1883 2371 1956 ibidemque
2415 1898 2600 1958 postea
2658 1891 2968 1962 aliquandiu
3011 1896 3082 1951 sit
3157 1899 3505 1968 immoratus,

1908 1983 2085 2051 quoad
2111 1985 2179 2040 ad
2210 1986 2530 2044 Everaclum
2583 2000 2639 2046 et
2684 1991 3007 2048 Fulcuiuum
3058 1994 3199 2049 datis
3236 1994 3504 2064 epistolis,

1909 2087 2169 2141 responsa
2210 2087 2264 2130 et
2285 2093 2456 2148 equos
2479 2080 2546 2134 ad
2586 2081 2689 2135 iter
2714 2080 3018 2138 faciendum
3049 2084 3290 2154 accepit;
3327 2084 3508 2153 palam

1909 2164 1969 2218 ﬁt
2004 2180 2128 2221 eum
2152 2169 2354 2226 abiisse
2383 2173 2484 2226 sub
2514 2173 2675 2226 linem
2704 2172 2852 2239 Julii,
2878 2173 2960 2228 vel
2985 2175 3138 2228 initio
3160 2175 3412 2245 Augusti,
3442 2191 3508 2231 ac

1907 2259 2007 2314 sub
2030 2260 2172 2316 idem
2209 2271 2419 2333 tempus
2448 2265 2722 2330 Milonem,
2752 2281 2982 2337 quocum
3013 2267 3295 2338 multiplex
3329 2269 3508 2323 fuerat

1907 2352 1973 2407 de
2003 2354 2317 2425 episcopatu
2363 2358 2663 2424 contentio,
2707 2359 2761 2414 in
2811 2357 2928 2427 ejus
2968 2359 3147 2416 locum
3178 2362 3508 2418 successisse

1907 2455 2032 2500 ante
2055 2447 2452 2518 Septembrem.

1909 2538 1938 2611 §
1973 2539 2093 2618 Χὶς.
2119 2544 2288 2618 -ᾼῤ
2337 2544 2589 2618 Everncle
2641 2545 2947 2602 Leodiccnsi
2987 2549 3249 2618 episcopo,
3280 2557 3327 2602 et
3363 2547 3502 2602 Ful-

1979 2615 2132 2690 cuine
2166 2615 2656 2690 Δαὺὺιιιιξ-Ιιοιιίιζηδὶ
2706 2630 2958 2687 receptus,
2999 2615 3193 2690 aliquot
3212 2619 3500 2690 abbatiolis

1977 2685 2285 2754 prta/icitur.
2297 2689 2345 2758 _A
2363 2685 2663 2758 Simoniden
2687 2685 2942 2758 emptione
2960 2685 3182 2744 nbbdtire
3199 2689 3255 2744 S.
3276 2691 3509 2744 Antandt’

1977 2755 2453 2830 purgatur_._Locns
2483 2755 2925 2828 Prceloqniorum,
2966 2777 3068 2830 quo
3093 2777 3264 2815 rerum
3307 2762 3508 2829 factum

1977 2827 2041 2901 de
2062 2828 2162 2901 truc
2188 2827 2396 2901 abbatia
2444 2827 2746 2901 exponitur,
2779 2832 2878 2883 huc
2914 2827 3238 2901 rejerendus.
3269 2827 3508 2886 Abbatia:

1978 2895 2222 2969 Lobiensi
2245 2899 2308 2969 ab
2343 2895 2594 2952 Everaclo
2622 2895 2948 2969 praeponitur
2971 2895 3260 2956 "Fulcuino
3286 2913 3505 2969 remoto,

1978 2971 2067 3036 qui
2101 2985 2133 3019 a
2175 2967 2404 3022 Not/tero
2436 2967 2674 3024 liveractt
2705 2987 3000 3026 successore
3032 2974 3344 3027 restituitur.
3393 2967 3509 3025 Ra;

1977 3037 2130 3091 therii
2156 3054 2317 3104 mors,
2351 3049 2400 3092 et
2435 3057 2606 3094 annus
2635 3043 2838 3096 mortis.

1984 3129 2108 3183 159.
2137 3128 2457 3184 Ratherium
2492 3132 2788 3188 Everaclus
2809 3134 3095 3206 episcOpus
3140 3135 3508 3203 Leodiccnsis,

1881 3209 1986 3276 ἰιιί
2016 3222 2396 3292 spoponderat,
2427 3224 2628 3294 recepit
2662 3240 2825 3295 quam
2869 3226 3279 3294 humanissime,
3327 3229 3507 3300 eique,

1908 3311 2170 3366 Fulcuino
2201 3321 2358 3379 teste,
2383 3312 2572 3368 Alnam
2592 3315 2768 3370 villam
2790 3332 2912 3372 cum
2935 3318 3049 3374 suis
3071 3319 3371 3376 redditibus
3395 3327 3506 3375 tra-

1908 3401 2040 3457 didit
2086 3404 2224 3475 (cap.
2254 3403 2369 3476 28).
2408 3405 2560 3462 Hanc
2588 3409 2833 3464 eamdem
2882 3410 3061 3465 villam
3095 3411 3320 3484 ejusque
3345 3413 3513 3469 abba-

1910 3495 2039 3548 tiam
2075 3495 2218 3550 illam
2253 3512 2394 3562 esse,
2423 3515 2585 3568 quam
2617 3509 2738 3570 post
2761 3502 3135 3572 expulsionem
3184 3507 3252 3560 ab
3303 3507 3514 3576 episco-

1908 3593 2041 3654 patu
2094 3585 2410 3642 Leodiccnsi
2461 3591 2528 3644 ad
2574 3605 2870 3662 congruum
2929 3595 3055 3649 vita:
3119 3596 3421 3653 subsidium
3471 3613 3507 3656 a

1907 3679 2154 3736 Baldrico
2179 3681 2419 3738 Everacli
2451 3687 2849 3756 praedecessore
2875 3701 3163 3761 acceperat
3199 3710 3340 3750 anno
3379 3696 3507 3764 955,

1907 3773 2040 3827 satis
2067 3773 2419 3842 probabiliter
2441 3776 2774 3846 conjecimus
2807 3780 2836 3853 §
2867 3782 2954 3836 11.
2976 3782 3272 3841 Fulcuinus
3292 3802 3512 3859 quoque

1907 3867 2073 3922 abbas
2102 3867 2384 3924 Lobiensis
2427 3869 2656 3926 fratrum
2680 3889 2949 3931 consensu
2983 3877 3159 3932 eidem
3186 3880 3332 3934 dedit
3360 3879 3514 3936 vittas

1909 3956 2147 4014 Stratam
2175 3969 2223 4014 et
2267 3959 2557 4017 Gosniacas
2594 3974 2640 4018 et
2665 3965 2985 4021 abbatiolam
3033 3973 3202 4025 sancti
3240 3970 3506 4041 Ursmari,

1906 4061 1954 4104 et
1981 4050 2140 4106 aliam
2183 4070 2340 4124 quam
2369 4054 2613 4110 Waslare
2643 4064 3020 4116 monasterium
3051 4065 3344 4120 vocabant.
3381 4065 3500 4123 Duo

1907 4142 2012 4198 alia
2035 4147 2384 4212 monasteria,
2411 4147 2462 4202 id
2485 4157 2589 4214 est,
2612 4152 2788 4206 sancti
2815 4152 3047 4210 Amandi
3079 4166 3135 4212 et
3161 4157 3501 4226 Altimontis,

1907 4236 2136 4304 pecunia
2177 4236 2404 4293 subinde
2429 4247 2702 4297 mercatus
2728 4243 2796 4298 ab
2821 4245 3011 4301 eodem
3043 4245 3306 4305 Fulcuino
3337 4251 3509 4306 tradi-

1911 4334 2020 4394 tur,
2061 4327 2155 4381 sed
2201 4327 2276 4382 ita
2307 4335 2366 4382 ut
2408 4338 2696 4402 utrumque
2725 4347 2793 4387 ex
2838 4334 3059 4392 levitate
3090 4356 3216 4395 mox
3259 4342 3518 4400 deserue-

1910 4416 2000 4482 rit,
2033 4417 2339 4488 Alnamque
2379 4435 2629 4477 reversus
2675 4425 2769 4479 sit.
2808 4444 2828 4476 ι
2862 4428 2909 4481 Α
2941 4427 3200 4487 Lothario
3246 4447 3393 4504 rege,
3432 4435 3516 4490 in-

1913 4510 2049 4580 quit,
2081 4519 2167 4565 est
2205 4519 2480 4568 mercatus
2524 4515 2699 4570 sancti
2736 4515 2969 4575 Amandi
3001 4521 3299 4592 abbatiam,
3348 4540 3513 4598 quam

1912 4601 2004 4655 vix
2044 4617 2151 4656 una
2201 4612 2361 4659 nocte
2401 4605 2626 4674 potitus,
2677 4621 2796 4662 eam
2840 4607 2923 4680 (ut
2952 4621 3074 4666 erat
3101 4615 3252 4670 mirae
3277 4615 3516 4672 levitatis

1913 4693 2018 4765 vir)
2075 4695 2479 4768 derelinquens,
2534 4699 2727 4756 Alnam
2766 4706 3060 4760 revertitur
3099 4708 3303 4775 villam,
3349 4724 3514 4780 quam

1915 4786 2289 4844 munificentia
2310 4789 2493 4845 domni
2535 4791 2772 4862 episcopi
2801 4807 3198 4864 promeruerat.
3228 4799 3355 4856 lude
3381 4815 3521 4870 quo-

1919 4892 2024 4946 que
2073 4880 2239 4937 simili
2287 4881 2449 4938 modo
2490 4885 2920 4953 monasterium,
2980 4888 3122 4960 quod
3175 4891 3522 4949 Altummon-

1917 4975 2026 5024 tem
2079 4972 2384 5038 nominant,
2436 4975 2564 5034 dato
2606 4991 2802 5050 magno
2828 4979 3007 5049 pretio
3035 4989 3396 5053 comparavit,
3439 4987 3530 5041 ubi

1915 5064 2176 5136 quidquid
2201 5066 2534 5139 praecipuum
2573 5068 2680 5124 sibi
2710 5069 2762 5123 in
2793 5070 3132 5126 ornamentis
3154 5081 3212 5129 et
3236 5083 3540 5134 vestimen-

1919 5157 1992 5212 tis
2014 5159 2405 5217 ecclesiasticis
2434 5161 2632 5228 fuerat,
2679 5176 2908 5233 quzeque
2938 5172 3098 5219 antea
3145 5168 3262 5238 ipse
3290 5171 3544 5228 ecclesia:

1919 5261 2120 5310 nostra;
2152 5253 2458 5326 (Lobiensi)
2489 5256 2716 5328 largitus
2756 5256 2958 5321 fuerat,
2985 5259 3081 5313 sed
3109 5273 3301 5329 postea
3325 5279 3450 5321 resu
3465 5279 3546 5316 π.-

1916 5357 2094 5388 nem-nl
2137 5344 2346 5388 [ηυγ]
2365 5343 2506 5388 fama
2535 5347 2820 5388 Annalium!
2849 5349 3126 5388 annnoccil
3184 5354 3296 5388 ιιηη
3323 5371 3546 5388 ηιιηηιιη
