4038 5388
533 256 631 313 151

1488 256 1821 314 unum“
1859 209 2372 312 EPISCiVERON.
2415 252 2565 309 cer.
2605 250 2786 309 rans
2819 254 2860 310 ι.

3706 256 3812 318 152

469 364 479 447 l
529 370 662 427 dare
692 370 952 440 animam,
980 371 1153 444 legem
1178 373 1481 446 requirere‘
1502 375 1724 431 studeas
1769 372 2038 430 Altissimi
2059 371 2115 427 in
2140 379 2197 441 Α
2241 367 2340 425 tibi
2387 376 2448 424 ut
2490 369 2652 426 dares
2691 369 3331 441 concessit?Facultate,
3383 372 3601 441 aﬂ’ectu,
3648 384 3814 446 atque

464 452 481 485 ’ἲ
529 464 884 521 custodiendo
950 481 1229 525 sermones
1278 466 1395 537 ejus
1441 467 1746 538 praecepti:
1780 467 1924 538 quod
1962 465 2045 530 fit,
2073 464 2119 522 si

529 554 705 626 ipsum
729 556 1046 623 artiﬁcium,
1075 559 1203 614 dum
1251 560 1404 616 adest
1438 560 1535 616 tibi
1558 560 1627 615 ad
1653 559 1899 631 corporis
1938 557 2118 615 subsi-

527 647 701 714 dium,
747 659 962 720 satagas
994 657 1054 704 ut
1092 650 1166 707 sit
1212 651 1430 723 aliquod
1451 660 1506 708 et
1533 652 1731 708 animae
1777 651 2115 723 suffragium.

526 737 607 793 Ex
639 738 755 803 ipso
780 740 1015 811 denique
1039 742 1125 798 fac
1163 741 1565 816 eleemosynas,
1605 744 1672 799 da
1713 744 1944 799 Domino
1973 742 2118 799 deci-

525 845 665 888 mas.
691 831 960 889 Memento
997 836 1126 906 quia
1164 850 1230 892 ex
1258 838 1512 894 omnibus
1537 854 1660 910 quae
1687 838 1943 903 contulit,
1974 854 2120 895 sem-

523 938 625 993 per
661 927 804 994 quod
830 940 986 982 suum
1020 936 1107 984 est
1154 929 1343 1002 exigit.
1398 928 1577 997 Time,
1614 945 1682 987 ne
1725 931 1770 986 si
1826 930 1900 986 illi
1929 930 2117 987 tuleris

523 1027 737 1087 partem
761 1034 939 1087 suam,
979 1021 1075 1078 tibi
1097 1022 1279 1095 potius
1306 1022 1518 1079 adimas
1571 1031 1741 1093 tuam,
1792 1033 2117 1095 praesentem

520 1110 737 1168 scilicet
758 1121 815 1170 et
833 1112 1096 1172 futuram.

952 1250 1077 1307 Tl'l‘.
1127 1250 1217 1341 1V.
1241 1283 1313 1294 —
1338 1250 1418 1309 De
1446 1253 1682 1309 medicis.
1714 1224 1719 1233 ‘

614 1382 666 1437 6.
689 1382 757 1438 Et
815 1392 875 1439 ut
922 1401 952 1440 a
999 1400 1219 1459 genere,
1266 1388 1501 1460 aliquem
1561 1390 1829 1445 artiﬁcum
1881 1405 2119 1447 commo-

529 1475 712 1530 nendo
738 1484 1079 1533 transeamus
1118 1480 1183 1536 ad
1212 1482 1473 1553 speciem,
1534 1482 1777 1539 medicus
1819 1482 1929 1538 es?
1975 1481 2115 1538 Audi

526 1568 690 1623 etiam
755 1568 910 1638 juxta
976 1570 1212 1629 litteram
1294 1575 1392 1631 tibi
1448 1577 1850 1649 praecipientem
1932 1577 2116 1634 Domi-

524 1672 696 1713 num:
744 1658 968 1727 Modice,
999 1679 1126 1717 cura
1156 1674 1206 1719 te
1244 1666 1415 1736 ipsum
1461 1667 1611 1739 (Luc.
1640 1684 1716 1733 IV,
1752 1668 1868 1741 25),
1902 1668 1954 1723 id
2006 1676 2112 1732 est,

529 1748 658 1805 dum
693 1749 747 1805 in
799 1752 920 1809 aliis
970 1769 1131 1812 curas
1158 1757 1535 1827 aegritudinem
1563 1775 1877 1830 corporum,
1929 1769 2116 1830 satage
2145 1768 2192 1828 Β

524 1840 585 1897 in
619 1848 673 1897 te
705 1843 1066 1902 valetudinem
1097 1848 1301 1903 mederi
1331 1865 1564 1905 morum.
1606 1849 1759 1918 Quod
1813 1852 1889 1915 lit,
1928 1852 1973 1906 si
1998 1852 2113 1922 ipso

516 1935 771 1992 medendi
818 1937 1036 2008 ingenio
1109 1940 1317 1997 servire
1379 1943 1600 1999 studeas
1662 1942 1906 1999 Creatori
1974 1951 2110 2009 tuo;

517 2043 646 2098 erga
700 2043 964 2099 pauperes
1013 2046 1079 2085 eo
1118 2042 1278 2088 utens
1315 2045 1612 2105 praecepto,
1662 2036 1806 2105 quod
1856 2036 2116 2093 Dominus

516 2122 648 2176 dicit
691 2122 745 2176 in
801 2123 1099 2196 Evangelio
1144 2122 1370 2182 :Gratis
1429 2128 1717 2199 accepistis,
1770 2131 1937 2200 gratis
1991 2130 2116 2185 date

516 2210 734 2282 (Matth.
768 2229 824 2281 χ,
853 2213 940 2286 8);
985 2231 1113 2287 erga
1143 2216 1341 2274 divites
1366 2218 1457 2274 illo
1481 2219 1729 2291 Apostoli
1761 2218 1873 2290 (18)
1904 2218 2113 2274 :Nemo

512 2304 889 2362 circumveniri!
913 2309 969 2362 in
997 2311 1202 2380 negotio
1232 2311 1452 2379 fratrem
1496 2330 1674 2378 suum,
1716 2314 1965 2383 quoniam
2003 2314 2114 2368 vin-

522 2398 618 2452 dex
650 2408 726 2452 est
778 2400 1032 2456 Dominus
1071 2403 1135 2456 de
1166 2403 1403 2458 omnibus
1436 2403 1487 2474 (I
1531 2404 1711 2459 Thess.
1738 2420 1813 2470 IV,
1848 2404 1925 2473 6),
1952 2414 2062 2461 etc.
2093 2423 2108 2473 ;

514 2496 575 2544 ut
602 2490 854 2548 videlicet
881 2493 1210 2565 pauperibus
1239 2496 1411 2565 gratis
1446 2512 1547 2567 pro
1564 2496 1664 2552 Dei
1690 2511 1878 2552 amore
1901 2498 2114 2555 miseri-

516 2580 756 2635 corditer
783 2581 1097 2649 subvenias,
1130 2585 1389 2642 divitibus
1421 2602 1551 2642 vero
1591 2602 1691 2658 pro
1735 2589 1987 2644 mercede
2014 2604 2112 2645 ac-

509 2677 668 2739 cepta
700 2671 963 2726 medelam
1017 2672 1249 2730 ﬁdeliter
1276 2675 1584 2746 impendas,
1612 2693 1683 2733 ne
1723 2677 1891 2734 Deum
1934 2679 2111 2735 vindio

508 2775 629 2817 cem
674 2779 771 2821 eos
805 2766 1240 2824 circumveniens
1285 2770 1512 2827 sentias.
1566 2770 1638 2826 At
1664 2779 1745 2837 tu,
1778 2788 1883 2827 non
1914 2772 2106 2842 gratis,

508 2852 710 2924 inquis,
743 2859 950 2928 accepi,
980 2866 1040 2914 ut
1065 2859 1204 2916 dicis
1231 2877 1247 2927 ;
1277 2860 1404 2932 quia
1428 2870 1485 2917 et
1508 2862 1800 2934 magistros
1830 2866 2104 2931 mercede,

511 2954 570 3000 et
591 2946 798 3016 species
826 2950 1246 3007 medicaminum
1276 2952 1456 3022 pretio
1493 2952 1624 3019 emi,
1653 2953 1854 3024 vigiliis
1884 2968 2103 3027 quoque

508 3039 807 3112 multisque
821 3042 1119 3112 laboribus,
1136 3046 1417 3102 medicinze
1448 3046 1902 3119 inﬂrmorumque
1914 3064 2102 3115 causa,

2224 460 2489 522 solamine
2518 462 2572 517 in
2601 461 2877 519 laboribus
2913 464 3069 535 cujus
3092 479 3195 534 ope
3221 464 3420 522 frueris
3444 466 3469 520 ?
3491 466 3575 522 Ad
3601 475 3814 537 postre«

2220 568 2369 608 mum
2398 560 2451 608 te
2471 562 2733 624 operante
2754 554 2877 624 quis
2899 553 3153 610 ellectum
3185 555 3375 611 tribuit
3402 556 3553 627 operi
3575 557 3601 610 ?
3620 556 3814 612 Nonne

2220 645 2277 700 in
2311 645 2501 702 multis
2529 654 2783 718 expertus
2807 661 2867 701 es
2891 654 3041 702 tuum
3072 645 3313 702 laborem
3364 646 3441 702 nil
3466 646 3677 713 valere,
3706 646 3814 703 nisi

2220 751 2322 809 ego
2367 738 2601 795 salutem
2646 738 2981 795 decreverim
3032 750 3295 810 praestare
3319 737 3344 794 ?
3371 736 3507 792 Cum
3535 752 3568 792 e
3597 738 3814 793 duobus

2219 827 2471 896 alterum,
2500 829 2555 886 id
2585 838 2670 887 est
2697 830 2751 885 in
2787 831 2977 886 morbo
2998 830 3291 895 consimili,
3334 830 3682 886 medicamen
3716 844 3806 886 re:

2219 924 2501 994 Cuperavit
2526 924 2596 980 ad
2620 924 2809 991 vitam,
2856 923 3088 980 alterum
3132 923 3429 979 destinavit
3469 923 3537 977 ad
3565 921 3813 994 sepultu-

2220 1032 2359 1083 ram,
2388 1018 2572 1074 omnia
2601 1033 2731 1074 vero
2765 1019 2882 1074 haec
2906 1018 3001 1074 tibi
3039 1017 3226 1073 unde?
3272 1017 3471 1088 quibus
3505 1016 3612 1071 tuis
3640 1017 3814 1071 meri-

2220 1109 2335 1165 tis?
2358 1126 2464 1181 qua
2489 1110 2850 1182 praerogativa
2871 1110 2896 1165 ?
2915 1125 3023 1182 quo
3066 1109 3293 1181 praemio
3317 1109 3342 1163 ?
3390 1108 3589 1180 quibus
3645 1105 3815 1162 obse-

2218 1201 2363 1271 quiis
2390 1201 2415 1255 ?
2441 1201 2520 1257 Me
2548 1217 2702 1274 ergo,
2743 1218 2831 1258 me
2856 1218 3140 1258 munerum
3172 1202 3510 1275 largitorem,
3554 1216 3647 1256 me
3682 1214 3815 1270 ope-

2218 1307 2340 1346 rum
2367 1291 2674 1364 intelligens
2703 1293 3128 1365 dispunctorem,
3181 1292 3256 1348 ita
3311 1292 3455 1348 bane
3506 1289 3815 1356 humiliter,

2221 1383 2565 1450 charitative,
2626 1384 2924 1454 prudenter
2968 1394 3132 1455 atque
3165 1384 3480 1440 cautissime
3505 1397 3818 1454 exsequere

2221 1486 2415 1548 artem,
2448 1488 2508 1534 ut
2533 1494 2621 1535 me
2651 1481 2868 1551 utrique
2897 1481 3104 1553 cogites
3150 1488 3494 1552 praesentem,
3532 1488 3815 1550 quatenus

2220 1582 2275 1628 et
2306 1573 2397 1629 llic
2429 1571 2621 1630 eﬂectu
2660 1574 2826 1644 potiri
2877 1576 3063 1646 operis
3094 1572 3359 1645 prolicuo,
3391 1581 3448 1630 et
3477 1572 3588 1629 illic
3638 1587 3818 1628 remu-

2221 1670 2402 1722 nerari
2434 1684 2535 1739 pro
2564 1668 2752 1725 labore
2780 1667 3046 1725 merearis
3073 1670 3317 1740 proprio.

2295 1759 2348 1812 7.
2382 1758 2772 1816 Discretionem
2802 1776 3019 1831 quoque
3064 1761 3208 1816 inter
3234 1760 3408 1817 lucem
3439 1768 3496 1817 et
3526 1761 3813 1828 tenebras,

2220 1852 2367 1907 inter
2396 1854 2682 1909 veritatem
2713 1862 2768 1910 et
2793 1853 3107 1921 falsitatem,
3139 1855 3281 1911 inter
3308 1869 3475 1925 opera
3505 1854 3710 1909 diaboli
3752 1863 3810 1909 et

2219 1944 2610 2016 benign’tatem
2632 1945 2727 2001 Dei
2777 1961 2883 2001 non
2917 1946 3183 2002 modicam
3230 1961 3350 2001 esse
3381 1946 3648 2008 sentiens,
3674 1944 3813 2016 quid

2218 2033 2285 2088 ad
2317 2036 2660 2102 medicinam,
2684 2037 2812 2107 quid
2834 2037 3106 2107 pertineat
3130 2038 3306 2107 cogita
3336 2038 3400 2091 ad
3430 2036 3813 2091 maleﬁcorum

2218 2124 2510 2181 fallaciam.
2546 2126 2847 2198 Pigmenlis
2878 2129 2989 2201 (l9)
3022 2130 3188 2194 enim,
3221 2128 3427 2192 herbis,
3461 2129 3813 2198 diversisque

2217 2227 2483 2274 creatum
2513 2221 2794 2291 Speciebus
2819 2237 2883 2278 ea
2912 2221 2964 2276 in
3008 2221 3227 2276 nomine
3251 2219 3371 2292 ejus
3397 2222 3648 2291 exsequi,
3692 2237 3817 2293 qum

2217 2310 2673 2379 peritissimorum
2710 2312 2779 2366 ab
2803 2328 2869 2368 eo
2900 2312 3159 2383 inspirata
3203 2314 3411 2370 invenit
3454 2313 3698 2380 solertia,
3735 2314 3807 2368 ad

2215 2403 2457 2459 medicos
2488 2420 2502 2470 ;
2536 2406 2799 2475 auguriis,
2857 2407 3391 2477 prmeantationibus,
3438 2405 3524 2461 vel
3553 2404 3676 2462 aliis
3710 2422 3805 2461 sa-

2216 2496 2543 2567 crilegarum
2569 2498 3010 2554 Observationum
3049 2499 3526 2571 superstitionibus
3553 2500 3630 2555 uti
3678 2514 3811 2570 per-

2214 2587 2351 2643 tinet
2381 2589 2449 2644 ad
2471 2589 2908 2659 mathematicos,
2937 2590 3024 2646 vel
3048 2591 3258 2647 Marsos
3284 2591 3418 2662 (20).
3465 2590 3815 2646 Mathemati-

2215 2697 2402 2739 corum
2432 2698 2605 2755 genus
2634 2692 2716 2739 est
2747 2683 2799 2739 in
2846 2682 3056 2748 Africa,
3087 2683 3172 2739 cui
3206 2698 3314 2739 non
3354 2693 3554 2738 nocent
3583 2697 3814 2752 serpen-

2215 2783 2338 2843 tes;
2372 2783 2428 2830 et
2454 2776 2671 2846 quando
2721 2775 2909 2831 volunt
2958 2776 3101 2832 ﬁlios
3158 2790 3287 2832 suos
3334 2774 3592 2847 probare,
3620 2783 3811 2830 utrum

2211 2865 2295 2921 sui
2326 2865 2456 2933 sint,
2484 2880 2550 2920 an
2578 2883 2708 2933 non,
2732 2867 2957 2923 mittunt
2988 2866 3110 2923 lllos
3149 2867 3294 2921 inter
3337 2874 3643 2936 serpentes,
3680 2874 3739 2921 et
3761 2864 3810 2921 si

2209 2965 2337 3012 sunt
2360 2958 2607 3013 extranei
2633 2958 2870 3029 generis,
2904 2957 3024 3014 illos
3054 2959 3317 3016 devorant
3358 2965 3661 3029 serpentes.
3688 2956 3810 3012 Ali-

2211 3058 2294 3106 ter
2315 3048 2478 3122 Psylli
2510 3050 2621 3124 (21)
2647 3051 2702 3106 in
2735 3049 2944 3118 Africa,
2983 3049 3149 3107 Marsi
3200 3049 3422 3106 fuerunt
3451 3052 3506 3105 in
3538 3050 3694 3106 Italia
3718 3052 3810 3107 in—

511 3133 812 3204 smpissime
852 3134 1080 3193 alliciar.
1130 3137 1392 3196 Dominus
1425 3149 1619 3196 contra
1653 3158 1667 3195 :
1702 3138 1829 3196 Sine
1863 3158 1972 3208 me,
2019 3141 2107 3196 in-
2136 3135 2184 3201 C
2214 3152 2530 3200 cautatores
2572 3144 2930 3215 serpentium,
2976 3144 3069 3215 qui
3114 3158 3208 3200 eos
3230 3151 3324 3199 aut
3365 3142 3800 3209 interficiebant,

444 3268 451 3275 ,
508 3225 652 3296 quit,
677 3226 811 3283 nihil
837 3230 1052 3299 potestis
1080 3229 1184 3302 15
1208 3230 1385 3300 facere
1422 3230 1607 3305 (Joan.
1652 3231 1844 3308 15,4).
1876 3234 2109 3303 Aposto-
2138 3232 2145 3238 ’
2213 3247 2309 3292 aut
2337 3251 2534 3293 nocere
2563 3252 2669 3293 non
2693 3236 2963 3292 sinebant.
2979 3234 3305 3291 Carbunculi
3329 3234 3497 3299 enim,
3515 3232 3605 3289 vel
3650 3234 3809 3289 malae,

505 3317 598 3374 lus
619 3333 835 3390 quoque
865 3335 881 3376 :
918 3320 1062 3387 Quid
1082 3323 1261 3391 habes,
1277 3324 1417 3395 quod
1457 3340 1564 3380 non
1589 3326 1877 3411 accepisti?
1902 3323 1956 3399 (I
1979 3325 2104 3383 Cor.
2211 3328 2463 3399 pustulae,
2500 3344 2660 3399 quem
2683 3328 2886 3384 malum
2911 3329 3073 3399 vulgo
3092 3327 3282 3383 dicunt
3304 3326 3665 3397 malampnum
3688 3325 3805 3399 (22)

506 3427 580 3476 1v,
606 3410 684 3484 7.)
709 3413 1046 3486 iterumque:
1074 3413 1205 3482 Quis
1226 3416 1373 3487 prior
1391 3416 1536 3471 dedit
1548 3417 1596 3472 ei
1614 3426 1664 3471 et
1686 3410 2002 3473 ret’ribuetur
2021 3418 2110 3473 ei?
2210 3422 2512 3478 remedium
2547 3431 2651 3488 est,
2705 3431 2766 3478 ut
2789 3422 2999 3488 dicunt,
3026 3422 3073 3477 si
3121 3422 3309 3488 herba,
3343 3436 3465 3493 quae
3491 3421 3807 3492 specialiter

509 3503 690 3578 (Rom.
720 3522 785 3573 ιι,
814 3507 929 3580 55.)
983 3506 1220 3565 Jacobus
1266 3509 1473 3565 etiam:
1529 3508 1721 3575 Omne,
1774 3509 1869 3576 ait,
1919 3509 2103 3564 datum

505 3600 782 3666 optimum,
836 3610 884 3656 et
914 3618 1067 3657 omne
1113 3601 1311 3657 donum
1360 3602 1648 3673 perfectum
1705 3603 1982 3658 desursum
2027 3613 2106 3659 est

508 3686 764 3761 (Zach.1,
790 3692 905 3763 17).
936 3692 1073 3750 Nam
1099 3695 1255 3765 quasi
1299 3702 1352 3750 te
1386 3695 1549 3750 modo
1606 3695 1752 3750 Deus
1791 3694 2101 3761 conveniat,

506 3780 631 3850 quis
658 3782 780 3847 tibi,
812 3783 1082 3854 inquiens,
1121 3785 1288 3850 dedit,
1343 3801 1508 3855 quam
1563 3784 1788 3857 largitus
1808 3802 1867 3842 es
1898 3802 2105 3843 merce-

509 3871 669 3927 dem?
688 3888 869 3930 nonne
888 3875 1028 3946 ego?
1054 3875 1314 3946 Magistro
1342 3886 1436 3932 tuo
1457 3877 1741 3933 scientiam
1770 3878 2102 3948 instruendi,

503 3960 603 4021 tibi
647 3964 984 4026 intellectum
1032 3968 1333 4038 capiendi?
1376 3984 1557 4025 nonne
1601 3984 1703 4040 ego
1733 3970 1757 4024 ?
1783 3969 1867 4024 An
1917 3979 2105 4026 mente

504 4060 723 4117 excedit
749 4079 764 4118 :
805 4060 989 4118 Omnis
1016 4064 1277 4133 sapientia
1309 4080 1343 4118 a
1366 4062 1592 4118 Domino
1634 4062 1746 4120 Deo
1769 4065 1886 4119 est?
1910 4062 2100 4137 (Eccli.

506 4167 551 4220 ι,
600 4152 698 4224 1.)
738 4152 1085 4211 Voluntatem
1126 4169 1364 4227 quoque,
1393 4170 1496 4224 qua
1533 4164 1590 4211 te
1610 4154 1801 4210 saltem
1833 4171 1931 4228 pro
1961 4171 2104 4212 mer-

515 4246 649 4301 cede
672 4247 916 4315 doceret,
965 4249 1012 4306 si
1050 4264 1151 4321 ego
1197 4249 1414 4321 penitus
1444 4250 1785 4315 avertissent,
1815 4250 1937 4320 quis
1972 4251 2104 4308 dare

506 4342 771 4411 poterat?
809 4341 1052 4398 Pretium
1077 4358 1178 4415 pro
1208 4342 1663 4400 medicaminibus
1698 4342 1955 4399 collatum
1982 4343 2105 4414 quis

585 4476 696 4545 (l8)
720 4476 1030 4549 Legebatur
1045 4477 1464 4549 illiusﬁapostoli,
1487 4476 1767 4549 mendose.
1790 4475 2096 4549 Correctio-

512 4561 638 4601 nem
663 4547 831 4621 exigit
852 4558 1160 4621 contextus.
1188 4548 1343 4621 Sicut
1376 4549 1431 4621 in
1474 4548 1907 4621 praecedentibus
1936 4547 2096 4613 dixit,

504 4633 566 4670 eo
586 4626 736 4674 utens
761 4618 1018 4690 praecepto
1046 4619 1346 4688 Evangelii,
1374 4619 1558 4690 itahic
1586 4618 1913 4674 subauditur
1938 4628 2093 4678 utens

505 4699 763 4761 prtereth
784 4701 910 4745 ante
946 4706 1106 4747 voces
1135 4690 1228 4745 il‘lo
1258 4689 1497 4761 apostoli.

581 4757 1062 4836 (l9)_Pigmen}um
1115 4778 1213 4836 pro
1242 4757 1461 4836 potione
1509 4760 1722 4817 medica
1752 4776 1820 4817 ex
1865 4758 2098 4817 diversis

508 4831 1066 4902 speciebus‘confecta
1091 4831 1380 4902 accipitur.

579 4901 694 4974 (20)
725 4901 856 4958 Erat
882 4906 934 4958 iu
986 4901 1228 4974 vulgatis
1260 4902 1585 4968 Marsorum,
1620 4911 1876 4973 corrupte
1912 4920 1926 4969 ;
1969 4919 2098 4974 nam

448 5044 451 5047 Ἴ
508 4968 685 5028 Marsi
710 4990 815 5047 non
849 4968 1140 5047 ingAl‘ric'a,
1200 4974 1351 5047 sed,
1376 4982 1436 5028 nt
1464 4974 1548 5030 vel
1580 4974 1694 5047 ipse
1723 4968 1921 5029 au'ctor’
1936 4973 2097 5043 paulo

532 5052 634 5097 post
655 5045 853 5108 subdit,
906 5044 958 5098 in
1009 5044 1163 5100 Italia
1217 5045 1562 5100 exstiterunt.
1618 5043 1754 5100 Cum
1806 5061 1938 5099 vero
1970 5054 2096 5099 ante

565 5128 717 5169 arsos
743 5130 866 5170 mox
890 5116 1256 5171 nominaverit
1295 5115 1732 5179 mathematicos,
1762 5114 2098 5169 mathemati-

504 5200 700 5258 corum
736 5187 1096 5258 corrasimus,
1137 5201 1367 5258 quorum
1400 5201 1730 5258 genustseu
1769 5186 1979 5255 species
2001 5199 2097 5253 pe-

507 5252 734 5324 culiaris
763 5255 815 5309 in
843 5256 1023 5313 Africa
1072 5252 1171 5314 hic"
1214 5257 1561 5313 describitur.
1597 5257 1705 5310 llos
1726 5252 1940 5324 quidem
1973 5252 2097 5324 pro~

507 5322 630 5388 prio
662 5328 878 5380 nomine
908 5343 1012 5383 non
1064 5328 1290 5388 Marsos,
1325 5328 1417 5383 sed
1448 5325 1655 5388 Psyllos
1684 5322 1942 5378 in'Al‘rica
1974 5322 2097 5388 post

2208 3515 2546 3588 franciloquo
2572 3518 2773 3574 dicitur
2792 3506 2954 3573 iadix
2985 3517 3100 3589 (25)
3126 3531 3398 3582 sermone,
3422 3517 3629 3587 optime
3651 3518 3803 3585 trita,

2208 3623 2371 3683 atque
2396 3621 2632 3676 extorta,
2664 3610 2840 3666 eidem
2883 3620 3303 3682 superponatur,
3354 3626 3525 3689 usque
3559 3610 3627 3664 ad
3654 3625 3805 3666 eam-

2208 3705 2330 3760 dem
2361 3721 2464 3775 qua
2497 3706 2602 3776 1.6
2625 3706 2796 3775 posita
2827 3702 3004 3759 fuerat
3027 3704 3216 3758 horam
3240 3717 3407 3774 super
3429 3703 3625 3758 vulnus
3652 3719 3805 3758 man-

2209 3811 2360 3861 sura,
2393 3797 2684 3853 observato
2720 3794 2931 3851 scilicet
2956 3804 3016 3849 ut
3046 3794 3208 3850 simul
3246 3808 3442 3850 succus
3489 3792 3697 3848 radicis
3725 3795 3803 3849 ei-

2207 3888 2330 3943 dem
2373 3889 2430 3943 in
2463 3888 2716 3943 haustum
2746 3902 2894 3957 aegro
2919 3887 3212 3951 tribuatur,
3261 3900 3330 3941 ne
3383 3884 3595 3940 scilicet
3650 3885 3801 3940 virus

2208 3979 2275 4033 ad
2300 3994 2397 4035 cor
2447 3979 2635 4034 redeat
2692 3977 2985 4043 introrsus,
3040 3977 3493 4045 incessanterque
3537 3990 3714 4046 usque
3738 3976 3803 4030 ad

2207 4070 2398 4125 horam
2433 4086 2537 4141 qua
2572 4069 2808 4139 positum
2837 4077 2942 4134 est,
3001 4067 3286 4139 paulatim,
3342 4082 3412 4123 ne
3458 4065 3696 4121 forsitan
3724 4065 3805 4121 fa-

2207 4163 2426 4219 stidium
2456 4171 2699 4234 generet,
2733 4161 2789 4215 in
2816 4176 2968 4217 esum
2993 4171 3254 4230 quantum
3296 4166 3498 4228 potest,
3527 4167 3800 4214 sumatur.

2206 4253 2471 4324 Quiddam
2495 4269 2625 4309 vero
2646 4251 2948 4317 infandum,
2987 4250 3076 4306 hic
3104 4264 3205 4306 nec
3235 4250 3797 4310 commemorandum,

2207 4350 2261 4406 in
2292 4347 2554 4407 schedula
2593 4348 2764 4403 instar
2809 4359 3024 4403 coronae
3075 4342 3468 4413 conscriptum,
3500 4348 3556 4396 et
3587 4339 3802 4397 vulneri

2208 4488 2547 4543 incantandis
2611 4485 2957 4554 serpentibus
3021 4489 3179 4538 erant
3230 4478 3506 4554 celebres,
3550 4477 3803 4554 meminit

2208 4557 2409 4612 Plinius
2438 4560 2557 4613 loco
2601 4548 2837 4625 laudato,
2878 4554 3096 4608 Illorum
3118 4552 3456 4625 corporibus
3492 4548 3801 4619 ingenitum

2208 4630 2521 4684 tradebatur
2546 4619 2841 4690 venenum,
2867 4625 3022 4695 cujus
3063 4619 3238 4677 odore
3291 4619 3646 4695 sopiebanitur
3691 4634 3807 4672 ser-

2207 4710 2416 4770 pentes.
2445 4698 2603 4770 Marsi
2636 4707 2815 4770 autem
2846 4691 3365 4770 saliva‘serpeutuni
3384 4691 3659 4770 morsibus
3688 4704 3800 4770 me-

2208 4759 2494 4825 deliautur.
2525 4769 2661 4822 lline
2695 4767 2854 4821 aliter
2880 4765 3063 4837 Psylli,
3114 4764 3273 4818 aliter
3302 4762 3460 4837 Marsi
3490 4759 3684 4837 __f_uisse
3719 4761 3802 4814 di-

2208 4851 2407 4896 cuntur
2434 4840 2807 4912 incantatores
2823 4909 2834 4912 _
2849 4829 3160 4912 serpentum
3181 4853 3205 4912 _:
3231 4835 3355 4902 quia
3382 4829 3804 4912 Psylliserpen-

2209 4919 2292 4967 tes
2335 4912 2500 4967 odore
2551 4902 2972 4976 interliciebant,
3033 4905 3195 4962 Marsi
3244 4913 3423 4960 autem
3457 4902 3647 4958 saliva
3702 4915 3802 4956 eos

2208 4998 2312 5037 non
2353 4983 2602 5038 sinebant
2629 4995 2845 5036 nocere.

2279 5053 2391 5123 (22)
2430 5054 2483 5107 In
2535 5053 2764 5125 historia
2795 5048 3166 5125 translationis
3204 5046 3270 5125 S._
3281 5043 3600 5125 Augustini
3620 5051 3679 5098 et
3715 5057 3802 5125 so-

2207 5116 2413 5178 ciorum
2458 5124 2652 5177 smcnlo
2701 5122 2765 5176 Vl
2808 5120 3161 5175 Beuedictino
3191 5133 3221 5170 a
3251 5116 3559 5171 Maliillonio
3586 5116 3798 5168 inserta

2204 5204 2346 5263 part.
2382 5210 2443 5259 ιι,
2468 5209 2590 5263 pag.
2620 5192 2744 5255 758,
2774 5193 2891 5245 haec.
2912 5192 3164 5263 leguntur
3195 5184 3630 5263 :_Carbunculus,
3653 5185 3799 5252 quod

2204 5210 2346 5263 part.
2382 5210 2443 5259 l1,
2506 5210 2590 5263 ag.
2630 5210 2744 5255 ιοδ,
2776 5210 2891 5245 meo.
2914 5210 3164 5261 leguntur
3195 5210 3208 5242 :
3243 5210 3630 5250 ultrauncums,
3653 5210 3797 5252 «(uua

2204 5264 2405 5318 malum
2454 5210 2653 5316 Franci
2698 5278 2790 5331 per
2842 5261 3174 5331 antiphrasin
3224 5259 3412 5331 bonum
3442 5254 3800 5331 _malant_num

2203 5344 2410 5388 vocant.
2450 5334 2583 5386 Hinc
2614 5325 2755 5388 apud
2804 5325 3125 5385 Ratlierium
3172 5326 3549 5388 corrigendum
3577 5325 3801 5379 videtur
3884 5328 3891 5335 ’
