4038 5388
178 393 274 450 155

1140 388 1712 460 PRA‘ILOQUIORU.“
1756 388 1930 448 LlBRl
1972 391 2126 450 SEX.
2167 425 2238 436 —
2270 393 2401 451 LIB.
2439 395 2480 451 1.

3334 387 3489 498 1541⁹

175 517 602 580 superposuum,
627 507 749 563 licet
775 505 916 562 idem
942 507 1186 564 videatur
1211 519 1494 580 praestare,
1543 509 1752 565 nullum
1782 513 1832 575 Α
1857 511 2020 566 etiam
2050 513 2274 584 magicis
2301 512 2509 567 artibus
2549 510 2683 567 ﬁant
2714 527 2726 565 :
2752 526 2878 566 nam
2907 519 2963 567 et
2983 511 3125 583 magi
3147 510 3448 568 Pharaonis

177 601 381 658 confert
409 601 735 664 remedium,
787 601 910 671 quia
936 610 1020 656 est
1061 601 1409 668 maleﬁcium,
1440 604 1535 658 sed
1567 603 1761 658 animae

179 695 368 749 lethale
425 694 660 748 nimium
710 692 864 749 all'ert
917 696 1240 764 periculum.
1281 696 1387 752 Sed
1435 698 1588 768 quid,
1618 698 1761 768 quod

182 787 293 842 talia
320 801 510 838 veram
539 799 778 854 persaepe
805 784 1057 840 videmur
1083 789 1329 853 corporis
1365 790 1651 844 sanitatem
1682 787 1763 842 af-

180 877 356 932 ferre?
385 877 526 948 Ego,
571 880 677 932 imo
708 878 818 948 ipsa
852 879 990 932 ratio
1021 892 1260 934 econtra.
1309 879 1447 949 Quid
1479 882 1620 951 quod
1652 882 1764 935 dia-

182 971 341 1031 holus,
395 984 525 1022 cum
585 985 856 1039 nunquam
905 971 959 1025 in
1005 973 1232 1027 veritate
1274 973 1501 1028 Domino
1555 974 1766 1028 steterit

185 1069 329 1123 teste,
353 1076 501 1130 saepe
534 1061 747 1116 videtur
769 1078 895 1116 vera
921 1063 1138 1120 dicere"!
1165 1063 1416 1136 Nunquid
1433 1082 1557 1119 nam
1577 1067 1646 1119 ob
1664 1067 1765 1121 hoc

185 1156 392 1208 verbum
419 1155 732 1210 cassabitur
754 1154 1012 1213 Veritatis
1062 1159 1296 1214 dicentis
1324 1178 1337 1213 :
1377 1159 1479 1212 Ille
1501 1160 1766 1213 homicida

94 1265 97 1276 ι
186 1260 282 1300 erat
307 1247 368 1300 ab
385 1247 564 1312 initio,
591 1257 638 1301 et
666 1248 720 1302 in
760 1250 973 1304 veritate
1013 1267 1115 1304 non
1146 1251 1286 1305 stetit
1333 1267 1582 1322 unquam,
1639 1250 1766 1320 quia

187 1355 276 1390 non
305 1349 376 1391 est
401 1339 598 1392 veritas
623 1339 678 1392 in
709 1356 766 1392 eo
800 1340 825 1392 ἔ)
848 1339 1028 1411 (Joan.
1055 1356 1173 1404 vm,
1202 1339 1321 1412 M.)

250 1432 298 1486 8.
355 1428 555 1485 Verum
602 1447 672 1486 ne
719 1447 784 1488 ex
816 1432 919 1487 hoc
958 1442 1009 1487 te
1037 1434 1252 1504 penitus
1291 1433 1539 1505 ignarum
1591 1431 1765 1488 errori

188 1527 498 1596 relinquam,
532 1535 591 1580 et
619 1535 712 1580 aut
748 1527 1029 1582 mentiaris
1064 1528 1395 1582 exsecranda
1440 1542 1502 1580 ea
1548 1525 1770 1581 cuilibet

189 1616 479 1674 Christiano
514 1625 576 1671 ut
621 1618 880 1688 decipias,
931 1628 1024 1676 aut
1067 1620 1306 1690 opineris
1349 1629 1408 1674 ut
1453 1619 1764 1690 decipiaris,

190 1709 384 1780 profero
417 1726 523 1766 non
559 1727 628 1766 ex
663 1711 829 1778 meis,
880 1713 974 1766 sed
1022 1727 1090 1767 ex
1123 1713 1335 1767 illorum
1381 1713 1577 1776 verbis,
1626 1713 1767 1766 unde

192 1818 284 1856 non
323 1803 493 1872 possis
546 1803 776 1859 omnino
829 1804 1098 1870 dubitare,
1143 1806 1409 1874 quaedam,
1453 1806 1648 1874 quibus
1697 1822 1763 1860 ex

193 1895 284 1950 hoc
311 1911 500 1966 capere
528 1897 711 1966 possis
748 1896 1171 1952 satisfactionem
1203 1898 1587 1952 omniulodam.
1624 1898 1764 1953 Dicit
1801 1881 1840 1940 Β

194 1991 319 2044 enim
347 1999 594 2060 augustae
641 1990 1032 2046 recordationis
1071 1985 1325 2046 Aurelius
1353 1991 1684 2063 Augustinus
1716 1991 1769 2045 in

195 2081 314 2136 libro
335 2083 396 2138 de
428 2082 700 2138 Trinitate
725 2095 920 2154 quarto
948 2084 1017 2155 (c.
1049 2084 1135 2151 l7)
1163 2103 1175 2138 :
1207 2103 1223 2137 ο
1255 2084 1557 2140 Potestates
1584 2085 1767 2151 aeriae,

193 2173 414 2242 superbae
465 2183 639 2240 atque
683 2173 920 2237 fallaces,
968 2175 1133 2230 etiam
1197 2175 1243 2230 si
1285 2177 1533 2246 quaedam
1581 2175 1644 2230 de
1683 2193 1770 2230 so-

196 2266 371 2320 cietate
396 2277 445 2320 et
466 2267 696 2322 civitate
709 2276 1044 2334 sanctorum,
1070 2277 1126 2322 et
1155 2268 1220 2322 de
1239 2283 1369 2323 vero
1397 2269 1712 2334 mediatore,
1739 2284 1768 2322 a

198 2357 375 2411 sanctis
422 2359 710 2428 prophetis
747 2359 829 2413 vel
874 2359 1080 2428 angelis
1107 2360 1310 2426 audita,
1342 2375 1439 2431 per
1467 2375 1594 2416 suos
1619 2369 1771 2414 vates

199 2450 374 2505 dixisse
417 2453 804 2522 reperiuntur;
854 2453 907 2508 id
933 2462 1183 2524 egerunt,
1221 2461 1278 2507 ut
1319 2468 1415 2524 per
1443 2454 1558 2508 hinc
1591 2452 1768 2507 aliena

201 2557 306 2596 vera
359 2542 542 2598 ﬁdeles
601 2545 764 2598 etiam
815 2543 911 2599 Dei
955 2544 1023 2598 ad
1069 2559 1167 2599 sua
1214 2544 1559 2600 traducerent
1606 2544 1763 2600 falsa.

201 2631 321 2686 Deus
351 2643 529 2688 autem
568 2633 619 2688 id
655 2636 763 2704 egit
792 2650 892 2705 per
921 2634 1246 2703 nescientes,
1279 2645 1337 2690 ut
1368 2636 1572 2692 veritas
1613 2637 1772 2690 undi-

200 2741 288 2796 que
319 2735 637 2794 personaret
676 2713 925 2783 ﬁdelibus
968 2728 1024 2782 in
1072 2725 1423 2795 adjutorium,
1478 2727 1658 2799 impiis
1712 2727 1768 2783 in

201 2817 572 2872 testimonium.
613 2835 632 2868 1
669 2817 737 2872 Et
781 2817 925 2873 istud
972 2817 1192 2890 quidem
1240 2820 1308 2872 ad
1357 2817 1488 2873 illud
1534 2819 1771 2874 edocen-

202 2907 330 2973 dum,
369 2924 460 2962 cur
483 2909 806 2979 plerumque
837 2907 1032 2982 [suppL
1059 2907 1333 2980 diabolus]
1360 2909 1608 2962 videatur
1637 2924 1768 2964 vera

203 2999 376 3054 dicere.
407 3002 511 3056 Cur
534 3011 722 3056 autem
751 3002 980 3056 salutem
1027 3002 1272 3072 corporis
1295 3001 1541 3056 videatur
1581 3001 1770 3056 diabo-

204 3091 273 3145 lus
299 3093 576 3163 aliquando
605 3102 887 3166 praestare,
935 3093 1060 3148 audi
1097 3109 1165 3150 ex
1196 3093 1381 3149 verbis
1419 3093 1589 3150 Marci
1622 3109 1769 3148 mar-

205 3185 335 3255 tyris,
358 3196 412 3241 ut
435 3187 484 3241 in
507 3187 764 3258 passione
785 3187 957 3242 sancti
982 3187 1180 3260 legitur
1199 3185 1505 3244 Sebastiani
1535 3206 1548 3242 :
1571 3205 1588 3239 1
1619 3186 1766 3254 Haec,

204 3279 376 3348 inquit,
408 3290 514 3336 tota
562 3281 696 3338 belli
733 3247 1175 3348 calliditasrhoc
1221 3281 1428 3337 fraudis
1481 3281 1766 3337 consilium
1797 3247 1842 3311 ε

204 3371 470 3437 diabolicae,
504 3390 532 3427 a
565 3372 852 3444 suppliciis
879 3388 1078 3443 corpus
1104 3373 1348 3444 eripere,
1380 3383 1436 3427 et
1471 3373 1619 3428 vitiis
1657 3373 1772 3428 ani-

205 3477 326 3518 mam
371 3465 683 3535 subjugare.
751 3463 862 3520 Nos
912 3475 1134 3521 econtra
1189 3467 1578 3522 contendamus
1630 3466 1771 3521 hosti

206 3567 294 3606 nou
313 3554 516 3621 cedere,
534 3571 739 3626 corpus
769 3564 1138 3622 contemnere,
1170 3555 1366 3611 anima:
1397 3557 1708 3612 subvenire.
1746 3576 1764 3610 1

204 3645 332 3712 Quod
353 3649 421 3702 ita
443 3665 561 3706 esse
587 3650 758 3704 etiam
781 3665 848 3705 ex
875 3650 1042 3720 ipsius
1067 3649 1492 3714 mendacissimi,
1521 3666 1616 3720 per
1638 3650 1774 3704 Bar-

207 3736 856 3813 tholomzeumapostolum
884 3742 935 3796 vi
973 3742 1155 3796 divina
1184 3743 1346 3808 torti,
1384 3751 1533 3813 patet
1557 3742 1772 3797 confes-

205 3833 354 3899 sione,
370 3837 504 3892 sient
525 3838 580 3892 ill
601 3836 846 3905 ejusdem
870 3837 1044 3891 sancti
1067 3835 1266 3907 legitur
1284 3837 1553 3907 passione.
1576 3837 1640 3889 Et
1659 3836 1773 3889 haec

205 3929 390 3995 quidem
412 3930 521 4002 (2i)
545 3933 617 3986 de
640 3932 914 3990 voluntate
937 3929 1153 3986 fallendi
1174 3931 1376 3992 verbis,
1396 3939 1450 3986 et
1471 3930 1772 4001 decipiendi

205 4021 472 4076 commodis
505 4023 612 4092 17
637 4021 834 4077 diaboli
862 4034 1079 4092 semper
1102 4021 1312 4092 iniqua,
1345 4036 1449 4090 qua
1483 4036 1625 4092 saepe
1674 4036 1772 4091 per

204 4108 316 4163 falsa
349 4112 486 4168 bona
509 4114 580 4168 ad
610 4129 759 4178 vera,
796 4113 904 4168 Deo
923 4111 1072 4182 juste
1093 4115 1466 4184 permittente,
1503 4115 1774 4187 pertrahit

205 4202 344 4256 mala.
381 4203 529 4260 Nunc
566 4206 634 4261 de
664 4214 930 4276 potestate
955 4205 1121 4274 justa,
1154 4222 1258 4276 qua
1283 4223 1445 4277 saepe,
1477 4206 1588 4263 Deo
1613 4209 1774 4262 mise-

205 4299 360 4359 rante,
403 4299 592 4354 nolens
619 4298 790 4363 ,licet,
833 4298 1018 4354 ﬁdeles
1067 4300 1248 4355 erudit
1271 4301 1338 4355 ad
1382 4302 1542 4365 bona,
1579 4303 1772 4377 impios

205 4387 423 4455 perducit
459 4393 524 4446 ad
562 4392 744 4447 debita
783 4411 795 4444 :
832 4393 994 4455 istos,
1049 4393 1175 4448 dum
1209 4409 1306 4464 per
1337 4395 1481 4450 hanc
1518 4394 1771 4466 ﬁagellati

207 4481 554 4551 corriguntur;
578 4484 721 4551 illos,
747 4486 876 4540 dum
904 4485 1030 4540 huic
1061 4485 1272 4540 subacti
1296 4487 1615 4555 puniuntur,
1647 4504 1770 4542 cum

1863 607 2114 662 similiter
2131 617 2410 678 serpentes
2433 607 2697 672 fecerunt,
2719 606 2889 662 etalia
2910 606 3103 662 similia
3128 605 3326 677 (Exod.
3349 622 3446 673 vlt,

1871 698 1975 768 12).
2029 697 2133 753 Sed
2173 698 2299 753 illud
2349 707 2432 754 est
2484 699 2712 770 amplius
2748 698 3148 763 admirandum,
3176 697 3447 767 quomodo

1867 805 2147 861 magorum
2179 789 2268 842 illa
2300 790 2557 860 potentia,
2591 805 2710 858 quae
2733 798 3011 858 serpentes
3034 787 3214 843 facere
3252 788 3449 857 potuit.

1866 881 1958 935 ubi
1990 883 2058 935 ad
2100 896 2336 936 nluscas-
2357 881 2746 935 minutissimas
2785 882 3074 935 devenlum
3099 889 3202 944 est,
3229 879 3452 934 omnino

1866 971 2064 1027 defecit
2089 990 2102 1037 ;
2133 973 2324 1028 ciuifes
2359 973 2501 1027 enim
2529 971 2783 1026 musculae
2802 979 2927 1026 sunt
2950 971 3284 1026 brevissimae
3303 1013 3318 1038 ,
3346 986 3452 1041 qua

1869 1065 2025 1119 tertia
2060 1065 2213 1135 plaga
2245 1066 2511 1135 superbus
2542 1062 2918 1135 Egyptiorum
2957 1063 3183 1134 populus
3211 1064 3454 1120 caedeba-

1869 1165 1975 1209 tur.
2025 1156 2100 1210 lbi
2144 1165 2293 1211 certe
2342 1155 2656 1211 deﬁcientes
2699 1155 2837 1225 magi
2881 1157 3134 1209 dixerunt
3175 1173 3188 1208 :
3245 1155 3453 1225 Digitus

1866 1245 1966 1300 Dei
1992 1258 2068 1302 est
2087 1247 2172 1300 hic
2200 1246 2389 1317 (lbid.,
2423 1246 2533 1316 19).
2587 1245 2736 1300 Unde
2760 1246 2987 1317 intelligi
3013 1245 3194 1312 datur,
3221 1261 3288 1300 ne
3311 1246 3457 1315 ipsos

1871 1338 2090 1410 quidem
2119 1349 2550 1411 transgressores
2589 1337 2808 1410 angelos
2843 1347 2898 1394 et
2931 1354 3118 1395 aereas
3141 1346 3457 1409 potestates,

1869 1428 1922 1483 itl
1968 1430 2128 1484 imam
2183 1429 2341 1483 istam
2383 1428 2667 1499 caliginem
2700 1469 2713 1492 ,
2749 1439 3004 1499 tauquam
3034 1428 3087 1482 in
3132 1429 3213 1483 sui
3242 1428 3460 1499 generis

1867 1536 2164 1585 carcerem,
2207 1522 2275 1576 ab
2305 1521 2447 1576 illius
2470 1521 2721 1576 sublimis
2753 1522 3002 1576 aetherem
3029 1521 3279 1592 puritatis
3305 1519 3460 1575 habi-

1869 1615 2074 1669 tatione
2113 1615 2398 1684 detrusas,
2443 1629 2538 1683 per
2580 1628 2718 1683 quas
2758 1613 2980 1684 magica:
3020 1621 3166 1668 artes
3200 1622 3459 1683 possunt,

1867 1683 2136 1774 quidquid
2170 1711 2419 1775 possunt,
2455 1702 2634 1758 valere
2677 1683 2902 1773 aliquid,
2943 1703 3047 1758 nisi
3079 1703 3201 1756 data
3231 1703 3462 1773 desuper

1869 1807 2154 1868 potestate.
2188 1797 2358 1852 Datur
2379 1807 2561 1852 autem
2593 1796 2674 1851 vel
2701 1797 2767 1852 ad
2800 1795 3064 1852 fallendos
3096 1794 3334 1860 fallaces,
3357 1795 3464 1850 sic-

1873 1904 1933 1950 ut
1970 1895 2022 1949 in
2060 1893 2380 1966 Egyplios,
2409 1903 2464 1948 et
2504 1894 2557 1948 in
2587 1894 2736 1965 ipsos
2758 1894 2926 1950 etiam
2962 1909 3148 1964 magos
3197 1895 3320 1948 data
3355 1901 3464 1959 est,

1873 1987 2012 2042 utin
2065 2002 2256 2041 eorum
2303 1985 2592 2054 spirituum
2642 1986 3010 2040 seductionenl
3033 1985 3346 2041 viderentur
3371 1983 3463 2038 ad-

1874 2080 2131 2145 mirandi,
2155 2094 2184 2132 a
2208 2078 2405 2148 quibus
2431 2079 2632 2132 ﬁebant
2655 2077 2748 2133 Dei
2774 2079 3002 2134 veritate
3024 2076 3346 2143 damnandi;
3379 2074 3463 2131 vel

1875 2172 1940 2227 ad
1971 2170 2341 2226 admonendos
2375 2169 2594 2236 ﬁdeles,
2625 2185 2693 2225 ne
2726 2171 2830 2225 tale
2850 2171 2981 2240 quid
3008 2170 3190 2226 facere
3219 2184 3318 2239 pro
3351 2183 3469 2223 ma-

1872 2277 1978 2333 gno
2004 2261 2336 2326 desiderent,
2365 2267 2587 2330 propter
2613 2260 2755 2330 quod
2777 2260 2942 2314 etiam
2977 2260 3132 2314 nobis
3165 2258 3463 2330 Scriptura:

1875 2356 2202 2411 auctoritate
2229 2361 2353 2408 sunt
2373 2353 2617 2424 prodita;
2649 2352 2732 2407 vel
2755 2353 2821 2407 ad
2844 2352 3200 2418 edocendam,
3224 2351 3462 2422 proban-

1873 2450 2020 2515 dam,
2039 2448 2883 2518 manifestandamquejustorum
2901 2447 3238 2517 patientiam.
3269 2443 3460 2514 Neque

1874 2545 2042 2611 enim,
2096 2560 2264 2614 parva
2304 2545 2600 2601 visibilium
2655 2545 3044 2601 miraculorum
3077 2543 3342 2616 potentia,
3365 2541 3468 2598 Job

1873 2653 2067 2699 cuncta
2109 2659 2229 2714 qua:
2255 2643 2489 2698 habebat
2539 2641 2742 2706 amisit,
2767 2647 2824 2694 et
2849 2637 2989 2693 ﬁlios
3044 2644 3100 2691 et
3136 2635 3309 2706 ipsam
3337 2648 3462 2689 cor-

1872 2736 2024 2807 poris
2054 2736 2363 2792 sanitatem.
2395 2734 2506 2789 Nec
2556 2733 2677 2788 ideo
2707 2730 3007 2803 putandum
3034 2736 3120 2783 est
3141 2727 3261 2783 istis
3289 2736 3470 2780 trans-

1873 2827 2216 2900 gressoribus
2239 2826 2444 2895 angelis
2466 2825 2532 2880 ad
2564 2833 2754 2880 nutum
2781 2821 2990 2879 servire
3015 2821 3159 2875 hanc
3177 2817 3469 2874 visibilium

1873 2933 2057 2973 rerum
2101 2920 2404 2984 materiam,
2439 2920 2536 2973 sed
2578 2917 2689 2972 Deo
2717 2916 2899 2988 potius
2922 2953 2937 2980 ,
2971 2929 3002 2967 a
3032 2927 3141 2982 quo
3166 2911 3284 2966 haec
3319 2917 3467 2979 pote-

1873 3021 1989 3068 stas
2031 3013 2213 3078 datur,
2258 3021 2520 3083 quantum
2576 3010 2630 3064 in
2676 3007 2896 3064 sublimi
2950 3014 3005 3062 et
3034 3003 3303 3076 spirituali
3341 3002 3472 3059 sede

1875 3104 2336 3160 incommutabilis
2371 3103 2628 3175 judicat:
2673 3116 2797 3156 nam
2845 3109 2900 3155 et
2945 3097 3218 3154 damnatis
3267 3096 3472 3167 iniquis

1875 3197 2040 3252 etiam
2073 3197 2126 3250 in
2159 3195 2376 3250 metallo
2403 3194 2576 3250 servit
2597 3208 2736 3262 aqua
2773 3200 2828 3247 et
2857 3191 2998 3262 ignis
3032 3198 3088 3245 et
3115 3197 3282 3255 terra,
3307 3197 3367 3243 ut
3393 3187 3466 3244 fa-

1873 3287 2022 3343 ciant
2057 3287 2182 3343 inde
2232 3288 2376 3358 quod
2424 3287 2646 3352 volunt,
2691 3285 2786 3343 sed
2825 3294 3088 3356 quantum
3119 3283 3337 3340 sinitur.
3364 3281 3471 3338 Nec

1873 3396 2006 3436 sane
2039 3388 2316 3435 creatores
2345 3378 2418 3434 illi
2445 3378 2570 3434 mali
2602 3377 2778 3448 angeli
2809 3376 3028 3433 dicendi
3050 3382 3198 3441 sunt,
3229 3375 3355 3445 quia
3378 3389 3472 3446 per

1874 3472 1993 3527 illos
2017 3473 2159 3543 magi
2194 3471 2512 3527 resistentes
2540 3469 2741 3526 famulo
2769 3469 2889 3534 Dei,
2920 3482 3083 3523 ranas
3103 3474 3160 3521 et
3185 3475 3472 3537 serpentes

1877 3561 2145 3617 fecerunt.
2196 3560 2315 3615 Non
2366 3561 2511 3615 enim
2556 3575 2648 3614 eas
2692 3559 2795 3630 ipsi
2827 3565 3173 3612 creaverunt.
3221 3553 3474 3610 Omnium

1873 3655 2072 3725 quippe
2115 3669 2296 3708 rerum
2318 3695 2332 3718 ,
2366 3670 2485 3723 qua:
2515 3653 2874 3724 corporaliter
2905 3651 3299 3720 visibiliterqne
3345 3665 3473 3705 nas-

1874 3758 2092 3814 cuntur,
2147 3747 2357 3803 occulta
2408 3749 2655 3818 quaedam
2703 3747 2910 3803 semina
2937 3746 2993 3800 in
3040 3745 3162 3801 istis
3195 3745 3473 3815 corporeis

1874 3841 2062 3896 mundi
2114 3841 2277 3911 hujus
2323 3839 2606 3894 elementis
2633 3838 2821 3893 latent.
2849 3837 2968 3891 Alia
3013 3844 3141 3890 sunt
3167 3835 3312 3890 enim
3354 3834 3472 3890 haec

1869 3935 1980 4006 jam
2005 3934 2296 4004 conspicua
2329 3932 2500 3988 oculis
2524 3931 2726 3986 nostris
2749 3946 2813 3985 ex
2842 3929 3112 3984 fructibus
3143 3936 3200 3983 et
3231 3927 3477 3983 animan-

1873 4027 2056 4093 tibus;
2086 4026 2192 4082 alia
2221 4041 2353 4080 vero
2379 4024 2470 4080 illa
2508 4023 2721 4080 occulta
2752 4023 2980 4078 istorum
3010 4021 3280 4076 seminum
3306 4019 3472 4077 semi-

1875 4138 1968 4189 na,
1999 4121 2141 4177 unde
2174 4121 2280 4192 18
2303 4121 2527 4190 jubente
2555 4118 2815 4174 Creatore
2840 4115 3099 4187 produxit
3132 4129 3273 4184 aqua
3299 4114 3474 4185 prima

1874 4216 2119 4270 natatilia
2144 4225 2199 4270 et
2222 4214 2459 4269 volatilia
2479 4255 2492 4278 ,
2525 4221 2668 4267 terra
2698 4222 2879 4266 autem
2921 4210 3097 4281 prima
3135 4209 3381 4280 germina
3409 4216 3466 4264 et

1871 4307 2047 4377 pritua
2067 4307 2147 4360 sui
2172 4305 2386 4376 generis
2407 4302 2681 4358 animalia.
2696 4303 2882 4372 Neque
2894 4301 3039 4356 enim
3065 4309 3191 4356 tunc
3213 4299 3266 4354 in
3291 4297 3478 4367 hujus-

1875 4399 2084 4454 cemodi
2103 4397 2244 4452 fctus
2263 4397 2334 4451 ita
2352 4396 2613 4466 producta
2631 4401 2779 4458 sunt,
2800 4391 2926 4446 utin
2947 4391 3050 4456 eis,
3069 4405 3189 4461 qua:
3210 4388 3475 4460 producta

1875 4499 2020 4558 sunt,
2045 4491 2129 4544 vis
2159 4488 2245 4544 illa
2276 4495 2648 4544 consummata
2670 4485 2744 4542 sit
2771 4501 2786 4538 :
2818 4484 2912 4540 sed
2930 4483 3249 4554 plerumque
3281 4483 3478 4538 desunt

208 4573 388 4630 scilicet
419 4587 468 4632 ct
501 4595 598 4648 per
619 4581 761 4635 hanc
808 4580 1038 4650 decepti,
1070 4581 1170 4652 ipsi
1213 4595 1332 4636 eam
1373 4583 1651 4638 ascribunt
1681 4582 1770 4636 dc-
1798 4615 1849 4673 Β
1877 4598 2128 4654 congrua:
2151 4588 2706 4652 temperamentorum
2727 4573 3280 4645 occasiones,quibus
3296 4588 3478 4629 erum—

209 4669 405 4734 ceptori,
436 4671 634 4741 aliqua,
663 4681 723 4727 ut
751 4673 805 4726 in
827 4674 1136 4742 supradicto
1166 4674 1406 4744 ejusdem
1421 4675 1602 4744 operis
1632 4674 1768 4730 libro

210 4756 348 4809 tertio
367 4759 429 4812 ab
451 4763 637 4817 eodem
663 4771 788 4817 sunt
813 4763 984 4834 posita
1013 4765 1335 4836 Augustino,
1357 4756 1616 4832 diccuda';
1648 4767 1771 4836 qui-

211 4843 295 4900 bus
321 4851 620 4909 suadibilius
642 4855 846 4926 aliquid
867 4857 910 4910 si
935 4858 1188 4927 requiris,
1215 4858 1489 4912 hominem
1511 4858 1772 4915 excedere

213 4941 361 5007 cupis,
380 4960 494 4998 cum
517 4949 780 5019 scriptum
813 4950 1028 5004 noveris
1061 4966 1074 5003 :
1100 4949 1308 5004 Alliam
1345 4961 1393 5003 te
1420 4968 1482 5004 ne
1503 4951 1772 5022 quaesieris

213 5028 375 5096 (Eccli.
407 5037 611 5107 llt,2?.).
642 5039 880 5112 [Auc.,l.
903 5057 960 5096 111
983 5043 1047 5096 de
1075 5039 1227 5096 Trin.
1255 5057 1303 5096 c.
1334 5040 1411 5114 7.]
1437 5063 1452 5094 1
1479 5044 1664 5104 Video,
1692 5042 1773 5096 ill-

214 5123 309 5189 quit
331 5129 636 5196 quihusdam
666 5147 736 5186 ex
768 5132 868 5187 hac
909 5150 966 5189 re
993 5134 1314 5207 antepositis
1334 5175 1349 5201 ,
1387 5137 1515 5205 quid
1547 5136 1774 5192 inﬁrma:

213 5214 486 5284 cogitationi
513 5225 688 5291 possit
706 5236 1011 5292 occurrere,
1027 5243 1123 5282 cur
1152 5225 1363 5283 scilicet
1387 5228 1485 5285 ista
1511 5229 1771 5285 miracula

1876 4684 2026 4748 pant,
2057 4684 2113 4731 et
2138 4674 2346 4745 species
2380 4687 2509 4728 suas
2547 4678 2831 4742 peragant.
2875 4668 3019 4726 Ecce
3050 4668 3193 4724 enim
3219 4665 3480 4722 brevissi-

1873 4784 1995 4824 mus
2013 4766 2263 4823 surculns
2284 4780 2467 4822 semen
2495 4773 2580 4822 est
2601 4779 2757 4818 :nam
2779 4761 3170 4818 convenienter
3192 4758 3478 4814 mandatus

1875 4868 2060 4928 terrae,
2092 4860 2341 4914 arborem
2371 4857 2520 4912 facit.
2546 4855 2715 4927 Hujus
2755 4863 2936 4908 autem
2983 4850 3182 4908 surculi
3217 4848 3475 4905 subtilius

1877 4971 2093 5019 semen,
2123 4951 2340 5024 aliquod
2372 4948 2608 5019 ejusdem
2645 4947 2863 5020 generis
2903 4959 3129 5017 granum
3157 4949 3259 5004 est,
3291 4939 3477 4996 ethoc

1881 5048 2149 5120 hujusque
2184 5047 2342 5103 nobis
2375 5044 2586 5100 visibile
2623 5040 2758 5113 ('25).
2793 5037 2914 5093 Jam
2964 5049 3094 5092 vero
3129 5030 3292 5101 hujus
3316 5031 3482 5086 etiam

1885 5141 2036 5210 grani
2074 5155 2282 5204 semen,
2328 5135 2578 5204 quamvis
2607 5129 2778 5187 oculis
2805 5129 2994 5183 videre
3017 5135 3374 5191 nequeamus,
3399 5136 3490 5176 ra-

1887 5235 2032 5289 tione
2062 5243 2242 5291 tatnen
2270 5229 2546 5300 conjicere
2584 5237 2906 5300 possumus;
2940 5217 3068 5292 quia
3111 5212 3219 5270 nisi
3251 5213 3376 5271 talis
3403 5216 3491 5272 vis

3049 5383 3058 5385 _
3086 5363 3220 5386 IJ-----
3359 5366 3372 5384 ι
