4038 5388
520 162 621 221 158

1463 158 1793 217 RATHEBll
1834 153 2053 217 EPlSC.
2095 152 2353 214 VERON.
2395 150 2549 212 OPP.
2587 149 2775 211 PARS
2803 149 2846 215 1.

3684 145 3805 211 ιω

513 280 652 333 esset
681 274 860 344 aliqua
893 271 1083 330 inistis
1110 272 1422 338 elementis,
1443 290 1548 327 non
1574 280 1888 344 plerumque
1918 286 2105 329 nasce-
2137 284 2180 337 Α
2211 284 2334 334 ous,
2361 279 2454 324 aut
2495 280 2940 340 quarumcuuqne
2964 281 3143 323 rerum
3174 263 3504 336 quibuslibet
3528 279 3707 320 succrs
3734 271 3802 320 et

521 374 707 417 rentur
738 378 801 416 ex
852 371 1015 425 terra,
1050 378 1171 433 qua:
1218 360 1288 416 ibi
1339 362 1600 419 seminata
1626 382 1729 418 non
1754 373 1969 430 essent;
2006 377 2104 417 nec

518 451 772 511 animula
819 460 926 507 tam
976 454 1168 522 multa,
1203 453 1343 509 nulla
1395 455 1624 509 marium
1676 454 2105 526 feminarmnque

519 544 900 601 commistione
931 544 1290 614 praecedente,
1315 545 1428 599 sive
1456 542 1507 599 in
1538 554 1702 611 terra,
1722 547 1834 600 sive
1867 546 1918 599 in
1943 560 2102 615 aqua,

520 639 640 706 q'u.e
679 648 859 689 tamen
899 644 1183 701 crescunt,
1211 645 1265 689 et
1306 632 1553 691 coeundo
1583 632 1687 691 alia
1717 637 1952 707 pariunt,
1982 646 2105 692 cum

521 727 613 783 illa
641 727 800 783 nullis
834 728 1155 784 coeuntibus
1186 730 1502 801 parentibus
1529 740 1649 785 orta
1692 731 1818 786 sint.
1851 724 1917 785 Et
1958 739 2108 786 certe

469 856 473 860 »
520 838 650 892 apes
692 822 898 877 semina
929 822 1157 877 tiliormn
1191 839 1295 879 non
1323 818 1567 887 coeundo
1613 823 1960 896 concipiunt,
2004 822 2106 880 sed

522 922 777 984 tauquam
808 927 995 984 sparsa
1045 929 1142 984 per
1189 924 1363 968 terras
1414 930 1510 968 ore
1558 914 1834 986 t‘olligunt.
1864 912 2109 970 invisibi-

526 1005 654 1058 tium
693 1005 837 1060 enim
870 1004 1135 1060 seminum
1160 1015 1397 1069 creator,
1425 1008 1537 1074 ipse
1568 1017 1783 1060 creator
1816 1014 1897 1060 est
1929 1020 2106 1061 rerum

520 1098 793 1161 omnium;
846 1096 1101 1167 quoniam
1138 1113 1474 1167 quaecunque
1506 1101 1777 1153 nascendo
1820 1094 2108 1155 exi-untad

516 1187 703 1244 oculos
727 1197 963 1254 nostros,
995 1203 1062 1242 ex
1107 1186 1333 1245 occultis
1362 1188 1659 1246 seminibus
1687 1192 1959 1262 act-ipiunt
1986 1208 2111 1262 pro-

516 1279 790 1350 greniendi
808 1278 1121 1349 primordia,
1140 1292 1191 1334 et
1208 1279 1540 1337 incrementa
1560 1284 1752 1337 debitae
1785 1283 2112 1356 magnitudi-

520 1371 1128 1443 nis.tlistittctionesque
1166 1371 1459 1428 formarum
1499 1375 1568 1430 ab
1600 1374 1955 1446 originaltbus
1996 1383 2113 1431 tan-

515 1470 678 1534 quam
701 1462 899 1533 regulis
924 1477 1160 1517 sumunt.
1185 1463 1480 1537 Sicntergu
1505 1481 1600 1520 nec
1615 1477 1861 1536 parentes
1886 1466 2116 1526 dicimus

516 1565 792 1611 creatures
823 1556 1118 1622 hominum,
1153 1573 1251 1612 nec
1279 1559 1545 1630 agricolas
1568 1570 1848 1616 creatures
1895 1562 2112 1632 fragunt

2206 354 2539 426 humoribus,
2593 358 2674 413 vel
2728 358 2797 413 ita
2842 357 3055 428 positis,
3095 350 3178 411 vel
3232 358 3300 410 ita
3342 350 3572 417 obrutis,
3598 357 3682 411 vel
3714 356 3792 409 ita

2205 453 2404 508 contrit
2426 469 2472 515 s,
2495 452 2574 507 vel
2609 453 2681 507 ita
2707 448 3022 512 commistis.
3065 451 3206 521 qno‘d
3237 447 3299 524 [Ι.
3331 468 3453 521 qua:
3479 465 3597 503 cum
3622 445 3799 523 Aug]

2206 543 2456 598 animalia
2489 543 2635 599 nasci
2667 543 2899 611 soleant,
2929 558 3157 613 quorum
3186 556 3244 597 se
3271 543 3391 612 quis
3427 553 3536 597 tam
3565 543 3802 597 demens

2206 639 2395 696 audeat
2420 640 2599 695 dicere
2621 626 2960 696 creatorem?
2981 637 3118 711 Quid
3141 654 3269 710 ergo
3298 638 3514 700 mirum,
3531 637 3576 691 si
3603 651 3804 707 quem-

2208 730 2495 785 admodum
2530 738 2703 800 potest
2753 745 2910 786 nosse
2939 729 3164 800 quilibet
3214 728 3581 800 nequissimus
3606 729 3801 807 homo,

2210 823 2350 877 unde
2400 822 2472 876 illi
2508 814 2590 878 vel
2647 822 2717 876 illi
2752 838 2964 880 vermes
3003 836 3308 892 muscwque
3355 832 3694 885 nascantur;
3723 819 3807 874 ita

2210 912 2336 969 tnali
2368 913 2543 984 angeli
2576 924 2676 981 pro’
2712 912 3042 969 sublimitate
3066 914 3148 971 Siti
3181 929 3372 970 Sensus
3399 913 3450 968 in
3482 912 3809 969 occultiori-

2210 1004 2312 1058 bus
2350 998 2737 1058 elementorum
2786 1000 3080 1060 seminibus
3115 1004 3328 1067 norint,
3352 1004 3495 1060 unde
3518 1020 3664 1059 t'anae
3686 1017 3808 1058 ser-

2211 1101 2399 1164 pentes
2421 1109 2506 1161 me
2530 1104 2838 1159 nascantur,
2864 1103 2919 1148 et
2935 1090 3048 1165 [uec
3078 1111 3174 1166 per
3205 1105 3380 1150 certas
3405 1102 3459 1149 et
3489 1103 3646 1148 notas
3669 1102 3810 1147 tem-

2212 1196 2553 1256 perationqu
2607 1186 3038 1257 opportunitates
3096 1184 3324 1241 occultis
3374 1186 3612 1240 motibus
3649 1184 3811 1239 adbi-

2214 1278 2391 1332 beudo
2431 1276 2639 1332 faciunt
2677 1278 2875 1345 creari,
2910 1288 3014 1333 non
3042 1268 3266 1334 creant?
3300 1277 3406 1334 Sed
3437 1277 3522 1331 illa
3554 1277 3811 1339 homines

2216 1385 2335 1439 quae
2364 1366 2539 1425 solent
2576 1370 2645 1424 ab
2682 1368 2994 1426 hnmitnbus
3029 1370 3144 1426 lieri
3188 1385 3292 1424 non
3331 1368 3623 1425 mirantur.
3648 1360 3811 1435 Quod

2217 1461 2260 1516 si
2297 1462 2580 1532 quisquam
2609 1463 2913 1519 celeritates
2953 1456 3341 1519 elementorum
3382 1456 3496 1535 (27)
3530 1458 3673 1516 forte
3713 1452 3813 1516 mi-

2223 1566 2388 1617 ratur,
2416 1558 2557 1627 quod
2586 1556 2669 1610 illa
2693 1555 2986 1612 animantia
3013 1567 3120 1610 tam
3141 1556 3251 1612 cito
3278 1552 3414 1609 facta
3441 1567 3597 1619 sunt;
3627 1563 3811 1608 atten-

520 1644 771 1714 quamvis
794 1645 1006 1701 illorum
1029 1633 1368 1704 extrinsecus
1404 1649 1660 1705 adhibitis
1701 1653 1952 1719 motibus,
2001 1653 2101 1708 ista
2140 1647 2180 1704 Β
2208 1645 2321 1711 dat,
2375 1645 2827 1715 quemadmodum
2877 1654 2933 1702 et
2985 1644 3107 1702 ista.
3154 1660 3251 1715 pro
3283 1643 3495 1699 modulo
3526 1642 3812 1698 facultatis

519 1750 695 1793 creatn
720 1752 751 1793 a
785 1736 877 1795 Dei
926 1738 1095 1795 virtus
1120 1741 1346 1798 interius
1373 1754 1626 1814 Operetnr
1661 1747 1776 1800 :ita
1801 1761 1904 1800 non
1944 1746 2117 1805 solum

523 1829 713 1896 malos,
738 1832 829 1884 sed
856 1846 953 1886 nec
976 1828 1148 1887 bonos
1179 1828 1398 1904 angelos
1428 1830 1507 1890 fas
1528 1846 1605 1890 est
1629 1837 2117 1907 putaricreatores,

525 1921 621 1974 sed
642 1930 738 1991 pro
760 1922 1059 1978 subtilitate
1083 1924 1195 1996 (Ξϋ)
1228 1924 1308 1978 sui
1331 1940 1525 1981 sensus
1548 1937 1600 1981 et
1622 1929 1887 1998 corporis,
1912 1932 2118 1985 semina

537 2008 694 2067 nobis
727 2013 951 2068 istarum
989 2030 1168 2070 rermu
1192 2015 1488 2072 occultiora
1523 2030 1813 2083 noverunt,
1845 2037 1899 2075 et
1929 2037 1992 2076 ea
2024 2037 2119 2093 per

526 2118 797 2175 congruas
833 2107 1258 2177 temperationes
1284 2108 1674 2165 elementorum
1701 2106 1937 2169 latenter
1963 2130 2121 2185 spar-

531 2204 684 2268 gttttt,
716 2208 877 2269 atque
904 2197 974 2254 ita
1009 2200 1399 2270 gigneudarum
1447 2218 1627 2257 rerum
1657 2214 1712 2258 et
1735 2205 2119 2263 accelerandu-

526 2296 647 2346 rum
698 2292 1158 2347 incrementorum
1204 2294 1446 2363 praebent
1490 2297 1823 2352 occasiones.
1874 2296 1979 2355 Sed
2024 2319 2123 2358 nec

522 2383 650 2440 boui
690 2384 825 2448 haec,
880 2384 983 2439 nisi
1034 2394 1295 2454 quantam
1344 2387 1485 2442 Deus
1522 2387 1696 2458 jubet,
1731 2392 1833 2444 nec
1855 2389 1978 2445 mali
2010 2388 2124 2448 hzec

524 2473 728 2545 injUste
764 2475 991 2544 faciunt,
1046 2476 1150 2531 nisi
1197 2486 1462 2547 quantum
1487 2479 1631 2546 jttste
1677 2480 1789 2549 ipse
1835 2483 2120 2552 permittit.

525 2562 850 2638 Naminiqul
880 2567 1084 2621 malitia
1109 2566 1441 2623 Volumatem
1465 2568 1625 2625 habet
1653 2570 1905 2639 injustam
1933 2586 2121 2642 suam;

526 2667 851 2731 petestatem
884 2667 1066 2715 autetn
1099 2662 1205 2714 non
1237 2658 1498 2728 nisijuste
1522 2662 1866 2734 accipit,slve
1887 2665 1953 2720 ad
1968 2676 2123 2721 suun

524 2762 777 2820 poenam,
820 2749 935 2805 sive
970 2750 1037 2806 ad
1068 2750 1299 2806 aliorum
1329 2750 1413 2806 vel
1436 2766 1653 2823 ptenatn
1681 2752 1980 2824 malorum,
2036 2754 2122 2814 vel

525 2839 740 2897 laudem
772 2839 1059 2898 bonorum.
1102 2856 1125 2898 ι

596 2935 649 2992 9.
690 2934 930 3006 Itemque
952 2944 1074 3007 post
1100 2951 1273 3008 pauca
1302 2956 1313 2992 :
1343 2938 1414 3012 (ο.
1440 2938 1496 3013 9)
1543 2958 1563 2993 ι
1600 2942 1757 2998 Aliud
1785 2954 1890 3012 est,
1922 2944 2121 3017 inquit,

531 3042 598 3085 ex
624 3029 814 3083 intimo
840 3044 907 3084 ac
933 3044 1145 3087 summo
1166 3042 1455 3088 cauSarutu
1479 3038 1698 3091 cardine
1713 3040 1947 3096 condere
1961 3049 2125 3114 atque

528 3118 916 3175 administrare
947 3132 1253 3177 creaturam
1285 3141 1299 3177 :
1330 3124 1475 3196 quod
1504 3126 1595 3197 qui
1626 3126 1772 3191 facit,
1800 3128 1947 3185 solus
1971 3146 2127 3186 crea-

530 3217 617 3265 tor
649 3218 733 3266 est
785 3211 958 3278 Deus;
1008 3210 1151 3267 aliud
1200 3220 1381 3270 autem
1430 3230 1529 3286 pro
1580 3214 1884 3276 distributis
1927 3223 1996 3278 ab
2034 3222 2123 3280 illo

527 3302 736 3360 viribus
765 3312 820 3360 et
847 3303 1197 3362 facultatibus
1224 3309 1459 3380 aliquam
1488 3311 1860 3381 operationem
1890 3313 2125 3372 forinse-

530 3415 625 3458 cus
668 3402 983 3469 admovere,
1039 3411 1098 3459 ut
1144 3412 1271 3462 tunc
1295 3405 1379 3461 vel
1407 3415 1557 3473 tunc,
1597 3408 1676 3464 sic
1726 3407 1806 3463 vel
1836 3411 1915 3465 sic
1943 3421 2122 3479 exeat,

529 3497 672 3568 quod
703 3506 942 3553 creatur.
975 3497 1082 3554 Ista
1114 3498 1311 3572 quippe
1340 3501 1680 3573 originaliter
1715 3518 1779 3558 ac
1803 3502 2129 3574 primordia-

529 3585 655 3643 liter
704 3588 755 3643 in
801 3589 1034 3658 quadam
1085 3597 1300 3646 textura
1336 3591 1728 3648 elementorum
1774 3604 1968 3650 cuncta
2012 3592 2130 3665 jam

532 3689 716 3734 creata
748 3688 896 3747 sunt,
924 3680 1019 3736 sed
1050 3684 1290 3753 acceptis
1310 3685 1811 3754 opportunitatibus
1840 3687 2127 3756 prodeunt.

537 3768 644 3843 19
692 3770 824 3826 Nam
868 3771 1007 3828 sicut
1060 3782 1265 3831 matres
1313 3783 1442 3830 sunt
1478 3775 1717 3845 gravida:
1768 3775 1998 3847 fetibus,
2053 3780 2131 3837 sic

536 3869 652 3941 ipse
690 3867 924 3925 mundus
966 3868 1222 3942 gravidus
1261 3881 1344 3928 est
1393 3872 1571 3928 causis
1614 3872 1979 3939 nascentium,
2010 3888 2131 3945 quae

535 3958 590 4016 in
640 3959 731 4015 illo
772 3975 877 4016 non
916 3972 1196 4028 creantur,
1228 3963 1330 4019 nisi
1377 3963 1447 4018 ab
1482 3963 1569 4018 illa
1607 3978 1815 4020 summa
1867 3964 2129 4033 essentia,

536 4051 626 4106 ubi
674 4066 773 4107 nec
824 4051 1072 4116 moritur,
1128 4067 1228 4109 nec
1260 4056 1503 4111 nascitur
1541 4051 1777 4126 aliquid,
1806 4070 1907 4111 nec
1944 4054 2131 4127 incipit

536 4158 676 4208 esse,
711 4159 810 4200 nec
837 4144 1055 4201 desiuit.
1086 4140 1357 4203 Adhibere
1388 4155 1567 4202 autem
1596 4146 1899 4205 forinsecus
1938 4161 2134 4205 causas

541 4238 890 4306 accidentes,
922 4254 1042 4310 quae
1072 4238 1284 4297 tametsi
1318 4258 1422 4297 non
1456 4248 1578 4297 sunt
1611 4241 1917 4310 naturales,
1951 4251 2133 4298 tamen

545 4332 841 4386 secundum
888 4342 1136 4388 naturam
1181 4330 1529 4400 adhibentur,
1562 4340 1620 4389 ut
1654 4349 1718 4389 ea
1761 4350 1881 4407 quae
1919 4340 2132 4392 secreto

542 4437 752 4481 natura:
779 4429 901 4481 sinu
934 4422 1119 4483 abdita
1149 4430 1526 4495 continentur,
1557 4438 1848 4501 erumpant
1873 4428 2135 4502 quodam-

542 4518 727 4581 modo,
768 4531 823 4576 et
876 4516 1011 4577 foris
1046 4533 1334 4588 creentur,
1363 4523 1682 4595 explicando
1729 4538 2044 4591 mensuras,
2078 4532 2135 4580 et

542 4631 822 4683 numeros,
853 4624 907 4670 et
929 4615 1173 4686 pondera
1197 4632 1292 4672 sua
1342 4632 1462 4688 quae
1489 4618 1541 4672 in
1566 4616 1779 4673 occulto
1808 4620 2137 4686 acceperunt

549 4705 618 4760 ab
651 4702 761 4773 illo,
789 4706 878 4778 qui
908 4707 1089 4761 omnia
1123 4707 1175 4762 in
1211 4721 1464 4762 mensura
1497 4716 1547 4762 et
1579 4723 1804 4764 numero
1826 4715 1880 4763 et
1901 4705 2138 4776 pondere

536 4798 815 4869 disposuit
845 4802 983 4871 (cap.
1025 4816 1100 4866 tt,
1148 4798 1275 4870 21),
1307 4810 1412 4855 non
1444 4797 1616 4854 solum
1660 4796 1784 4853 mali
1823 4797 2019 4868 angeli,
2044 4797 2138 4854 sed

546 4890 709 4944 etiam
746 4891 871 4946 mali
911 4892 1157 4948 homines
1185 4899 1434 4963 possunt,
1459 4892 1598 4947 sicut
1629 4889 1880 4961 exemplo
1910 4887 2143 4961 agricul-

458 4964 475 4999 ³
549 4988 680 5036 tune
708 4998 871 5054 supra
906 4983 1085 5039 docui.
1129 4983 1234 5039 Sed
1275 5000 1375 5039 nec
1401 4983 1468 5038 de
1501 4981 1824 5037 animalibus
1877 4980 2031 5050 quasi
2064 4977 2145 5035 di-

555 5088 708 5128 versa
748 5075 885 5131 ratio
932 5086 1181 5142 moveat,
1237 5076 1380 5147 quod
1433 5074 1666 5130 habeant
1715 5074 1963 5143 spiritum
2019 5072 2145 5126 vita:

554 5183 677 5220 cum
711 5183 869 5223 sensu
900 5171 1212 5242 appetendi,
1243 5185 1365 5241 qrue
1393 5169 1688 5224 secundum
1718 5174 1965 5220 naturam
1995 5171 2138 5225 sunt,

554 5258 866 5330 vitandique
915 5266 1219 5331 contraria;
1273 5264 1436 5318 etiam
1490 5261 1593 5314 hoc
1640 5266 1726 5312 est
1770 5256 1953 5310 videre
1979 5269 2141 5324 quam

562 5348 711 5388 mulli
745 5344 987 5388 Immin)“
1019 5355 1264 5388 “manna...
1320 5369 1381 5388 ιη
1413 5352 1609 5388 nullmc
1641 5346 1824 5388 lim-hie
1849 5355 1935 5388 emt
1962 5344 2144 5388 νεινηί-

2223 1738 2490 1802 humanae,
2522 1738 2590 1793 ab
2617 1738 2930 1795 hominibus
2963 1749 3343 1812 procurentur.
3379 1726 3530 1794 Uutle
3565 1737 3716 1791 enim
3747 1735 3808 1791 fit

2222 1836 2361 1884 ittea
2416 1842 2643 1900 corpora
2697 1828 2809 1902 (28)
2844 1828 3005 1885 citius
3040 1836 3378 1883 \‘Cl'tllt'S(‘llltl
3408 1828 3599 1882 testate
3646 1842 3816 1896 quam

2222 1919 2436 1985 hieme;
2467 1919 2630 1975 citius
2668 1919 2720 1975 iu
2756 1916 3110 1976 calidioribus
3150 1934 3311 1989 quam
3360 1917 3412 1972 in
3441 1914 3817 1988 frigidioribus

2222 2008 2389 2068 locis?
2436 2013 2541 2069 Sed
2583 2014 2699 2069 haec
2724 2013 2792 2067 ab
2839 2012 3149 2069 hominibus
3180 2022 3330 2067 tanto
3361 2006 3631 2066 difficilius
3657 2008 3818 2066 adhi-

2222 2108 2441 2174 bentur,
2466 2117 2673 2178 quanto
2695 2107 2895 2163 desunt
2935 2108 3195 2163 densuum
3225 2102 3572 2171 subtilitates,
3602 2114 3661 2158 et
3689 2117 3815 2158 cor-

2225 2218 2415 2273 porum
2468 2199 2799 2255 mobilitates
2855 2196 2908 2254 in
2950 2194 3208 2255 membris
3259 2197 3488 2253 terrenis
3517 2206 3573 2252 et
3619 2194 3811 2268 pigris.

2228 2290 2380 2349 Unde
2433 2292 2899 2363 qualibttscunque
2966 2286 3171 2362 angelis
3233 2289 3437 2345 vicinas
3491 2303 3688 2345 causas
3747 2282 3816 2342 ab

2225 2386 2511 2441 elementis
2535 2387 2861 2440 contrahere
2883 2394 3088 2457 quanto
3116 2378 3329 2438 facilius
3350 2392 3455 2448 est,
3472 2392 3620 2463 tanto
3650 2379 3818 2435 mira.

2225 2479 2447 2534 hil-ores
2479 2479 2530 2533 in
2566 2477 2873 2549 hnjusmodi
2909 2477 3167 2547 operibus
3192 2490 3379 2531 eorum
3407 2475 3649 2531 existunt
3674 2472 3819 2530 cele-

2229 2571 2436 2626 ritatcs.
2470 2568 2577 2626 Sed
2608 2587 2712 2625 non
2743 2577 2827 2625 est
2868 2575 3117 2634 creator,
3154 2564 3258 2623 nisi
3299 2567 3390 2639 qui
3444 2566 3821 2639 principaliter

2228 2666 2329 2721 ista
2363 2660 2593 2729 format;
2622 2680 2725 2720 nec
2761 2663 3048 2736 quisquam
3070 2654 3172 2717 hoc
3200 2670 3377 2733 potest
3401 2662 3502 2717 uisi
3534 2661 3625 2717 ille
3648 2673 3821 2731 penes

2226 2771 2386 2826 quem
2422 2754 2676 2826 primitus
2717 2763 2864 2821 sunt,
2924 2753 3167 2810 omnium
3209 2769 3329 2825 qua:
3368 2761 3494 2810 sunt
3523 2768 3818 2819 mensurae,

2227 2848 2441 2903 numeri
2466 2859 2518 2901 et
2543 2845 2814 2918 pondera;
2840 2855 2893 2902 et
2920 2843 3032 2917 ipse
3053 2852 3138 2902 est
3159 2859 3298 2901 unus
3322 2855 3536 2900 creator
3560 2840 3727 2910 Deus,
3754 2860 3825 2900 ex

2227 2942 2385 3016 cujus
2410 2940 2665 2998 ineffabili
2712 2950 2994 3013 po-entatu
3038 2940 3097 2997 lit
3127 2940 3316 3006 etiam,
3344 2941 3564 3011 utquod
3596 2948 3825 3011 possent

2153 3019 2196 3082 Ο
2230 3029 2282 3091 hi
2314 3034 2511 3109 angeli,
2541 3035 2587 3090 si
2635 3034 3103 3106 permitterentur,
3134 3033 3256 3090 ideo
3285 3048 3389 3089 non
3420 3034 3654 3104 possint,
3684 3034 3821 3105 quia

2228 3146 2339 3186 non
2373 3130 2783 3200 permittuntur.
2824 3116 3019 3199 Neque
3061 3127 3204 3182 enim
3252 3127 3491 3182 occurrit
3516 3124 3623 3180 alia
3656 3128 3825 3192 ratio,

2228 3240 2326 3281 cur
2364 3238 2470 3279 non
2498 3210 2775 3295 potuerint
2824 3219 3005 3278 facere
3032 3219 3421 3276 minutissimas
3456 3234 3696 3283 muscas,
3729 3218 3825 3289 qui

2230 3332 2394 3372 ranas
2421 3324 2807 3387 serpentesque
2829 3310 3098 3378 fecerunt,
3129 3310 3231 3368 nisi
3277 3308 3403 3381 quia
3433 3306 3607 3378 major
3632 3310 3829 3364 aderat

2230 3409 2526 3464 dominatio
2562 3402 2899 3479 prohibentis
2926 3396 3018 3460 Dei
3053 3419 3149 3475 per
3183 3403 3433 3475 spirittnn
3473 3417 3632 3457 suum
3664 3399 3827 3473 (29);

2231 3504 2374 3576 quod
2397 3502 2562 3558 etiam
2588 3500 2688 3572 ipsi
2736 3499 2875 3570 magi
2915 3486 3148 3555 confessi
3176 3505 3325 3562 sunt,
3359 3496 3600 3551 dicentes
3628 3511 3645 3552 ι
3680 3493 3835 3565 Digi-

2235 3607 2320 3651 ωδ
2348 3596 2457 3666 20
2485 3593 2578 3649 Dei
2599 3594 2683 3648 hic
2713 3602 2787 3647 est
2819 3588 3018 3663 (Exod.
3049 3605 3168 3654 vm,
3197 3588 3305 3661 l9).
3333 3584 3471 3656 Quid
3499 3596 3681 3641 autem
3710 3600 3830 3657 pos-

2235 3689 2346 3744 sint
2374 3704 2473 3760 per
2497 3690 2747 3744 naturam
2770 3725 2786 3753 ,
2814 3699 2915 3741 nec
2941 3683 3145 3758 possint
3173 3696 3271 3754 per
3300 3680 3749 3753 prohibitionem,
3774 3686 3833 3734 et

2234 3781 2363 3853 quid
2390 3795 2487 3851 per
2510 3780 2678 3852 ipsius
2709 3788 2917 3834 natura;
2962 3792 3074 3834 suae
3099 3775 3463 3831 conditionem
3505 3772 3692 3831 facere
3721 3784 3832 3833 non

2234 3875 2506 3939 sinuntur,
2550 3871 2757 3928 homini
2804 3871 3092 3943 explorare
3140 3867 3353 3925 difﬁcile
3395 3870 3500 3932 est,
3545 3869 3657 3923 imo
3699 3883 3833 3924 vero

2236 3962 2594 4035 impossibile,
2627 3961 2731 4017 nisi
2757 3977 2855 4032 per
2884 3958 3015 4017 illud
3045 3959 3245 4016 donum
3276 3959 3391 4024 Dei,
3423 3954 3565 4029 quod
3595 3959 3836 4029 Aposto-

2236 4057 2323 4113 lus
2351 4064 2741 4112 commemorat
2788 4054 2974 4111 dicens
3002 4051 3145 4109 :Alii
3189 4052 3506 4124 dijudicatio
3543 4053 3832 4122 spirituum

2237 4148 2291 4224 (Ι
2343 4146 2469 4204 Car.
2525 4165 2625 4215 xu,
2686 4145 2797 4220 10).
2848 4144 3110 4205 Novimus
3158 4146 3304 4202 enim
3345 4143 3620 4200 hominem
3671 4158 3835 4215 posse

2237 4240 2542 4304 ambulare,
2603 4249 2661 4296 et
2708 4254 2884 4312 neque
2932 4238 3039 4297 hoc
3086 4253 3247 4312 posse
3300 4236 3404 4294 nisi
3442 4238 3832 4309 permittatur;

2237 4334 2422 4394 volare
2451 4347 2631 4391 autem
2666 4349 2771 4389 non
2794 4347 2955 4405 posse
2983 4332 3147 4388 etiam
3176 4333 3221 4389 si
3258 4330 3629 4404 permittatur.
3660 4328 3755 4384 Sic
3782 4338 3837 4386 et

2241 4429 2315 4485 illi
2365 4424 2538 4499 angeli
2570 4425 2817 4498 quaedam
2851 4431 3075 4497 possunt
3125 4422 3327 4489 facere,
3357 4423 3403 4480 si
3442 4423 3837 4496 permittantur

2242 4522 2311 4577 ab
2350 4520 2553 4590 angelis
2598 4515 2991 4589 potentioribus
3034 4531 3099 4571 ex
3154 4512 3379 4585 imperio
3430 4508 3555 4579 Dei;
3583 4516 3835 4582 quaedam

2243 4624 2373 4665 vero
2421 4625 2526 4664 non
2575 4617 2825 4678 possunt;
2873 4616 2972 4662 nec
2997 4606 3042 4661 si
3066 4600 3134 4660 ab
3161 4604 3242 4660 eis
3268 4601 3675 4675 permittantur,
3713 4600 3839 4672 quia

2243 4704 2332 4760 ille
2368 4719 2473 4759 non
2499 4700 2769 4774 permittit
2789 4716 2818 4754 a
2860 4696 3104 4771 quOOillis
3129 4707 3214 4753 est
3239 4696 3359 4751 talis
3386 4704 3595 4750 naturte
3619 4696 3839 4764 modus,

2244 4800 2337 4871 qui
2376 4798 2541 4855 etiam
2583 4812 2680 4868 per
2722 4792 2944 4868 angelos
2990 4809 3117 4849 suos
3154 4801 3209 4849 et
3237 4792 3323 4847 illa
3359 4791 3683 4863 plerumque
3732 4807 3842 4846 non

2248 4889 2539 4963 permittit,
2569 4903 2691 4960 qua:
2731 4886 3001 4944 concessit
3026 4893 3084 4940 ut
3127 4885 3353 4955 possint.
3388 4882 3644 4953 Exceptis
3674 4884 3844 4954 igitur

2250 4982 2354 5039 illis
2392 4995 2513 5053 qua:
2535 4979 2892 5037 usitatissinto
2915 4986 3231 5033 transcursu
3258 4987 3560 5046 temporum
3577 4976 3630 5029 in
3656 4988 3842 5032 rerum

2252 5084 2461 5130 naturze
2505 5074 2699 5128 ordine
2748 5071 3104 5143 corporaliter
3148 5070 3301 5134 fiunt,
3332 5067 3491 5124 sicuti
3524 5079 3658 5123 sunt
3682 5074 3843 5123 ortus

2249 5179 2588 5235 occasusque
2613 5164 2851 5219 siderum
2869 5203 2884 5226 ,
2919 5163 3295 5231 generationes
3319 5171 3374 5217 et
3399 5170 3604 5216 mortes
3630 5162 3819 5216 anima

2251 5258 2404 5323 lium,
2431 5256 2700 5311 seminum
2738 5263 2796 5309 et
2830 5254 3133 5323 germinum
3163 5251 3583 5308 innumerabiles
3606 5251 3845 5306 diversi-

2254 5356 2391 5388 ιειιρει
2457 5346 2667 5388 ιιριῃιιφ
2696 5354 2752 5388 pl
2783 5343 2974 5388 nullae.
3008 5342 3160 5388 nico:
3185 5353 3239 5388 At
3264 5342 3486 5388 nlnvim_
3527 5340 3743 5388 fttlmtrn
3794 5349 3846 5388 nl
