4038 5388
192 230 301 288 157

1159 217 1734 288 ιυιυειορυιοιλιυιι
1777 216 1955 276 Lttuu
1981 173 2150 276 ἐκ.
2191 251 2260 261 -
2285 184 2482 279 [ιῦΪί

3375 231 3480 290 158

195 347 468 410 tonitrua,
496 343 725 400 inlumina
742 348 797 397 et
827 339 1136 413 grandines,
1164 340 1312 396 venti
1351 349 1404 395 et
1433 340 1592 409 ignis,
1617 339 1788 411 frigus
1819 351 1862 411 Α
1893 347 2006 396 ιιιιιι
2037 339 2510 410 vituperabiliores
2536 341 2704 407 Viros,
2737 341 2866 412 quia
2892 341 3310 415 perditissimus,
3335 347 3483 406 deci-

192 452 252 497 et
279 449 467 498 aestus,
500 446 557 492 et
577 435 760 491 omnia
783 434 909 488 talia
935 449 950 497 ;
975 433 1217 503 elceptis
1249 433 1412 486 etiam
1442 431 1566 493 illis,
1596 446 1715 501 qua:
1737 433 1790 486 in

196 538 390 590 eodem
415 533 611 587 ordine
639 543 842 585 natura:
865 543 985 582 rara
1025 536 1172 592 sunt,
1197 527 1335 582 sicut
1374 528 1617 582 defectus
1637 527 1794 581 lumi-

201 643 328 680 rum
385 637 438 679 et
488 628 703 694 species
753 622 1020 676 inusitata:
1067 619 1326 685 siderum,
1355 629 1410 674 et
1450 631 1713 686 monstra,
1741 629 1796 676 et

203 729 360 771 teme
398 726 603 779 motus,
650 725 705 770 et
752 713 989 769 similia:
1019 713 1263 782 exceptis
1288 727 1416 780 ergo
1464 713 1582 767 istis
1620 711 1795 766 omni-

208 809 328 869 bus,
359 823 595 876 quorum
621 806 838 876 quidem
871 805 1040 873 prima
1066 815 1120 859 et
1145 819 1355 858 summa
1389 819 1549 858 causa
1583 819 1689 858 non
1714 812 1797 858 est

203 900 303 953 nisi
337 898 594 952 voluntas
629 898 721 952 Dei
756 916 768 951 :
809 898 946 950 unde
975 905 1032 951 et
1077 896 1132 950 in
1165 897 1372 966 psalmo
1405 912 1524 952 cum
1552 897 1796 967 quaedam

202 991 358 1060 hujus
405 995 631 1064 generis
654 1001 1076 1047 couunctnorata
1105 1000 1286 1045 essunt
1319 1005 1332 1044 :
1362 990 1529 1061 Ignis,
1572 991 1796 1062 grando,

203 1084 310 1143 eis,
362 1088 583 1151 glacies,
632 1084 850 1146 spiritus
899 1081 1217 1151 ιειιῳσιιιιιὶι
1253 1078 1426 1148 (Psul.
1455 1094 1678 1143 csuut,
1706 1080 1794 1151 8);

204 1178 409 1245 nequis
435 1192 498 1230 ea
526 1175 614 1230 vel
647 1176 892 1240 fortuitu,
926 1175 1008 1230 vel
1044 1175 1226 1231 causis
1271 1175 1642 1229 tantummodo
1675 1187 1798 1228 eor-

202 1271 505 1338 poralibus,
560 1269 645 1323 vel
697 1269 860 1323 etiam
915 1267 1326 1337 spiritualibus,
1383 1276 1558 1322 tamen
1606 1276 1802 1338 printer

201 1365 542 1417 voluntatem
584 1363 678 1418 Dei
733 1365 1090 1417 existentibus
1123 1362 1208 1432 agi
1241 1360 1512 1425 crederet,
1539 1362 1800 1417 continuo

200 1457 298 1510 sub
320 1457 452 1519 ecit,
484 1455 622 1522 Quia
652 1456 849 1526 factum
880 1455 1088 1510 val-bum
1114 1455 1246 1524 ejus.
1276 1454 1381 1510 Sed
1406 1455 1512 1519 his,
1541 1464 1600 1508 ut
1620 1453 1802 1510 dicere

201 1565 502 1619 cmpcram,
533 1549 780 1620 exceptis
801 1591 814 1612 ,
843 1549 946 1604 alia
995 1559 1119 1603 stmt
1151 1549 1237 1602 illa
1275 1565 1417 1619 qtne,
1449 1549 1696 1620 quamvis
1733 1561 1801 1603 ex

200 1645 390 1698 eadem
421 1649 654 1699 materia
687 1643 975 1713 corporali,
1009 1644 1077 1696 ad
1102 1643 1302 1713 aliquid
1330 1653 1517 1697 tamen
1542 1641 1800 1696 divinitus

1893 432 2100 500 pientes
2126 449 2139 485 :
2164 432 2307 502 quis,
2341 433 2581 504 inquam,
2616 431 2801 490 talium
2849 434 3039 490 videns
3071 444 3216 491 tanta
3250 439 3483 496 miracu-

1894 523 2065 579 lorum
2114 528 2354 596 potentia
2411 527 2510 598 (et
2558 529 2660 585 hoc
2702 541 2801 601 per
2857 530 3177 602 daemones)
3231 530 3485 605 ﬂagellari

1895 618 2167 688 aliquem,
2213 621 2355 676 sicut
2405 619 2506 676 Job
2549 621 2701 677 illum
2746 623 3144 688 admirabilem,
3179 626 3478 681 hortut'elut

1895 710 2096 774 dicere,
2130 711 2239 765 imo
2268 713 2515 768 crederet
2555 713 2703 779 iuste
2745 713 2848 768 dici
2883 729 2898 768 :
2934 733 2952 766 ι
3016 715 3271 770 Dominus
3324 719 3487 778 dedit,

1898 800 2157 855 Dominus
2186 801 2442 869 abstulit;
2474 801 2614 858 sicut
2644 797 2873 860 Domino
2907 805 3130 877 placuit,
3180 806 3251 861 ita
3285 805 3487 861 factum

1896 901 1980 949 est
2009 893 2132 967 (Job
2164 911 2200 957 ι,
2238 895 2329 969 21)
2357 913 2376 949 ι
2415 898 2584 968 :quin
2632 899 2810 970 potius
2854 914 2959 955 non
3009 908 3180 955 solum
3242 900 3492 971 malignis

1899 987 2126 1058 angelis,
2171 987 2264 1044 sed
2301 991 2463 1045 etiatn
2519 989 2840 1059 quibusdam
2897 992 3218 1047 miserrimis
3262 993 3494 1046 immini-

1899 1083 2000 1138 bus
2034 1083 2164 1138 illud
2190 1085 2488 1150 ascribens,
2515 1083 2807 1154 quemlibet
2838 1081 3194 1141 itutuissorem
3233 1084 3367 1159 (3:2),
3401 1095 3494 1140 aut

1899 1176 2302 1249 pronulsorem,
2329 1189 2384 1232 ιιι
2411 1177 2632 1243 dicitur,
2674 1183 3055 1250 tempestatum
3100 1179 3316 1234 evocari
3356 1177 3494 1250 (55),
3567 1189 3573 1193 ‘

1902 1269 2184 1340 donisque,
2220 1280 2277 1324 ut
2307 1269 2410 1325 hoc
2439 1269 2644 1325 mederi
2679 1269 3016 1342 dignaretur,
3065 1267 3297 1342 placari;
3332 1279 3388 1323 ut
3418 1269 3495 1323 vi-

1902 1357 2098 1418 delicet
2149 1359 2450 1418 Mercurius
2495 1360 2676 1418 socios
2733 1357 2942 1434 Ulyssis
3011 1369 3156 1416 tactu
3223 1360 3495 1430 quomlam

1903 1455 2145 1510 cadueel.
2197 1455 2275 1510 Ne
2309 1456 2484 1510 dieatn
2531 1455 2674 1510 enim
2720 1455 2787 1510 de
2833 1457 2985 1509 tanto
3019 1463 3180 1509 tanta:
3205 1453 3411 1526 giOi‘lJB,
3437 1462 3497 1508 ut

1903 1545 2044 1603 beati
2075 1545 2174 1604 Joh
2197 1545 2319 1614 fuit,
2349 1547 2568 1614 damno,
2600 1547 2703 1604 hoc
2734 1562 2837 1602 non
2872 1547 3114 1603 facerent
3145 1548 3210 1601 de
3238 1545 3496 1624 vilissima

1905 1641 2109 1705 recula,
2145 1641 2248 1696 hoc
2289 1647 2396 1704 est,
2435 1641 2519 1696 vel
2573 1637 2789 1696 cultello
2836 1638 2920 1695 vel
2958 1638 3228 1711 cerrigia;
3263 1637 3315 1692 id
3359 1653 3500 1708 saepe

201 1737 643 1789 annuntiandum
697 1731 898 1790 nostris
939 1734 1191 1789 sensibus
1240 1735 1630 1800 admoventur,
1679 1745 1801 1804 quae
1833 1728 1876 1788 Β
1906 1732 2140 1788 vidimus
2171 1732 2288 1788 fieri
2336 1731 2541 1797 abitis,
2587 1732 2786 1803 quibus
2834 1732 2887 1788 in
2938 1733 3103 1787 corde
3156 1727 3284 1785 illttd
3329 1729 3501 1784 nostri

203 1825 421 1894 proprie
459 1824 724 1879 miracula
750 1824 976 1894 etsigna
1007 1825 1282 1877 dicuntur.
1329 1840 1349 1874 ι

277 1915 366 1968 l0.
412 1914 600 1969 Habes
627 1915 716 1969 hic
743 1914 875 1968 tanti
905 1915 1230 1968 auctoritate
1256 1909 1517 1977 doctoris,
1556 1920 1612 1968 et
1636 1912 1806 1970 multa

205 2022 364 2078 posse
387 2011 670 2063 daemones
710 2023 806 2080 per
831 2007 1128 2077 angelicam
1167 2008 1316 2062 illam
1346 2021 1498 2062 suam
1527 2017 1802 2075 naturam,

206 2119 325 2173 quae
356 2105 525 2157 etiam
555 2118 664 2157 non
690 2111 918 2173 possunt
954 2115 1050 2172 per
1071 2097 1488 2170 prohibitionem
1527 2099 1803 2168 divinam;

207 2195 282 2249 nil
319 2208 454 2249 vero
493 2209 688 2265 poase,
720 2195 819 2250 nisi
849 2194 976 2249 data
1020 2195 1256 2264 desuper
1282 2201 1574 2264 potestate,
1608 2193 1694 2248 vel
1737 2194 1806 2249 ad

206 2286 476 2343 fallendos
525 2285 768 2351 fallaces,
819 2287 963 2341 sicut
1001 2283 1305 2357 Egyptios,
1341 2299 1570 2354 quorum
1599 2285 1808 2341 similes

207 2389 359 2443 sunt,
381 2379 478 2449 qui
525 2377 772 2434 fallacias
807 2377 1009 2433 diaboli
1055 2387 1150 2432 aut
1191 2385 1520 2432 venerantur
1549 2387 1805 2449 tanquam

209 2473 450 2534 divinas,
515 2479 613 2525 aut
662 2472 976 2526 desiderant
1025 2483 1282 2541 tanquam
1337 2474 1627 2540 prolicuas,
1685 2486 1808 2525 cum

211 2566 443 2620 multum
476 2565 645 2619 etiam
671 2563 778 2620 illis
796 2574 925 2619 sunt
947 2563 1405 2624 detestabiliores,
1431 2563 1521 2634 qui
1545 2575 1639 2618 eas
1653 2571 1811 2618 eser—

207 2669 352 2723 eent,
391 2661 506 2714 imo
546 2671 644 2730 per
673 2669 814 2729 quos
853 2664 1198 2719 exercentur,
1261 2666 1516 2728 tanquam
1546 2657 1805 2723 virtutes;

206 2753 292 2807 vel
327 2754 398 2808 ad
428 2753 800 2807 admonendos
829 2751 913 2806 vel
937 2751 1004 2805 ad
1039 2752 1346 2821 probandos
1371 2751 1586 2805 fideles:
1617 2751 1808 2804 admo-

211 2844 452 2908 nendos,
479 2859 544 2898 ne
573 2841 772 2898 similia
808 2842 988 2897 facere
1022 2844 1323 2913 cupientes,
1355 2857 1542 2896 eorum
1573 2840 1812 2896 elilcian-

212 2942 302 2990 tur
328 2933 567 2998 similes;
600 2934 910 3005 probandos
947 2947 1097 2996 vero,
1134 2938 1192 2986 ut
1254 2933 1337 2987 his
1385 2931 1604 2996 eruditi,
1660 2946 1812 2986 exer-

213 3029 422 3094 citati,
499 3036 663 3098 atque
731 3023 1060 3082 manifestati
1131 3029 1472 3092 monstrent,
1547 3035 1808 3098 quantum

213 3123 437 3179 diabolo
482 3123 650 3178 erecti
704 3119 723 3195 [
749 3123 790 3192 Ῑ.
829 3119 1078 3195 erepti],
1103 3121 1214 3176 Deo
1239 3135 1369 3176 vero
1403 3123 1512 3176 sint
1558 3121 1808 3192 suljet-ti.
1841 3107 1884 3168 C

213 3213 354 3284 Quis
399 3215 546 3270 enim
613 3231 845 3280 eorum,
900 3213 992 3285 qui
1045 3214 1206 3269 hodie
1272 3213 1326 3268 in
1395 3212 1590 3269 talibus
1646 3229 1816 3284 usque

217 3313 285 3366 ad
339 3313 702 3380 perditionem
751 3309 946 3365 animi:
1020 3309 1285 3364 intautum
1350 3308 1710 3379 decipiuntur.
1761 3319 1820 3365 ut

215 3404 384 3460 etiam
419 3404 500 3460 eis
524 3404 662 3476 ('30),
703 3413 842 3474 quas
892 3399 1123 3458 altGen.
1167 3399 1457 3457 Herodiam
1512 3402 1657 3457 illaut
1713 3402 1817 3457 Ba-

218 3498 400 3566 ptista:
449 3495 652 3552 Christi
714 3495 1134 3551 interfectricem
1187 3495 1339 3565 quasi
1402 3497 1679 3567 reginam,
1713 3497 1820 3550 imo

218 3588 380 3642 deam
409 3589 512 3659 21
540 3597 868 3659 proponant,
900 3595 1206 3644 asserentes
1229 3587 1441 3643 tertiam
1470 3589 1634 3643 totius
1668 3603 1822 3642 mun-

219 3681 274 3737 di
300 3682 378 3736 illi
429 3668 638 3751 partem
693 3681 987 3748 traditam,
1030 3682 1185 3752 quasi
1235 3682 1349 3737 haec
1399 3697 1608 3737 merces
1658 3681 1822 3738 fuerit

218 3775 500 3843 propheta
543 3774 749 3840 occisi;
799 3785 921 3828 cum
966 3775 1147 3844 potius
1190 3773 1299 3828 sint
1344 3774 1616 3829 dmmones
1691 3775 1818 3829 tali-

223 3865 324 3921 bus
348 3868 635 3940 priestigiis
663 3865 909 3923 infelices
939 3865 1434 3939 mulierculasﬁl),
1461 3867 1651 3937 hisque
1680 3866 1818 3922 mul-

300 4043 414 4118 (50)
444 4043 710 4100 Luxatum
728 4043 874 4118 hunc
900 4043 1077 4099 locum
1095 4045 1268 4100 eredit
1295 4043 1820 4118 Hieronymus_'Far-

225 4115 465 4187 tarettus
491 4118 543 4171 in
569 4126 737 4184 opere
763 4115 863 4172 Dei
885 4133 1161 4187 congresso
1184 4126 1430 4170 nouumo
1465 4115 1600 4170 delle
1637 4116 1820 4172 Lamie

224 4185 321 4260 lib.
382 4204 422 4251 ι,
466 4203 582 4258 Cap.
613 4187 667 4252 5,
735 4197 788 4260 et
819 4197 941 4256 post
979 4185 1258 4260 relativum
1294 4205 1424 4259 quas
1460 4191 1645 4243 deesse
1667 4197 1821 4260 putat

226 4256 432 4329 aliquot
456 4255 634 4322 voces,
667 4255 862 4327 quibus
893 4270 1187 4329 not-turnus
1230 4255 1536 4312 Lamiarum
1562 4255 1818 4328 congres-

226 4326 335 4384 sus
374 4326 727 4385 indicaretur.
781 4326 1134 4384 Herodladetn
1181 4329 1325 4385 enim
1354 4332 1600 4384 nm-turni
1635 4326 1819 4398 hujus-

229 4401 372 4472 utodi
421 4415 751 4471 congressus
805 4401 1086 4472 prasidetn
1135 4403 1317 4472 plures
1347 4403 1634 4461 tradidere.
1679 4415 1817 4471 quos

1905 1827 2062 1882 lStius
2082 1826 2194 1897 jam
2232 1835 2372 1898 stupe
2402 1825 2496 1881 fati
2527 1842 2632 1881 non
2665 1825 2845 1882 sonuit
2869 1821 3153 1898 Angustiui
3189 1842 3203 1878 :
3241 1843 3259 1875 ι
3287 1821 3503 1880 Gaudes

1905 1919 2031 1990 quia
2073 1931 2158 1974 res
2205 1925 2325 1973 tuas
2357 1918 2628 1982 invenisti,
2662 1932 2768 1973 non
2817 1929 2877 1974 es
2925 1915 3094 1973 tristis
3127 1915 3254 1986 quia
3287 1923 3342 1968 tu
3382 1929 3504 1984 per-

1907 2009 2029 2079 isti;
2061 2011 2230 2067 multo
2285 2013 2456 2081 magis
2496 2011 2702 2083 periret
2745 2010 2924 2065 tunica
2974 2017 3084 2074 tua,
3119 2024 3280 2078 quam
3322 2006 3504 2061 anima

1909 2111 2020 2161 tua.
2055 2127 2072 2158 ι
2108 2105 2172 2160 Ει
2214 2103 2342 2160 illttd
2390 2104 2686 2158 Psalmistm
2724 2109 2739 2157 τ
2790 2121 2809 2154 ι
2851 2100 3266 2158 Confundantur
3313 2113 3505 2156 omnes

1910 2197 2171 2252 facientes
2201 2211 2336 2252 vana
2367 2193 2537 2267 (Paul.
2572 2201 2721 2258 xittv,
2763 2193 2862 2264 3);
2896 2213 2914 2246 ι
2952 2193 3194 2265 Apostoli
3227 2193 3389 2246 etiam
3436 2189 3502 2245 de

1909 2293 2066 2364 culpa
2117 2291 2323 2348 scilicet
2365 2289 2518 2346 valde
2564 2287 2761 2345 minori
2793 2303 2809 2344 :
2841 2308 2859 2340 ι
2898 2286 3044 2353 Dies,
3070 2301 3088 2339 ι
3119 2285 3314 2356 inquit,
3354 2302 3373 2335 ι
3416 2279 3506 2337 ob-

1909 2388 2143 2444 servatis
2172 2389 2225 2442 et
2255 2400 2469 2440 menses
2509 2387 2565 2440 et
2617 2398 2810 2449 annos,
2865 2376 3032 2437 timeo
3063 2396 3129 2436 ne
3179 2381 3296 2436 siue
3343 2392 3504 2434 causa

1911 2478 2267 2534 laboraverim
2314 2478 2365 2532 in
2417 2475 2570 2531 vobis
2617 2471 2761 2548 (Gal.
2813 2473 2892 2540 t'v,
2944 2467 3056 2544 10).
3097 2491 3118 2526 ι
3153 2467 3221 2526 Et
3265 2467 3392 2525 illud
3442 2469 3506 2523 de

1911 2565 2119 2639 Regum
2151 2567 2243 2624 lib.
2273 2583 2326 2622 tv
2354 2585 2367 2622 :
2402 2587 2420 2619 ι
2467 2564 2717 2636 Nunquid
2745 2577 2852 2620 non
2879 2573 2962 2620 est
2992 2559 3206 2619 Deusin
3237 2551 3424 2625 lsracl,
3449 2567 3508 2614 ut

1911 2664 2050 2719 eatis
2085 2663 2152 2718 ad
2204 2659 2588 2716 consulendum
2618 2655 2908 2715 Belsebutb
2958 2651 3124 2714 Deum
3154 2653 3450 2712 Acheron?
3481 2671 3499 2704 ι

1915 2755 2278 2824 Quamobrem
2311 2752 2426 2808 haec
2456 2751 2588 2807 dicit
2613 2747 2872 2808 Dominus
2919 2743 3171 2806 Ochozite
3195 2747 3305 2819 regi
3337 2764 3351 2802 :
3385 2765 3403 2798 ι
3434 2746 3509 2801 De

1915 2845 2114 2902 lectulo
2144 2853 2308 2916 super
2352 2859 2512 2914 quem
2566 2841 2860 2900 ascentlisti
2909 2856 3016 2898 non
3061 2832 3360 2898 descendes
3413 2837 3510 2892 sed

1914 2947 2088 2994 IIOI‘iC
2118 2937 2366 2992 morieris
2390 2931 2497 3006 (IV
2533 2933 2657 3006 Reg.
2691 2950 2730 3001 ι,
2761 2929 2872 3005 16).
2918 2951 2939 2986 ι

1989 3030 2074 3086 ll.
2108 3029 2175 3086 Et
2199 3045 2327 3086 ecce
2373 3029 2476 3084 hoc
2528 3026 2809 3099 exemplo,
2857 3041 2980 3081 cum
3012 3040 3109 3095 per
3154 3023 3277 3079 talia
3327 3019 3510 3077 sanari

1919 3127 2236 3199 plerumque
2256 3125 2474 3195 quidam
2508 3123 2818 3186 videantur,
2856 3113 2948 3184 Dei
2979 3111 3189 3176 scilicet
3214 3127 3308 3174 aut
3351 3116 3517 3171 mise-

1920 3221 2154 3278 ricordia
2187 3215 2252 3274 ad
2283 3211 2663 3291 ptenitentiam
2693 3213 3016 3286 exspectati.
3050 3222 3142 3270 aut
3171 3209 3380 3284 justitia
3409 3207 3514 3264 sibi

1920 3313 2054 3384 ipsis
2102 3309 2370 3376 derclicti,
2404 3307 2532 3381 quid
2565 3317 2879 3364 mereantur
2911 3300 3003 3362 Dei
3031 3304 3235 3376 judicio
3265 3317 3515 3372 compre-

1922 3403 2105 3459 hensi.
2141 3403 2197 3457 Si
2231 3402 2374 3456 enim
2401 3399 2581 3470 justus
2617 3398 2780 3469 judex
2835 3405 3031 3452 cuncta
3078 3395 3132 3451 in
3186 3394 3285 3448 hoc
3316 3387 3516 3446 sarculo

1921 3496 2245 3559 vindicaret,
2295 3490 2384 3547 illo
2432 3490 2622 3546 ultimo
2665 3487 2874 3562 judicio
2911 3503 3048 3559 opus
3096 3500 3201 3542 non
3244 3491 3423 3546 esset;
3465 3480 3513 3535 si

1921 3598 2102 3645 autem
2133 3587 2306 3643 nullas
2328 3602 2414 3640 res
2445 3583 2711 3640 humanas
2736 3591 2956 3638 curaret
2983 3579 3120 3652 (54),
3155 3576 3336 3632 nullus
3373 3588 3514 3644 pene

1920 3682 2189 3738 crederet.
2215 3677 2331 3735 Non
2363 3675 2656 3734 convenire
2683 3671 2849 3746 igitur
2877 3673 3018 3730 scias
3052 3672 3204 3743 juxta
3235 3667 3516 3735 cujusdam

1923 3777 2072 3848 sapic
2098 3773 2310 3830 .tissimi
2340 3769 2688 3833 sententiam,
2725 3757 3114 3824 vilissimorum
3141 3761 3425 3834 spirituum
3463 3768 3516 3813 te

1921 3867 2172 3941 praesidia
2206 3876 2448 3937 captare,
2473 3879 2634 3936 quem
2657 3861 2921 3934 sapientia
2950 3861 3006 3916 in
3034 3859 3174 3914 hanc
3193 3855 3308 3911 vult
3340 3851 3520 3911 excel~

1923 4046 2163 4104 ctoribus
2190 4087 2210 4116 ,
2259 4059 2396 4116 quos
2449 4039 2724 4116 Baluzius
2753 4033 2805 4094 in
2856 4035 3019 4116 notis‘
3051 4027 3517 4116 au_Agobardum

1920 4119 2130 4182 laudat,
2183 4105 2526 4184 Tentpeslarii
2573 4111 2927 4166 Vocabantur.
2979 4105 3237 4184 Eumdem
3272 4113 3516 4184 errorem

1924 4176 2128 4246 iterum
2160 4176 2362 4242 refellit
2409 4184 2702 4241 iiatherius
2740 4195 2907 4238 serm.
2961 4194 3016 4244 ι,
3075 4177 3146 4232 de
3185 4176 3520 4229 Ascensione

1923 4259 2388 4399 nutlgéfgubaudi
2427 4326 2621 4399 credit,
2643 4311 2729 4381 vel
2763 4317 2968 4399 aliquid
3008 4317 3230 4399 simile..-
3250 4315 3519 4399 construe

1925 4386 2128 4468 autem,
2157 4411 2211 4453 et
2241 4399 2446 4469 explica
2474 4416 2486 4452 :
2520 4386 2659 4462 Quin
2680 4386 3144 4469 po_tius'_ascriliens
3173 4386 3408 4469 ιιιυμχιιι
3437 4391 3521 4464 est

228 4453 316 4526 ille
348 4453 1426 4552 ιιι.ἶειξιῖιριζὲιιῖιφὲιιίριιίᾀβίξρτοριιαξ
1447 4453 1714 4552 quispiam
1745 4453 1815 4527 le:
1848 4491 1897 4552 ι)
1926 4453 2184 4552 ilaigellari
2231 4453 2486 4540 aliquem,
2525 4453 2689 4552 sicut
2727 4453 3519 4552 loliilagellaﬂtu's‘

229 4553 317 4614 gat
340 4543 404 4596 de
425 4541 612 4614 quibus
633 4543 658 4596 7
676 4541 819 4614 γρηιὲ
848 4559 1008 4614 porro
1029 4541 1099 4597 Sit
1121 4541 1252 4614 Gen.
1279 4543 1376 4597 hoc
1398 4541 1515 4598 loco
1544 4541 1815 4608 laudatus,

231 4612 468 4681 reperire
518 4629 623 4668 non
671 4613 840 4667 licttil.
883 4613 971 4667 Illa
993 4655 1007 4677 ,
1036 4615 1120 4667 cui
1158 4612 1394 4667 Herodes
1425 4617 1636 4685 tertiam
1669 4615 1820 4685 regni

229 4685 310 4739 sui
339 4699 545 4755 partem
578 4701 637 4740 se
668 4687 922 4739 daturum
952 4687 1258 4755 spopondit,
1287 4701 1392 4739 non
1417 4684 1697 4745 I'ierodius,
1731 4684 1824 4740 Sed

233 4755 554 4828 Herodiatlis
614 4757 720 4811 lilia
775 4758 895 4828 fuit.
945 4758 1080 4812 Cum
1130 4772 1258 4812 vero
1299 4761 1356 4828 tu
1387 4757 1826 4828 Evangelioliliaa

232 4826 388 4897 hujus
426 4845 621 4884 numen
667 4845 773 4882 nou
827 4827 1058 4898 legatur,
1092 4836 1283 4899 auctor
1327 4827 1414 4882 ille
1450 4826 1664 4899 ignotus
1690 4826 1822 4899 Gen.

228 4913 289 4952 ex
315 4917 421 4970 quo
446 4899 741 4955 liatherius
769 4897 901 4954 haec
927 4897 1186 4968 sumpsit,
1225 4897 1364 4954 idem
1399 4897 1587 4956 matris
1615 4916 1677 4956 ac
1705 4897 1828 4952 lilia:

231 4985 422 5026 nomen
451 4972 699 5027 credidit.

300 5043 412 5114 (3i)
453 5044 771 5100 Construe:
807 5043 913 5100 sint
960 5041 1225 5098 dwmones
1281 5041 1593 5111 decipienles
1638 5041 1832 5099 talibus

233 5118 510 5162 nrirslmiis
540 5114 913 5162 mulierculas.
943 5123 1052 5162 etc.

1932 4527 2073 4605 iiiis,
2127 4527 2366 4612 inquam,
2393 4527 2692 4612 nonisoium
2719 4527 2966 4612 malignis
2987 4533 3211 4612 angelis,
3243 4528 3333 4584 sed
3361 4527 3519 4612 etiam

1933 4596 2239 4670 miserrimis
2288 4596 2600 4683 quibusdam
2659 4596 2992 4683 homini-bus,
3043 4596 3205 4683 credit
3245 4596 3519 4683 queruliitel

1934 4675 2316 4746 immissorem,
2365 4691 2455 4734 aut
2509 4679 3000 4750 propulsaretu,_ut
3051 4675 3278 4750 dicitur:
3330 4679 3521 4750 (culpe-

1931 4739 2146 4815 stultum.
2195 4739 2397 4809 evocari
2437 4739 2614 4815 donis,
2644 4761 2698 4804 ut
2745 4750 2842 4802 hoc
2885 4739 3194 4816 dignaretur
3219 4742 3284 4816 (f.
3335 4739 3366 4789 ιι
3393 4748 3519 4804 gue-

1937 4829 2042 4899 tur)
2076 4827 2294 4899 mederi,
2333 4835 2395 4899 ut
2437 4823 2672 4877 videlicet
2709 4815 3011 4899 Mercurius
3045 4815 3522 4899 .ql-Ondatlljffiifll:

2026 4878 2424 4966 [soci—os—Ul'yssis
2453 4904 2597 4966 tactu
2622 4889 2856 4947 cadurci.
2883 4878 3105 4966 _E_teuint
3161 4901 3221 4938 ne
3260 4878 3526 4966 difﬁngit3

1938 4941 2130 5023 damno
2162 4941 2512 5036 tuttto’gloritc
2559 4973 2738 5036 totum,
2774 4968 2830 5013 ut
2872 4941 3525 5036 [uitam-nminidﬂigi).

1941 5011 2128 5023 ...........
2331 5011 2505 5036 3.-...-
2872 5011 2883 5028 ,

1941 5058 2043 5095 ηοιι
2072 5041 2300 5109 facerent
2330 5041 2426 5090 hoc
2455 5035 2519 5109 de
2564 5035 2818 5088 uilissima
2847 5027 3048 5109 recula,
3079 5027 3174 5109 Itoc
3203 5032 3276 5076 est

1939 5094 2098 5162 ΜΙοί
2153 5111 2230 5162 vel
2279 5107 2538 5162 corriaiu.
2587 5121 2704 5158 cum
2756 5099 3048 5162 perduntur
3094 5100 3248 5162 (non
3298 5094 3530 5158 furerent
