4038 5388
574 190 678 254 159

1523 190 1855 249 BATHERII
1894 190 2108 248 EPISC.
2146 187 2404 248 VERON.
2448 188 2601 247 OPP.
2639 188 2821 249 PARS
2857 189 2898 246 Ι.

3749 185 3859 250 160

570 309 793 366 lentiam
826 322 1176 380 componere,
1206 315 1268 363 ut
1301 306 1416 362 Deo
1452 305 1684 362 similem
1705 347 1720 376 ,
1759 315 2020 377 quantum
2058 303 2167 362 sci—
2191 306 2243 366 A
2267 305 2507 374 proximo
2532 305 2588 358 in
2618 314 2847 376 tempore
2869 303 3191 360 necessitatis
3215 301 3397 371 illius;
3428 302 3555 375 quia
3585 302 3716 375 facit
3754 305 3867 361 ini-

571 401 699 458 licet
731 401 796 456 ad
838 401 956 472 ejus
990 409 1197 472 spectat
1237 399 1676 463 concessionem,
1712 397 1885 469 possit
1922 396 2164 463 eilicere;

571 508 802 562 eamque
828 493 1090 548 mentium
1113 500 1362 546 naturam
1387 505 1528 556 esse,
1560 492 1750 546 eodem
1775 491 1892 559 ipso
1915 489 2164 554 docente,

572 583 868 654 perpende,
903 592 963 637 ut
991 584 1206 653 quoties
1233 584 1532 654 abjecerint
1560 598 1742 648 veras,
1785 582 1934 637 falsis
1959 581 2166 652 opinio-

573 673 732 728 nibus
760 675 866 743 22
914 674 1240 736 induantur;
1278 683 1332 728 et
1372 673 1500 728 illud
1538 674 1712 744 magis
1746 689 1961 738 exerce,
1999 672 2163 742 quod,

573 774 632 821 ut
675 772 723 820 in
759 767 1060 838 primordo
1091 767 1379 822 locutionis
1427 767 1698 837 suggessi,
1730 782 1764 821 a‘
1790 766 1904 822 Deo
1931 766 2166 836 inspira-

575 865 752 910 torum
801 857 1130 912 medicorum
1162 871 1314 922 vera,
1346 858 1471 927 quia
1499 857 1728 926 probata
1762 857 1968 911 invenit
1996 855 2168 912 soler-

576 949 672 1010 tia,
703 964 864 1018 quam
911 949 1052 1018 quod
1089 947 1384 1004 infelicium
1435 947 1907 1004 meretricularum
1957 946 2170 1002 diabolo

574 1053 694 1096 acta
725 1043 1048 1112 conjectavit
1080 1043 1374 1098 dementia.
1419 1043 1493 1097 Ita
1528 1042 1588 1096 fit
1614 1050 1671 1097 ut
1706 1041 2172 1098 nulla-infidelita-

575 1133 648 1188 tis
681 1132 856 1203 caligo
885 1148 1073 1188 verum
1129 1133 1302 1198 illum,
1354 1147 1462 1202 quo
1507 1132 1677 1187 videri
1726 1131 2004 1202 quidpiam
2034 1131 2172 1186 solet

581 1223 875 1294 agendum,
905 1223 1202 1278 confundat
1239 1224 1525 1288 intuitum;
1559 1232 1610 1278 et
1639 1231 1865 1294 propter
1892 1221 2172 1293 sapientiae

578 1317 803 1384 bonum,
837 1328 890 1372 et
926 1318 1149 1372 medela:
1188 1333 1218 1370 a
1251 1317 1362 1372 Deo
1391 1332 1668 1372 concessae
1693 1316 1993 1372 subsidium
2023 1330 2054 1368 a
2086 1330 2172 1370 re-

576 1409 754 1479 gibus,
789 1410 919 1475 imo,
966 1417 1026 1462 ut
1074 1407 1294 1479 legitur,
1331 1423 1362 1462 a
1403 1406 1551 1478 Rege
1603 1408 1788 1477 utique
1836 1423 2021 1480 regum
2052 1421 2172 1462 om-

576 1502 749 1565 nium,
786 1509 894 1556 tam
952 1499 1247 1570 temporale
1294 1516 1455 1570 quam
1487 1508 1748 1555 aeternum
1799 1500 2034 1571 accipies
2070 1498 2170 1554 do-

576 1612 704 1650 num
740 1594 931 1666 (Eccli.
985 1609 1214 1657 xxxviii,
1246 1594 1399 1664 2-8);
1448 1593 1732 1663 disciplina
1764 1607 1980 1664 quoque
2031 1591 2174 1650 exal-

576 1688 716 1742 tabit
761 1695 925 1756 caput
976 1695 1156 1751 tuum,
1209 1693 1267 1738 et
1315 1683 1710 1740 collaudaberis
1758 1684 1812 1738 in
1878 1692 2172 1754 conspectu

578 1788 991 1850 magnatorum;
1045 1778 1110 1831 ad
1164 1776 1498 1848 agnitionem
1540 1775 1823 1831 hominum
1859 1775 2036 1844 virtus
2081 1785 2173 1831 tua

579 1869 706 1935 erit,
736 1868 1022 1924 scientiam
1055 1883 1272 1938 quoque
1319 1867 1413 1921 tibi
1460 1866 1773 1922 Altissimus
1815 1866 2070 1924 honorari
2116 1865 2173 1922 in

577 1962 917 2018 mirabilibus
952 1963 1065 2017 suis
1095 1962 1279 2028 dabit;
1303 1961 1359 2016 in
1391 1960 1475 2016 bis
1501 1977 1699 2016 curans
1728 1959 2004 2031 mitigabis
2022 1957 2176 2015 dolo-

579 2070 669 2109 res
693 2064 745 2110 et
771 2055 942 2110 facies
990 2054 1265 2125 pigmenta
1307 2052 1615 2118 suavitatis,
1653 2061 1710 2107 et
1733 2051 2016 2106 unctiones
2043 2065 2176 2107 con-

579 2146 732 2204 ficies
751 2149 1021 2216 sanitatis,
1051 2157 1108 2205 et
1134 2164 1242 2203 non
1270 2156 1715 2204 consummentur
1738 2161 1902 2217 opera
1938 2153 2052 2214 tua,
2078 2145 2177 2204 sed

577 2255 686 2313 pax
709 2240 803 2296 Dei
831 2257 1048 2311 semper
1077 2241 1184 2296 erit
1213 2254 1378 2312 super
1416 2239 1612 2295 faciem
1641 2248 1801 2294 terra:
1832 2246 1957 2294 tuae.

915 2331 1040 2387 TIT.
1082 2332 1148 2388 ν.
1186 2361 1258 2372 —
1299 2331 1374 2387 De
1405 2331 1833 2402 negotiatoribus.

653 2424 740 2479 l2.
779 2423 1096 2496 Negotiator
1120 2424 1214 2480 es?
1241 2423 1379 2477 Audi
1413 2438 1428 2476 :
1467 2421 1694 2492 Propter
1740 2421 1972 2492 inopiam
2021 2419 2176 2476 multi

585 2515 939 2586 deliquerunt,
967 2525 1017 2570 et
1063 2517 1153 2586 qui
1194 2513 1392 2587 quierit
1432 2512 1762 2585 locupletari,
1807 2522 1999 2568 avertet
2045 2530 2175 2568 ocu-

582 2604 692 2660 lum
721 2622 894 2660 suum.
929 2605 1075 2661 Sicut
1124 2607 1178 2661 in
1225 2605 1396 2660 medio
1431 2605 1754 2676 compaginis
1800 2604 2038 2675 lapidum
2073 2622 2174 2674 pa-

585 2696 668 2750 lus
694 2697 896 2767 ﬁgitur,
924 2699 1000 2753 sic
1031 2708 1078 2752 et
1109 2699 1247 2752 inter
1275 2699 1505 2752 medium
1530 2698 1843 2753 venditionis
1873 2708 1922 2753 et
1958 2699 2177 2770 emptio-

585 2787 665 2841 nis
683 2788 1072 2857 angustiabitur
1083 2799 1373 2860 peccatum.
1393 2789 1704 2844 Conteretur
1716 2807 1833 2844 cum
1849 2789 2176 2863 delinquente

585 2877 853 2933 delictum.
890 2877 1074 2936 Sinon
1115 2883 1172 2935 in
1195 2883 1379 2935 timore
1406 2881 1619 2937 Domini
1650 2882 1876 2936 tenueris
1905 2891 1953 2936 te
1978 2883 2179 2939 instate-

583 2978 684 3037 ter,
731 2973 834 3026 cito
882 2972 1212 3028 subvertetur
1255 2975 1442 3028 domus
1486 2983 1578 3027 tua
1625 2971 1818 3045 (Eccli.
1869 2989 2042 3037 xxvn,
2089 2973 2174 3048 l);

587 3059 877 3131 itemque:
933 3064 1104 3118 Avaro
1152 3063 1285 3118 nihil
1322 3074 1396 3118 est
1443 3062 1734 3119 scelestius.
1800 3063 1896 3119 Nil
1945 3066 2178 3139 iniquius

584 3167 744 3220 quam
772 3170 953 3208 amare
972 3156 1285 3223 pecuniam;
1318 3155 1402 3209 hic
1421 3156 1558 3210 enim
1588 3157 1821 3210 animant
1849 3174 2001 3212 suam
2029 3175 2185 3215 vena-

590 3242 692 3297 lem
732 3245 883 3300 habet
913 3244 1102 3317 (Eccli.
1132 3264 1190 3314 x,
1233 3247 1310 3319 9).
1364 3247 1626 3305 Dominus
1669 3257 1850 3305 autem
1904 3249 1958 3305 in
2005 3250 2186 3309 Evan-

590 3333 730 3403 gelio
763 3353 775 3388 :
805 3333 1115 3404 Intuemini,
1171 3339 1268 3404 ait,
1317 3349 1364 3394 et
1409 3350 1583 3396 cavete
1631 3343 1696 3396 ab
1729 3343 1872 3396 omni
1916 3344 2183 3411 avaritia;

586 3427 840 3495 quianon
884 3431 938 3484 in
975 3431 1304 3488 abundantia
1343 3433 1658 3505 cujusquam
1688 3435 1794 3489 vita
1842 3437 2067 3491 hominis
2109 3445 2185 3492 est

585 3535 742 3590 super
762 3532 952 3578 terram
979 3542 1044 3580 ex
1081 3527 1162 3581 his
1188 3545 1304 3599 qua:
1321 3528 1549 3598 possidet
1575 3525 1727 3601 (Luc.
1759 3545 1858 3594 xu,
1885 3528 1999 3599 15).
2028 3528 2181 3585 Item-

589 3624 694 3678 que
725 3615 813 3682 qui
844 3631 1006 3684 supra
1041 3635 1054 3670 :
1090 3617 1306 3684 Multos,
1363 3618 1571 3687 inquit,
1617 3619 1844 3688 perdidit
1888 3636 2080 3674 aurum
2111 3631 2188 3675 at-

587 3720 684 3772 que
721 3716 994 3772 argentum
1044 3707 1236 3778 (Eccli.
1278 3725 1399 3773 vni,
1427 3709 1541 3778 5);
1585 3717 1640 3763 et
1673 3727 1686 3763 :
1745 3708 1867 3764 Viro
1913 3711 2104 3778 cupido
2137 3724 2185 3768 et

587 3805 754 3850 tenacr
777 3798 888 3851 sine
909 3799 1111 3852 ratione
1131 3808 1205 3853 est
1229 3800 1546 3865 substantia,
1571 3811 1617 3854 et
1637 3801 1725 3871 qui
1742 3811 1947 3855 acervat
1969 3801 2181 3871 injuste,

589 3887 710 3942 aliis
739 3900 1037 3960 congregat,
1075 3899 1123 3944 et
1169 3891 1224 3944 in
1271 3891 1416 3946 bonis
1444 3891 1588 3946 illius
1640 3892 1778 3946 alius
1817 3893 2179 3947 luxuriabitur

589 3982 783 4053 (Eccli.
832 3999 956 4049 xw,
1008 3983 1084 4054 5);
1120 3999 1493 4055 rursumque:
1540 3985 1780 4056 Difﬁcile,
1827 3986 1922 4050 ait,
1965 3987 2179 4042 exuitur

591 4076 885 4144 negotiator
905 4093 937 4129 a
972 4075 1308 4147 negligentia,
1337 4087 1385 4132 et
1414 4094 1518 4132 non
1536 4077 1932 4149 justiﬁcabitur
1952 4096 2120 4150 caupo
2151 4100 2185 4136 a

589 4167 816 4236 peccatis
839 4165 1100 4221 labiorum
1133 4166 1324 4240 (Eccli.
1360 4185 1508 4235 xxvi,
1535 4170 1650 4240 28).
1682 4169 1778 4224 His
1810 4170 1992 4240 itaque
2021 4172 2101 4227 sic
2126 4188 2185 4229 se

592 4257 958 4326 habentibus,
1009 4261 1302 4332 perpende,
1348 4276 1564 4330 quaso,
1607 4278 1768 4334 quam
1821 4263 2184 4332 periculosum

593 4350 789 4405 animae
819 4359 923 4406 tuae
955 4354 1179 4410 sortitus
1209 4355 1284 4410 sis
1310 4353 1579 4420 ofﬁcium;
1632 4363 1688 4411 et
1715 4355 1855 4410 scito
1902 4364 1976 4420 te,
2021 4356 2183 4428 paulo

593 4441 721 4496 licet
761 4445 1163 4512 excusabilius,
1207 4461 1329 4501 cum
1384 4447 1726 4516 praedonibus
1769 4448 2028 4517 appellari
2077 4464 2181 4519 pur

595 4534 894 4593 blicanum.
941 4537 1086 4592 Vitio
1134 4541 1279 4594 enim
1328 4548 1381 4594 te
1427 4541 1736 4606 deservire,
1787 4555 1888 4595 nec
1925 4543 2178 4606 modico,

571 4617 648 4686 ‘id
677 4640 946 4687 monstrat
974 4633 1319 4701 vocabulum,
1346 4649 1454 4704 quo
1481 4644 1530 4689 te
1552 4650 1582 4688 a
1611 4633 1793 4690 multis
1814 4635 1996 4690 vocari
2028 4635 2182 4690 audis

595 4726 1001 4796 cupidenarium
1049 4727 1184 4800 (55).
1227 4727 1398 4783 Radix
1443 4730 1581 4783 enim
1623 4732 1856 4784 omnium
1900 4729 2181 4796 malorum,

594 4817 852 4890 Apostolo
881 4829 1038 4887 teste,
1070 4822 1330 4888 cupiditas
1361 4822 1410 4892 (Ι
1447 4821 1584 4876 Tim.
1623 4840 1700 4889 vt,
1733 4825 1842 4894 10).

666 4913 752 4967 15.
793 4913 1048 4968 Attamen
1107 4929 1172 4967 nc
1214 4915 1515 4985 desperes,
1569 4916 1695 4986 quia
1750 4915 2012 4985 scriptum
2060 4924 2183 4971 est:

593 5004 897 5061 Benedictio
946 5007 1162 5062 Domini
1211 5026 1368 5079 supra
1425 5018 1578 5080 caput
1624 5009 1950 5062 vendentium
2003 5007 2186 5080 (Prov.

594 5114 657 5163 ιι,
690 5099 804 5171 26);
855 5103 950 5155 sed
1003 5101 1287 5156 considera
1339 5117 1592 5171 quorum.
1650 5099 1758 5156 Fac
1806 5102 2017 5169 itaque,
2058 5099 2186 5154 dum

597 5191 775 5247 adhuc
816 5193 932 5248 dies
977 5203 1078 5260 est,
1134 5193 1276 5263 quod
1329 5192 1434 5264 23
1486 5192 1580 5246 tibi
1625 5205 1892 5262 suggero:
1925 5189 2190 5246 Fenerarc

676 5365 782 5388 [τρὶ
849 5366 870 5388 1

1484 5368 1584 5388 3---“
1648 5365 1847 5388 ’ττι-κη...-
1882 5365 1992 5388 ιη..
2018 5381 2120 5388 --.ιη
2155 5381 2177 5388 -

2202 1675 2250 1736 Β

2206 3038 2251 3102 C

2207 4409 2260 4470 D

2268 398 2631 464 sericordiam,
2679 401 2769 470 qui
2803 399 3069 469 feneratur
3101 399 3374 469 proximo,
3403 407 3452 452 et
3487 398 3577 468 qui
3605 396 3863 468 praevalet

2267 508 2450 558 manu,
2499 492 2754 547 mandata
2796 500 2964 546 servat
3006 489 3207 563 (Eccli.
3255 506 3352 554 xx,
3377 489 3456 560 2).
3496 488 3641 545 Voca
3691 487 3864 562 igitur

2267 583 2545 640 Christum
2571 584 2638 638 ad
2665 584 2881 640 domum
2919 592 3090 649 tuam,
3123 598 3364 654 praepara
3383 583 3435 639 ei
3463 583 3776 638 convivium
3806 590 3866 638 et

2269 689 2504 741 cmnam,
2551 678 2715 748 pedes
2747 675 2886 740 lava,
2937 674 3194 746 lacrymis
3244 675 3379 746 riga,
3427 673 3639 743 capillis
3683 682 3866 745 terge,

2269 783 2433 840 pasce
2464 783 2608 832 eum,
2638 768 2798 832 vesti,
2857 764 3085 831 calefac,
3131 775 3286 836 pota,
3339 765 3572 835 hospitio
3617 765 3866 834 suscipe,

2271 877 2378 916 non
2411 859 2794 931 dedignabitur
2843 859 2912 914 ad
2942 859 3160 915 domum
3209 866 3354 912 tuam
3399 857 3702 922 divertere;
3751 855 3868 911 imo

2271 952 2553 1008 frontuose
2612 950 2807 1018 ingerit
2839 963 2929 1012 se;
2989 948 3106 1019 ipse
3141 947 3378 1018 quotidie
3429 955 3491 1002 ut
3531 945 3869 1016 suscipiatur

2272 1052 2446 1116 rogat,
2500 1058 2622 1098 cum
2675 1051 2730 1096 tu
2766 1040 2995 1098 deberes
3045 1055 3272 1112 cogere;
3329 1039 3564 1096 consulit
3606 1054 3716 1094 non
3752 1053 3870 1094 sua:

2274 1135 2611 1205 indigentia,
2641 1134 2736 1190 sed
2768 1141 2872 1188 tute
2899 1132 3145 1188 avaritiae
3177 1150 3192 1186 :
3245 1141 3357 1188 tum
3406 1132 3623 1187 demum
3668 1131 3739 1186 ad
3771 1131 3870 1187 do-

2275 1244 2420 1284 mum
2452 1229 2568 1298 ejus
2595 1241 2844 1298 propera,
2877 1225 3169 1295 discipulos
3203 1225 3320 1295 ejus
3345 1224 3641 1295 alloquere,
3669 1238 3868 1278 mune-

2273 1335 2358 1387 ra,
2408 1321 2722 1390 deprecare,
2755 1329 2816 1374 ut
2845 1318 2941 1374 tibi
2985 1317 3231 1384 veniam,
3287 1318 3380 1374 tibi
3413 1316 3724 1383 consilium,
3770 1315 3871 1371 tibi

2275 1411 2660 1484 indulgentiam
2693 1420 2750 1467 et
2799 1410 2899 1482 ipsi
2937 1409 3233 1482 praibeant,
3258 1418 3314 1466 et
3336 1424 3367 1463 a
3407 1409 3518 1465 Deo
3542 1414 3870 1478 exposcam.

2276 1506 2559 1578 Perpende
2602 1507 2730 1563 dum
2788 1505 2934 1561 domi
2995 1504 3250 1576 congeris
3285 1502 3494 1559 lucrum
3523 1544 3538 1569 ,
3597 1510 3871 1572 quantum

2277 1601 2476 1657 animm
2504 1614 2792 1672 comparas
2827 1597 3234 1655 detrimentum.
3263 1595 3406 1662 Quid
3435 1594 3603 1659 enim,
3637 1594 3718 1648 ait
3762 1590 3876 1648 Do-

2279 1693 2480 1758 minus,
2508 1690 2719 1762 prodest
2747 1689 2968 1756 homini,
3002 1688 3048 1743 si
3089 1688 3386 1743 universum
3415 1684 3674 1741 mundum
3695 1682 3875 1738 lucre-

2277 1795 2385 1851 tur,
2409 1785 2602 1838 animoe
2629 1799 2750 1838 vero
2777 1797 2888 1837 sua:
2931 1781 3302 1836 detrimentum
3327 1777 3564 1848 patiatur
3593 1775 3618 1830 ει
3644 1773 3869 1847 (Matth.

2277 1891 2390 1942 xvr,
2415 1873 2532 1944 26.)
2566 1874 2633 1930 Ει
2673 1871 2966 1945 Apostolus
2997 1888 3014 1923 :
3043 1869 3298 1934 Mundus,
3340 1866 3536 1938 inquit,
3567 1863 3786 1930 transit,
3819 1871 3874 1920 et

2277 1969 2698 2040 concupiscentia
2718 1968 2835 2038 ejus
2863 1965 2918 2039 (Ι
2941 1964 3104 2021 Joan.
3132 1979 3194 2031 ll,
3225 1963 3337 2036 i7).
3386 1959 3591 2017 Verere
3616 1973 3776 2031 ergo,
3800 1972 3876 2014 ne

2277 2061 2406 2118 dum
2438 2059 2818 2118 insatiabiliter
2854 2058 3032 2114 inhias
3063 2054 3418 2122 transitoriis,
3437 2053 3673 2124 priveris
3715 2065 3876 2107 man-

2277 2152 2440 2210 suris.
2483 2151 2614 2208 Esto
2657 2150 2840 2223 potius
2868 2147 2965 2204 tibi
3015 2148 3190 2204 bonus
3239 2144 3523 2210 medicus;
3553 2141 3623 2198 de
3664 2141 3877 2197 instru-

2276 2252 2465 2302 mento
2500 2241 2744 2298 avaritiae
2783 2238 3083 2297 subsidium
3129 2235 3319 2294 confer
3371 2234 3608 2299 animae;
3655 2229 3872 2296 Facite,

2277 2336 2457 2408 inquit
2479 2335 2762 2399 Dominus,
2793 2333 2991 2388 amicos
3019 2329 3158 2386 vobis
3187 2329 3254 2384 de
3280 2343 3585 2384 mammona
3614 2322 3876 2396 iniquita-

2277 2429 2345 2484 tis
2369 2426 2523 2502 (Luc.
2556 2441 2668 2492 xw,
2703 2424 2781 2497 9).
2821 2423 2933 2480 Nec
2977 2423 3082 2479 hoc
3107 2421 3296 2478 dicens
3328 2419 3580 2476 hortatur
3609 2416 3680 2472 ad
3725 2411 3878 2470 frau-

2278 2523 2426 2587 dem,
2448 2521 2545 2578 sed
2567 2529 2854 2592 postquam
2877 2516 3124 2573 fraudem
3155 2513 3355 2581 fecisti,
3379 2512 3575 2568 invitat
3601 2509 3674 2566 ad
3691 2522 3878 2565 emen-

2279 2613 2576 2670 dationem.
2601 2610 2766 2667 Verbi
2795 2608 2992 2682 gratia,
3027 2605 3261 2663 debuisti
3299 2603 3520 2676 quidem
3545 2599 3624 2657 nil
3654 2611 3875 2670 rapere,

2277 2705 2353 2761 nil
2379 2705 2523 2760 malo
2551 2702 2768 2774 ingenio
2793 2713 3146 2772 congregare,
3172 2695 3445 2752 neminem
3471 2692 3528 2753 in
3568 2691 3758 2764 aliquo
3782 2706 3880 2748 ne-

2279 2796 2427 2869 gotio
2473 2792 2892 2857 circumvenire,
2935 2797 3157 2854 certus,
3205 2787 3534 2859 praedicente
3577 2792 3636 2840 et
3686 2782 3881 2839 testiﬁ-

2279 2896 2439 2944 cante
2463 2884 2745 2958 Apostolo,
2797 2882 3066 2940 vindicem
3094 2893 3261 2952 super
3288 2879 3395 2936 hoc
3438 2875 3880 2948 omnipotentem

2281 2981 2571 3037 Dominum
2601 2990 2720 3034 esse
2747 2974 2802 3035 ll
2827 2974 3008 3031 Thess.
3037 2989 3112 3042 tv,
3136 2971 3216 3042 6),
3268 2971 3378 3029 diei
3410 2971 3557 3027 victu
3579 2977 3882 3025 contentus

2284 3087 2529 3138 manere,
2566 3087 2598 3128 a
2633 3071 2744 3127 Deo
2763 3069 2946 3126 omnia
2973 3081 3218 3138 sperare,
3247 3065 3340 3138 qui
3374 3064 3490 3136 ipsa
3520 3076 3743 3134 quoque
3778 3073 3880 3116 vo-

2283 3164 2453 3221 latilia
2481 3162 2656 3236 pascit
2678 3159 2923 3232 quotidie
2944 3158 3160 3231 (Matth.
3186 3172 3265 3225 vr,
3287 3155 3413 3228 26);
3461 3155 3607 3228 quod
3637 3154 3764 3227 ipse
3787 3157 3884 3212 de-

2285 3256 2476 3324 disset,
2505 3271 2630 3312 cum
2679 3253 2980 3326 gratiarum
3026 3250 3243 3307 actione
3291 3257 3348 3305 et
3375 3247 3494 3319 ipso
3544 3261 3792 3314 sumere,
3825 3254 3885 3303 et

2285 3350 2405 3406 aliis
2433 3349 2765 3421 participare
2798 3365 2811 3402 :
2843 3347 2988 3419 quod
3015 3345 3147 3401 dare
3177 3342 3463 3410 noluisset,
3508 3355 3614 3399 nec
3651 3354 3880 3414 cupere,

2284 3443 2378 3498 sed
2401 3443 2572 3514 ipsius
2593 3440 2862 3512 justitiam
2891 3436 3218 3510 glorificare.

2358 3536 2447 3590 14.
2492 3535 2596 3591 Sed
2629 3548 2798 3605 quare
2828 3533 2945 3587 haec
2977 3539 3354 3603 transgressus
3394 3528 3626 3601 rapuisti
3665 3527 3882 3584 violen-

2286 3636 2388 3691 ter,
2418 3625 2759 3697 congregasti
2783 3621 3183 3689 fraudulenter,
3207 3637 3428 3678 usuram
3449 3630 3506 3677 et
3535 3623 3884 3690 superabun-

2287 3719 2523 3773 dantiam
2571 3716 2788 3781 amasti,
2845 3714 3063 3787 ingenio
3118 3723 3210 3771 tuo
3253 3721 3306 3770 te
3354 3712 3711 3778 concessisti,
3765 3713 3882 3768 Deo

2285 3820 2480 3869 cuncta
2530 3811 2656 3866 licet
2703 3809 2924 3878 indigno
2974 3807 3122 3863 danti
3157 3808 3402 3880 ingratus
3451 3804 3736 3869 exstitisti,
3788 3803 3882 3859 alii

2286 3906 2582 3961 secundum
2635 3900 2847 3958 Domini
2896 3907 3227 3970 praeceptum
3273 3913 3381 3954 non
3413 3895 3877 3961 communicasti;

2285 3996 2430 4068 quod
2483 3995 2616 4050 dare
2664 3993 2743 4050 illi
2797 4007 2906 4048 non
2957 3991 3202 4062 placuit,
3257 4003 3400 4060 saepe
3441 3987 3726 4060 quaesisti,
3778 4002 3881 4042 nec

2286 4091 2515 4161 adeptus
2565 4085 2844 4142 multoties
2894 4080 3300 4139 murmurasti?
3332 4078 3463 4136 Post
3509 4079 3628 4134 haec
3670 4079 3880 4146 omnia,

2285 4200 2407 4256 quae
2459 4182 2682 4238 minime
2725 4180 3028 4236 debuerant
3081 4176 3436 4248 contingere,
3497 4188 3608 4228 non
3701 4171 3882 4226 adhuc

2288 4291 2343 4335 te
2369 4278 2484 4334 vult
2505 4277 2753 4350 perdere.
2782 4275 3048 4330 Monstrat
3075 4271 3173 4326 tibi
3203 4269 3421 4326 divitias
3449 4265 3718 4323 bonitatis
3742 4281 3880 4331 suae,

2287 4368 2436 4426 etde
2473 4369 2590 4438 ipso
2618 4362 3106 4422 veneno.avaritia3
3147 4361 3452 4416 antidotum
3503 4357 3603 4414 tibi
3656 4355 3884 4412 conficit

2286 4460 2652 4532 indulgentiae,
2701 4466 2758 4512 ut
2795 4457 2922 4510 dum
2967 4453 3284 4523 defeceritis,
3316 4451 3590 4521 inquiens,
3623 4448 3882 4519 recipiant

2284 4572 2372 4610 vos
2402 4555 2458 4609 in
2505 4561 2702 4608 (eterna
2749 4546 3089 4604 tabernacula
3119 4545 3275 4618 (Luc.
3321 4561 3431 4602 xvi.
3479 4543 3556 4612 7).
3589 4543 3702 4598 illis
3750 4555 3883 4612 ergo

2286 4645 2428 4702 male
2451 4642 2759 4714 quaesitum,
2789 4638 2943 4711 pejus
2971 4638 3274 4702 inventum,
3314 4640 3550 4707 pessime
3580 4647 3886 4703 congrega-

2289 4751 2400 4797 tum
2434 4754 2620 4809 eroga,
2648 4737 2740 4809 qui
2767 4751 2891 4791 cum
2917 4732 3181 4789 defecerit
3199 4733 3328 4794 vita,
3362 4731 3457 4786 tibi
3488 4730 3541 4784 in
3571 4728 3730 4784 cmlis
3760 4728 3884 4782 red-

2289 4833 2417 4888 dere
2450 4831 2673 4895 tributa,
2723 4839 3076 4896 compensare
3123 4822 3344 4888 collata,
3391 4821 3724 4884 coadunare,
3774 4818 3884 4874 imo

2292 4922 2663 4992 centuplicare
2689 4917 2908 4973 valeant
2937 4916 3204 4986 dispersa.
3249 4911 3490 4970 Observa
3541 4921 3747 4973 tamen,
3799 4916 3882 4973 ut,

2291 5016 2336 5072 si
2363 5016 2478 5070 fieri
2504 5019 2701 5084 potest,
2719 5011 2773 5066 id
2794 5018 2899 5075 est,
2915 5009 2959 5065 si
2982 5014 3279 5080 praesentes
3305 5012 3432 5060 sunt
3456 5003 3654 5073 quibus
3677 5000 3885 5070 aliquid

2294 5105 2486 5170 tulisti,
2511 5113 2566 5160 et
2589 5103 2744 5174 copia
2780 5100 2946 5165 favet,
2980 5097 3232 5172 primitus
3254 5095 3550 5152 secundum
3591 5091 3883 5149 Zatbaium

2292 5197 2482 5271 (Ibid.,
2517 5194 2626 5268 i9),
2660 5193 2762 5250 etsi
2792 5207 2899 5248 non
2949 5190 3118 5257 vales,
3171 5196 3266 5244 aut
3292 5186 3442 5243 voles
3492 5185 3879 5256 quadruplum,

2405 5379 2417 5388 .
2475 5369 2539 5388 η-
2603 5369 2882 5388 .--.ε----..-
2940 5366 3325 5388 -_.__.°J-.-_-.:-....
3380 5361 3646 5388 ι’)..ιὶυι-ζζζ

3700 5377 3882 5388 Annal-n-
