4038 5388
170 330 268 394 {Si

1131 344 1706 422 pqumouuu
1743 353 1924 412 LIBRI
1959 334 2225 413 sum;
2261 354 2392 413 LIB.
2431 355 2479 412 ι.

3353 352 3458 415 162

171 453 366 512 saltem
399 453 664 513 restituas
701 453 976 531 simplum.
1008 458 1279 521 Memento
1303 469 1469 525 etiam
1498 479 1630 542 quot
1649 487 1775 543 per-
1800 479 1851 536 Α
1877 471 1991 527 rius
2017 471 2266 543 judicare
2293 479 2536 544 peccato,
2567 471 2660 544 qui
2683 489 2788 530 non
2818 473 2984 530 habet
3012 475 3154 532 unde
3184 474 3460 544 judicetur

168 547 311 620 juria
345 549 404 604 in
441 550 559 621 ipsa
591 553 885 621 taxatione,
932 564 1067 626 quot
1090 560 1374 617 mendacia
1405 562 1460 618 in
1503 564 1622 636 ipsa
1652 581 1775 636 pro-

177 641 372 698 tuleris
398 643 696 711 auctione;
745 655 801 702 et
833 647 930 703 tibi
973 664 1141 721 super
1186 651 1275 708 his
1316 654 1558 722 consule,
1591 657 1773 714 sciens

174 734 533 792 veracissime
565 745 779 808 patrem
804 739 1072 797 mendacii
1107 741 1380 800 diabolum
1415 761 1535 803 esse
1584 747 1768 819 (Joan.

173 825 434 896 V111,“),
483 827 604 897 ipso
648 827 876 886 Domino
922 840 1176 900 testante,
1219 835 1309 906 qui
1359 845 1415 892 et
1462 853 1560 907 per
1600 839 1771 909 legem

175 919 528 989 cognoscitur
550 919 816 978 clamasse
840 940 854 978 :
885 921 1010 978 Non
1035 925 1333 996 perjurabis
1348 928 1406 983 in
1429 930 1637 984 nomine
1655 929 1770 985 Do-

175 1009 305 1062 mini
332 1009 434 1064 Dei
461 1010 774 1084 tui-(Leuit.
823 1029 940 1081 xix,
970 1013 1094 1086 l2);
1129 1026 1184 1071 et
1231 1032 1330 1088 per
1372 1020 1722 1090 semetipsum
1752 1038 1766 1076 :

131 1153 141 1168 ρ
176 1100 289 1174 Ego
323 1114 505 1159 autem
530 1105 651 1160 dico
676 1108 816 1162 vobis
841 1125 947 1163 non
961 1108 1152 1179 jurare
1179 1109 1290 1183 24
1309 1113 1521 1167 omnino
1549 1113 1764 1185 (Matth.

173 1207 226 1260 ν,
254 1193 396 1265 5-1);
451 1197 598 1252 unde
636 1205 692 1253 et
733 1198 877 1255 idem
924 1201 1142 1270 sapiens
1183 1202 1275 1270 qui
1302 1217 1508 1273 supra:
1554 1201 1766 1272 Potius,

174 1288 368 1358 inquit,
405 1303 499 1359 [ur
525 1307 688 1362 quam
719 1292 1004 1346 assiduitas
1033 1293 1130 1346 uiri
1175 1294 1442 1348 mendacis
1465 1312 1485 1362 ;
1516 1297 1769 1366 perditio-

173 1397 287 1436 nem
333 1392 515 1436 tamen
567 1384 772 1456 utrique
808 1385 1192 1440 hazreditabunt
1247 1383 1439 1457 (Eccli.
1487 1403 1580 1454 xx,
1637 1389 1764 1459 l7);

177 1473 415 1545 itemque
449 1492 462 1528 :
490 1475 766 1531 Jurationi
810 1493 914 1532 non
961 1494 1236 1533 assuescas
1267 1495 1324 1533 os
1355 1488 1546 1547 tuum;
1571 1481 1768 1536 multus

172 1577 246 1622 est
274 1569 414 1623 enim
439 1586 598 1623 casus
629 1570 685 1624 in
728 1570 844 1624 illa.
895 1569 1204 1626 Nominatio
1256 1588 1373 1627 vero
1420 1572 1514 1628 Dei
1555 1591 1658 1630 non
1699 1574 1767 1630 sit

174 1661 393 1714 assidua
423 1662 482 1715 in
504 1677 597 1716 ore
627 1671 740 1727 tuo,
777 1674 824 1717 et
853 1664 1152 1719 nominibus
1177 1674 1485 1720 sanctorum
1507 1682 1610 1720 non
1625 1683 1768 1721 com-

172 1752 467 1816 miscearis,
501 1756 752 1825 quoniam
785 1771 890 1809 non
916 1757 1020 1811 eris
1065 1757 1313 1812 immunis
1343 1758 1408 1812 ab
1447 1759 1522 1813 eis
1571 1757 1764 1831 (Eccli.

1875 577 1943 619 ex
1969 580 2087 620 suo.
2112 565 2249 620 Audi
2267 566 2499 636 denique
2523 567 2698 638 ipsum
2725 586 2738 622 :
2765 567 2814 621 Ν
2823 569 2967 634 olite,
2989 570 3183 640 inquit,
3191 569 3460 639 judicare,

1873 667 1922 712 et
1953 675 2056 713 non
2081 659 2459 730 judicabimini
2483 673 2503 712 :
2535 660 2694 715 nolite
2725 663 3090 729 condemnare,
3130 675 3177 718 et
3205 681 3309 719 non
3338 683 3462 720 con-

1874 750 2250 806 demnabimini
2280 749 2498 823 (Matth.
2528 767 2627 819 vu,
2659 754 2735 824 1).
2787 753 2927 810 Audi
2956 765 3008 810 ct
3034 755 3222 822 alium,
3253 757 3349 812 sed
3382 765 3465 810 ta-

1877 859 2000 900 men
2033 844 2103 900 ab
2148 845 2317 915 ipsius
2347 846 2538 916 spiritu
2591 847 2848 921 doctum:
2895 848 3046 914 Noli,
3094 850 3189 914 ait,
3231 867 3465 921 querere

1873 935 2194 1008 ﬁerijudex,
2221 937 2326 991 nisi
2358 936 2492 1006 forte
2530 920 2703 993 valetis
2743 940 2989 994 virtutem
3037 920 3327 1010 irrumpere
3357 940 3465 993 ini-

1875 1029 2115 1099 quitatis,
2143 1045 2208 1084 ne
2235 1029 2372 1100 forte
2399 1031 2711 1085 extimescas
2740 1030 2928 1100 facient
2954 1033 3201 1102 potentis,
3226 1043 3274 1086 et
3300 1048 3466 1102 ponas

1873 1121 2188 1176 scandalum
2216 1122 2270 1177 in
2302 1123 2549 1193 (equitate
2578 1133 2671 1178 tua
2699 1121 2892 1195 (Eccli.
2915 1137 3012 1190 vn,
3043 1123 3122 1193 6).
3159 1122 3230 1178 At
3260 1134 3340 1190 tu,
3368 1123 3464 1189 ita,

1872 1211 2081 1284 inquis,
2111 1214 2227 1269 haec
2279 1221 2368 1269 tua
2412 1215 2666 1270 videntur
2685 1215 2850 1269 verba
2882 1227 3099 1280 sonare,
3137 1214 3291 1284 quasi
3327 1213 3468 1269 Deus

1866 1304 2079 1374 judices
2113 1305 2333 1361 omnino
2355 1305 2493 1361 nolit
2521 1320 2662 1362 esse.
2708 1304 2810 1360 Ubi
2841 1320 2972 1376 ergo
3016 1305 3148 1361 lex?
3193 1305 3295 1361 Ubi
3342 1304 3468 1360 fas?

1874 1395 1977 1452 Ubi
2008 1397 2121 1466 ipsa
2149 1397 2292 1452 inter
2315 1398 2512 1454 bonum
2542 1397 2851 1468 malumque
2877 1397 3176 1453 discretio?
3207 1396 3468 1452 Omnibus

1872 1487 2056 1544 licebit
2098 1488 2355 1560 quaelibet
2382 1491 2602 1560 impune
2630 1505 2791 1562 agere
2821 1509 2834 1544 :
2864 1488 3066 1545 furtum
3097 1504 3252 1559 mque
3283 1488 3474 1544 lauda-

1870 1577 2040 1644 bitur,
2074 1587 2134 1633 ut
2159 1581 2344 1634 datum
2378 1599 2390 1634 :
2420 1580 2552 1635 vitia
2595 1596 2717 1636 cum
2766 1580 3055 1636 virtutibus
3101 1580 3220 1651 pari
3266 1595 3468 1635 corona

1871 1671 2202 1739 gaudebunt.
2233 1670 2367 1739 Quis
2392 1672 2535 1728 inter
2563 1671 2762 1729 fratres
2800 1669 3170 1728 haaredi'tatem
3219 1672 3470 1727 dividet?

1871 1759 2004 1826 Quis
2047 1761 2266 1816 viduam
2320 1778 2352 1818 a
2404 1762 2822 1830 calumniatore,
2864 1763 3127 1834 virginem
3175 1779 3206 1818 a
3251 1773 3470 1833 raptore

171 1864 327 1914 xxm,
359 1848 437 1919 9).
477 1849 620 1904 Alibi
652 1864 868 1921 quoque
901 1869 914 1904 :
962 1849 1217 1922 Loquela,
1270 1851 1371 1917 ait,
1422 1851 1648 1908 multum
1676 1853 1766 1924 ju-
1797 1855 1846 1917 B
1873 1835 2128 1907 defen'det
2151 1853 2174 1906 ?
2200 1851 2331 1920 Quis
2359 1853 2572 1924 inopem
2601 1855 2882 1912 tuebitur?
2919 1854 3061 1922 Non,
3091 1855 3267 1925 inquit
3306 1855 3468 1921 Deus,

170 1957 316 2007 unus,
362 1940 824 2012 horripilationem
853 1943 1016 2013 capiti
1046 1952 1237 1998 statuet
1262 1943 1455 2016 (Eccli.
1481 1960 1615 2011 xvn,
1647 1945 1762 2019 25).

174 2033 527 2107 Horripilatio
553 2051 708 2103 vero,
739 2037 792 2092 id
840 2048 926 2093 est
951 2038 1147 2093 horror
1177 2038 1433 2110 pilorum,
1465 2041 1557 2110 qui
1581 2057 1645 2097 ex
1677 2057 1768 2096 su-

170 2128 280 2184 bito
307 2144 536 2198 pavore,
564 2127 652 2184 vel
677 2128 846 2184 nimio
873 2130 1069 2186 rubore
1096 2131 1234 2186 solet
1263 2132 1660 2204 contingere,si
1688 2132 1768 2188 vis

172 2236 333 2278 nosse
397 2222 488 2276 ubi
549 2223 867 2293 contingat,
938 2222 1172 2279 maxime
1223 2223 1350 2278 audi
1391 2223 1763 2294 Apostolum:

171 2311 513 2369 Horrendum
536 2324 635 2380 est,
663 2316 856 2384 inquit,
884 2316 1112 2370 incidere
1139 2315 1194 2371 in
1238 2332 1428 2370 manus
1476 2317 1572 2371 Dei
1601 2317 1768 2372 viven-

172 2405 235 2458 tis
261 2403 454 2477 (Hebr.
490 2421 548 2472 x,
600 2405 714 2478 3i).
747 2407 814 2461 Et
853 2405 956 2463 Job
1003 2408 1070 2462 de
1101 2407 1236 2464 locis
1272 2409 1618 2480 poenalibus:
1669 2408 1768 2465 Ubi

170 2494 366 2560 nullus,
388 2496 491 2561 ait,
541 2498 696 2562 ordo,
736 2498 827 2552 sed
883 2500 1230 2569 sempiternus
1278 2500 1469 2554 horror
1508 2501 1767 2556 inhabitat

169 2588 289 2649 (Job
342 2606 398 2656 x,
427 2590 545 2660 51).
579 2590 688 2647 Sed
719 2607 790 2648 ne
828 2591 1054 2648 forsitan
1105 2593 1284 2650 minus
1317 2602 1502 2650 nostra
1534 2595 1772 2651 auctori-

167 2691 297 2747 tate,
327 2700 454 2753 qua:
473 2684 619 2739 nulla
635 2695 742 2750 est,
769 2686 984 2750 ductus,
1013 2688 1299 2743 consilium
1327 2705 1357 2743 a
1389 2688 1546 2744 nobis
1576 2704 1771 2759 capere

164 2775 330 2840 nolis,
367 2777 492 2830 audi
523 2779 774 2846 quaedam
803 2780 968 2834 verba
1000 2780 1172 2850 ipsius
1198 2778 1436 2850 Spiritus
1478 2781 1680 2846 sancti,
1712 2789 1770 2835 ut

163 2876 217 2922 et
244 2864 522 2922 habentur
549 2867 603 2921 in
644 2868 1014 2940 agiographis,
1052 2879 1154 2925 tute
1184 2870 1344 2925 saluti
1389 2872 1765 2942 congruentia.

164 2956 229 3012 In
254 2968 392 3022 tota,
424 2958 620 3028 inquit,
649 2960 830 3013 anima
872 2970 964 3013 tua
993 2961 1116 3015 time
1159 2960 1344 3028 Deum,
1393 2971 1441 3016 et
1475 2963 1767 3018 sacerdotes

164 3049 308 3104 illius
334 3049 633 3118 sancti/ica.
670 3049 737 3104 In
768 3051 909 3104 omni
935 3051 1125 3107 virtute
1147 3062 1238 3106 tua
1286 3053 1448 3124 dilige
1490 3071 1632 3120 eum,
1678 3056 1768 3127 qui

163 3152 209 3199 te
237 3143 393 3214 fecit,
425 3154 472 3197 et
501 3143 772 3198 ministros
821 3145 964 3200 illius
1019 3162 1123 3200 non
1155 3144 1507 3219 derelinquas.
1544 3146 1766 3202 Honora

1868 1943 1974 2014 25
2001 1943 2264 2014 prohibeo
2292 1945 2342 2000 in
2372 1947 2626 2016 prmsenti
2657 1946 2854 2002 sacculo
2880 1946 3094 2017 aliquod
3130 1945 3273 2000 inter
3302 1945 3474 2000 homi-

1867 2050 1964 2090 nes
1984 2049 2105 2090 esse
2125 2034 2424 2103 judicium;
2461 2039 2556 2094 sed
2587 2039 2824 2108 prtedico
2845 2038 3165 2108 periculum,
3191 2045 3250 2091 ut
3276 2052 3470 2092 caveas

1867 2138 2172 2197 peccatum.
2211 2127 2367 2195 Quod
2392 2130 2536 2184 enim
2569 2128 2937 2199 periculosum
2963 2139 3047 2185 est
3077 2129 3190 2196 uni,
3233 2144 3341 2184 non
3381 2129 3471 2185 dc-

1866 2219 1960 2273 bet
1984 2218 2184 2288 passim
2218 2235 2247 2273 a
2277 2218 2464 2274 multis
2489 2220 2705 2275 ambiri.

1943 2307 2029 2362 l7.
2066 2308 2306 2379 Denique
2338 2311 2714 2378 considerans,
2745 2312 2835 2366 vix
2864 2327 3102 2382 unquam
3135 2311 3284 2382 potui
3307 2309 3459 2381 judi-

1870 2412 1987 2454 cem
2019 2415 2245 2456 cernere
2282 2402 2397 2458 sine
2431 2403 2712 2472 cupiditia.
2763 2404 2831 2458 Et
2877 2413 3027 2460 certe
3079 2406 3194 2475 ipsa
3243 2420 3351 2460 non
3383 2403 3464 2458 di-

1869 2494 2080 2548 scernit
2099 2491 2272 2563 justa,
2296 2495 2406 2550 imo
2427 2495 2666 2551 obcaacat
2699 2495 2942 2565 judicum
2966 2496 3151 2552 corda.
3178 2495 3310 2550 Volo
3334 2509 3463 2566 ergo

1879 2599 2002 2640 esse
2025 2586 2261 2657 judices,
2303 2603 2410 2644 non
2438 2588 2755 2659 praedones;
2789 2589 2909 2644 volo
2941 2588 3154 2658 judices
3179 2628 3194 2654 ,
3240 2603 3344 2643 non
3378 2604 3466 2642 ra-

1869 2689 2089 2750 ptores;
2125 2680 2246 2737 volo
2270 2681 2504 2752 judiccs,
2538 2697 2645 2736 non
2685 2681 3139 2747 calumniatores;
3167 2681 3290 2736 volo
3315 2679 3466 2750 judi-

1870 2784 1980 2834 ces,
2037 2771 2129 2825 sed
2183 2787 2435 2828 veraces:
2494 2775 2620 2828 volo
2661 2772 2912 2842 judices,
2965 2773 3058 2829 sed
3107 2789 3214 2828 non
3260 2771 3466 2826 divitiis

1871 2859 2162 2918 inhiantes.
2181 2862 2392 2918 Etenim
2414 2864 2635 2934 quidam
2657 2865 2890 2920 amicum
2914 2881 3069 2920 suum
3093 2866 3159 2919 de
3183 2864 3465 2935 partiendo

1869 2968 2036 3009 onere
2091 2958 2375 3025 potestatis
2416 2958 2832 3013 consiliaturus:
2877 2957 3164 3024 Constitue,
3213 2958 3328 3022 ait,
3378 2956 3468 3027 ju-

1869 3045 2008 3101 dices
2077 3049 2168 3119 qui
2213 3051 2420 3104 oderint
2495 3051 2782 3104 avaritiam
2839 3050 3036 3119 (Exod.
3095 3065 3273 3116 xvm,
3332 3047 3465 3118 2|).

1872 3135 2164 3208 Sapientia
2215 3154 2432 3211 quoque
2483 3141 2620 3195 liber
2656 3141 2729 3196 ita
2768 3141 2995 3212 incipit.
3038 3141 3251 3212 Ditigite
3293 3139 3458 3211 justi-

164 3233 333 3290 Deum
363 3251 433 3289 ea:
452 3244 559 3290 tota
582 3237 764 3290 anima
795 3245 910 3302 tua,
954 3248 1000 3292 et
1039 3238 1331 3307 honoriﬁca
1375 3243 1691 3308 sacerdotes,
1719 3251 1764 3296 et

1872 3232 2022 3296 tiam,
2053 3232 2143 3301 qui
2179 3231 2440 3302 judicatis
2463 3243 2658 3287 terram
2701 3231 2850 3305 (Sap.
2879 3249 2920 3301 ι,
2952 3234 3024 3305 1).
3056 3231 3216 3288 Jesus
3242 3245 3461 3304 quoque

163 3344 428 3398 prapurga
451 3338 498 3382 te
521 3344 641 3381 cum
665 3327 893 3382 brachiis
919 3345 936 3382 :
967 3329 1035 3383 da
1057 3328 1164 3383 illis
1189 3340 1364 3400 partes
1385 3333 1763 3400 primitiurum,

164 3422 293 3475 sicut
323 3420 639 3473 mandatum
697 3432 774 3474 est
804 3420 919 3481 tibi.
968 3431 1016 3475 et
1062 3423 1125 3474 de
1154 3420 1468 3492 negligentia
1512 3440 1682 3494 purga
1717 3432 1767 3478 te

165 3527 280 3565 cum
309 3513 498 3582 paucis
529 3509 723 3584 (Eccli.
750 3527 848 3578 vn,
879 3513 990 3583 5|).
1024 3512 1245 3580 I’orrige
1285 3515 1502 3584 pauperi
1551 3530 1767 3567 manum
1795 3580 1817 3592 ο

163 3613 345 3668 tuam,
397 3615 454 3656 ut
499 3603 813 3674 perﬁciatur
859 3604 1186 3674 propitiatio,
1235 3615 1283 3659 et
1338 3605 1625 3660 benedictio
1673 3616 1767 3660 tua

165 3695 358 3769 (Eccli.
385 3711 510 3761 vn],
544 3696 616 3768 1).
672 3694 798 3750 Non
838 3697 1006 3768 litiges
1039 3715 1156 3752 cum
1201 3699 1408 3754 homine
1431 3711 1658 3770 potente,
1704 3717 1768 3756 ne

168 3789 300 3848 forte
329 3790 540 3844 incidas
571 3791 629 3843 in
658 3807 848 3844 manus
881 3791 1029 3860 ejus:
1053 3808 1159 3846 non
1190 3793 1477 3846 contendas
1507 3808 1624 3845 cum
1655 3793 1768 3847 viro

167 3878 443 3950 locuplete,
475 3897 540 3934 ne
568 3881 706 3951 {orte
740 3892 951 3936 econtra
973 3885 1258 3937 constituat
1287 3881 1431 3937 litem
1474 3883 1589 3938 tibi.
1623 3881 1769 3936 More

168 3980 256 4027 tuo
289 3989 396 4028 non
443 3974 726 4040 prohibeas
765 3975 1017 4046 gratiam,
1064 3991 1157 4030 nec
1185 3975 1323 4030 desis
1361 3975 1690 4046 plorantibus
1714 3977 1769 4032 in

167 4065 549 4131 consolatione,
590 4077 638 4120 et
689 4083 809 4120 cum
849 4066 1143 4138 lugentibus
1186 4067 1398 4121 ambula
1442 4065 1631 4137 (Eccli.
1669 4084 1766 4135 vn,

167 4156 379 4227 37-40).
404 4155 532 4213 Non
559 4167 608 4212 te
631 4159 807 4230 pigeat
845 4161 1054 4216 visitare
1082 4160 1387 4230 inﬁrmum;
1422 4176 1487 4215 ex
1525 4161 1604 4214 his
1631 4161 1770 4215 enim

167 4248 222 4302 in
267 4248 552 4303 dilectione
594 4249 913 4320 ﬁrmaberis.
959 4250 1098 4318 Quid
1143 4252 1316 4323 magis
1354 4251 1378 4306 ?
1422 4251 1491 4306 In
1529 4252 1768 4306 omnibus

168 4338 410 4410 operibus
437 4344 542 4396 tuis
571 4359 862 4399 memorare
887 4344 1167 4399 novissima
1208 4353 1325 4415 tua,
1349 4355 1398 4400 et
1422 4345 1478 4398 in
1516 4355 1767 4400 teternum

168 4448 273 4488 non
298 4433 564 4503 peccabis.

567 4523 688 4583 Τιτ.
728 4527 818 4583 Vl.
855 4557 929 4569 —
966 4527 1042 4584 De
1068 4528 1375 4585 causidicis.

1868 3319 2009 3376 filius
2057 3322 2251 3378 Sirach
2293 3325 2404 3378 ait.
2436 3324 2504 3378 In
2539 3325 2837 3395 judicando
2882 3338 2990 3380 esto
3032 3325 3250 3395 pupillis
3301 3327 3460 3379 mise-

1868 3413 2031 3466 ricors
2066 3423 2119 3465 ut
2150 3424 2327 3482 pater,
2356 3425 2404 3468 et
2449 3431 2545 3484 pro
2580 3416 2692 3470 viro
2730 3414 2888 3468 matri
2913 3431 3127 3480 eorum,
3173 3425 3223 3470 et
3269 3418 3373 3470 eris
3411 3426 3469 3470 tu

1869 3501 2025 3557 veluti
2069 3503 2213 3571 ﬁlius
2260 3504 2520 3558 Altissimi
2569 3505 2855 3572 obediens,
2907 3516 2953 3559 et
3004 3506 3334 3561 miserebitur
3387 3507 3468 3559 tui

1868 3595 2038 3665 magis
2066 3611 2224 3665 quam
2259 3605 2429 3649 mater
2457 3595 2647 3668 (Eccli.
2680 3612 2733 3650 tv
2755 3637 2769 3663 ,
2808 3595 2918 3669 10).
2950 3596 3212 3652 Dominus
3253 3613 3470 3668 quoque

1868 3684 1924 3740 in
1952 3683 2374 3740 Deuteronomio
2398 3703 2411 3739 :
2438 3684 2750 3740 Maledictus
2786 3687 2878 3758 qui
2916 3688 3161 3757 pervertit
3202 3688 3464 3756 iudicium

1873 3777 2109 3842 advenat,
2140 3774 2348 3847 pupilli,
2379 3785 2428 3830 et
2455 3776 2629 3831 vidua:
2655 3776 2835 3838 (Deut.
2871 3793 3042 3845 xxvu,
3071 3777 3182 3849 l9).
3224 3778 3466 3848 Itemque

1871 3871 1961 3941 qui
2009 3885 2205 3941 supra:
2262 3869 2384 3925 «Ne
2432 3870 2705 3940 relinquas
2766 3880 2914 3926 retro
2963 3871 3058 3926 tibi
3099 3872 3458 3937 maledicere;

1872 3961 2244 4018 maledicentis
2281 3963 2425 4018 enim
2461 3962 2556 4018 tibi
2588 3966 2640 4018 in
2672 3964 3034 4019 amaritudine
3061 3964 3256 4018 anima:
3285 3981 3456 4021 exau-

1874 4055 2057 4109 dietur
2080 4054 2325 4124 precatio
2366 4054 2540 4120 illius;
2571 4055 2828 4110 exaudiet
2857 4066 3038 4111 autem
3084 4056 3231 4110 illum
3275 4057 3417 4112 Deus
3441 4098 3456 4124 ,

1871 4148 1964 4218 qui
1989 4147 2116 4202 fecit
2139 4148 2284 4202 illum
2305 4147 2496 4220 (Eccli.
2519 4163 2593 4214 ιν,
2617 4149 2694 4221 5);
2731 4159 2823 4205 »ει
2842 4165 3060 4205 rursus:
3097 4168 3115 4200 ι
3138 4149 3254 4204 Noli
3282 4165 3469 4207 aumre

1872 4241 2219 4297 mendacium
2268 4243 2528 4296 adversus
2566 4240 2792 4296 fratrem
2844 4251 3034 4308 tuum,
3073 4257 3248 4312 neque
3275 4242 3462 4314 alliges

1875 4333 1968 4390 tibi
2000 4334 2231 4405 duplicia
2263 4342 2515 4405 peccata;
2566 4349 2740 4405 neque
2779 4336 2926 4390 enim
2966 4336 3020 4389 in
3071 4351 3179 4390 uno
3224 4336 3334 4390 eris
3367 4338 3468 4390 im-

1872 4426 2054 4481 munis
2094 4425 2287 4498 (Eccli.
2320 4440 2416 4492 νη,
2451 4425 2592 4497 15).»
2626 4424 2910 4480 Psalmista
2963 4441 3215 4497 quoque:
3266 4427 3462 4498 quue-

1872 4534 2012 4590 quo,
2061 4517 2272 4589 inquit,
2313 4517 2574 4588 judicatis
2623 4517 2992 4586 iniquitatem,
3040 4530 3086 4572 et
3137 4519 3298 4589 facies
3349 4537 3466 4590 pec-

238 4618 331 4674 ιδ,
370 4617 692 4675 οευείάίρυε
735 4619 822 4675 νει
869 4622 1164 4676 advocams
1201 4637 1262 4676 es
1311 4621 1334 4674 ι)
1377 4619 1568 4694 cogita
1616 4619 1771 4690 cujus
1799 4597 1848 4660 D
1876 4620 2117 4665 catorum
2161 4609 2410 4664 sumitis?
2445 4608 2694 4664 Judicate
2715 4626 2874 4679 egeno
2895 4619 2944 4664 et
2973 4609 3467 4680 pupillo,humilem

166 4713 398 4769 sortitus
447 4713 526 4768 sis
569 4727 860 4786 agnomen,
902 4723 960 4769 et
1004 4723 1111 4769 tam
1141 4716 1295 4771 bona:
1347 4715 1423 4770 rei
1455 4715 1765 4771 ministrum

168 4816 222 4864 te
244 4807 447 4864 exhibe
473 4807 706 4862 fidelem.
743 4806 820 4863 De
851 4806 1081 4862 Domino
1104 4808 1249 4862 enim
1281 4807 1483 4863 dictum
1505 4817 1609 4872 est,
1637 4807 1763 4879 quia

169 4899 498 4954 advocatum
539 4911 659 4953 eum
690 4899 955 4954 habemus
998 4898 1140 4969 apud
1185 4897 1424 4954 Patrem.
1475 4897 1766 4954 Dissimula

1872 4713 1919 4759 et
1945 4719 2226 4774 pauperem
2245 4702 2573 4773 justiﬁcate;
2616 4703 2799 4774 eripite
2819 4718 3099 4773 pauperem
3119 4743 3136 4770 ,
3169 4713 3217 4758 et
3247 4718 3466 4774 egenum

1874 4798 1938 4852 de
1976 4812 2139 4852 manu
2175 4797 2464 4869 peccatoris
2507 4795 2724 4851 liberate
2755 4794 2928 4865 (Psal.
2961 4811 3146 4861 Lxxxt,
3193 4797 3270 4865 Ξ).
3314 4797 3469 4849 Alius

1870 4908 2030 4949 vero:
2081 4893 2208 4948 Non
2251 4907 2490 4947 assumas
2549 4892 2765 4961 inqut,
2808 4905 3084 4960 personam
3127 4891 3372 4959 pauperis
3411 4889 3470 4940 in

170 5005 388 5062 quoque
435 4989 728 5060 aliquando
774 4990 1145 5047 causationem
1203 4991 1272 5046 ob
1338 4991 1766 5047 conservandam
1863 4985 2074 5058 judicio
2123 4983 2330 5059 (Eccli.
2377 4999 2562 5051 xxxv,
2622 4983 2731 5054 16).
2781 4981 2936 5049 Quod
2999 4992 3124 5036 tunc
3176 4982 3473 5036 observan-

169 5079 527 5137 dilectionem

570 5172 669 5204 ’Ῥει-
731 5173 818 5204 ῙΤΙΙ
996 5171 1064 5204 ΠΛ
1092 5175 1352 5204 ἕηιΙὲΑέΙ-ηο

1874 5079 2000 5134 dum
2030 5079 2197 5144 scias,
2229 5077 2447 5147 quando
2477 5077 2630 5133 dives
2669 5075 2910 5144 justam,
2948 5087 3150 5144 pauper
3190 5073 3470 5142 injustam,

1874 5179 1928 5204 nl
1962 5171 2154 5204 nccnlnl
2246 5169 2399 5204 huius!
2431 5182 2652 5204 nnlscnnn
2709 5166 2841 5204 llnln
2891 5166 3168 5204 irinn'inncI'
3207 5183 3225 5204 ι
3253 5165 3470 5204 Διιιῖἷίρ-
