4038 5388
541 344 645 407 163

1466 343 1803 407 RATHERII
1840 348 2056 408 EPISC.
2098 345 2352 410 VERON.
2392 351 2788 421 OPP.,PARS.
2831 351 2871 410 Ι.

3720 361 3845 431 164

3912 404 3965 449 gr:

541 482 673 523 vero
699 465 902 528 dicere,
928 463 1077 537 juste
1101 471 1185 522 est
1214 460 1481 539 judicare.
1517 464 1761 534 Denique
1791 464 1911 517 audi
1940 478 2128 532 quem-
2158 474 2201 529 Α
2230 466 2428 521 suimet
2456 467 2773 521 vocabulum
2802 467 3134 524 incessanter
3158 482 3270 524 rem
3301 480 3457 542 urget
3486 473 3669 543 curari
3709 484 3839 529 ter-
3919 503 3965 535 es;

538 560 685 619 datu,
717 556 785 613 de
814 573 969 629 cujus
1002 561 1329 614 auctoritate
1360 574 1464 612 non
1493 557 1736 612 dubites:
1765 576 1783 608 ι
1808 556 2010 621 Bonus,
2048 556 2129 611 in-

536 651 676 722 quit,
723 649 888 721 judex
938 651 1013 708 nil
1060 652 1223 707 debet
1253 650 1484 706 arbitrio
1528 664 1628 705 suo
1677 650 1991 713 decernere,
2030 662 2129 704 nec

539 743 848 798 domestica:
885 744 1180 799 voluntatis
1217 741 1494 813 proposito
1524 741 1726 811 aliquid
1748 738 2014 810 judicare,
2052 739 2128 795 nil

535 845 783 906 paratum
810 846 865 892 et
894 837 1211 892 meditatum
1237 836 1381 891 domi
1406 833 1655 905 proferre
1685 834 1820 906 (57),
1852 835 1947 889 sed
1970 834 2128 901 juxta

538 926 686 999 leges
714 937 771 983 et
793 927 915 999 jura
942 935 1137 982 cuncta
1176 928 1531 1008 pronuptiare
1552 964 1569 991 ,
1608 924 1844 980 decretis
1878 925 2123 991 obedire,

539 1014 613 1071 nil
649 1018 880 1087 propria:
915 1014 1179 1072 voluntati
1228 1014 1561 1087 indulgere»
1598 1014 1697 1079 Et,
1729 1027 1765 1068 ο
1793 1028 1955 1083 quam
1987 1013 2128 1075 bene

476 1122 483 1127 ·
537 1110 636 1181 ipsi
669 1110 784 1166 haec
809 1109 997 1166 dicens
1024 1111 1139 1169 voci
1170 1108 1470 1167 concordat
1497 1108 1696 1163 summi
1726 1115 1777 1162 et
1803 1105 1972 1162 solius
2000 1106 2125 1162 sine

537 1204 817 1260 mendacio
846 1203 1049 1274 judicis
1087 1204 1159 1259 ita
1203 1202 1468 1259 dicentis:
1499 1200 1648 1258 Sicut
1691 1200 1852 1255 audio
1877 1242 1893 1267 ,
1936 1200 2127 1272 judico

536 1294 718 1369 (Joan.
747 1312 800 1365 v,
829 1296 944 1370 50).
1004 1296 1074 1353 Et
1114 1305 1171 1352 tu
1208 1295 1395 1367 itaque
1439 1294 1584 1350 sicut
1625 1293 1800 1357 audis,
1825 1291 2040 1362 judico;
2071 1300 2129 1351 et

532 1387 673 1442 sicut
701 1401 823 1443 sese
854 1388 1019 1443 habet
1042 1401 1224 1442 rerum
1248 1397 1469 1448 natura,
1492 1384 1746 1439 decerne.
1773 1382 1815 1439 C
1841 1397 1920 1439 .ve
1945 1392 2124 1438 tamen

534 1496 600 1537 ne
652 1481 886 1553 aliquem
925 1480 1113 1553 capias
1159 1479 1213 1535 in
1255 1480 1456 1545 verbo,
1490 1477 1891 1533 Pharisaeorum
1939 1491 2127 1534 exem-

531 1572 678 1642 plum
707 1586 1005 1643 aspernare
1029 1611 1046 1637 ,
1085 1571 1176 1642 qui
1204 1569 1534 1629 insidiantes
1562 1559 1926 1627 observabant
1945 1609 1960 1633 ,
1987 1582 2147 1637 quor

532 1664 694 1717 modo
724 1664 1011 1719 Dominum
1039 1674 1297 1734 caperent
1333 1662 1390 1717 in
1438 1676 1688 1718 sermone
1724 1661 1944 1733 (Matth.
1980 1675 2117 1725 χχιι.

532 1754 641 1827 15).
681 1756 947 1811 Memento
975 1765 1029 1812 te.
1066 1770 1173 1812 non
1200 1756 1377 1813 solum
1421 1756 1475 1810 in
1521 1769 1796 1821 sermone,
1830 1755 1922 1811 sed
1953 1754 2119 1810 etiam

2228 573 2439 626 renata,
2480 560 2734 614 miseram
2776 559 3081 615 miserrime
3112 561 3307 635 negligi
3353 564 3497 634 cogit
3546 566 3838 622 animant.

3934 578 3965 631 ,ι

2226 652 2306 705 Ad
2337 652 2467 707 illud
2499 654 2644 707 enim
2671 693 2685 717 ,
2725 652 2888 709 veluti
2921 654 2988 708 ad
3014 655 3283 726 quoddam
3332 658 3538 730 asylum
3566 700 3580 721 ,
3629 662 3836 715 omnia
3924 696 3949 729 μ

2227 743 2504 801 conﬂuunt
2530 761 2726 817 genera
2756 747 3009 802 vitiorum
3033 788 3050 813 ,
3096 759 3152 803 et
3199 750 3325 803 dum
3361 748 3502 806 illius
3535 749 3702 806 oﬂlcii
3752 753 3839 807 sit

3908 786 3965 827 ei

2226 837 2405 892 omnia
2437 836 2567 891 vitia
2600 837 2810 908 ulcisci,
2842 838 3046 894 nullum
3077 840 3372 917 invenitur,
3400 856 3507 912 quo
3539 857 3647 896 non
3685 857 3844 898 con—
3942 882 3965 913 ε]

2225 940 2331 985 stet
2363 945 2513 985 reum
2544 930 2694 985 illum
2728 931 2919 987 teneri.
2960 930 3095 988 Nam
3146 931 3293 990 fures
3333 936 3710 1005 procuratoris
3741 944 3840 991 est
3924 982 3961 1017 ἐς

2228 1024 2443 1080 tradere
2487 1025 2736 1091 carceri,
2780 1039 2904 1081 cum
2935 1041 3072 1099 pene
3116 1022 3192 1082 nil
3226 1027 3369 1082 aliud
3417 1028 3667 1093 videatur
3698 1030 3838 1100 ipse

3926 1075 3966 1114 ιιί

2225 1116 2489 1186 quotidie.
2511 1116 2613 1171 nisi
2643 1117 2886 1187 rapinam
2909 1128 2968 1173 et
2992 1118 3233 1175 fraudem
3261 1100 3489 1191 sectari:
3507 1129 3562 1176 et
3586 1122 3640 1175 in
3666 1136 3848 1176 com-
3928 1100 3965 1203 ξ

2225 1211 2508 1280 paratione
2541 1209 2667 1265 mali
2707 1208 2880 1267 levius
2908 1218 2994 1266 est
3018 1252 3035 1276 ,
3078 1221 3136 1267 nt
3165 1221 3388 1268 autumo
3415 1254 3430 1279 ,
3460 1215 3672 1286 absque
3705 1214 3845 1269 vio-

2225 1299 2388 1356 lentia
2425 1300 2678 1372 quzelibet
2706 1301 2896 1368 furari,
2936 1319 3097 1377 quam
3142 1318 3265 1359 cum
3299 1307 3589 1361 tormentis
3622 1306 3697 1363 ab
3732 1306 3837 1361 ali-

2224 1407 2351 1462 quo,
2386 1394 2527 1463 quod
2554 1395 2734 1463 detur,
2778 1394 2951 1465 exigi;
3007 1395 3178 1452 levius
3222 1410 3463 1468 penuria:
3496 1399 3847 1455 necessitate

2224 1486 2429 1554 quzevis
2457 1487 2738 1541 latrocinia
2764 1500 3047 1551 exercere,
3081 1504 3243 1558 quam
3274 1488 3588 1559 cupiditatis
3623 1491 3845 1547 ardore

2225 1576 2469 1635 fraudem
2498 1589 2595 1634 aut
2622 1581 2820 1636 seniori
2844 1581 2982 1654 (10),
3011 1592 3105 1637 aut
3131 1581 3291 1637 alicui
3320 1582 3475 1638 alteri
3502 1624 3519 1650 ,
3547 1592 3646 1638 aut
3668 1593 3836 1640 certe

2224 1673 2327 1729 sibi
2376 1673 2473 1744 ipsi
2513 1670 2755 1739 inferre,
2800 1675 2853 1729 in
2898 1690 3006 1744 quo
3059 1683 3113 1730 et
3155 1674 3451 1746 perjurium
3501 1674 3841 1744 incurrere,

2225 1780 2326 1821 nec
2357 1763 2560 1820 furtum
2586 1766 2834 1821 videatur
2854 1780 3081 1833 cavere;
3105 1767 3248 1837 quod
3271 1766 3533 1839 approbat
3558 1766 3836 1839 Sapiens,

530 1846 584 1901 in
614 1847 797 1903 multis
821 1846 1095 1904 oﬂ'endere
1117 1849 1380 1919 quotidie,
1408 1848 1525 1918 ipso
1540 1848 1787 1932 pmnium
1813 1847 2119 1917 justissima

2231 1857 2314 1928 qui
2344 1856 2481 1912 dicit
2512 1875 2526 1911 :
2564 1874 2583 1908 ι
2622 1854 2807 1912 Potior
2835 1855 2923 1913 fur
2953 1872 3114 1928 quam
3144 1858 3436 1914 assiduitas
3464 1858 3564 1913 viri
3594 1860 3843 1914 menda-

526 1936 709 2008 judice
735 1947 1037 2009 spectante.
1069 1938 1221 1996 Juste
1246 1939 1414 1995 etiam
1441 1955 1562 1994 cum
1589 1938 1822 2009 judicas,
1855 1954 1987 1993 cave
2013 1939 2122 2011 23

531 2031 812 2102 praemium
850 2048 916 2089 ne
944 2033 1153 2106 exigas,
1185 2042 1280 2089 aut
1301 2034 1515 2104 aliquod
1546 2033 1852 2100 servitium,
1882 2046 1950 2087 ne
1970 2031 2038 2087 de
2070 2043 2121 2088 te

531 2127 788 2196 conqueri
811 2126 1072 2183 Dominus
1106 2127 1356 2182 videatur
1394 2128 1613 2183 dicens:
1655 2126 1914 2199 Populum
1946 2142 2121 2181 meum

529 2228 798 2272 exactores
844 2218 929 2273 sui
984 2216 1336 2288 spoliaverunt
1393 2217 1565 2290 (Isui.
1621 2232 1724 2283 ιιι,
1793 2217 1919 2286 ιε).
1981 2215 2121 2270 Audi

534 2308 715 2377 potius
762 2308 1168 2380 praecipientem
1204 2309 1410 2381 ipsum:
1460 2307 1655 2375 Iuste,
1703 2309 1822 2374 ait,
1867 2308 2009 2379 quod
2029 2307 2123 2377 ju-

527 2410 667 2456 stum
713 2413 791 2457 est
840 2403 1137 2474 exsequeris
1185 2402 1364 2474 (Deut.
1401 2417 1490 2459 xv:
1517 2443 1533 2469 ,
1560 2401 1676 2474 20).
1726 2402 1926 2471 lnjuste
1970 2402 2114 2457 enim

529 2495 674 2565 quod
699 2492 903 2563 justum
930 2505 1014 2551 est
1038 2494 1378 2565 exsequitur,
1405 2494 1499 2564 qui
1532 2496 1813 2564 praemium
1848 2510 1945 2565 pro
1971 2493 2123 2563 justo

533 2599 701 2656 opere
728 2598 1007 2658 expetens,
1038 2587 1213 2660 ipsam
1242 2586 1512 2657 justitiam
1553 2589 1790 2643 vendere
1819 2603 1923 2642 non
1962 2602 2119 2644 vere-

532 2686 644 2736 tur.
676 2678 782 2737 Sed
814 2679 1043 2737 suliciat
1068 2681 1217 2737 istud
1249 2681 1545 2747 modicum,
1572 2698 1693 2736 nam
1722 2683 1768 2737 si
1801 2681 2013 2753 plenius
2036 2682 2120 2737 vis

530 2770 750 2842 instrui,
779 2773 897 2846 lege
925 2772 1167 2831 libellum
1205 2773 1301 2829 tibi
1330 2783 1717 2847 congruentem
1742 2773 1954 2829 lsidori.

958 2866 1083 2924 Tt'r.
1127 2866 1256 2924 νιιι.
1271 2897 1343 2909 --
1360 2866 1434 2922 De
1460 2867 1697 2923 testibus.

605 2958 693 3017 18.
729 2957 909 3016 Testis
954 2958 1051 3016 es?
1079 2957 1226 3017 Cave
1265 2959 1396 3015 illud
1437 2960 1697 3016 dicentis:
1741 2958 1908 3014 Testis
1952 2957 2124 3031 falsus

531 3066 635 3107 non
673 3052 770 3106 erit
818 3051 1106 3122 impunitus
1148 3049 1332 3125 (Prov.
1376 3067 1493 3120 XIX,
1531 3051 1609 3124 5).
1649 3050 1784 3106 Nam
1823 3068 1943 3106 cum
1968 3051 2123 3120 juxta

528 3141 808 3213 cujusdam
832 3157 1053 3199 carrucu
1071 3159 1086 3174 '

2222 1950 2337 2014 cis;
2362 1949 2718 2020 perditionem
2749 1960 2929 2004 tamen
2956 1950 3173 2021 utrique
3197 1949 3600 2005 haereditabunt
3623 1946 3842 2023 (Eccli.

2226 2055 2319 2105 xx,
2339 2038 2466 2108 27);
2498 2058 2514 2092 ι
2552 2040 2787 2110 itemque
2810 2041 2877 2096 de
2902 2040 3043 2096 malo
3070 2040 3289 2113 periurii
3316 2059 3330 2096 :
3359 2058 3379 2093 t
3408 2038 3524 2107 Vir,
3554 2042 3655 2106 ait,
3687 2040 3840 2097 mule

2226 2144 2340 2187 tum
2376 2134 2569 2205 jurans
2600 2134 2897 2203 replebitur
2940 2134 3249 2205 iniquitate,
3288 2145 3344 2190 et
3376 2151 3481 2190 non
3514 2135 3773 2190 discedet
3802 2151 3839 2190 a

2225 2228 2386 2283 domo
2417 2227 2560 2283 illius
2589 2226 2746 2298 plaga
2773 2268 2789 2292 ,
2822 2237 2877 2283 et
2906 2228 2950 2284 si
2991 2228 3368 2295 frustraverit,
3410 2227 3675 2283 delicwm
3708 2227 3839 2298 ejus

2235 2337 2399 2392 super
2422 2337 2543 2375 cum
2578 2322 2723 2383 erit;
2754 2330 2810 2375 et
2843 2320 2887 2376 si
2917 2320 2973 2376 in
3006 2335 3234 2375 vacuum
3266 2318 3552 2389 iuraverit,
3587 2334 3699 2373 non
3736 2316 3838 2386 ju-

2225 2412 2549 2469 stiticabitur
2572 2431 2585 2466 :
2613 2412 2906 2481 replebitur
2927 2413 3071 2467 enim
3099 2410 3449 2467 tribulatione
3473 2411 3669 2463 domus
3685 2407 3835 2477 ejus;

2225 2504 2331 2578 2⁸1
2361 2515 2416 2560 et
2456 2506 2499 2560 si
2536 2505 2981 2570 dissimulaverit,
3009 2504 3286 2574 delinquet
3314 2502 3603 2575 dupliciter
3626 2498 3838 2573 (Eccli.

2226 2612 2385 2661 χχιιι,
2410 2597 2500 2659 12,
2535 2596 2677 2665 15).»
2710 2595 3059 2652 Dissimulare
3094 2610 3221 2652 vero
3247 2595 3565 2667 perjuriutu,
3592 2603 3680 2648 est
3709 2602 3842 2649 arte

2219 2689 2426 2758 jur..re.
2462 2687 2756 2756 Dupliciter
2785 2702 2916 2742 vero
2956 2686 3240 2757 delinquit,
3269 2687 3360 2756 qui
3402 2688 3504 2741 hoc
3530 2684 3666 2754 agit,
3700 2683 3842 2753 quia

2225 2793 2278 2838 et
2308 2783 2441 2844 Deo,
2469 2785 2623 2847 ciuus
2655 2791 3001 2853 consipectum
3031 2798 3135 2836 non
3168 2783 3445 2847 abhorret,
3468 2788 3527 2835 et
3552 2778 3837 2850 proximo,

2225 2892 2384 2946 quem
2418 2874 2608 2932 fallere
2638 2892 2744 2932 non
2777 2878 2954 2943 timet,
2979 2892 3104 2933 reus
3145 2884 3381 2933 tenetur.
3416 2875 3714 2946 Dupliciter
3735 2873 3843 2928 de-

2228 2972 2442 3042 linquit,
2476 2972 2600 3042 quia
2633 2980 2689 3026 et
2740 2968 2967 3025 fallaciae
2996 2978 3051 3025 et
3090 2968 3313 3041 periurii
3358 2976 3538 3025 notam
3571 2967 3840 3023 incurrit.

2295 3065 2387 3121 20.
2423 3067 2753 3121 Procurator
2783 3064 3064 3121 adulteros
3091 3072 3147 3121 et
3177 3065 3491 3120 meretrices
3512 3062 3691 3136 pinnis
3729 3061 3837 3117 de-

2227 3170 2538 3230 putat,cutu
2568 3169 2676 3214 tota
2699 3160 2819 3231 ejus
2842 3159 2950 3213 vita
2966 3158 3215 3215 ebrietati
3237 3159 3559 3226 ceterisque
3581 3154 3840 3220 lusibus,

532 3267 661 3337 Ve_r_a
685 3276 875 3337 tacens,
903 3276 956 3322 et
977 3270 1091 3337 falsa
1117 3270 1324 3337 loquens
1346 3274 1542 3334 utrique
1567 3272 1625 3337 [ί
1650 3271 1869 3337 quoque]
1888 3274 2125 3337 jjequitpr
2153 3255 2197 3317 C
2229 3272 2348 3327 quae
2372 3255 2621 3310 adulterii
2649 3264 2703 3310 et
2734 3252 3153 3309 fornicatiounm
3185 3252 3360 3307 solent
3396 3266 3516 3306 esse
3544 3247 3797 3305 fomenta
3818 3287 3839 3313 ,

600 3331 690 3381 Hic
713 3335 826 3396 quia
852 3331 947 3383 non
970 3331 1191 3393 prodeat,
1210 3334 1292 3383 hic
1309 3338 1437 3399 quod
1462 3331 1641 3385 obessi:
1664 3331 1816 3396 cupit.
1852 3331 1867 3335 ⁷
1886 3334 2082 3395 [errem
2107 3346 2122 3399 ;

603 3451 897 3526 Flagitium
924 3454 1098 3529 majus
1116 3455 1329 3521 ωδιὶωο
1357 3454 1564 3517 nullum
1612 3468 1774 3525 quam
1826 3451 2019 3511 falsum
2052 3462 2129 3514 ta-

534 3541 1002 3617 stimonium,qttia
1016 3556 1073 3602 et
1090 3544 1339 3609 Domino,
1361 3544 1413 3598 in
1429 3559 1587 3614 quem
1605 3541 2126 3613 perjurat,etjtulici,

537 3651 696 3709 quem
726 3636 886 3703 fallit.
913 3648 969 3697 et
1009 3653 1225 3697 omnem
1255 3633 1374 3707 ejus
1402 3637 1615 3706 culpam
1647 3634 1747 3691 sibi
1780 3634 2043 3705 congerit,
2073 3639 2130 3691 et

533 3729 782 3800 proximo
810 3744 973 3801 quem
1023 3728 1280 3799 taedium
1332 3742 1549 3787 omnem
1600 3724 1717 3794 ejus
1764 3725 2126 3787 calamitatem

535 3822 728 3879 anima:
740 3837 853 3879 suae
870 3820 1078 3905 inﬂigit.
1095 3835 1223 3879 reus
1238 3829 1470 3879 tenetur.
1491 3817 1815 3877 Fari/iusest
1833 3833 2053 3889 quoque,
2070 3823 2142 3885 ut

536 3911 753 3980 quidam
777 3912 1044 3974 ait,uitare
1065 3911 1381 3973 discordem,
1395 3925 1555 3982 quam
1570 3908 1833 3965 declinare
1856 3907 2125 3979 fallacem.

847 4004 970 4061 Tl'r.
998 4002 1088 4065 IX.
1104 4002 1268 4065 —D£
1292 4002 1546 4065 ministris
1569 4000 1813 4072 publicis.

617 4094 701 4155 l9.
734 4093 1086 4163 Procurator,
1116 4101 1363 4158 exactor,
1392 4092 1535 4163 quod
1564 4088 1841 4160 gastaldus
1867 4088 1981 4160 (58)
2018 4087 2129 4146 usi-

540 4195 652 4242 tato
684 4186 891 4254 multis,
923 4184 1281 4255 Frattciloquo
1310 4199 1436 4239 vero
1472 4181 1645 4254 major
1671 4182 1721 4239 di
1762 4182 1868 4239 itur
1889 4181 2127 4250 eloquio,

539 4276 655 4332 sive
694 4276 1104 4344 tlielonearius,
1158 4275 1243 4331 vel
1294 4274 1582 4349 cujuslibet
1630 4272 1856 4329 alterius
1900 4272 2126 4342 publicae

540 4370 830 4427 t'uuctionis
848 4372 1092 4433 minister
1113 4371 1210 4429 es?
1231 4369 1525 4433 Considera
1549 4367 1705 4439 cujus
1726 4367 1802 4422 rei
1828 4365 2130 4421 ministerio

542 4463 819 4534 iungeris,
855 4462 1035 4521 sciens
1075 4463 1424 4520 veracissime
1459 4463 1700 4525 dictum,
1747 4459 1868 4531 quia
1901 4458 1985 4511 cui
2009 4455 2129 4529 plus

541 4557 906 4620 committitur.
931 4553 1046 4625 plus
1073 4555 1219 4619 abeo
1256 4555 1486 4627 exigitur
1506 4552 1658 4623 (Luc.
1690 4567 1792 4615 sit,
1818 4551 1932 4621 48),
1964 4550 2127 4604 etiam

2229 3347 2585 3419 spurcissimo
2632 3346 2965 3413 deserviens,
2995 3345 3187 3400 eadem
3218 3343 3368 3398 illum
3396 3355 3581 3414 agere,
3614 3354 3738 3412 quae
3766 3339 3836 3393 in

2231 3441 2351 3496 aliis
2384 3441 2606 3495 damnat
2631 3480 2644 3501 ,
2682 3438 3157 3517 perspicacissime
3207 3436 3563 3492 demonstret.
3602 3431 3681 3487 Ad
3733 3446 3840 3486 cu-

2231 3531 2434 3586 mulum
2462 3546 2589 3586 vero
2616 3529 2957 3602 perditionis,
2982 3527 3026 3583 si
3057 3525 3197 3582 forte
3224 3526 3422 3596 aliquis
3444 3524 3651 3583 talium,
3676 3521 3838 3591 quod

2214 3623 2443 3688 oﬂ‘erat,
2477 3623 2722 3688 invenit,
2761 3621 2946 3677 statim
2977 3631 3034 3676 et
3084 3621 3256 3690 ipsum
3302 3617 3548 3674 criminis
3587 3614 3837 3669 ultorem

2230 3715 2468 3784 acquirit
2501 3724 2731 3768 tutorem
2759 3729 2774 3780 ;
2813 3712 2997 3781 sicque
3025 3711 3080 3767 in
3116 3710 3207 3765 illo
3233 3708 3560 3778 completur,
3592 3705 3738 3774 quod
3769 3704 3835 3759 in

2231 3804 2445 3861 Psaltno
2476 3805 2671 3877 legitur
2699 3804 2771 3857 ita
2801 3820 2815 3857 :
2858 3799 2916 3857 Si
2944 3801 3153 3856 uidebas
3177 3803 3343 3869 furem
3373 3839 3388 3864 ,
3419 3796 3668 3853 cumbas
3704 3813 3837 3850 cum

2229 3912 2313 3961 eo,
2354 3910 2400 3950 et
2440 3912 2559 3949 cum
2603 3893 2857 3947 adulteris
2902 3892 3191 3963 portionem
3223 3901 3368 3944 tuam
3392 3887 3619 3957 ponebas
3645 3884 3834 3957 (Psal.

2230 4003 2378 4052 xux,
2414 3984 2523 4058 18).
2565 3984 2703 4051 Quid
2733 3982 2943 4056 magis?
2988 3982 3232 4038 Breviter
3265 3980 3713 4051 praestringentes
3742 3976 3833 4030 di-

2230 4096 2417 4135 camus
2458 4078 2563 4134 tale
2612 4092 2735 4133 esse
2778 4075 3088 4148 bujnsmodi
3124 4075 3441 4146 negotium,
3493 4081 3552 4127 ut
3600 4071 3760 4141 quasi
3797 4086 3837 4127 ο

2232 4175 2417 4230 multis
2447 4174 2686 4229 millibus
2717 4171 3000 4227 hominum
3030 4185 3172 4225 unus
3199 4168 3449 4224 videatur
3479 4167 3711 4231 assumi,
3734 4164 3835 4234 qui

2229 4266 2300 4321 ob
2337 4265 2566 4320 aliorum
2596 4262 3031 4320 emendationem
3078 4261 3159 4316 vel
3213 4257 3556 4315 commodum
3606 4266 3836 4312 aeternae

2232 4357 2369 4413 tradi
2401 4357 2595 4411 debeat
2622 4355 2929 4427 perditioni.
2961 4352 3067 4409 Sed
3087 4352 3216 4424 quid
3246 4350 3407 4415 facio,
3437 4350 3528 4421 qui
3559 4349 3611 4403 id
3649 4350 3833 4418 ipsum

2231 4464 2401 4520 genus
2431 4448 2591 4504 cilicii
2624 4448 2778 4502 video
2798 4461 2827 4500 a
2858 4444 3182 4516 quibusdam
3208 4443 3383 4513 pretio
3402 4439 3650 4512 captari?
3670 4439 3831 4510 quid,

2233 4540 2474 4609 inquam,
2511 4538 2676 4593 inde?
2703 4538 2994 4608 Nunquam
3026 4552 3091 4592 ue
3119 4536 3298 4592 vidisti
3334 4537 3401 4591 ab
3447 4534 3629 4603 aliquo
3671 4532 3837 4588 resti-

543 4663 665 4703 cum
688 4661 851 4703 usura
875 4621 1182 4723 pcenarum.
1206 4621 1535 4709 ,ltleo'autetn
1566 4644 1618 4696 in
1647 4642 1914 4713 principio
1941 4637 2124 4694 monui
2159 4621 2204 4679 Ι)
2230 4632 2381 4689 culos
2404 4632 2545 4723 erui,
2577 4631 2774 4723 quibus
2810 4628 2978 4695 funis,
3009 4644 3118 4701 quo
3147 4629 3567 4723 appenderetur,
3598 4628 3831 4723 deberet

542 4741 878 4799 considerari
910 4739 1271 4803 miniSterium
1294 4778 1314 4805 ,
1361 4738 1485 4809 quia
1520 4738 1729 4792 diversa
1771 4735 1894 4790 novi
1926 4748 2129 4806 genera

545 4833 989 4899 ministeriorum,
1014 4841 1070 4891 et
1095 4830 1298 4891 leviora
1324 4828 1541 4903 quidem
1572 4828 1700 4893 alia,
1722 4827 1825 4881 alia
1849 4841 1975 4881 vero
2002 4840 2131 4899 gra-

546 4928 725 4990 viora;
757 4925 898 4979 inter
935 4938 1054 4993 quae
1109 4922 1313 4979 nullum
1355 4922 1467 4977 scio
1509 4922 1644 4990 ipso,
1705 4919 1845 4989 quod
1903 4930 2129 4974 curatu-

544 5033 602 5071 ra
612 5034 660 5070 ιιι
676 5016 786 5086 (59)
801 5012 970 5070 ltalici
988 5013 1192 5079 dicunt,
1207 5012 1444 5085 gravius.
1465 5010 1640 5082 Ipsum
1657 5010 1820 5079 enim,
1843 5007 2134 5078 dumjuxta

615 5146 736 5215 (3'1)
761 5143 906 5217 [hic
926 5143 980 5201 in
1007 5142 1245 5217 vulgatis
1262 5143 1410 5200 dona
1434 5142 1693 5217 proferre.

618 5210 796 5322 εδειξ
805 5216 913 5322 “lt:
936 5210 1228 5322 θειωξῖίεηί
1254 5210 2133 5322 ¹¹¹⁶¹¹ί33⁵⁴ῗῖἃ³ῗξῗί¹ςῖρ³⁹ᾘιῇῗιὶ¹’

772 5257 785 5277 Ρ
806 5257 836 5275 ν
897 5257 913 5271 .
936 5257 1205 5289 ,ν’κυπινσ
1254 5257 1534 5275 .l-lluuvvv'
1561 5257 1803 5273 UIIVV‘-‘--
1829 5257 1969 5282 *γυ-ν
1994 5257 2110 5267 -““’⁹

548 5287 813 5322 nnknmlnc
842 5257 1176 5322 Rznnhnnlnr
1205 5257 1445 5322 {Annorum
1501 5285 1745 5322 villomnn
1782 5297 1841 5322 an
1896 5281 2129 5322 nrmtlin—

2236 4723 2389 4778 iieri?
2436 4720 2751 4791 Hujusmodi
2792 4736 2921 4794 ergo
2958 4722 3228 4778 vecordia:
3277 4722 3526 4777 technam
3568 4728 3626 4774 et
3672 4719 3831 4774 istius

2236 4816 2524 4872 miserrimi
2554 4814 2766 4870 ascribe
2792 4813 2925 4886 (41).

2303 4908 2394 4963 2t.
2442 4906 2549 4964 Sed
2588 4922 2655 4963 ne
2690 4922 2838 4963 more
2884 4904 3202 4963 Pbarisaico
3229 4947 3244 4975 ,
3296 4907 3421 4963 dum
3467 4906 3829 4962 vehementer

2238 4999 2514 5072 carpimus
2543 4997 2756 5055 facinus
2776 5039 2792 5069 ,
2839 4998 3277 5071 desperationem
3315 4995 3718 5053 emendationis
3748 4994 3833 5049 in-

2233 5136 2479 5208 gebatur.
2507 5134 2707 5208 Hac_d_e
2737 5150 2899 5208 causa
2930 5136 2981 5190 in
3012 5135 3295 5208 privilegio
3329 5102 3571 5208 Federici
3602 5131 3624 5188 ι
3652 5133 3829 5203 irnpe-
3868 5176 3871 5179 .

2237 5204 2458 5290 ratoris,
2491 5205 2633 5278 quod
2663 5205 2941 5290 Ilielzaldo
2963 5204 3231 5290 episcopo:
3259 5204 3551 5290 Verquensi
3573 5218 3829 5290 _corrces-
3868 5274 3873 5277 _

2234 5292 2352 5322 sum
2382 5276 2483 5322 fuit
2510 5272 2654 5322 anno
2684 5275 2823 5322 “SA
2847 5291 2910 5322 mi
2936 5272 3184 5322 originali
3210 5276 3527 5322 locandum:
3562 5272 3829 5322 Mediam-
