4038 5388
534 176 639 238 16⁸1

1475 174 2059 250 ΚΑΤΗΕΒῙΙζΕΡΙΞΟ.
2105 171 2358 232 VERON.
2396 171 2558 232 OPP.
2595 171 2777 233 PARS
2807 172 2854 230 1.

3713 175 3824 235 168

533 290 833 359 humiliter,
862 303 1026 362 quam
1055 295 1136 359 tu,
1181 287 1275 361 qui
1317 302 1442 345 eum
1493 287 1727 361 despicis
1772 299 2123 363 arroganter;
2156 295 2210 356 Α
2235 289 2539 347 ministerio
2562 290 2628 345 ad
2660 301 2929 346 summum
2966 285 3203 360 aliquem
3237 286 3501 346 honorem
3530 302 3828 362 provectus

533 386 789 454 nobilior,
833 386 924 457 qui
962 384 1080 452 tibi,
1121 383 1266 454 quod
1312 381 1586 455 promisit,
1627 382 1847 438 exhibet
1872 384 2124 454 ﬁdeliter,

532 491 695 547 quam
743 484 824 543 tu,
852 475 945 548 qui
983 489 1109 532 eum
1155 473 1359 547 decipis
1388 471 1755 540 mendaciter;
1788 473 2126 544 generosior,

535 568 631 640 qui
655 569 780 640 jura
820 575 1030 624 natura:
1068 567 1398 633 custodiens,
1427 564 1709 637 proprium
1761 580 1870 621 non
1925 565 2130 621 deserit

535 671 739 729 ortum,
768 677 930 733 quam
961 669 1038 729 tu,
1065 660 1157 733 qui
1188 659 1336 715 vitiis
1365 659 1498 714 vitia
1530 658 1798 726 nutriens,
1841 657 1955 714 vim
1989 658 2127 713 ami-

533 751 674 808 citiae
708 764 1071 822 magnumque
1093 756 1147 804 et
1167 747 1413 803 naturale
1434 746 1605 803 violas
1633 747 1857 802 bonum.
1897 747 1995 802 His
2024 747 2128 819 igi-

536 851 624 898 tur
641 849 829 913 utpote
847 840 1136 898 verissima
1165 838 1647 895 veracissimorum
1674 838 2001 894 auctoritate
2016 838 2129 894 suf-

534 936 777 1005 fultis,et
799 936 945 993 nulla
968 934 1452 991 suicontrarietate
1476 932 1798 988 nutantibus
1820 932 2128 989 rectissime

536 1029 837 1098 concessis,
867 1028 1180 1084 ﬁrmissima
1210 1025 1486 1098 colligitur
1518 1023 1854 1091 deﬁnitione,
1887 1040 1996 1080 non
2028 1039 2128 1081 na-

537 1134 681 1190 tura,
710 1122 806 1180 sed
828 1121 1132 1186 voluntate,
1161 1119 1409 1175 homines
1448 1132 1480 1172 a
1520 1131 1579 1172 se
1620 1115 1853 1171 invicem
1900 1116 2124 1171 distare.

533 1215 618 1272 Ad
645 1214 1006 1272 erudiendum
1026 1226 1160 1269 vero
1185 1210 1473 1266 stultorum
1504 1207 1798 1272 inscitiam,
1824 1206 1893 1261 ad
1939 1204 2130 1263 coniu-

535 1306 754 1364 tandem
774 1305 1157 1380 ‘arrogantium
1181 1300 1537 1374 proterviam,
1594 1298 1683 1355 ille
1734 1299 1826 1371 qui
1868 1298 1924 1354 in
1952 1298 2132 1354 Evan-

464 1408 469 1415 ‘
535 1402 675 1476 gelio
701 1401 875 1467 dicitf':
918 1397 1243 1455 Patermeus
1268 1412 1431 1468 usque
1454 1393 1610 1450 modo
1647 1402 1917 1465 operatur,
1954 1402 2003 1447 et
2036 1407 2129 1463 ego

536 1509 787 1566 cooperor
807 1491 928 1566 (Job
966 1506 1019 1558 v,
1044 1489 1159 1560 l7),
1185 1487 1429 1560 quotidie
1443 1485 1600 1542 nobis
1616 1482 1972 1540 cernentibus
1984 1482 2131 1537 hunc

534 1586 809 1653 humiliat,
847 1592 903 1642 et
950 1584 1096 1641 hunc
1123 1581 1330 1639 exaltat
1376 1581 1502 1653 quia
1546 1578 1765 1634 suscitat
1814 1576 1879 1630 de
1920 1573 2129 1647 pulvere

2226 381 2411 449 fuerit,
2440 383 2584 439 sicut
2605 382 2695 439 ille
2711 381 2903 438 eadem
2930 390 3048 439 arte
3069 391 3275 438 tantum
3298 383 3555 456 populum
3582 386 3823 445 delecta-

2224 477 2323 541 vit,
2356 483 2417 531 ut
2458 491 2551 531 rex
2579 474 2692 531 ﬁeri
2736 474 3029 530 meruerit?
3058 474 3171 549 (47)
3197 473 3449 550 Nunquid
3472 476 3615 533 enim
3645 479 3825 536 tibici.

2226 582 2351 622 nem
2383 565 2531 621 illum
2564 564 2850 622 nobilitare
2877 566 3071 637 potuit,
3118 567 3244 622 dum
3272 566 3466 623 extulit
3494 566 3649 634 tibia,
3678 569 3823 639 quod

2228 676 2336 717 non
2358 660 2547 726 valuit,
2573 659 2701 715 dum
2726 659 2953 731 protulit
2998 660 3241 715 natura?
3288 659 3395 716 Sed
3446 660 3826 732 relinquamus

2228 754 2373 810 istud
2405 754 2739 824 ambiguum,
2783 761 2841 809 et
2868 752 3011 809 forte
3038 767 3143 810 nec
3181 753 3509 811 credendum
3560 756 3825 811 ducamus

2230 847 2297 903 ad
2325 846 2583 903 medium.

2299 936 2388 992 24.
2420 936 2561 1006 Quid
2574 937 2717 1008 quod
2740 953 2848 994 non
2874 938 3044 995 vafris
3071 938 3374 1010 gentilium,
3417 938 3513 996 sed
3547 941 3717 997 certis
3740 955 3832 997 sa-

2230 1046 2447 1087 crarum
2475 1030 2882 1102 Scripturarum
2919 1032 3316 1088 assertionibus
3357 1034 3668 1089 monstrare
3702 1034 3827 1104 qui-

2230 1138 2353 1179 mus
2394 1124 2461 1178 ad
2498 1123 2798 1193 liquidum?
2841 1123 3036 1191 David,
3093 1123 3358 1181 fratribus
3385 1117 3733 1199 reprobatis,
3776 1126 3834 1180 in

2229 1229 2411 1286 regem
2438 1230 2467 1269 a
2499 1215 2609 1271 Deo
2638 1214 2861 1284 electus,
2885 1216 3013 1287 quia
3037 1214 3132 1271 Dei
3158 1230 3385 1271 munere
3406 1218 3628 1273 eosdem
3658 1231 3834 1289 regno

2229 1305 2527 1375 praecessit,
2572 1306 2945 1377 nunquidnam
2991 1314 3051 1363 et
3091 1322 3292 1378 genere
3347 1310 3636 1379 superavit
3663 1351 3680 1377 ,
3734 1319 3833 1365 aut

2230 1393 2375 1450 illius
2401 1396 2689 1467 progenies
2723 1406 2947 1468 propter
2982 1408 3267 1470 regnatum
3312 1398 3427 1472 (48)
3483 1399 3613 1466 alia,
3664 1417 3833 1471 quam

2230 1488 2445 1555 eadem,
2472 1504 2636 1559 quam
2670 1490 2790 1546 sine
2819 1501 3042 1563 regnatu
3079 1492 3310 1563 protulit
3350 1495 3592 1549 natura?
3623 1494 3836 1553 Nobilis

2231 1576 2342 1645 ille,
2377 1580 2503 1649 quia
2535 1595 2666 1646 rex;
2697 1580 2963 1652 ignobiles
3002 1580 3200 1639 fratres
3243 1583 3383 1655 ejus,
3423 1584 3550 1655 quia
3581 1585 3786 1642 milites
3816 1603 3831 1640 :

535 1695 774 1752 egenum,
798 1686 847 1734 et
864 1678 1172 1733 destercore
1193 1674 1347 1745 erigit
1366 1679 1742 1745 pauperem,ut
1768 1667 1983 1724 collocet
2011 1683 2129 1722 eum
2162 1678 2206 1739 Β
2233 1687 2326 1739 an,
2361 1674 2505 1744 quod
2532 1688 2721 1752 verum
2766 1681 2872 1741 est,
2912 1674 3054 1730 hanc
3090 1675 3192 1731 sibi
3240 1676 3442 1733 virtute
3487 1677 3835 1733 nobilitatem

541 1790 661 1829 cum
692 1771 1017 1846 principibus
1070 1768 1247 1842 (Psal.
1293 1784 1426 1835 cxtt,
1462 1767 1516 1840 6)
1548 1783 1564 1821 :
1600 1764 1856 1821 videlicet
1903 1771 1963 1818 ut
2005 1776 2131 1818 cum

535 1864 765 1937 quilibet
787 1863 856 1919 de
882 1861 1167 1918 nobilitate
1191 1859 1455 1933 gloriatur
1498 1856 1735 1929 generis,
1766 1854 2131 1926 perpendens,

534 1971 886 2031 quoscunque
918 1970 985 2012 ex
1011 1968 1248 2025 paupere
1286 1961 1345 2008 et
1370 1950 1557 2006 intimo
1585 1963 1805 2022 genere,
1860 1947 1928 2002 ad
1982 1961 2129 2002 sum-

537 2063 656 2106 mos
700 2046 936 2104 honores
964 2044 1354 2109 conscendere,
1402 2042 1652 2097 advertat
1697 2037 2134 2095 antecessoribus

537 2141 653 2198 suis
676 2148 730 2197 et
753 2140 807 2197 id
838 2140 1158 2210 contingere
1195 2136 1457 2209 potuisse,
1509 2143 1566 2191 et
1601 2134 1815 2190 studeat
1843 2130 2132 2187 elationem

539 2232 857 2304 reprimere.
890 2229 1057 2287 Omne
1081 2229 1219 2286 enim
1247 2227 1358 2300 3o
1388 2228 1568 2282 datum
1595 2225 1871 2296 optimum,
1906 2232 1954 2278 et
1982 2238 2133 2278 omne

534 2323 732 2379 donum
752 2322 1037 2395 perfectum
1063 2326 1342 2377 desursum
1394 2329 1467 2374 est
1493 2316 1636 2390 (Jac.
1667 2334 1704 2381 ι,
1732 2315 1854 2388 l7);
1879 2323 1935 2371 et
1960 2333 1973 2369 :
2008 2313 2134 2368 Non

535 2424 611 2471 est
653 2423 883 2486 potestas
920 2413 1023 2469 nisi
1046 2430 1080 2467 a
1105 2411 1214 2466 Deo
1244 2409 1416 2483 (Rom.
1445 2424 1539 2476 xv,
1579 2406 1633 2479 1)
1664 2426 1678 2461 :
1731 2405 1875 2477 quod
1919 2403 2131 2475 perspi-

536 2507 824 2564 cacissime
847 2512 1154 2562 monstrant
1182 2502 1443 2559 nobilium
1491 2500 1588 2555 lilii
1620 2500 1689 2554 ad
1728 2498 1969 2570 penuriae
1993 2495 2131 2552 infa-

538 2598 978 2664 miamdeducti;
1016 2605 1071 2652 et
1099 2609 1383 2652 servorum
1422 2590 1636 2649 soboles
1669 2600 1995 2646 summatum
2017 2587 2131 2661 (ﬂ)

539 2691 847 2748 obtinentes
883 2688 1252 2754 haereditates,
1300 2701 1493 2759 quovrs
1548 2683 1740 2740 ordine
1790 2682 2006 2739 easdem
2044 2681 2130 2736 in-

543 2785 738 2858 deptae,
766 2784 1024 2857 insignes.
1047 2783 1320 2839 Ponamus
1340 2795 1573 2851 namque
1596 2787 1721 2832 ante
1741 2775 1929 2833 oculos
1948 2787 2134 2845 quem-

538 2878 674 2936 libet
691 2877 934 2950 prazl'ecti
958 2876 1152 2943 illium,
1174 2872 1330 2943 cujus
1356 2887 1491 2928 avus
1509 2870 1698 2944 judex,
1723 2869 1929 2925 abavus
1957 2867 2134 2923 tribu-

538 2988 668 3041 nus,
693 2970 781 3028 vel
808 2969 1108 3029 scoldascio
1152 2965 1289 3039 (45),
1341 2974 1534 3021 atavus
1581 2969 1941 3034 cognoscatur
1979 2957 2135 3014 miles

2231 1780 2357 1821 cum
2388 1764 2485 1820 Dei
2510 1750 2686 1836 gratia
2709 1765 2943 1834 paravit,
2972 1772 3034 1821 ut
3060 1766 3153 1836 qui
3185 1764 3394 1821 familia
3421 1775 3542 1823 erat
3588 1767 3832 1840 ignotus,

2235 1855 2563 1913 claresceret
2598 1856 2880 1912 moribus?
2911 1855 3068 1913 Unde
3101 1857 3293 1914 Cicero
3330 1857 3705 1929 pulcherrime
3733 1861 3835 1916 ad-

2231 1967 2424 2009 versus
2452 1951 2768 2009 Sallustium
2800 1967 2986 2024 agens,
3023 1969 3044 2005 t
3080 1951 3277 2020 Velim,
3306 1954 3507 2026 inquit,
3542 1955 3676 2010 mihi
3744 1971 3835 2011 re-

2238 2047 2539 2116 spondeat:
2590 2044 2844 2115 Nunquid
2897 2045 2975 2111 hi,
3003 2060 3140 2116 quos
3185 2046 3410 2117 protulit
3453 2045 3740 2115 Scipiones
3777 2055 3836 2103 et

2236 2137 2502 2205 Metellos,
2534 2146 2660 2193 ante
2690 2136 2893 2193 fuerint
2922 2136 3165 2208 opinioni
3192 2146 3247 2193 et
3276 2136 3483 2210 gloriae,
3523 2152 3688 2208 quam
3739 2154 3836 2195 eos

2234 2247 2321 2287 res
2351 2246 2462 2287 suae
2490 2239 2677 2302 gestae,
2708 2239 2765 2287 et
2785 2230 2896 2285 vita
2926 2230 3368 2286 innocentissime
3395 2239 3517 2284 acta
3550 2246 3839 2287 commen-e

2234 2324 2417 2383 davit?
2440 2323 2595 2393 Quod
2622 2324 2668 2378 si
2702 2323 2807 2379 hoc
2834 2322 2938 2377 fuit
2966 2322 3073 2379 illis
3113 2321 3331 2377 initium
3360 2322 3599 2379 nominis
3640 2330 3698 2379 et
3750 2323 3837 2378 di-

2233 2418 2477 2490 gnitatis,
2530 2433 2628 2473 cur
2674 2431 2783 2472 non
2837 2431 2990 2487 aeque
3038 2416 3106 2472 de
3150 2416 3307 2473 nobis
3355 2416 3771 2472 :estimabitur?
3812 2434 3831 2469 ι

2236 2510 2512 2581 Itemque:
2544 2529 2561 2561 ι
2584 2508 2765 2576 Quare
2784 2508 2892 2564 noli
2921 2507 3054 2564 mihi
3084 2508 3337 2579 antiquos
3362 2509 3511 2564 viros
3532 2506 3835 2576 objectare.

2236 2601 2421 2658 Satius
2448 2609 2533 2657 est
2559 2601 2706 2655 enim
2738 2614 2823 2655 me
2859 2598 2997 2654 meis
3028 2599 3190 2655 rebus
3218 2598 3387 2669 gestis
3413 2596 3631 2665 ﬂorere,
3673 2611 3838 2667 quam

2236 2693 2503 2764 majorum
2534 2707 2779 2748 meorum
2812 2689 3066 2762 opinione
3110 2688 3230 2755 niti,
3281 2697 3336 2744 et
3380 2687 3483 2759 31
3517 2688 3591 2742 ita
3626 2687 3838 2752 vivere,

2234 2798 2298 2844 ut
2326 2801 2426 2859 ego
2464 2785 2567 2841 sim
2595 2782 2825 2855 posteris
2855 2781 2990 2837 meis
3029 2778 3328 2836 nobilitatis
3356 2779 3598 2844 initium,
3644 2787 3702 2834 et
3726 2778 3842 2831 vir-

2241 2880 2373 2935 tutis
2399 2877 2728 2948 exemplum.
2773 2895 2792 2928 »
2822 2873 3138 2929 His‘contra
3187 2870 3348 2926 hodic
3400 2870 3600 2941 agitur.
3636 2868 3842 2923 Mavult

2239 2973 2385 3028 enim
2412 2970 2534 3041 quis
2559 2982 2721 3025 avum
2750 2964 2982 3031 laudari,
3012 2978 3176 3035 quam
3205 2976 3280 3019 se.
3323 2980 3342 3015 ι
3379 2960 3739 3031 Splendidum
3766 2968 3839 3026 te,

542 3064 744 3122 fuisse:
769 3064 892 3135 quis
925 3062 1069 3119 imus
1100 3060 1292 3116 minus
1311 3056 1499 3130 νειθντ
1526 3054 1805 3119 “rimam”
1831 3069 1900 3107 ³η
1929 3051 2135 3121 Ρίθιοτῖ
2167 3059 2212 3120 C
2247 3072 2324 3128 ait
2344 3069 2593 3135 Boetius,
2625 3067 2675 3123 si
2706 3075 2851 3121 tuam
2882 3078 2989 3119 non
3025 3059 3215 3126 habes,
3243 3057 3418 3114 aliena
3447 3056 3719 3113 claritudo
3735 3070 3841 3110 non

538 3160 754 3234 aliptes,
782 3176 852 3215 an
894 3171 1124 3229 auceps;
1152 3153 1415 3218 cetarius,
1462 3166 1529 3205 an
1558 3147 1786 3221 figulus;
1835 3153 2032 3210 sartor;
2065 3159 2134 3198 an

539 3251 743 3321 fartor;
768 3250 1040 3323 mulio,,an
1070 3247 1277 3320 sagmio
1305 3244 1418 3319 (46)
1435 3243 1598 3299 fuerit
1617 3260 1630 3307 ;
1655 3248 1931 3313 postremo
1949 3252 2134 3308 eques,

541 3362 613 3404 an
636 3345 909 3420 agricola;
939 3357 1150 3410 servus,
1182 3356 1253 3396 an
1288 3338 1463 3395 liber?
1488 3336 1629 3419 .Quis
1670 3334 1991 3389 recordatur
2016 3336 2141 3401 post

540 3440 761 3507 omnia;
790 3452 916 3495 nam

663 3541 832 3594 Servis
854 3549 1012 3604 regna
1032 3534 1237 3599 dabunt,
1258 3531 1462 3598 captivis
1485 3530 1580 3582 lata
1605 3525 1922 3590 triumphum.

540 3655 604 3705 ut
639 3644 910 3718 quondam
940 3656 1039 3713 per
1076 3638 1363 3711 quemdam
1406 3641 1682 3689 cantatum
1719 3636 1803 3683 est
1840 3625 2137 3695 satirogra-

540 3739 744 3811 phum;
800 3734 945 3806 quod
993 3741 1174 3788 tamen
1204 3744 1311 3784 non
1360 3726 1505 3791 fatis,
1562 3724 1658 3781 sed
1710 3723 1970 3789 disposito
2017 3718 2140 3788 jure

542 3830 836 3889 ascribitur
871 3823 1312 3897 cunctipotentis.
1353 3820 1493 3888 Quid
1527 3833 1681 3883 vero,
1721 3817 1765 3872 si
1807 3816 1894 3870 cui
1926 3814 2139 3868 illorum

544 3921 835 3996 contigerit
899 3918 1045 3991 quod
1095 3915 1310 3972 cuidam
1365 3910 1572 3965 tibicini
1623 3906 1915 3977 contigisse
1965 3903 2141 3958 Varro

546 3992 720 4075 testis
743 4028 849 4080 est,
897 4009 1045 4083 quod
1081 4007 1335 4063 videlicet
1373 4001 1661 4073 aliquando
1696 3999 1859 4054 etiam
1914 3992 2137 4066 ignobili

619 4148 737 4223 (44)
750 4146 1054 4223 summates
1085 4139 1278 4223 classis
1293 4133 1700 4223 Alexandrini?"
1723 4127 2074 4223 nominantur
2097 4122 2141 4179 L

546 4202 845 4279 32‘codieis
864 4214 1072 4273 Tlieod.
1106 4211 1186 4265 De
1225 4205 1607 4263 Nauiculariis.
1638 4202 1737 4257 Hic
1768 4210 1953 4279 autem
1993 4212 2138 4279 sitm-

1060 4296 1126 4337 ac
1154 4280 1470 4336 nobiliarum
1502 4286 1557 4331 et
1581 4273 1955 4347 potentiorum.
1999 4268 2141 4347 Con-

549 4339 1066 4420 :"Et
1116 4350 1316 4408 soboles
1363 4339 1629 4420 servorum
1683 4344 1970 4420 obtinentes
2016 4339 2141 4420 insi.

2242 3162 2427 3220 eilicit.
2465 3181 2483 3214 ι
2531 3158 2801 3214 Cmterum
2830 3162 2891 3211 ut
2918 3153 2986 3209 ad
3013 3153 3086 3219 id,
3114 3151 3258 3222 quod
3300 3148 3566 3205 usualiter
3595 3147 3844 3218 quotidie

2242 3255 2518 3310 cernimus
2561 3249 2899 3320 contingere,
2938 3244 3180 3310 redeam,
3222 3255 3403 3297 nonne
3450 3239 3603 3295 vides
3639 3238 3842 3294 multos

2241 3347 2404 3405 hodie
2428 3343 2711 3414 obsequio,
2741 3353 2836 3397 aut
2864 3339 3108 3411 quolibet
3143 3335 3360 3407 ingenio
3390 3349 3499 3390 non
3528 3332 3696 3390 modo
3724 3347 3841 3388 me-

2243 3442 2352 3499 reri
2382 3441 2719 3503 libertatem;
2765 3450 2954 3491 verum
2994 3442 3051 3488 et
3081 3433 3250 3503 ipsam
3301 3427 3649 3484 dominorum
3701 3442 3842 3482 nan-

2242 3535 2374 3593 cisci
2420 3532 2817 3596 haereditatem,
2863 3527 3142 3597 nobilique
3171 3537 3481 3596 quanquam
3524 3520 3727 3591 impari
3766 3520 3845 3575 in-

2242 3627 2579 3684 terveniente
2604 3620 2901 3684 connubio,
2929 3631 3208 3674 servorum
3241 3612 3354 3685 (49)
3385 3611 3676 3668 dominica:
3723 3625 3846 3681 per.

2243 3735 2385 3790 saepe
2409 3719 2570 3773 etiam
2599 3712 2846 3785 praeferri
2873 3708 3259 3782 propaginem?
3305 3704 3533 3761 Factum
3574 3703 3671 3769 sit,
3706 3703 3846 3758 inlc—

2243 3819 2389 3866 ctum
2419 3808 2509 3869 sit,
2543 3811 2823 3860 narratum
2854 3808 2937 3857 est
2961 3800 3103 3869 quod
3123 3796 3321 3852 refero.
3344 3792 3639 3863 Cujusdam
3660 3793 3845 3848 divitis

2242 3902 2385 3958 ﬁlius
2429 3907 2603 3971 gutta,
2638 3910 2802 3967 quam
2840 3892 3083 3950 cadivam
3122 3887 3234 3962 (50)
3284 3887 3493 3953 dicunt,
3529 3884 3842 3939 laborabat.

2242 3994 2571 4050 Medicorum
2594 4004 2755 4045 omne
2781 3983 3291 4058 probatissimorum
3331 3994 3462 4052 erga
3493 3993 3621 4034 eum
3666 3975 3842 4033 inefﬁ-

2242 4133 2327 4184 est
2356 4122 2616 4193 simplicis
2638 4120 2841 4184 militis,
2877 4132 2986 4193 quo
3014 4116 3235 4193 nomine
3259 4125 3845 4193 _que_mcunque_com-

2242 4181 2528 4270 plectitur,
2545 4193 2635 4264 qui
2653 4208 2719 4247 ex
2737 4181 2970 4270 proprio
2982 4181 3311 4270 patrimonio
3337 4185 3543 4270 vivens
3558 4181 3590 4235 a
3623 4181 3842 4270 plebeio

2245 4253 2674 4339 distinguebatur
2701 4281 2713 4317 :
2739 4253 3271 4339 'undeliliro'quarto
3292 4270 3444 4311 num.
3478 4253 3570 4319 15,
3605 4253 3838 4339 militum

2246 4357 2275 4396 a
2306 4325 2515 4410 plebeio
2543 4348 2832 4410 secernens
2870 4332 2991 4386 ait:
3042 4325 3294 4410 Vidistine
3334 4341 3567 4406 unquam
3615 4325 3841 4405 militent

546 4396 1395 4506 gxezch‘ie'r'ewdi-tate:summatum,
1428 4396 1655 4487 indepta:
1689 4396 1908 4469 easdem
1955 4412 2136 4484 quouis
2164 4415 2216 4475 Ι)
2242 4396 2332 4467 αιά
2362 4407 2666 4506 plebeiuml?
2692 4400 3403 4506 Mlile‘s'autcmvocqbatur,
3436 4396 3528 4465 qui
3548 4409 3635 4506 lex
3666 4397 3839 4506 patri-

656 4505 664 4506 ,
2246 4482 2424 4506 -_--..:..
2449 4494 2611 4506 n_..n.
2639 4493 2669 4506 Δ
2704 4492 2730 4506 ιι
2757 4491 2786 4506 η
2826 4490 2852 4506 n
2883 4488 2948 4506 III‘
2998 4487 3123 4506 nllln
3168 4486 3200 4506 n
3222 4482 3486 4506 nprlmnnn
3514 4482 3540 4506 fl
3570 4480 3702 4506 mum
3764 4480 3839 4506 ιρ-

504 4554 507 4559 λ
548 4505 753 4648 mag?
773 4568 1136 4648 Frequentius
1157 4565 1354 4638 legitur
1377 4559 1691 4648 sculdascio,
1723 4551 2098 4648 vilic-ltitia}:
2113 4565 2133 4604 :

546 4623 1001 4718 qub—tlvho—nietjtvih
1021 4623 1170 4718 Italia
1200 4623 1594 4718 Esurpatumua
1624 4623 1994 4718 Langobardis
2016 4623 2131 4718 ori-

586 4696 919 4773 ﬁleiri‘diiéii‘.
949 4711 1275 4775 Comitatus,
1299 4696 1374 4760 uti
1403 4696 1529 4761 erat
1554 4696 1901 4775 Veronensis,
1929 4696 2136 4775 divide-

587 4734 728 4773 inem
752 4734 919 4772 uucit.
949 4734 1275 4775 uonmatus,
1301 4734 1374 4760 υιι
1403 4734 1524 4761 σιαι
1568 4734 1901 4763 temnens",

547 4734 711 4845 Eatur
737 4788 790 4842 in
817 4784 1171 4843 sculdascias,
1203 4793 1434 4850 quarum
1472 4772 1949 4850 judex_tticeba_tur
1992 4765 2137 4818 scul-

437 4894 454 4909 ο
546 4839 907 4914 Eiiiiofvide
937 4839 1289 4908 Muratotitiin
1314 4858 1445 4904 tom.
1473 4839 1512 4901 ἰ
1540 4844 1726 4912 Antiq.
1771 4839 1974 4914 Italic”
2006 4850 2130 4914 pag.

502 4986 507 4993 ,
547 4907 1047 4986 Ξῖέίέέοίάἆέοἰὺιη
1069 4907 1250 4993 autem
1265 4917 1554 4993 Ratherius
1576 4907 1855 4982 distinguit
1876 4927 1910 4993 a
1924 4907 2127 4993 judice;

548 4976 1206 5072 quialidm'edscoldascii
1231 4989 1506 5060 iudicibus
1530 4993 1539 5002 '
1549 4976 2131 5072 pagoru'utvelI

549 5049 1057 5133 li)_rum"at‘tribuit;
1113 5049 1310 5119 nom-en
1371 5073 1513 5133 vero
1542 5049 1744 5133 judicia
1790 5053 1869 5133 iis
1906 5049 2133 5133 largitur

2235 4991 2527 5071 quantitate
2578 4991 2793 5058 animm,
2826 5007 2873 5045 c.
2906 4991 3013 5071 _19.

2245 4465 2428 4539 monia
2449 4480 2671 4549 proprio
2703 4476 2967 4549 alebatur,
2998 4470 3134 4549 q_uia_
3166 4470 3486 4549 plerumque
3513 4465 3702 4549 aliquo
3742 4466 3845 4519 be-

2244 4536 2465 4617 neﬁcio:
2486 4536 2574 4604 vel
2612 4546 2776 4602 feudo
2818 4545 2933 4600 sive
2965 4536 3246 4617 principis,
3276 4536 3683 4617 siveEcclesia:
3704 4550 3838 4605 gau-

2243 4628 2396 4685 dens.
2426 4610 2682 4682 militare,
2713 4631 2836 4671 cum
2857 4610 2992 4684 opus
3021 4610 3184 4676 esset,
3216 4610 3470 4685 debebat.
3492 4646 3510 4657 .

2315 4680 2623 4767 ($6)__Yulg.
2661 4680 2867 4767 eagnio,
2892 4680 3190 4753 corrupte.
3241 4681 3573 4767 Legendumi
3606 4680 3838 4748 sagmio,

2242 4751 2333 4839 qui
2383 4751 2602 4820 scilicet:
2634 4751 2964 4830 sagittarium
2995 4795 3011 4821 ,
3072 4751 3169 4809 Seu
3222 4751 3585 4808 sarcinarium
3635 4765 3838 4820 equum

2242 4840 2373 4909 agit.

2308 4926 2420 5001 (47)
2462 4923 2590 4980 Haec
2628 4919 2767 5001 apud
2805 4916 3175 5001 Augustinum
3202 4912 3688 5001 letiamuleguntur
3708 4909 3841 5001 Ξ

3070 4987 3304 5055 Quidam
3352 4984 3578 5052 tibicen,
3636 4984 3838 5052 inquit,

2237 5056 2291 5124 ίιι
2324 5068 2490 5122 Varro
2528 5075 2715 5121 auctor
2756 5056 2851 5127 est,
2899 5063 2977 5115 ita
3014 5059 3267 5130 papulum
3294 5056 3592 5121 delectavit,
3644 5064 3700 5108 ut
3750 5068 3843 5106 rex

755 5118 1269 5213 civitatevju‘stitiam
1313 5118 1802 5213 administrabant,
1821 5118 2130 5213 etdstcgl‘tla:
2234 5118 2405 5209 ᾖενέῇ

550 5188 830 5262 ἷῶὸῖίῖὴῖιᾟ
844 5188 1275 5262 antecedebant.
1309 5200 1522 5258 Gradus
1555 5196 1806 5253 nimirum
1832 5188 2127 5261 nobilitatis

2314 5230 2428 5262 (tm
2476 5227 2735 5262 Dnnnnlue
2804 5223 2857 5262 ἰιΙ
2900 5230 2982 5262 act
3012 5235 3259 5262 "bonum,
3295 5234 3387 5262 ςριι
3414 5217 3575 5262 rnan'r
3606 5215 3842 5262 admini-
