4038 5388
217 331 319 386 169

1187 323 1756 394 ιοηιειορυιοῐιωι
1797 320 1972 377 LIBRI
2013 319 2166 376 SEX.
2205 351 2269 361 —
2311 320 2437 375 Llii.
2482 321 2518 373 1.
2551 387 2554 391 _

3382 323 3480 377 εἶθ

205 467 308 507 cax
349 448 656 519 ingenium,
686 445 753 501 ad
792 443 1224 514 deSperationem
1273 443 1463 498 salutis
1510 452 1794 512 paternum
1829 443 1870 500 Λ
1904 437 2142 491 rirentur
2169 435 2305 505 (52),
2335 451 2441 504 quo
2475 449 2594 488 mea
2620 447 2786 502 opera
2808 433 2972 489 etiam
3003 435 3052 488 in
3077 435 3179 490 boe
3208 436 3480 508 aliquibus

202 548 367 606 atque
397 546 709 590 maternum
735 534 1032 588 deduxerat
1059 531 1332 586 animum:
1359 546 1482 585 eum
1509 545 1636 585 ecce
1660 544 1798 584 unus

203 647 492 687 servorum
541 628 798 699 suggerit,
823 635 890 684 ,ut
930 624 1092 679 ﬂores
1129 623 1566 693 arborislpersici
1597 623 1800 692 optime

203 722 523 783 mandatos,
557 719 734 790 primo
760 717 929 770 Lunis
957 716 1042 769 die
1090 714 1204 785 (51)
1252 713 1452 784 Aprilis
1493 714 1695 768 mensis
1745 713 1799 766 in

201 826 331 866 vase
380 811 564 864 vitreo
617 807 972 878 colligerent:
1016 802 1160 882 quod
1207 803 1307 858 sub
1348 803 1528 856 radice
1555 803 1798 871 ejusdem

203 901 442 966 arboris,
484 900 672 955 insciis
695 898 964 961 erunibus,
994 896 1062 950 ab
1105 910 1212 949 uno
1241 911 1349 965 quo
1390 895 1591 974 vellent
1637 893 1801 949 sull'oo

201 994 444 1056 deretur,
489 991 683 1047 eodem
714 991 798 1045 die
827 1003 1116 1044 reversuro
1149 987 1286 1056 ipso,
1331 1001 1362 1040 a
1407 1001 1515 1054 quo
1561 987 1798 1056 positum

202 1091 302 1142 est,
342 1097 494 1135 anno
531 1090 808 1151 vergente,
863 1078 907 1132 si
952 1078 1067 1131 ﬁeri
1124 1084 1339 1146 posset,
1395 1075 1528 1130 hora
1587 1091 1802 1145 quoque

203 1172 416 1235 eadem,
449 1180 506 1226 et
535 1170 734 1225 effosso
774 1183 920 1231 vase,
973 1167 1133 1222 liores
1164 1167 1217 1220 in
1268 1166 1444 1232 oleum
1485 1181 1798 1230 conversos,

201 1264 460 1316 arborem
489 1263 750 1316 siccatam
782 1260 1068 1314 inventuro
1093 1277 1105 1310 ε
1135 1259 1286 1328 quod,
1313 1257 1413 1312 sub
1445 1257 1618 1312 altare
1658 1258 1802 1327 posi—

204 1365 338 1420 tum,
387 1339 715 1426 presbytero
745 1366 956 1422 quoque
1014 1351 1325 1419 ignorante,
1373 1365 1564 1406 novem
1620 1351 1803 1406 missis

204 1459 368 1514 super
413 1459 483 1499 eo
522 1443 834 1508 celebratis,
860 1441 1317 1505 sa_nctilicaretur,
1361 1441 1650 1496 et.statim
1682 1450 1805 1510 post

204 1552 491 1591 accessum
522 1535 760 1602 ejusdem
795 1533 966 1589 morbi
1000 1547 1192 1587 novem
1217 1533 1423 1588 vicibus
1462 1532 1517 1586 in
1551 1534 1800 1587 haustum
1843 1537 1848 1541 ’

203 1628 398 1681 diatim
425 1627 638 1682 scilicet
665 1641 810 1696 aegro
852 1626 1096 1688 daretur,
1147 1639 1271 1679 cum
1323 1624 1570 1680 oratione
1621 1624 1814 1685 Domis

205 1722 347 1784 nica,
383 1721 458 1773 ita
489 1720 774 1782 duntaxat,
808 1726 866 1771 ut
897 1725 1018 1787 post
1048 1717 1139 1771 sed
1177 1715 1344 1771 libera
1382 1733 1475 1770 nos
1507 1735 1539 1770 a
1580 1717 1742 1780 malo,
1772 1731 1800 1769 a

1903 527 2215 596 suﬂ'ragium
2262 535 2448 581 contra
2481 525 2782 594 hujusmodi
2825 527 3222 583 incommodum
3262 546 3484 600 parare-

1905 629 2010 684 tur,
2061 629 2115 675 et
2160 628 2230 684 te,
2279 634 2402 674 cum
2449 633 2556 687 quo
2601 619 2730 672 mihi
2788 634 2968 675 sermo
3021 629 3127 684 cst,
3176 622 3482 692 bujusmodi

1901 715 2162 784 exemplis
2193 711 2668 768 commonefaciam
2699 730 2717 762 t
2755 728 2822 766 ne
2855 722 2904 766 te
2931 714 3246 782 quaesiveris
3269 725 3419 770 extra
3456 735 3475 767 ι

1904 820 2038 859 neve
2061 804 2224 858 stulte
2237 803 2393 857 alicui
2421 802 2514 865 tibi
2541 802 2776 854 maxime
2788 804 3163 856 commendato
3179 803 3291 873 (55)
3319 803 3482 859 veluti

1904 897 2220 951 nobiliorem
2251 904 2302 950 te
2331 894 2465 949 velis
2493 893 2771 964 praeferre,
2801 905 2982 948 certus
3009 903 3060 950 te
3089 895 3329 963 ejusdem
3357 913 3486 952 con-

1905 985 2144 1048 ditionis,
2174 983 2414 1052 ejusdem
2445 983 3069 1053 mortalitatis,ejus.lem
3093 984 3330 1053 pulveris
3343 1002 3486 1051 esse,

1906 1059 2327 1144 dignitatemque
2359 1072 2562 1136 saeculi,
2584 1074 2635 1142 .si
2665 1073 2988 1128 enucleatim
3015 1075 3354 1140 discutiatur,
3380 1094 3486 1132 non

1907 1165 1959 1218 in
2010 1180 2225 1234 genere,
2272 1163 2364 1219 sed
2419 1164 2471 1218 in
2517 1163 2629 1232 ipsa
2675 1165 2972 1220 consistere
3028 1167 3389 1236 possessione,
3433 1169 3488 1222 in

1906 1266 2164 1326 quantum
2198 1257 2446 1320 videlicet
2488 1272 2591 1309 non
2641 1256 2786 1324 ipsos
2815 1256 3080 1320 homines,
3111 1260 3204 1314 sed
3241 1275 3325 1324 ea,
3371 1275 3492 1328 qua:

1907 1350 2260 1403 circumstant
2287 1347 2612 1411 hominibus,
2643 1347 2892 1401 videmur
2922 1363 3178 1416 pensare,
3210 1349 3494 1416 gloriosio-

1906 1452 2130 1507 remque
2169 1437 2280 1507 (δι)
2313 1436 2550 1490 futuram
2581 1434 2696 1504 ejus
2731 1436 2992 1499 sobolem,
3036 1439 3087 1492 si.
3113 1438 3322 1492 fortuna
3349 1455 3378 1493 a
3418 1447 3490 1503 te,

1909 1538 1965 1582 ut
1997 1529 2068 1583 ita
2099 1530 2295 1595 dicam,
2335 1532 2401 1584 ad
2423 1529 2571 1584 illum
2602 1530 2891 1594 transiens,
2921 1545 3042 1584 eam
3067 1531 3308 1594 divitem,
3345 1541 3490 1586 tuam

1907 1622 2199 1677 reddiderit
2227 1637 2550 1691 pauperem;
2585 1621 2712 1685 imo,
2761 1621 3068 1691 uti-absque
3108 1622 3212 1676 tilla
3267 1635 3496 1678 cuncta-

1909 1713 2052 1768 tione
2078 1714 2220 1783 quod
2244 1729 2429 1782 verum
2453 1723 2535 1767 est
2564 1712 2855 1782 proferam,
2884 1714 3280 1782 Oinnipotentis
3315 1717 3490 1785 dispo-

205 1812 370 1866 dante
393 1812 690 1872 diceretur,
717 1809 883 1863 libera
916 1808 1059 1862 Deus
1084 1807 1247 1862 istum
1282 1807 1559 1862 hominem
1583 1809 1802 1862 nomine
1834 1799 1878 1857 Β
1907 1804 2070 1858 situm
2126 1804 2271 1858 illam
2327 1804 2650 1869 sublimare,
2695 1813 2842 1857 tuam
2887 1803 3118 1858 voluerit
3169 1805 3487 1868 humiliare;

205 1903 281 1957 ill.
308 1919 342 1958 a
373 1913 522 1974 gutta
545 1902 737 1956 cadiva
767 1900 872 1970 32
910 1909 965 1955 et
994 1899 1189 1969 quibus
1216 1915 1409 1956 novem
1441 1901 1631 1956 diebus
1674 1902 1804 1956 mis-

205 2007 320 2046 sam
388 1990 633 2061 quotidie
681 1990 913 2053 audiret,
968 2003 1217 2059 azymum
1268 2003 1463 2060 panem
1515 1989 1804 2059 cibumque

207 2079 740 2151 quadragesimalem
785 2088 907 2148 post
947 2076 1211 2147 jejunium
1253 2087 1495 2147 caperet,
1539 2088 1702 2148 atque
1731 2081 1802 2134 ita

207 2173 317 2227 De»
351 2173 647 2226 miserante
689 2169 1117 2225 convalesceret.
1152 2169 1376 2223 Factum
1408 2179 1515 2234 est,
1549 2170 1592 2224 si
1624 2181 1802 2224 tamen

208 2262 416 2318 laetum
467 2271 572 2328 est,
605 2262 698 2316 ille
730 2261 1026 2324 convaluit,
1060 2275 1250 2315 servus
1293 2260 1666 2330 emancipatus
1699 2271 1799 2325 est,

207 2359 376 2412 etiam
409 2357 582 2411 [iteres
623 2355 918 2425 ascriptus,
953 2355 1216 2410 medicina
1259 2355 1329 2409 ab
1358 2356 1655 2415 innumeris
1710 2369 1806 2425 ap-

207 2451 463 2519 probata,
514 2448 704 2507 multis,
751 2463 967 2518 quoque
1019 2448 1211 2502 salutis
1267 2447 1494 2503 contulit
1533 2447 1800 2502 remedia.

208 2541 322 2596 Hoc
352 2540 471 2596 ideo
500 2539 660 2595 libuit
687 2538 912 2604 referre,
938 2548 997 2592 ut
1024 2547 1079 2593 et
1103 2537 1342 2608 legentes
1366 2537 1611 2591 eamdem
1642 2551 1803 2606 expe-

206 2693 370 2746 lilicis
401 2693 596 2762 probat
637 2693 891 2762 Cangius,
926 2692 976 2746 in
1023 2691 1219 2761 quilms
1261 2690 1490 2761 legitur:
1528 2687 1804 2761 ΕρὶΙρριὶ.ἱ

209 2764 484 2825 dicuntur,
538 2765 627 2833 qui
664 2774 862 2831 guttam
898 2763 1084 2815 habent
1114 2763 1370 2833 cadirant.

279 2834 398 2900 (51)
442 2834 498 2886 In
531 2831 863 2887 membranis
889 2847 1031 2899 saepe
1053 2833 1292 2887 occurrit
1308 2831 1392 2884 die
1413 2831 1577 2885 Lunis
1599 2847 1696 2901 pro
1717 2832 1804 2886 die

210 2903 399 2963 Liuiae,
445 2902 497 2954 id
519 2913 610 2960 est
639 2903 771 2956 l'eria
803 2904 1057 2958 secunda.
1315 2959 1318 2963 ,
1491 2957 1494 2962 ,

281 2973 401 3040 (52)
448 2971 831 3040 Superstitiosa
865 2975 1101 3027 remedia
1135 2972 1427 3026 Ratlierius
1459 2974 1559 3026 hoc
1591 2971 1707 3041 ipso
1745 2972 1797 3026 in

210 3043 350 3095 libro
380 3053 545 3095 antea
575 3043 851 3095 damnavit
887 3044 953 3096 de
1001 3044 1224 3097 medicis
1253 3043 1527 3097 disserens
1573 3059 1717 3094 num.
1745 3045 1799 3096 'l.

211 3115 351 3178 Quid
379 3127 513 3182 ergo
540 3113 816 3178 cujusdam
847 3113 1065 3167 remedii
1097 3115 1528 3183 experimentum
1561 3113 1661 3166 hoc
1686 3113 1803 3167 loco

212 3185 428 3246 suadet,
462 3184 603 3250 quod
632 3198 762 3237 sane
786 3183 1373 3252 superstitiosissimum
1403 3183 1528 3236 est?

282 3254 400 3322 (53)
445 3254 808 3306 Commendati
861 3255 1218 3318 dicebantur,
1277 3255 1583 3323 quicunque
1642 3254 1796 3308 liberi

212 3323 469 3376 homines
498 3338 616 3376 sese
661 3323 901 3392 patronis
923 3333 974 3375 et
1003 3325 1308 3378 senioribus
1335 3325 1798 3386 commendantes,

213 3410 368 3446 suam
404 3394 512 3446 illis
531 3409 770 3461 operam,
803 3404 891 3446 aut
919 3395 1196 3447 servitium
1226 3393 1437 3462 aliquod
1466 3393 1796 3463 obligabant.

214 3463 398 3518 Titulo
414 3465 557 3516 enim
583 3465 827 3532 sequenti
856 3463 930 3517 De
951 3465 1290 3523 mercenario,
1313 3465 1514 3525 cliente,
1543 3480 1630 3516 seu
1663 3481 1802 3516 coui-

215 3536 466 3586 mendato
498 3533 653 3587 veluti
685 3545 1034 3602 patronorum
1068 3533 1408 3588 correlativis
1436 3534 1565 3603 agit.
1605 3533 1803 3586 Confer

216 3604 420 3657 ibidem
461 3613 633 3657 notas.
691 3603 807 3656 Duo
835 3603 1088 3657 Ludovici
1137 3604 1214 3658 Pii
1247 3603 1534 3672 diplomata
1568 3619 1595 3654 a
1643 3603 1802 3656 Petro

217 3673 436 3727 Pitbaao
465 3675 606 3726 edita
640 3683 765 3726 sunt
797 3675 847 3727 in
878 3674 1174 3727 Annalibus
1206 3674 1534 3726 Framxorum
1579 3682 1706 3726 to'u.
1740 3673 1799 3732 ll,

218 3759 342 3813 pag.
370 3744 474 3797 ‘29!
505 3753 560 3796 et
586 3743 714 3806 294,
750 3746 800 3796 in
830 3745 1024 3811 quibus
1047 3745 1114 3798 de
1143 3743 1393 3810 Hispanis
1423 3744 1676 3810 loquitur,
1712 3746 1800 3810 qui

219 3830 284 3868 ex
316 3813 576 3882 Hispania
608 3830 637 3882 a
663 3813 946 3868 Saraceni.-
977 3823 1233 3882 occupata
1262 3816 1314 3866 in
1346 3813 1599 3866 Iinitimas
1620 3814 1805 3868 Galliae

221 3881 477 3952 regiones
530 3881 884 3953 aufugientes,
936 3899 1054 3937 sese
1110 3881 1441 3945 comit—ibus,
1496 3891 1588 3936 aut
1637 3885 1807 3936 vassis

219 3955 386 4022 regiis
412 3955 878 4016 commendantes,
914 3955 979 4005 ab
1005 3955 1082 4005 eis
1109 3955 1220 4007 loca
1257 3954 1468 4006 deserta
1513 3953 1799 4006 babitamh

219 4035 274 4076 et
317 4023 616 4078 excolenda
661 4032 1000 4091 acceperant.
1049 4023 1110 4075 lli
1165 4032 1322 4077 erant
1376 4024 1612 4077 minores
1662 4026 1802 4076 vassi

219 4109 436 4158 eorum,
465 4095 556 4162 qui
604 4095 654 4146 id
699 4093 1013 4146 beneﬁcium
1058 4095 1186 4162 ipsis
1236 4094 1607 4157 contulerant;
1667 4094 1807 4162 ipso-

222 4179 453 4232 rumque
491 4165 753 4234 obligatio
800 4163 1114 4234 Ιιίβᾼγρτὶήε
1163 4163 1476 4233 designatur
1529 4164 1579 4216 in
1633 4167 1806 4232 primo

223 4235 556 4301 diplomate:
594 4232 654 4288 Si
705 4232 1012 4300 beneﬁcium
1060 4232 1577 4302 aliquodquispiam
1630 4251 1807 4287 em‘um

225 4303 288 4355 ab
318 4320 400 4366 eo,
446 4305 532 4357 cui
565 4321 620 4356 se
657 4303 1055 4364 commendavit,
1108 4305 1263 4370 fuerit
1301 4314 1634 4366 consecutus;
1677 4307 1824 4357 sciat'

224 4389 278 4425 se
311 4376 377 4425 tle
404 4374 642 4427 illo-tale
667 4374 968 4442 obsequium
995 4373 1187 4425 sa-uiori
1212 4390 1303 4426 suo
1343 4374 1580 4426 exhibere
1605 4375 1807 4436 debere,

225 4443 380 4511 quale
406 4454 664 4512 nostrates
685 4445 920 4496 homines
943 4443 1006 4494 de
1039 4443 1197 4495 simili
1237 4443 1482 4509 beneﬁcio
1520 4444 1808 4496 senioribus

1906 1909 2026 1964 qua:
2056 1894 2236 1948 omnia
2267 1893 2310 1948 si
2345 1894 2457 1963 ipse
2505 1894 2598 1948 tibi
2633 1908 2738 1947 non
2779 1893 2995 1956 suades,
3049 1893 3197 1946 visus
3245 1895 3492 1959 suadeat,

1906 1983 1989 2037 vel
2045 1984 2258 2054 sapiens
2304 1983 2392 2038 ille
2448 1984 2631 2038 dicens
2687 1984 2752 2038 de
2798 1982 2996 2037 talibus
3036 1983 3226 2060 :_Vitli
3282 2002 3492 2040 servum

1905 2077 2165 2127 sedentem
2210 2074 2264 2126 in
2314 2072 2428 2126 loco
2475 2073 2804 2126 dominorum
2861 2073 3009 2145 (55);
3053 2073 3314 2144 longeque
3367 2077 3495 2131 licet

1908 2162 2080 2231 impar
2109 2161 2277 2227 alius,
2325 2161 2550 2226 Divitis,
2598 2162 2869 2230 inquiens,
2922 2163 3057 2216 servi
3101 2163 3298 2218 claudit
3351 2165 3490 2219 latus

1907 2251 2250 2320 ingenuorum
2273 2251 2438 2319 ﬁlius.

2111 2347 2228 2401 V'idi
2283 2356 2464 2402 autem
2503 2348 2824 2417 quibusdam
2883 2349 3175 2419 pessimum
3221 2349 3488 2419 quoddam

1909 2440 2085 2494 inesse
2136 2439 2322 2494 vitium
2349 2481 2364 2505 ,
2415 2443 2557 2510 quod
2609 2449 2761 2497 tanto
2807 2443 2985 2496 minus
3027 2444 3180 2498 valeo
3227 2443 3490 2498 intactum

1908 2532 2237 2601 relinquere,
2291 2542 2495 2602 quanto
2549 2534 2722 2604 magis
2781 2533 2908 2588 illud
2947 2535 3000 2589 in
3031 2536 3349 2605 memetipso
3378 2536 3493 2607 (56)

1905 2686 2094 2741 valeret
2125 2686 2334 2751 servire,
2367 2686 2436 2740 ad
2477 2704 2530 2740 se
2558 2688 2876 2757 sequendum
2910 2706 3011 2743 non
3057 2690 3311 2745 dubitavit
3351 2692 3488 2746 irre-

1905 2758 2022 2830 tire,
2067 2767 2112 2810 et
2149 2775 2192 2830 _i_t
2233 2760 2686 2830 magnoprofeclu
2713 2760 2781 2812 ad
2809 2759 3088 2813 immanem
3119 2761 3373 2830 defectum
3396 2762 3494 2815 tle-

1905 2829 2112 2883 dueere.
2146 2826 2290 2889 Huic,
2337 2828 2437 2880 nisi
2476 2828 2726 2888 fallimur,
2786 2830 3023 2884 iudicare
3068 2826 3320 2885 videntur
3379 2832 3494 2885 Hil-

1906 2899 2152 2959 duinutu,
2203 2899 2308 2965 qui-
2349 2897 2587 2962 deiectus
2638 2914 2666 2951 a
2717 2899 2844 2954 sede
2891 2899 3225 2961 Leodiceusi,
3284 2902 3335 2955 in
3383 2902 3488 2956 Ita-

1906 2969 2031 3021 liam
2083 2968 2423 3034 profecturus
2470 2968 2538 3021 ad
2595 2968 3106 3042 lltigniieinircgem
3169 2974 3498 3042 consangui-

1905 3053 2078 3113 neum
2105 3053 2280 3113 suum,
2312 3052 2547 3113 sperans
2591 3038 2726 3113 fore,
2763 3049 2820 3092 ut
2869 3041 2934 3093 ab
2969 3038 3155 3113 eodem
3214 3041 3265 3113 in
3315 3038 3494 3113 aliqua

1909 3108 2080 3182 Italici
2120 3108 2267 3182 regni
2309 3107 2552 3182 Ecclesia
2602 3108 2976 3174 collocaretur,
3026 3111 3366 3177 Ratlicrium,
3397 3107 3491 3182 qui

1907 3179 2120 3249 quietus
2144 3177 2300 3249 copia
2343 3177 2615 3249 arridente
2652 3189 2863 3248 poterat
2909 3189 3001 3234 aut
3052 3182 3104 3233 in
3159 3177 3492 3238 monasterio

1903 3247 2156 3302 Lobiensi
2195 3247 2515 3320 sibimetipsi
2547 3247 2749 3311 vivere,
2784 3259 2878 3302 aut
2910 3265 3105 3320 magno
3132 3266 3254 3305 cum
3277 3253 3488 3307 emolu-

1905 3329 2088 3391 mento
2125 3318 2328 3391 servire
2355 3317 2466 3391 alii,
2490 3333 2579 3391 _ex_.
2605 3320 2761 3391 gr._ei
2792 3317 3065 3389 episcopo,
3091 3321 3182 3391 qui
3218 3322 3270 3374 in
3299 3321 3497 3377 Leodi-

1903 3389 2048 3442 censi
2081 3388 2337 3441 cathedra
2383 3387 2639 3442 Hilduino
2685 3388 2860 3444 fuerat
2912 3387 3254 3456 subrogatus,
3290 3391 3494 3446 Ruthe-

1906 3460 2064 3522 rium,
2093 3458 2333 3524 inquam,
2367 3458 2578 3527 induxit
2608 3459 2674 3510 ad
2711 3474 2768 3512 se
2807 3460 3136 3527 sequendum
3176 3461 3228 3512 in
3259 3461 3491 3522 Italiam,

1904 3529 2001 3607 ubi
2025 3545 2056 3579 a'
2096 3542 2311 3607 magna
2331 3526 2592 3594 profectu,
2639 3543 2800 3607 quem
2827 3526 3093 3607 v_isus_est
3120 3529 3486 3607 fecisse,__cum

1903 3597 2093 3650 eodem
2138 3595 2388 3649 llilduiuo
2439 3607 2628 3664 agente
2659 3595 2768 3651 fuit
2806 3599 2872 3651 ad
2913 3599 3282 3666 episcopatum
3329 3601 3495 3654 Vero-

1907 3681 2124 3720 nensem
2153 3674 2453 3734 promotus,
2485 3668 2552 3720 ad
2583 3668 2869 3721 immanem
2916 3667 3180 3721 defectum
3228 3669 3491 3724 deductas

1905 3747 2008 3800 est,
2037 3752 2159 3808 cum
2191 3735 2259 3808 ab
2287 3737 2506 3808 llugone
2525 3747 2737 3808 captus,
2762 3737 3005 3808 Papieusi
3030 3739 3258 3801 carceri,
3291 3739 3342 3792 in
3381 3755 3514 3808 quo'

1909 3809 2022 3860 haec
2048 3805 2341 3878 scribebat,
2369 3807 2598 3860 traditus
2619 3806 2738 3862 fuit.
2771 3805 2887 3862 Non
2909 3807 3010 3861 alia
3034 3809 3252 3878 quidem
3279 3805 3490 3864 ratione

1909 3876 2070 3945 (quod
2089 3877 2355 3948 sciamus)
2385 3891 2472 3948 ea,
2528 3893 2646 3947 qua:
2678 3879 2730 3948 in
2765 3876 3064 3946 semetipsa
3091 3893 3179 3948 se”
3205 3889 3489 3948 expertum

1909 3947 2154 4018 scripsit,
2189 3947 2253 4018 ad
2287 3945 2602 4018 Rutberiuin
2647 3946 2836 4000 referri
2868 3945 3089 4018 queunt.
3141 3945 3288 4002 llmc'
3310 3960 3488 4003 autem

1911 4017 2304 4088 interpretatio,
2344 4017 2546 4088 sivcra
2595 4019 2694 4082 sit,
2729 4017 2921 4088 autem
2968 4033 3088 4088 qua:
3138 4019 3498 4085 subjiciuntur

1910 4087 1976 4141 de
2010 4087 2261 4141 Hilduino
2287 4096 2344 4140 et
2390 4087 2649 4159 Ra_t_herio
2687 4087 3028 4159 intelligenda
3074 4097 3126 4142 et
3177 4091 3494 4159 explicanda

1911 4166 2091 4211 erunt.
2144 4159 2420 4224 Quatenus
2461 4157 2698 4211 llilduiui
2749 4158 2918 4225 gloria
2957 4157 3317 4214 resurrexei'it
3371 4178 3495 4214 eum

1914 4242 2069 4296 poma
2087 4243 2178 4280 seu
2195 4242 2411 4280 carcere
2425 4225 2915 4297 Ratlierii,ejusque
2928 4228 3199 4281 creverint
3213 4232 3495 4284 Commoda

1914 4313 2035 4351 cum
2072 4298 2225 4349 istius
2253 4298 2611 4359 detrimentis,
2662 4299 2963 4366 ignoratur.
3018 4297 3178 4352 Forte
3211 4299 3515 4354 llilduinus

1917 4369 1967 4420 in
2004 4366 2390 4437 Veronensium
2445 4368 2735 4437 rebellione
2789 4368 2992 4437 l-lugoui
3039 4368 3258 4432 favens,
3307 4380 3499 4423 contra

1919 4438 2092 4506 ipsum
2124 4436 2462 4499 Ratherium,
2507 4453 2630 4491 cum
2670 4436 2910 4504 ejusdem
2949 4438 3093 4507 regis
3125 4438 3361 4494 favorem
3399 4441 3503 4494 sibi

227 4507 338 4565 suis
362 4507 600 4567 exhibere
617 4517 802 4567 solent.
837 4513 890 4564 In
918 4513 1157 4565 secundo
1188 4507 1370 4566 autem
1402 4513 1690 4580 diplomate
1721 4529 1815 4566 eos
1849 4527 1892 4580 ι)
1923 4508 2104 4580 magis
2135 4509 2410 4580 magisque
2437 4507 2801 4580 conciliasset.
2830 4518 3028 4577 pra-ter
3071 4511 3505 4578 archiepiscopa-

229 4599 523 4652 eorumque
554 4595 802 4653 posteros
851 4583 1032 4646 terris,
1060 4598 1194 4650 quas
1225 4592 1570 4652 acceperunt,
1613 4585 1815 4651 privari

229 4668 336 4705 non
367 4670 527 4722 posse,
555 4654 822 4708 decernit.

302 4721 416 4792 (δί)
461 4721 716 4792 Explica:
768 4723 834 4776 IL”:
869 4722 1097 4777 sobolem
1147 4723 1268 4789 ejus-
1298 4723 1411 4794 (tibi
1467 4722 1708 4794 scilicet,
1760 4730 1820 4776 ut

233 4805 388 4846 antea
428 4795 586 4858 dixit,
633 4794 860 4847 maxime
887 4794 1258 4861 commendati)
1288 4793 1520 4859 futuram
1549 4793 1818 4860 gloriosio-

235 4880 365 4923 ιιι-ιιι,
388 4865 432 4916 si
461 4867 672 4931 fortuna
697 4864 981 4924 transiens,
1013 4874 1065 4916 ut
1091 4865 1164 4915 ita
1194 4863 1390 4923 dicam,
1421 4880 1450 4914 a
1475 4872 1523 4914 te
1545 4864 1612 4914 ad
1646 4864 1816 4922 illum,

237 4934 518 4986 reddiderit
541 4951 654 4987 eam
687 4933 913 4987 sobolem
942 4933 1084 4987 illius
1119 4933 1350 4996 divitem,
1379 4942 1524 4984 tuam
1562 4950 1677 4986 vero
1705 4933 1821 4985 red-

235 5004 426 5073 diderit
453 5020 751 5073 pauperem.
771 5035 774 5038 -
1097 5036 1099 5038 -

311 5072 422 5142 (55)
460 5072 760 5127 Concinunt
785 5090 906 5127 cum
933 5074 1016 5128 his
1038 5074 1125 5128 illa
1151 5072 1504 5128 Ecclesiastes
1529 5087 1576 5126 c.
1597 5090 1654 5135 κ,
1678 5087 1820 5126 vers.

238 5142 269 5193 7
293 5141 327 5194 :'
353 5141 471 5194 Vidi
498 5160 665 5197 servos
692 5146 745 5197 in
771 5145 936 5215 equis,
967 5157 1012 5198 et
1036 5145 1298 5215 principes
1329 5143 1653 5197 ambulantes
1669 5157 1825 5212 super

239 5222 434 5264 terram
459 5216 604 5270 quasi
633 5231 823 5268 serves.

1924 4575 2033 4628 tuni
2059 4575 2531 4640 Mediolanensem,
2565 4594 2724 4645 quem
2762 4575 2872 4643 jam
2903 4585 3061 4632 antea
3095 4575 3270 4632 fuerat
3314 4575 3506 4634 canae-

1923 4657 2098 4709 cutus,
2132 4646 2331 4715 aliquid
2359 4648 2586 4715 amplius
2613 4647 2681 4700 ab
2708 4650 2895 4701 eodem
2927 4664 3051 4716 rege
3079 4651 3334 4712 obtinuit,
3359 4651 3503 4717 quod

1925 4732 2182 4787 tumorem
2221 4719 2267 4769 ei
2315 4718 2540 4786 gloriam
2583 4730 2637 4772 ct
2679 4718 2963 4771 utilitatem
3010 4720 3236 4787 peperit.
3283 4719 3505 4772 Interim

1921 4802 2053 4841 vero
2100 4786 2374 4850 Ratlierio,
2425 4789 2514 4855 qui
2559 4789 2732 4858 ipsum
2777 4789 2952 4841 fuerat
2995 4786 3246 4850 secutus,
3280 4804 3418 4840 nunc
3452 4789 3513 4839 in~

1925 4859 2356 4929 carcere‘posito
2388 4858 2588 4913 nullam
2641 4859 3015 4912 retributionis
3046 4861 3282 4929 gratiam
3323 4870 3511 4925 repen-

1925 4927 2102 4980 debat.
2137 4926 2287 4993 Quod
2315 4928 2358 4980 si
2388 4944 2549 4997 quam
2573 4926 3068 4997 compensationem
3096 4928 3193 4996 ipsi
3220 4927 3509 4991 tribuerat,

1928 4997 2053 5051 dum
2090 5014 2212 5052 eum
2246 4999 2310 5052 ad
2336 4998 2702 5056 Vet‘oucnsem
2745 4999 2926 5051 sedem
2963 4999 3380 5066 promovendum
3409 5011 3514 5066 icu-

1929 5070 2067 5120 ravit
2088 5109 2102 5130 ,
2131 5077 2250 5136 post
2280 5068 2629 5131 discordiam,
2662 5083 2780 5136 qua:
2821 5065 2973 5121 inter
2989 5066 3294 5136 Hilduinum
3327 5073 3381 5136 et
3408 5065 3516 5120 Ru-

1930 5135 2158 5190 tlierium
2219 5138 2288 5191 ob
2336 5152 2611 5208 receptum
2660 5135 2892 5208 Veroane
2927 5135 3224 5208 Arnoldium
3282 5135 3517 5193 subinde

1927 5219 2112 5262 exorta
2149 5217 2252 5269 est,
2302 5207 2441 5261 idem
2465 5204 2759 5266 Ἠὶιιίυὶιιιιε
2794 5207 2990 5259 oblitus
3027 5204 3276 5258 amicitia:
3301 5215 3502 5270 praitcr
