4038 5388
544 244 635 299 ΠΙ

1490 238 1815 293 RATliEﬂll
1855 233 2078 292 EPISC.
2124 232 2374 290 VERON.
2413 234 2564 291 OPP.
2609 234 2789 291 PARS
2826 235 2867 290 i.

3718 235 3826 293 {72

542 356 648 428 33
662 339 937 426 expertus,
955 336 1102 410 velut
1125 354 1178 407 iu
1202 353 1432 423 quodam
1462 352 1679 421 possum
1702 349 1841 405 libro
1863 347 2120 433 relegere.
2156 357 2199 412 Α
2230 353 2530 411 moratum,
2569 356 2629 400 ut
2665 346 2852 417 exigas
2876 344 2962 417 ,[/'.
2989 346 3189 420 erigas]
3241 348 3486 404 animum
3516 347 3584 403 ad
3615 360 3784 404 cavea
3810 377 3822 385 -

540 447 787 502 Invenies
816 445 959 501 enim
992 444 1288 514 quemlibet
1314 442 1573 497 nobilium
1604 440 1860 496 omnibus
1876 454 2018 512 pene
2046 452 2131 494 re-

462 587 472 610 ,
539 542 642 595 bus
672 538 1007 602 destitutum,
1043 536 1283 607 potentia
1312 546 1368 591 et
1394 535 1657 604 dignitate
1695 535 1763 607 (si
1787 548 1954 603 quam
1991 533 2130 601 forte

542 630 769 700 adeptus
791 629 895 699 est)
926 627 1038 698 (57)
1064 627 1362 690 viduatum,
1394 626 1717 696 penitusque
1758 633 2020 695 quantum
2061 622 2131 678 ad

544 721 597 772 id
614 718 757 788 quod
780 716 1038 789 cupiditia
1061 716 1252 781 dictat,
1284 724 1340 770 et
1371 715 1625 771 nobilitas
1645 714 1951 784 expostulat
1981 712 2130 781 deje-

543 822 715 876 ctum,
747 811 851 881 qui-
866 818 1056 866 contra
1086 816 1197 862 tam
1228 809 1422 863 duram
1462 808 1739 863 infortunii
1767 807 2127 862 calamitatem

545 899 825 955 brachium
871 899 1083 969 erigere
1128 898 1326 964 nitens,
1362 912 1461 953 nec
1489 910 1587 968 per
1615 912 1674 953 se
1714 897 1861 968 (quia
1904 895 1980 950 ita
2010 911 2131 952 sese

542 999 736 1044 natura
783 988 1087 1060 huiusmodi
1119 995 1410 1044 conatuum
1440 987 1623 1059 habet)
1670 984 1875 1057 aliquid
1920 986 2127 1052 valens,

542 1081 875 1151 quempiam,
908 1080 1001 1150 qui
1043 1079 1277 1149 quietus,
1311 1078 1466 1149 copia
1505 1079 1800 1141 arridente,
1846 1086 1940 1132 aut
1989 1078 2043 1132 in
2070 1092 2130 1133 se

543 1171 872 1235 subsistere,
924 1179 1018 1224 aut
1066 1185 1190 1225 cum
1236 1170 1428 1241 grandi
1478 1179 1719 1239 quaestus
1763 1169 2129 1225 emolumento

544 1260 700 1314 alteri
749 1259 953 1313 valeret
1001 1259 1240 1322 servire.
1289 1258 1585 1315 dulcisonis
1638 1258 2127 1329 blandiloquiorum

543 1350 813 1407 illecebris
840 1351 907 1406 ad
947 1366 1005 1406 se
1042 1352 1377 1421 sequendum
1413 1365 1520 1406 non
1552 1351 1760 1407 dubitet
1790 1352 2038 1417 irretire,
2074 1360 2129 1406 et

543 1462 572 1499 ιι
603 1461 802 1517 magno
835 1444 1081 1515 profectu
1115 1445 1182 1499 ad
1221 1445 1512 1499 immanem
1538 1443 1808 1500 defectum
1840 1444 2124 1500 deducere.

542 1536 649 1591 Sed
669 1535 795 1591 dum
827 1536 984 1590 istius
1012 1548 1169 1604 pruna
1198 1534 1342 1590 illius
1372 1534 1733 1591 resurrexerit
1756 1533 1947 1605 gloria,
1973 1534 2128 1589 istius

541 1624 882 1681 detrimentis
930 1624 1073 1679 illius
1115 1625 1390 1680 creverint
1418 1626 1733 1692 commoda;
1781 1635 1875 1680 aut
1908 1626 2126 1695 penitus

2232 435 2383 497 dum,
2418 436 2463 490 si
2497 436 2782 491 Dominum
2812 436 2896 492 vis
2919 436 3119 493 habere
3144 439 3457 510 propitium.

2465 526 2589 583 Tt'r.
2630 527 2724 583 XI.
2745 557 2818 570 -—-
2844 528 2918 584 De
2948 530 3267 585 mercenaria
3291 540 3339 586 et
3362 531 3566 587 cliente.

2301 619 2388 675 26.
2432 618 2823 685 Merccnarius,
2873 621 3062 687 cliens,
3101 622 3216 677 sive
3242 623 3656 679 commendatus
3700 624 3819 697 (6i)

2232 709 2449 765 cuilibet
2472 711 2567 765 es?
2601 711 2737 765 Audi
2764 702 3168 782 'przecipientem
3194 712 3477 768 Dominum
3503 730 3517 766 :
3547 713 3703 781 Quod
3723 715 3821 769 tibi

2233 823 2336 860 non
2376 806 2453 859 vis
2492 806 2627 875 ﬁeri,
2659 805 2753 860 alii
2778 821 2843 860 ne
2868 806 3051 876 feceris
3078 806 3232 878 (Tob.
3263 822 3337 873 tv,
3370 807 3494 879 16);
3546 809 3715 879 quod,
3750 803 3822 863 ἰιι

2231 896 2499 966 quomodo
2539 896 2606 949 ad
2655 905 2705 951 te
2753 897 3042 967 pertineat,
3082 897 3468 961 demonstrem,
3508 897 3705 953 hortor
3748 909 3809 953 ut

2231 986 2388 1042 sicuti
2425 1001 2454 1040 a
2484 994 2713 1055 patrono
2742 1002 2849 1041 non
2880 988 2963 1042 vis
2998 987 3181 1042 debito
3207 987 3414 1043 servitii
3445 987 3689 1043 fraudari
3717 987 3821 1043 do-

2232 1078 2433 1144 nativo,
2465 1078 2540 1132 ita
2571 1091 2767 1155 caveas
2815 1093 2881 1132 ne
2907 1079 3126 1149 quando
3156 1079 3243 1133 ille
3281 1095 3310 1132 a
3341 1086 3395 1134 te
3433 1077 3620 1133 debito
3662 1078 3823 1133 frau—

2231 1168 2390 1224 detur
2411 1169 2693 1239 obsequio,
2719 1183 2787 1223 ne
2815 1170 2882 1255 die
2905 1177 2958 1224 te
2984 1170 3244 1239 conqueri
3270 1171 3538 1226 videatur.
3567 1170 3823 1241 Sapiens,

2230 1260 2321 1330 qui
2348 1259 2475 1315 dicit
2502 1274 2518 1313 :
2544 1258 2702 1314 Multi
2723 1262 2878 1331 quasi
2934 1261 3282 1316 inventionem
3316 1262 3704 1316 a'stimaverunt
3729 1262 3827 1331 fc-

2231 1367 2351 1416 uus,
2376 1361 2424 1405 et
2446 1352 2800 1422 prasliterunt
2840 1351 3131 1405 molestiam
3173 1351 3257 1405 Itis
3281 1352 3373 1423 qui
3396 1367 3453 1406 se
3475 1352 3816 1422 adjecerunt.

2235 1443 2406 1497 Donec
2431 1443 2713 1513 accipiant,
2746 1442 3056 1497 osculantur
3089 1458 3279 1498 manus
3305 1444 3504 1507 dantis,
3537 1453 3585 1498 et
3619 1445 3675 1499 in
3698 1460 3826 1514 pro~

2228 1534 2564 1589 missionibus
2589 1523 2871 1588 humiliant
2894 1550 3070 1589 vocem
3093 1550 3270 1602 suam,
3293 1544 3341 1589 et
3370 1535 3425 1589 in
3447 1544 3680 1605 tempore
3703 1536 3829 1590 red-

2228 1627 2445 1681 ditionis
2478 1626 2759 1696 postulabit
2795 1634 3021 1697 tempus,
3056 1636 3104 1680 et
3137 1628 3379 1697 loquetur
3411 1627 3567 1682 verba
3602 1628 3825 1682 twdiiet

540 1715 741 1770 nullam
756 1716 946 1771 videtis
961 1715 1166 1772 referre
1187 1715 1465 1787 condignae
1482 1717 1855 1773 retributionis
1869 1718 2121 1788 gratiam,
2157 1704 2200 1763 Β
2229 1717 2727 1780 murmurationum,
2764 1725 2813 1769 et
2849 1726 3052 1786 tempus
3101 1716 3408 1771 causabitur
3439 1714 3628 1785 (Eccli.
3663 1732 3821 1781 xxix,

541 1814 634 1857 aut
662 1806 705 1859 si
735 1820 840 1874 qua
859 1804 1023 1860 fuerit
1041 1806 1417 1875 compensatio
1447 1805 1726 1871 attributa,
1754 1820 1915 1875 parva
1941 1806 2013 1860 sit
2034 1814 2129 1862 aut

545 1908 763 1964 magna,
792 1902 845 1947 et
873 1893 1053 1963 aliqua
1081 1894 1368 1950 discordiae
1388 1895 1581 1949 saltem
1603 1896 1688 1949 vel
1714 1896 1983 1951 levissima
2006 1896 2130 1952 sub-

544 1984 814 2052 repserint
864 1983 1116 2049 divortia,
1147 1983 1375 2038 oblitum
1424 1983 1671 2056 [subaudi
1701 1985 1941 2040 invenies
1976 1984 2124 2057 eum]

540 2073 793 2127 amicitia:
834 2074 1144 2144 prteteritee,
1175 2072 1403 2128 oblitum
1454 2083 1564 2128 tam
1608 2075 1764 2129 bonae
1809 2074 2124 2141 voluntatis,

540 2172 599 2216 ut
621 2161 770 2217 nullo
808 2177 1033 2218 munere
1070 2164 1211 2234 quod
1252 2163 1392 2219 solet
1431 2163 1618 2219 oculos
1655 2164 1971 2234 decipiendo
2008 2164 2126 2219 alli-

539 2268 685 2320 cere,
708 2254 804 2311 sed
843 2254 959 2311 sola
986 2270 1072 2322 ea,
1098 2270 1219 2327 quae
1248 2254 1407 2311 fortis
1428 2264 1513 2311 est
1539 2263 1599 2310 ut
1628 2271 1774 2312 mors
1798 2254 1974 2327 (Cant.
2001 2271 2123 2322 vm,

539 2347 630 2415 ti),
680 2344 971 2401 dilectione
1013 2346 1310 2414 suadente,
1362 2362 1421 2402 se
1464 2348 1679 2416 penitus
1718 2347 1997 2418 neglecto,
2048 2349 2124 2404 illi

538 2434 787 2493 tualuerit
830 2437 995 2491 etiam
1034 2451 1156 2491 cum
1186 2438 1313 2493 vita:
1360 2439 1662 2496 innumeris
1693 2440 1948 2510 periculis
1996 2454 2124 2496 suc-

536 2541 782 2592 currere,
823 2536 881 2582 ut
918 2527 1144 2597 gloriam
1179 2538 1276 2584 aut
1309 2530 1566 2584 amissam
1604 2539 1699 2584 aut
1727 2530 1991 2601 potiorem
2030 2546 2126 2585 va-

536 2620 673 2672 leret
703 2632 1045 2690 recuperare,
1072 2634 1235 2690 quam
1263 2620 1462 2675 suimet
1485 2635 1671 2675 curam
1699 2635 1907 2693 gerere,
1935 2629 1991 2676 et
2018 2619 2121 2678 sibi

537 2709 870 2777 necessaria,
898 2724 1022 2766 cum
1049 2710 1243 2768 adesse
1270 2710 1596 2781 potuissent,
1625 2713 1692 2767 ad
1720 2722 1844 2769 vota
1870 2724 2118 2784 captare;

535 2801 764 2857 oblitum
810 2816 1025 2868 eorum,
1055 2817 1178 2872 qua:
1211 2813 1340 2859 tunc
1366 2802 1479 2875 (58)
1505 2804 1752 2875 utrisque
1800 2804 2038 2871 inerant,
2067 2815 2122 2860 et

535 2891 835 2948 crescendo
860 2892 928 2948 de
958 2892 1045 2948 die
1078 2894 1133 2947 in
1171 2892 1314 2948 diem
1351 2893 1539 2950 adesse
1583 2904 1857 2965 poterant,
1893 2896 2122 2966 quibus-

535 2997 643 3054 que
666 2985 882 3057 quando
908 2982 1165 3053 deceptus
1193 2990 1278 3038 est
1311 2982 1569 3054 pollebat,
1600 2983 1689 3040 illa
1726 2986 2116 3057 improperare,

2230 1808 2286 1873 4,
2308 1807 2386 1877 ϐ).
2421 1806 2657 1877 Tempus
2700 1817 2885 1862 autem
2931 1807 3270 1873 redditionis,
3298 1824 3460 1878 quam
3491 1808 3823 1877 promisisti,

2231 1910 2444 1967 tempus
2494 1897 2733 1969 intelligo
2786 1898 3088 1964 servitutis,
3135 1899 3353 1968 quando
3390 1914 3580 1953 manus
3626 1900 3810 1955 mani-

2230 1990 2332 2045 bus
2374 1989 2598 2059 iunxisti
2647 1990 2881 2045 senioris
2905 1990 3040 2061 (63).
3084 1989 3228 2045 Cave
3266 2004 3418 2060 ergo,
3450 2005 3517 2045 ne
3551 1991 3821 2062 segniter,

2227 2079 2477 2151 superbe,
2508 2088 2601 2133 aut
2627 2079 2919 2135 inlideliter
2946 2080 3089 2149 quod
3116 2079 3385 2151 pollicitus
3410 2094 3470 2134 es
3489 2094 3825 2152 exsequens,

2229 2171 2357 2226 illud
2400 2170 2540 2226 beati
2585 2169 2687 2225 Job
2722 2171 2817 2225 tibi
2849 2170 3086 2226 videaris
3131 2170 3439 2241 applicare:
3474 2168 3583 2235 Vir,
3618 2171 3822 2242 inquit,

2229 2279 2390 2318 uanus
2419 2264 2474 2317 in
2504 2262 2805 2333 superbiam
2839 2262 3082 2334 erigitur,
3124 2273 3171 2317 et
3210 2262 3364 2331 quasi
3400 2259 3603 2331 pullum
3628 2263 3821 2333 onagri

2226 2371 2282 2409 se
2312 2354 2533 2409 liberum
2576 2364 2760 2433 natant
2796 2370 2908 2409 esse
2942 2346 3101 2423 ‘putat
3148 2353 3273 2425 (Job
3302 2369 3379 2417 χι,
3408 2353 3517 2421 Β).
3558 2350 3825 2409 Libet-tun

2227 2444 2371 2499 enim
2402 2452 2454 2499 te
2480 2458 2822 2514 nequaquam
2864 2452 3050 2499 natum
3085 2457 3228 2509 esse,
3279 2441 3544 2498 sententia
3573 2441 3823 2509 ejusdem

2225 2533 2373 2590 vales
2406 2535 2713 2601 advertere,
2744 2548 2866 2589 cum
2902 2534 3177 2589 hominem
3219 2535 3289 2589 ad
3316 2533 3555 2588 laborem
3586 2532 3677 2588 ille
3713 2548 3821 2587 na-

2226 2626 2303 2679 sci
2347 2624 2495 2680 dicat
2522 2622 2883 2695 apertissime
2925 2640 2939 2676 :
2986 2622 3139 2678 labor
3182 2636 3312 2678 vero
3357 2620 3529 2692 magis
3564 2620 3824 2675 servituti

2225 2731 2388 2783 quam
2418 2714 2656 2772 libertati
2707 2716 2922 2772 videtur
2961 2728 3298 2787 congruere;
3336 2713 3478 2770 unde
3506 2722 3563 2768 et
3590 2714 3816 2784 quidam

2224 2809 2480 2879 sapiens:
2506 2808 2743 2873 Cibaria,
2792 2808 2992 2877 inquit,
3040 2817 3089 2862 et
3130 2823 3268 2861 auus
3308 2806 3481 2871 asino,
3512 2813 3562 2859 et
3581 2803 3739 2873 panis
3768 2814 3820 2860 et

2224 2896 2502 2968 disciplina
2532 2907 2689 2968 atque
2717 2913 2847 2967 opus
2876 2912 3021 2950 servo
3062 2893 3253 2967 (Ercli.
3285 2909 3481 2960 xxxiii,
3509 2893 3627 2964 25).
3678 2891 3825 2948 "ine

2226 2991 2407 3059 itaque
2437 2987 2643 3044 Seneca
2672 3006 2684 3042 :
2722 3006 2740 3040 s
2783 2986 3138 3054 Beneﬁcium,
3165 2987 3264 3053 ait,
3297 2986 3567 3055 accipere,
3596 2982 3708 3056 35
3750 2984 3821 3039 li-

536 3076 606 3132 ud
627 3054 750 3149 qua
770 3074 885 3145 jam
916 3077 1175 3146 deceptus
1207 3077 1291 3133 sui
1317 3092 1481 3133 causa
1507 3078 1725 3143 decidit,
1754 3054 1846 3150 qui
1876 3054 2115 3135 comme-
2147 3054 2192 3118 (ἶ
2225 3054 2491 3133 beristem
2520 3088 2605 3133 est
2630 3078 2881 3134 vendere.
2912 3098 2934 3131 ι
2985 3076 3065 3132 Ne
3088 3092 3220 3148 ergo
3245 3076 3390 3132 hanc
3420 3054 3513 3131 tibi
3562 3054 3817 3145 arrogcs,

536 3176 715 3223 morat
751 3166 897 3240 (59);
958 3166 1185 3222 oblitum
1245 3182 1433 3223 eorum
1463 3182 1585 3237 qua:
1634 3168 1787 3224 illum
1836 3169 1971 3224 vidit
2018 3170 2121 3225 ha-

535 3255 742 3325 buisse,
781 3256 869 3313 illa
898 3270 1347 3326 commemorare,
1389 3273 1510 3329 quae
1538 3274 1634 3329 per
1661 3274 1722 3316 se
1749 3259 1975 3333 contigit
2012 3276 2119 3317 non

533 3350 756 3409 habere.
811 3348 923 3422 3‘.
966 3348 1342 3406 Remiuiseens
1389 3366 1625 3422 namque
1670 3351 1812 3422 quod
1870 3352 2118 3417 contulit,

533 3442 1041 3511 obliviscitur-qua:
1089 3440 1348 3508 abstulit;
1400 3441 1637 3498 recitans
1689 3443 1755 3497 ad
1802 3456 1923 3512 qua:
1970 3441 2122 3497 ilium

536 3533 751 3599 extulit,
787 3540 934 3588 tacet
971 3548 1001 3587 a
1032 3533 1229 3602 quibus
1263 3531 1492 3601 dejecit;
1542 3542 1726 3589 tacens
1754 3532 1924 3590 decus
1953 3532 2123 3603 ipsius

522 3623 836 3680 nobilitatis
865 3624 1008 3695 (60),
1058 3634 1263 3690 notam,
1317 3636 1483 3692 quam
1532 3623 1647 3694 ipse
1698 3623 1906 3690 intulit,
1957 3623 2124 3681 refert

536 3714 884 3785 paupertatis.
941 3712 1055 3769 Hoc
1101 3723 1309 3768 tantum
1342 3712 1521 3779 nefas,
1552 3728 1677 3769 cum
1709 3714 1778 3767 ad
1808 3713 2123 3770 describen-

538 3806 687 3871 dum,
718 3812 778 3859 ut
804 3813 912 3872 est,
943 3804 1118 3860 locum
1150 3803 1336 3870 alium,
1386 3806 1772 3875 propriumque
1800 3800 2005 3875 ﬂagitet
2034 3812 2122 3860 to-

540 3910 685 3951 mum
716 3892 828 3961 i6!)
894 3891 1124 3951 sanciat
1153 3894 1241 3951 hic
1278 3909 1343 3949 ve
1398 3908 1466 3949 es
1506 3894 1840 3964 aliquantulo
1885 3909 2124 3951 comme-

540 4115 791 4184 dcceptus
807 4112 927 4184 luit,
946 4109 1112 4166 relert
1136 4125 1301 4167 unum
1328 4125 1561 4184 musaea;
1579 4126 1753 4184 quas
1779 4126 1834 4165 es
1859 4111 2029 4184 amcii,
2072 4111 2123 4167 id

539 4194 625 4240 est
650 4179 813 4238 unum
845 4182 1186 4252 episcopum'
1218 4189 1274 4237 et
1300 4196 1354 4235 ιι.
1378 4179 1468 4247 18,
1501 4180 1592 4253 ubi
1622 4179 1767 4253 hunc
1794 4179 2121 4253 praecipuum

540 4269 697 4330 suum
726 4250 1072 4330 deceptoretn
1104 4267 1365 4330 summurn
1395 4250 1666 4330 appellat,
1696 4252 1749 4305 in
1780 4266 1889 4321 quo
1912 4250 2027 4330 tota
2056 4251 2123 4330 [i-

541 4325 695 4378 ducia
721 4324 841 4378 boni
863 4333 972 4395 erat
999 4321 1275 4395 aﬂuente:
1322 4321 1766 4392 deceptionisque
1799 4322 2018 4378 modum
2052 4324 2120 4378 si-

540 4391 1004 4465 gnillcat._(.‘.onler
1026 4392 1220 4465 ibidem
1249 4400 1404 4465 notas

611 4463 725 4536 (57)
770 4462 951 4529 Forte,
996 4462 1198 4536 inquit,
1244 4462 1697 4536 quiallilduinus
1741 4463 2111 4534 episcopatum

535 4532 943 4605 Leodieenseiu,
994 4548 1092 4605 pro
1120 4532 1312 4605 luerat
1351 4533 1623 4605 viduatus,
1671 4532 1866 4605 magna
1910 4532 2114 4605 eligen-

538 4609 672 4662 tium
696 4603 975 4675 discordia
1019 4603 1430 4675 obtinueratLet
1470 4603 1618 4659 brevi
1646 4604 1715 4657 ab
1748 4603 1938 4675 eodem
1966 4603 2113 4675 deje-

539 4687 659 4737 ctus
684 4673 805 4729 fuit.
835 4672 1033 4729 Conler
1066 4672 1303 4728 auctoris
1336 4670 1540 4738 Vitam,
1565 4689 1714 4727 nunt.
1742 4673 1829 4729 l0.

608 4746 723 4829 (58)
749 4743 1001 4829 Mendose
1043 4743 1096 4829 in
1127 4742 1358 4829 vulgatis
1375 4758 1474 4829 lout
1505 4754 1648 4829 tunc:
1678 4743 2115 4829 Deindeﬂuilrus-

536 4812 655 4888 que,
686 4812 898 4886 ᾁνιιαιιαο
919 4813 1162 4888 decoctus
1183 4812 1279 4888 est,
1302 4812 1548 4888 oolleoat,
1579 4814 1661 4888 _i_d_
1681 4826 1766 4868 eat
1783 4812 1980 4888 quibus
2006 4812 2115 4888 ila-

540 4881 747 4943 iherius
776 4887 830 4939 in
850 4885 1160 4954 episcopatu
1190 4882 1486 4941 Veronensi
1508 4881 1761 4954 pollebat,
1786 4881 2117 4954 quandoqde-

540 4968 727 5028 ceptus
756 4954 853 5010 luit
884 4952 899 4954 “
926 4952 1263 5022 Deceptiouts
1292 4969 1464 5025 genus
1486 4953 1630 5022 quod
1658 4955 1838 5017 fuerit,
1881 4952 2116 5024 explica-

540 5028 716 5078 \imus
743 5029 793 5078 in
824 5024 961 5078 Vita.
999 5024 1026 5078 ὅ
1058 5027 1110 5078 6.

540 5024 716 5083 nam
743 5029 793 5080 in
824 5024 961 5091 Vita,
999 5024 1028 5091 ᾗ
1058 5027 1110 5078 6.

611 5024 716 5081 nus
743 5029 793 5080 in
824 5024 961 5091 Vita,
999 5024 1028 5096 ᾗ
1058 5027 1110 5078 6.
1304 5024 1313 5025 “

611 5096 727 5167 (59)
778 5095 882 5167 Qui
941 5103 1360 5167 conmemorat,_
1386 5095 1443 5167 id
1479 5106 1564 5151 est
1610 5094 1699 5162 qu'
1744 5094 1871 5167 haec
1903 5094 2117 5167 scribit.

539 5162 680 5227 Hinc
709 5162 967 5233 seipsum.
988 5166 1082 5233 qui
1116 5166 1231 5220 haec
1256 5163 1495 5232 scripsit,
1525 5180 1650 5220 eum
1677 5176 1801 5233 esse
1827 5162 2120 5233 signiﬁcat,

540 5237 634 5304 qui
662 5230 918 5301 deceptus
963 5230 1080 5299 fuit,
1116 5242 1171 5289 et
1205 5247 1303 5289 eas
1340 5230 1392 5286 in
1420 5247 1692 5304 germanas
1736 5231 1952 5304 decidit.
2005 5230 2118 5304 ιιίιτ

536 5299 768 5388 tininut'n
795 5299 939 5388 vero,
970 5320 1128 5388 quem
1157 5312 1379 5388 secutus
1412 5301 1615 5381 fuerat,
1637 5300 1783 5354 illum
1810 5299 1994 5388 fuisse,
2020 5300 2114 5368 qui

2223 3183 2384 3238 quam
2418 3166 2551 3221 lucri
2581 3181 2744 3223 causa
2782 3167 3068 3223 vendidisti
3114 3166 3419 3223 libertatem
3442 3206 3459 3235 ,
3495 3165 3582 3221 l'ac
3633 3167 3826 3235 potius

2223 3258 2365 3328 quod
2388 3256 2643 3314 Salomon
2681 3259 2956 3324 hortatur,
2986 3257 3189 3313 nullum
3229 3255 3436 3312 scilicet
3480 3254 3577 3310 tibi
3611 3263 3665 3311 le
3690 3269 3817 3311 esse

2225 3352 2423 3407 debere
2449 3351 2787 3423 perpendens
2829 3352 3144 3407 amiciorem
3187 3368 3201 3404 :
3248 3348 3357 3404 Fili
3389 3349 3481 3415 uti,
3508 3349 3555 3402 si
3591 3364 3820 3418 spopon-

2224 3443 2365 3497 deris
2403 3459 2497 3513 pro
2541 3444 2711 3497 amico
2754 3453 2866 3511 tuo,
2895 3443 3124 3513 defixiin
3155 3442 3229 3497 ad
3255 3453 3562 3496 extraneum
3596 3455 3817 3495 manuus

2225 3541 2393 3586 ticum.
2408 3529 2524 3586 Fac
2545 3548 2666 3602 ergo
2681 3533 2819 3603 quod
2832 3533 2973 3597 dico,
2988 3531 3068 3602 [ili
3092 3532 3179 3597 mi,
3206 3542 3253 3585 et
3280 3530 3605 3599 telitetipsum
3626 3527 3822 3594 libera.

2224 3622 2348 3691 quia
2377 3621 2608 3676 incidiin
2635 3622 2688 3676 iu
2715 3638 2902 3675 manus
2928 3622 3154 3690 proximi
3177 3620 3256 3675 tui
3276 3634 3297 3673 :
3319 3622 3578 3685 discurre,
3597 3620 3810 3689 festina,

2224 3712 2418 3766 suscita
2457 3712 2683 3765 amicum
2712 3724 2883 3775 tuttur,
2912 3727 2976 3765 uc
3003 3712 3211 3766 dederis
3231 3726 3471 3766 somnum
3491 3709 3664 3765 oculis
3686 3711 3817 3772 tuis,

2224 3813 2272 3856 et
2304 3818 2405 3857 non
2438 3802 2721 3856 dormitcut
2759 3802 3020 3874 palpebra:
3058 3813 3164 3857 tua:
3188 3801 3373 3874 (Prov.
3405 3817 3479 3866 vt,
3507 3802 3645 3874 1-4).
3691 3802 3814 3859 litec

2226 3895 2430 3963 omnia,
2457 3909 2604 3961 cum,
2652 3904 2711 3949 ut
2750 3893 2882 3960 disi,
2929 3893 3094 3949 etiam
3133 3894 3291 3963 juxta
3344 3892 3604 3959 litteram,
3658 3896 3829 3950 salto-

2225 4115 2423 4175 du'itiu‘s
2468 4112 2649 4172 notam
2698 4113 2881 4169 intulit
2923 4112 3279 4184 paupertatis,
3310 4128 3415 4184 qua
3465 4113 3519 4166 in
3547 4110 3808 4184 Papicnsi

2225 4202 2444 4246 carcere
2493 4186 2869 4240 altlictabatur.
2922 4182 3072 4239 llanc
3116 4193 3295 4239 autem
3332 4182 3739 4253 'paupermtem
3771 4182 3817 4235 is

2225 4256 2515 4381 rel'erlebat.
2569 4266 2755 4312 tacens
2800 4256 2968 4311 decus
3016 4250 3356 4319 nobilitatis,
3382 4269 3488 4322 qua
3520 4250 3815 4309 [Eutherius

2224 4344 2359 4385 orna
2383 4338 2541 4382 tatur.

2154 4407 2205 4467 υ
2233 4468 2265 4478 ,ν
2303 4398 2414 4478 (Gl)
2465 4398 2764 4478 Sicutqua:
2802 4395 3190 4478 hic-proprium
3222 4404 3415 4478 tantum
3445 4391 3692 4471 ﬂagitare
3714 4390 3810 4453 ait,

2232 4458 2321 4522 ita‘
2356 4458 2413 4536 ei
2451 4482 2572 4536 qua:
2618 4458 2822 4521 iudicat
2870 4458 3088 4536 lil'iro'v,
3125 4480 3276 4518 Ilttttl.
3305 4463 3391 4536 l2,
3448 4484 3466 4513 ι
3498 4458 3813 4517 ᾧνιίιωιριιι

2220 4537 2356 4592 satis
2405 4533 2622 4605 longum
2664 4553 2683 4585 ι
2740 4543 2926 4603 petere
2977 4534 3248 4605 alliciunt;
3291 4533 3438 4605 adeo
3484 4545 3676 4605 verum
3703 4540 3815 4605 _cst

2223 4600 2523 4728 nt'rumque'
2557 4600 2988 4671 locum'eodetn,
3036 4618 3133 4659 seu
3181 4604 3249 4659 ad
3289 4603 3463 4673 ipsum
3492 4600 3815 4656 ltatltcrium

2223 4692 2281 4728 re
2305 4690 2436 4728 errt.
3579 4704 3582 4708 λ

2222 4690 2436 4731 I‘CICl'l'l.
3579 4704 3582 4708 λ

2292 4746 2407 4816 (6'2)
2454 4741 2648 4816 Cliens,
2678 4752 2734 4799 et
2756 4745 3149 4816 commendatus
3197 4742 3337 4816 sicut
3363 4750 3417 4797 et
3447 4742 3812 4816 mercenarius

2224 4811 2328 4873 hoc
2350 4811 2469 4872 loco
2498 4814 2530 4867 ii
2561 4822 2705 4874 sunt,
2734 4814 2827 4883 qui
2857 4813 3096 4882 qualibet
3143 4813 3355 4868 ratione
3399 4811 3645 4883 patrimis
3685 4826 3813 4883 ope-

2228 4902 2345 4941 ram
2379 4895 2473 4939 aut
2505 4880 2784 4939 servitium
2822 4880 3097 4952 mm'ceile,
3131 4892 3225 4938 aut
3271 4880 3495 4952 accepto
3540 4880 3818 4952 beneflcio

2228 4957 2558 5026 ubligahant,
2588 4965 2644 5009 ut
2670 4951 2965 5026 cx_olliciis
2988 4968 3176 5009 eorum
3205 4955 3306 5026 hoc
3339 4951 3493 5026 titulo
3520 4951 3817 5026 descriptis

2228 5021 2382 5081 facile
2410 5025 2694 5096 intelliges.
2727 5023 2895 5096 Erant
2934 5033 3125 5096 anteiri
3148 5023 3357 5096 origine
3395 5021 3570 5078 liberi.
3604 5021 3723 5096 nec:
3748 5038 3815 5077 ex

2224 5096 2550 5165 obligatione
2583 5091 2789 5166 'operis
2834 5091 3125 5166 prmstamli
3180 5091 3497 5166 sertitntem
3551 5095 3660 5166 nisi
3707 5093 3816 5147 late

2225 5161 2492 5233 sumptam
2523 5161 2795 5219 subibant.
2825 5161 2961 5220 Cum
2994 5178 3121 5217 vero
3153 5163 3364 5233 patroni
3395 5161 3687 5227 clientelae,
3718 5177 3813 5232 seu

2226 5232 2526 5303 patrocinio
2554 5243 2736 5288 essent
2758 5234 3152 5303 commendati,
3190 5233 3291 5288 hoc
3319 5232 3540 5289 clientis
3588 5243 3644 5289 et
3669 5248 3818 5289 cotu-

2220 5301 2679 5388 nienjlati‘nomen
2710 5301 2888 5388 sortiti
2928 5312 3116 5388 sunt.“
