4038 5388
248 289 350 356 ita

1201 277 1772 360 emetootuonru
1817 286 1989 341 unm
2034 286 2188 340 sex.
2227 318 2296 327 -κ
2337 286 2459 340 ue.
2502 286 2540 339 ι.

3425 285 3521 339 ιη

244 411 503 466 Videlicet
532 408 830 471 intellectu,
855 406 944 476 qui
977 407 1278 460 metm-ibus
1302 403 1554 458 Ecclesia
1582 402 1829 468 congruit
1859 409 1903 464 Λ
1936 399 2082 451 nobis
2128 399 2414 467 placentia,
2441 401 2607 453 uidete
2637 416 2783 454 nouis
2824 417 3026 453 errores
3061 402 3077 469 (
3104 401 3210 455 Ιιιι.
3248 420 3374 465 nx,
3411 405 3521 476 i0).

245 506 501 571 mystico,
557 501 723 553 etiam
771 511 868 569 pro
915 500 1107 567 quovis
1170 509 1330 566 agere
1381 497 1581 551 debeas
1638 493 1832 553 amico,

243 595 419 648 multo
451 595 628 662 magis
657 607 819 661 agere
859 591 1110 660 congruit
1145 606 1244 660 pro
1283 590 1598 657 temetipso,
1638 586 1833 656 duplici

243 684 457 736 scilicet
488 699 590 751 pro
615 697 799 744 causa,
840 697 906 735 ne
934 691 984 735 ct
1013 691 1273 750 patronus
1295 681 1441 750 justc
1473 679 1683 733 causari
1712 693 1836 746 pos-

241 775 334 837 sit,
353 773 600 828 debitum
630 783 681 826 te
713 771 986 827 beneﬁciis
1015 787 1121 825 non
1152 770 1459 840 rependisse
1487 769 1831 836 obsequium,

238 876 300 922 et
328 876 532 922 cuncta
565 867 632 921 de
662 866 798 921 ccclo
836 865 1168 934 prospiciens
1191 862 1450 916 Dominus
1469 861 1662 914 vindex
1698 859 1837 914 adsit

239 962 549 1016 secundum
590 958 908 1029 Apostolum
951 957 1000 1027 (Ι
1029 956 1211 1010 Thess.
1247 971 1323 1018 tv,
1356 954 1432 1022 6),
1479 954 1603 1006 dum
1654 953 1704 1006 in
1736 967 1832 1005 ne-

242 1053 391 1118 gotio
437 1052 555 1104 dati
613 1059 668 1104 ct
723 1050 927 1118 accepti
985 1058 1039 1100 te
1089 1048 1340 1116 decipere
1378 1046 1568 1100 viderit
1613 1043 1834 1098 fratrem

241 1155 418 1197 tuum.
461 1142 734 1194 Memento
786 1141 969 1208 itaque
1025 1138 1324 1207 saepissime
1379 1136 1519 1212 illius
1567 1135 1830 1189 dicentis:

242 1232 490 1302 Intelligo
528 1233 826 1300 proximum
871 1240 1017 1282 tuum
1060 1245 1122 1282 ea:
1165 1229 1429 1295 temetipso
1462 1225 1650 1295 (Eccli.
1685 1235 1831 1284 xxxi.

243 1326 351 1394 18).
381 1325 631 1392 itemque
655 1339 670 1376 :
702 1322 852 1376 .llulti
877 1337 980 1374 non
1015 1320 1258 1389 nequitirv
1285 1336 1446 1371 causa
1473 1335 1573 1370 non
1599 1317 1837 1385 [uenerati

239 1425 385 1478 sunt,
413 1414 505 1466 sed
534 1414 657 1483 quia
693 1411 936 1480 fraudari
956 1411 1121 1478 gratis
1154 1404 1660 1475 tinmeruntlEccli.
1685 1421 1833 1468 XXIX,

242 1507 353 1576 10),
379 1515 444 1560 ut
469 1521 536 1559 ex
574 1505 859 1571 temetipso
885 1502 1132 1571 colligas,
1163 1502 1288 1570 quia
1315 1516 1420 1554 non
1445 1515 1660 1569 semper
1680 1500 1835 1570 culpa

236 1611 321 1653 est
350 1608 733 1667 patronorum,
759 1595 900 1664 quod
926 1595 1236 1663 aliquandiu
1266 1593 1507 1646 detinent
1534 1591 1836 1645 mercefem

239 1688 735 1750 Incrccnariorum,
764 1685 846 1741 vel
874 1684 1243 1754 quormulibet
1287 1683 1389 1736 sibi
1433 1680 1836 1736 commendato-

1939 489 2054 542 Non
2101 499 2186 543 est
2233 499 2412 544 autem
2465 488 2772 557 huiusmodi
2818 493 3083 556 amicitia,
3131 511 3236 548 non
3289 505 3395 560 est,
3442 499 3530 552 in-

1937 597 2124 649 quam,
2166 583 2272 634 imo
2315 583 2547 635 maxima
2589 583 2894 637 inimicitia.
2936 584 3037 650 Qui
3069 586 3212 640 enim
3242 602 3305 640 ea
3346 599 3524 658 parte,

1938 687 2042 741 qua
2077 674 2129 726 in
2158 683 2482 742 perpetuum
2513 675 2756 727 victurus
2787 685 2890 738 est,
2925 677 3220 744 quemlibet
3247 678 3525 746 interﬁcit,

1943 765 2209 819 homicida
2241 765 2506 833 pessimus
2535 775 2637 820 est.
2668 764 2776 821 Lex
2805 782 2934 820 vero
2962 768 3233 832 amicitiai,
3269 769 3418 825 Lelio
3443 779 3524 826 te-

1938 865 2040 920 ste,
2071 866 2157 911 est
2187 867 2246 910 ut
2281 857 2349 911 ab
2385 857 2577 912 amicis
2624 858 2851 912 honesta
2900 868 3169 928 petamus,
3224 864 3523 918 amicorum

1940 964 2102 1002 causa
2132 949 2358 1002 honesta
2392 948 2674 1004 faciamus.
2704 948 2894 1005 Omnis
2923 967 3049 1006 vero
3080 954 3266 1009 suasio
3299 957 3401 1010 tria
3429 957 3528 1011 tle-

1941 1039 2033 1093 het
2087 1039 2391 1103 continere,
2441 1041 2748 1106 honestum,
2798 1042 2950 1106 utile,
3006 1044 3296 1114 possibile;
3352 1047 3438 1102 his
3477 1048 3525 1102 si

1940 1148 2104 1186 unum
2135 1132 2388 1194 defuerit,
2441 1134 2765 1202 receptibilis
2817 1137 2996 1190 suasio
3021 1152 3126 1191 non
3155 1139 3274 1194 erit.
3312 1139 3526 1195 Sodalis

1940 1240 2058 1277 rem
2087 1224 2280 1287 amico,
2313 1233 2370 1277 ut
2400 1224 2596 1295 legitur
2634 1225 2685 1278 in
2719 1226 3007 1295 Sapientia:
3039 1229 3194 1295 libro,
3238 1233 3529 1302 conjucun-

1938 1315 2100 1366 datur
2134 1316 2189 1367 in
2215 1315 2575 1379 oblectatione,
2617 1327 2665 1370 et
2699 1317 2749 1370 in
2790 1328 3015 1389 tempore
3052 1322 3404 1378 tribulationis
3430 1327 3529 1380 ad-

1940 1408 2201 1459 rersarins
2257 1408 2354 1459 erit
2420 1407 2608 1476 (Eccli.
2655 1412 2961 1480 xxxan).
3029 1413 3181 1479 Quod
3230 1433 3528 1486 agnoscens

1945 1495 2117 1550 beata:
2175 1499 2568 1553 recordationis
2623 1501 2735 1569 jam
2787 1503 2965 1557 dictus
3019 1521 3154 1573 papa
3209 1507 3524 1579 Gregorius,

1941 1586 2151 1639 cuidam
2202 1587 2431 1641 scribit:
2479 1588 2858 1653 Consiliarios,
2921 1593 3211 1661 inquiens,
3261 1598 3386 1651 tales
3435 1600 3528 1652 tibi

1941 1674 2094 1744 elige,
2135 1677 2226 1746 qui
2256 1685 2329 1741 te,‘
2375 1694 2478 1728 non
2516 1690 2608 1730 tua
2655 1680 2899 1749 diligant.
2953 1682 3032 1736 Tn
3063 1699 3194 1751 ergo
3221 1687 3530 1757 quicunque

238 1797 384 1844 rum,
414 1781 511 1835 sed
554 1779 668 1850 agit
705 1780 805 1833 hoc
842 1752 1117 1831 multoties
1161 1776 1399 1844 nequitia
1424 1815 1439 1837 ,
1483 1773 1711 1835 desidia,
1753 1770 1834 1825 vel
1870 1752 1911 1810 Β
1942 1781 2080 1820 unus
2107 1768 2172 1820 de
2201 1766 2347 1820 mille
2376 1769 2440 1820 ad
2463 1767 2746 1822 consilium
2776 1772 3057 1840 cujuslibet
3081 1774 3329 1845 elegeris,
3355 1779 3527 1848 cogita

236 1875 497 1944 superbia
527 1888 736 1928 eorttiu.
779 1870 933 1926 Unde
955 1871 1045 1939 qui
1074 1884 1233 1938 supra
1262 1867 1516 1937 (Seneca)
1551 1863 1831 1934 Malignos,

239 1968 334 2030 ait,
359 1965 479 2033 ﬁeri
506 1965 735 2017 maxime
765 1962 958 2031 ingrati
989 1961 1190 2014 docent.
1243 1959 1353 2012 lloc
1391 1957 1573 2025 itaque
1603 1954 1836 2025 prudens

237 2065 322 2109 ter
349 2064 404 2109 et
433 2054 666 2108 sollicite
688 2053 952 2123 cogitans,
981 2065 1088 2120 quo
1116 2048 1327 2103 fidelius
1349 2059 1511 2118 atque
1543 2045 1730 2099 studio.
1755 2045 1836 2097 ius

240 2147 406 2204 vales.
435 2147 503 2198 ad
525 2144 870 2200 serviendum
899 2157 1142 2212 praepara
1168 2141 1395 2194 viriliter
1421 2140 1685 2200 animum,
1717 2153 1839 2190 cer-

239 2247 328 2291 tus
349 2237 476 2305 quia
516 2243 672 2302 pater
708 2233 794 2288 ille
838 2231 1107 2297 familias,
1154 2229 1308 2300 cujus
1341 2237 1567 2296 uterque
1595 2226 1727 2281 estis
1757 2224 1836 2278 fa-

241 2328 392 2391 muli,
426 2326 780 2380 alllictiouem
817 2333 868 2380 et
899 2325 1138 2379 laborem
1192 2332 1344 2378 tuum
1391 2324 1457 2376 de
1495 2320 1648 2375 rmiis
1698 2334 1833 2374 con-

241 2418 612 2488 templabitur.
667 2416 725 2470 Si
757 2417 953 2471 viderit
985 2425 1037 2471 te
1071 2431 1098 2468 a
1127 2424 1355 2486 patrono
1402 2412 1596 2482 decipi,
1651 2420 1705 2466 et
1747 2427 1834 2466 ar-

239 2518 360 2576 guet
387 2524 538 2570 eum,
571 2516 818 2562 statuens
861 2505 1105 2560 fraudem
1152 2514 1341 2559 contra
1386 2503 1580 2558 faciem
1621 2501 1739 2571 ejus
1782 2502 1833 2556 in

240 2600 526 2653 tremendo
550 2597 639 2650 die
674 2596 814 2650 illius
840 2596 972 2665 justi
1013 2595 1298 2650 examinis.
1338 2595 1416 2648 Tu
1443 2609 1572 2648 vero
1600 2593 1644 2648 si
1675 2593 1837 2662 digne

237 2690 489 2741 eamdem
523 2685 833 2740 mercedem
875 2683 1407 2747 nonclaboraveris,
1459 2684 1513 2736 in
1567 2681 1834 2753 supplicio

238 2794 565 2848 componere
587 2777 702 2850 (6i)
726 2777 979 2843 exigeris,
1006 2776 1094 2830 ubi
1126 2776 1334 2831 scilicet
1365 2775 1540 2830 deerit
1565 2774 1830 2828 auxilium

243 2869 617 2938 iidcijnssoris,
652 2882 707 2921 et
735 2866 966 2937 pretium
1007 2866 1411 2936 redempt'mnis.

603 2960 732 3013 Τιτ.
771 2957 886 3012 XII.
913 2989 981 2998 ——
1022 2957 1095 3011 De
1141 2957 1479 3011 consiliariis.

310 3053 405 3107 27.
452 3051 810 3108 Conisiliarius
844 3051 938 3104 es?
979 3049 1124 3105 Cave
1168 3049 1296 3104 illud
1336 3048 1714 3118 propheticum
1756 3049 1838 3103 di-

1939 1860 2093 1927 cnjns
2124 1860 2188 1911 vi'
2210 1875 2241 1912 e
2277 1859 2506 1923 frueris;
2545 1871 2599 1914 et
2627 1864 2861 1916 amicum
2901 1881 3005 1918 non
3037 1876 3256 1936 propter
3287 1885 3403 1933 sua,
3435 1877 3530 1924 scd

1939 1960 2160 2018 propter
2207 1967 2265 2005 se
2313 1951 2580 2022 diligens,
2632 1954 2853 2007 honesta
2904 1956 2953 2008 ei
3002 1957 3332 2021 consiliare,
3390 1959 3531 2014 illius

1935 2056 2101 2094 causa
2191 2043 2418 2096 honesta
2479 2058 2741 2111 operare;
2804 2045 2976 2113 ipsum
3035 2046 3178 2099 enim
3222 2047 3527 2111 Dominum,

1937 2129 2113 2197 magni
2135 2130 2337 2183 consilii
2361 2132 2601 2199 angelum
2621 2131 2753 2202 (Issi.
2783 2149 2856 2186 ix.
2874 2136 2926 2197 6,
2952 2151 3056 2190 sec.
3081 2134 3247 2205 LXX)
3273 2147 3526 2192 vocatum

1937 2219 2187 2288 legimus,
2215 2219 2369 2287 cujus
2390 2220 2434 2273 si
2467 2221 2769 2276 imitatores
2799 2238 2919 2277 esse
2947 2224 3213 2289 volumus,
3239 2226 3524 2280 consilium

1939 2309 2166 2373 nemini,
2218 2309 2320 2362 nisi
2371 2324 2596 2373 sanum,
2652 2311 2754 2363 nisi
2801 2309 3030 2378 justum,
3084 2313 3187 2366 nisi
3239 2313 3527 2371 honestum

1938 2401 2152 2462 demus,
2205 2418 2271 2455 ne
2324 2410 2513 2456 contra
2565 2414 2808 2472 agentes,
2861 2421 2966 2458 non
2990 2405 3392 2471 consiliatores,
3434 2411 3527 2463 sed

1936 2494 2100 2548 amici
2122 2493 2430 2564 judicemnr
2449 2496 2775 2564 proditores,
2804 2511 2902 2550 nec
2930 2498 3188 2552 bonitatis
3212 2478 3531 2570 cooperato-

1941 2597 2047 2646 res,
2077 2584 2169 2638 sed
2199 2584 2418 2638 malitia»
2443 2600 2699 2640 vocemur
2725 2585 3052 2650 inventores,
3087 2597 3134 2644 et
3166 2602 3266 2657 per
3292 2591 3389 2643 hoc
3418 2589 3530 2645 dia-

1940 2675 2048 2730 boli
2085 2675 2345 2733 fautores.

2334 2769 2460 2826 ΤΠ.
2507 2771 2639 2826 ΧΗΙ.
2665 2802 2734 2812 -—-
2771 2772 2848 2827 De
2883 2774 3133 2829 dominis.

2007 2859 2098 2914 28.
2149 2861 2407 2916 Dominus
2451 2864 2553 2918 es?
2597 2863 2713 2919 Noli
2764 2865 2987 2920 extolli:
3020 2878 3291 2923 memento
3323 2877 3377 2923 te
3419 2885 3533 2925 ser-

1941 2964 2098 3015 vum,
2132 2967 2299 3006 unum
2337 2952 2540 3008 habere
2564 2954 2884 3018 Dominum,
2925 2968 2981 3010 et
3011 2955 3133 3011 ideo
3176 2966 3226 3012 te
3255 2972 3534 3016 esse-cou-

1944 3056 2183 3097 servum.
2217 3042 2539 3114 Quanquam
2573 3046 2716 3100 enim
2743 3045 3141 3116 sapientissime
3163 3046 3392 3119 Sapiens
3412 3051 3534 3120 qui-

241 3143 448 3197 ceutis:
475 3141 566 3195 Va:
585 3142 678 3210 qui
701 3140 875 3194 dicitis
898 3139 1094 3193 malum
1119 3139 1330 3202 bonum,
1354 3147 1402 3194 et
1430 3139 1619 3193 bonum
1641 3139 1840 3193 malum
1870 3110 1912 3174 (ἶ
1946 3131 2089 3195 dam.
2117 3148 2399 3188 servorum
2430 3150 2661 3204 nequam
2702 3136 3056 3191 considerans
3086 3139 3422 3206 superbiam,
3451 3141 3534 3194 di-

251 3231 392 3297 (lsa.
419 3248 472 3294 v,
497 3231 611 3302 ΞΟ).
658 3230 794 3284 Nam
833 3239 890 3284 nt
916 3239 1070 3284 vetus
1107 3245 1224 3284 sese
1254 3230 1415 3284 habet
1450 3230 1829 3300 proverbium:

245 3322 308 3378 Si
328 3323 384 3376 in
405 3320 701 3375 clientelam
731 3319 896 3389 felicis
919 3321 1144 3374 hominis
1171 3322 1493 3390 potentisque
1521 3323 1838 3391 perveneris,

242 3420 339 3464 aut
381 3411 603 3473 veritas,
641 3419 733 3463 aut
769 3409 1003 3462 amicitia
1033 3409 1299 3479 perdenda
1327 3420 1425 3464 est.
1457 3409 1644 3481 Cogita
1666 3453 1680 3476 ,
1713 3413 1841 3481 quia

242 3503 481 3556 dicimus
502 3500 718 3555 Judaios
738 3499 1017 3556 Christum
1042 3501 1406 3567 cruciﬁxisse,
1429 3517 1550 3557 cum
1576 3517 1681 3556 non
1714 3502 1839 3573 ipsi,

243 3591 342 3644 sed
374 3591 577 3645 milites
606 3589 836 3645 Romani
870 3605 994 3644 eum
1025 3591 1431 3655 crncilixerint,
1472 3601 1533 3645 ut
1575 3591 1843 3662 intelligas

243 3683 294 3736 ei
322 3693 496 3737 totum
528 3681 772 3736 criminis
812 3680 1020 3750 pondus
1070 3681 1382 3734 incumbere
1413 3681 1504 3750 qui
1552 3681 1839 3736 consilium

244 3790 412 3844 super
437 3775 541 3828 hoc
562 3789 667 3828 non
692 3773 958 3828 dubitavit
982 3773 1129 3828 dare.
1155 3772 1306 3830 Unde
1328 3774 1558 3844 amplius
1579 3775 1839 3844 Caipham

246 3881 628 3930 exsecramur,
654 3867 747 3938 qui
787 3867 962 3921 dixit:
995 3866 1133 3932 Quia
1159 3866 1368 3936 expedit
1399 3883 1559 3920 unum
1581 3867 1840 3922 hominem

248 3960 383 4012 mori
402 3975 500 4029 pro
520 3958 714 4028 populo
738 3958 918 4028 (Joan.
946 3973 1101 4022 xvnn,
1128 3958 1237 4028 Η),
1271 3974 1430 4027 quam
1455 3958 1710 4025 Pilatum,
1748 3961 1839 4031 qui

244 4048 424 4103 dixit:
456 4049 691 4118 Accipite
722 4065 842 4102 eunt
881 4066 991 4112 eos,
1027 4061 1074 4103 et
1115 4051 1400 4103 secundum
1431 4051 1592 4120 legem
1619 4063 1839 4104 vestram

238 4138 484 4206 judicate
525 4154 647 4190 eum
690 4136 854 4208 (Ibid.
888 4136 1000 4208 3|).
1056 4138 1208 4194 Unde
1255 4150 1309 4193 et
1335 4131 1661 4210 Apostolusi
1719 4138 1842 4194 Non

247 4217 418 4280 solum
452 4227 544 4297 qui
569 4226 810 4296 faciunt,
843 4227 1048 4296 inquit,
1085 4229 1177 4282 sed
1209 4231 1367 4284 etiam
1399 4233 1488 4300 qui
1516 4237 1842 4285 consentitur!

247 4316 584 4384 ludentibus,
623 4317 772 4386 digni
820 4330 940 4371 sunt
983 4331 1149 4372 morte
1171 4318 1345 4388 (Rom.
1370 4321 1549 4390 LM).
1590 4322 1657 4377 Et
1695 4333 1841 4389 nota,

247 4408 377 4477 quia
406 4424 512 4462 non
545 4407 644 4471 ait,
676 4407 767 4475 qui
790 4406 998 4476 jubent,
1029 4417 1125 4463 aut
1152 4411 1527 4476 consiliantur,
1557 4412 1670 4477 sed,
1701 4413 1843 4482 quod

250 4501 404 4554 ualde
431 4501 614 4555 minus
636 4508 746 4563 est,
775 4499 864 4570 qui
895 4502 1247 4566 consentiunt,
1278 4511 1334 4554 ut
1364 4502 1649 4573 intelligas,
1684 4519 1843 4574 quam

250 4593 591 4649 mortiferum
630 4594 704 4650 sit
735 4593 1057 4663 perditionis
1109 4595 1425 4658 consilium,
1459 4611 1581 4650 cum
1615 4605 1721 4650 tam
1752 4612 1846 4652 no-

253 4688 367 4741 xius
393 4689 461 4742 sit
486 4688 660 4743 etiam
706 4687 822 4755 ipse
849 4700 1162 4741 consensus.
1223 4685 1326 4752 Qui
1363 4688 1529 4753 enim,
1562 4697 1618 4742 ut
1646 4688 1720 4742 ait
1749 4687 1846 4744 Se-

253 4791 400 4841 neca,
429 4791 763 4833 ειιοειιιτθτθ
792 4777 1034 4845 perituro
1064 4784 1264 4846 pOlCSl,
1309 4793 1430 4832 cum
1478 4793 1581 4833 non
1626 4794 1846 4833 succur-

255 4870 337 4931 rit,
365 4871 584 4927 occidit.
628 4869 836 4924 Contra
873 4870 1031 4926 hodie
1070 4870 1282 4940 agitur;
1325 4871 1529 4924 mavult
1553 4871 1698 4927 enim
1725 4873 1847 4942 quis

253 4961 475 5031 aliquem
513 4961 775 5020 invenire
821 4963 1170 5034 morigerum,
1200 4975 1359 5030 quam
1407 4962 1658 5017 amicum.
1698 4962 1846 5016 Ami-

252 5067 344 5108 cus
365 5054 476 5127 33
498 5063 715 5115 autem,
749 5059 807 5104 ut
843 5052 918 5106 ait
945 5053 1267 5124 Gregorius,
1295 5051 1495 5106 dicitur
1530 5056 1723 5108 anima:
1749 5069 1842 5107 cu-

250 5157 376 5204 stos.
426 5148 720 5205 Invenitur
752 5159 880 5198 vero
912 5147 1072 5202 hodie
1123 5147 1293 5214 major
1323 5159 1582 5199 numerus
1630 5160 1844 5208 eorum,

243 5240 332 5307 qui
353 5239 540 5295 dicunt
572 5235 896 5299 uidentibus,
925 5236 1084 5291 nolite
1125 5235 1313 5297 uidere,
1361 5235 1844 5305 et'aspicientibus,

246 5329 400 5386 nolite
436 5342 685 5388 aspicere
724 5323 873 5376 nobis
904 5340 984 5388 ea,
1031 5341 1150 5388 qua:
1205 5335 1344 5378 recta
1383 5335 1544 5381 sunt:
1568 5324 1847 5388 loquimini

1945 3233 2033 3279 cat
2056 3242 2071 3280 :
2098 3225 2263 3280 Panis
2300 3238 2349 3280 et
2377 3227 2678 3296 disciplina,
2703 3239 2753 3282 et
2781 3245 2910 3298 opus
2933 3245 3079 3284 serto
3112 3229 3300 3301 (Eccli.
3332 3248 3532 3298 xxxiii,

1944 3313 2060 3384 25),
2104 3324 2238 3379 etc.,
2280 3316 2405 3371 vide
2455 3327 2633 3372 tamen
2686 3333 2753 3372 ne
2804 3334 3140 3388 superponas
3187 3321 3237 3376 ei
3293 3321 3530 3392 aliquod,

1944 3405 2087 3475 quod
2115 3405 2259 3460 ferre
2284 3422 2390 3461 non
2415 3409 2604 3478 possit,
2653 3420 2747 3462 aut
2771 3419 2922 3464 certe
2948 3409 3164 3464 diﬂicile
3193 3420 3384 3481 poscat
3413 3427 3531 3466 ser-

1946 3498 2156 3552 vitium.
2187 3498 2413 3555 Noveris
2442 3501 2825 3556 discretionem
2869 3511 3098 3556 matrem
3134 3502 3376 3558 omnium
3409 3518 3530 3558 esse

1944 3589 2226 3655 virtutum,
2268 3607 2390 3645 cum
2421 3600 2476 3645 ct
2511 3591 2664 3659 juxta
2708 3593 2851 3647 beati
2879 3592 3075 3646 Leonis
3107 3607 3256 3663 papae
3285 3592 3533 3651 admoni-

1947 3679 2169 3742 tionem,
2201 3680 2301 3736 hoc
2334 3681 2508 3750 ipsum
2544 3691 2594 3736 te
2621 3696 2717 3751 per
2747 3683 2929 3737 omnia
2967 3683 3163 3738 debeat
3198 3682 3376 3737 facere
3428 3685 3532 3740 mi-

1947 3773 2162 3838 tiorem,
2193 3773 2333 3843 quod
2377 3774 2496 3844 ejus
2527 3775 2696 3829 uteris
2739 3774 3094 3845 subjectione,
3132 3789 3255 3830 cum
3286 3789 3394 3845 quo
3436 3778 3530 3833 uni

1945 3868 2056 3923 Deo
2084 3870 2272 3924 eadem
2321 3869 2607 3939 subjiceris
2654 3871 2932 3924 servitute.
2981 3870 3117 3924 Hinc
3155 3870 3376 3941 quidam
3407 3871 3531 3942 pul-

1939 3959 2242 4015 cherrime:
2273 3958 2375 4025 Qui
2401 3961 2581 4025 servis,
2615 3960 2808 4031 inquit,
2843 3960 3071 4014 crudelis
3100 3968 3198 4026 est,
3227 3961 3450 4015 ostendit
3475 3962 3533 4014 iis

1942 4049 2065 4104 aliis
2097 4067 2199 4104 non
2229 4050 2544 4106 voluntatem
2569 4052 2669 4106 sibi
2694 4053 2889 4117 deesse,
2923 4052 3014 4106 scd
3033 4059 3360 4121 potestatem.
3399 4051 3535 4107 Τοῖα

1947 4150 2063 4194 rcat
2115 4151 2167 4196 te
2210 4142 2393 4212 itaque
2434 4158 2591 4213 pinna
2635 4143 2976 4210 Pharaonis;
3033 4145 3317 4200 considera
3363 4146 3534 4200 Deum

1947 4231 2294 4288 amictionem
2347 4235 2671 4288 miserorum
2715 4235 3067 4304 contemplari
3111 4236 3178 4290 de
3227 4236 3415 4301 caslis;
3467 4235 3531 4289 da

1946 4323 1993 4376 ei
2021 4324 2261 4393 quotidie
2310 4323 2508 4394 aliquid
2555 4325 2736 4393 spatii,
2788 4335 2891 4378 nun
2941 4340 3047 4394 quo
3085 4341 3280 4380 vacare
3325 4325 3535 4398 quieti.

1950 4416 2042 4469 sed
2070 4414 2273 4469 servire
2314 4416 2490 4470 valeat
2516 4415 2781 4472 Creatori.
2816 4416 2872 4472 Si
2907 4426 3012 4481 est,
3045 4418 3154 4473 imo
3183 4420 3307 4488 quia
3339 4431 3423 4477 est
3455 4423 3536 4478 di-

1952 4504 2179 4574 sciplina
2203 4505 2530 4566 necessaria,
2560 4507 2630 4561 sit
2654 4508 2953 4563 moderata.
2979 4507 3132 4575 Quod
3161 4511 3204 4566 si
3231 4522 3281 4567 te
3307 4511 3533 4568 forsitan

1950 4595 2109 4656 laesit,
2137 4596 2180 4648 si
2224 4594 2436 4650 furatus
2474 4607 2561 4651 est
2602 4599 2826 4667 aliquid,
2871 4601 2915 4656 si
2952 4598 3196 4658 fraudem
3244 4604 3446 4666 intulit,
3488 4605 3531 4657 si

1950 4687 2180 4759 aufugit,
2209 4689 2468 4759 quidquid
2497 4706 2778 4762 perperam
2805 4695 3014 4763 egerit;
3049 4696 3230 4750 omnia
3269 4696 3343 4750 ita
3378 4692 3537 4750 stude

1949 4780 2242 4850 corrigere,
2295 4791 2352 4834 ut
2400 4797 2506 4835 non
2561 4783 2654 4840 ira:
2702 4784 3054 4850 satisfacere,
3104 4787 3196 4840 sed
3247 4785 3534 4858 negligenti

1950 4873 2292 4940 prospicere;
2333 4886 2434 4924 non
2466 4873 2690 4943 exsequi
2720 4873 3036 4940 vindictam,
3063 4876 3155 4929 sed
3179 4875 3418 4930 videaris
3449 4876 3534 4928 in-

1947 4959 2100 5028 sequi
2149 4961 2383 5032 culpam,
2427 4961 2638 5018 salvare
2682 4961 3046 5032 delinquentis
3088 4965 3442 5019 animam:et
3483 4966 3536 5021 in

1948 5049 2036 5104 his
2069 5052 2319 5106 omnibus
2358 5067 2424 5105 ne
2452 5056 2671 5110 excidat
2706 5054 2888 5108 animo
2932 5056 3200 5122 sententia
3237 5055 3326 5110 illa
3377 5060 3538 5114 terri-

1949 5141 2094 5206 bilis,
2139 5161 2245 5214 qua
2267 5145 2470 5200 dicitur
2501 5164 2518 5201 :
2548 5147 2700 5204 Seres
2731 5150 2976 5214 nequam,
3007 5160 3156 5199 autne
3193 5145 3423 5201 debitum
3455 5151 3540 5204 di-

1950 5233 2069 5285 misi
2099 5235 2212 5298 tibi,
2238 5235 2492 5304 quoniam
2529 5234 2718 5306 rogasti
2755 5249 2833 5285 me
2857 5248 2876 5284 :
2903 5249 3071 5287 nonne
3093 5247 3216 5300 ergo
3243 5239 3471 5306 oportuit
3495 5249 3544 5292 et

1951 5333 2001 5376 te
2030 5323 2266 5378 misereri
2313 5329 2554 5383 conservi
2599 5325 2695 5388 tui,
2738 5321 2869 5374 sicut
2905 5334 2955 5376 et
2991 5322 3068 5374 tui
3106 5322 3347 5381 misertus
3386 5329 3548 5382 sum?
