4018 5406
513 349 610 404 ιῖῧ

1454 343 1778 398 ΒᾹΤΙΙΕΙΗΙ
1819 339 2027 396 EPISC.
2076 336 2326 392 VERON‘.
2369 336 2518 392 OPP.
2562 335 2738 391 PARS
2778 335 2817 390 1.

3670 331 3774 386 176

506 464 648 516 Tunc
699 468 861 512 n'atus
905 457 1156 511 Dominus
1209 455 1320 525 ejus
1374 455 1592 510 tradidit
1635 472 1750 508 eum
1802 451 2086 506 tortoribus
2118 451 2162 511 Α
2193 449 2378 512 corde,
2407 447 2548 518 quod
2595 447 2740 520 Agar
2769 447 2976 502 ancilla:
3002 446 3156 502 Sarai
3197 445 3342 500 dedit
3371 444 3592 516 angelus
3624 461 3641 502 ;
3672 445 3780 510 Ιίεε-⁴

411 533 416 540 ’
504 553 719 620 (Matth.
756 565 910 614 xvm,
944 544 1153 618 52454),
1189 557 1294 603 etc.
1338 546 1492 614 Quod
1532 547 1576 602 si
1623 547 1924 614 morigerus
1954 553 2006 597 et
2030 544 2088 597 li-

495 644 630 698 delis
652 652 756 706 est,
785 641 906 696 audi
939 657 951 693 :
985 639 1045 695 Si
1081 649 1154 694 est
1195 639 1288 693 tibi
1312 655 1488 693 servus
1524 638 1718 706 ﬁdelis,
1747 637 1853 706 37
1884 638 1948 690 sit
1989 636 2084 690 tibi

497 737 630 788 sicut
672 735 850 786 anima
902 742 994 784 tua
1043 728 1234 800 (Ecclt.
1285 744 1481 794 χχχιιι,
1529 728 1653 796 5|);
1703 742 1810 780 non
1864 725 2086 779 fraudes

499 825 650 878 illum
681 822 954 882 libertate,
985 833 1159 887 neque
1191 819 1405 887 inopem
1435 817 1781 886 derelinquas
1814 815 1982 868 illum.

929 907 1051 962 Τιτ.
1085 906 1220 961 XIV.
1252 937 1321 946 -—
1349 905 1427 960 De
1454 907 1633 960 servis.

572 1004 662 1058 29.
695 1002 894 1057 Servus
928 1000 1024 1055 es?
1071 997 1188 1052 Noli
1241 997 1478 1062 tristari;
1525 997 1568 1052 si
1613 996 1842 1052 fideliter
1869 996 2085 1051 domino

390 1117 411 1136 -
503 1105 594 1150 tuo
634 1092 910 1155 servieris,
940 1090 1165 1145 libertus
1193 1089 1304 1145 eris
1341 1088 1582 1144 omnium
1607 1087 1818 1143 Domini
1851 1102 1865 1141 :
1893 1101 2084 1142 omnes

499 1184 644 1238 enim
675 1183 728 1236 in
751 1181 970 1236 Christo
1000 1178 1198 1233 fratres
1252 1192 1458 1232 sumus.
1487 1176 1626 1231 Audi
1660 1177 1841 1246 itaque
1869 1185 2082 1246 aposto-

504 1277 614 1330 lum
666 1274 934 1331 dicentem
966 1289 978 1324 ε
1010 1270 1183 1332 Servi,
1229 1270 1424 1324 subditi
1474 1278 1633 1323 estote
1655 1270 1709 1322 in
1737 1269 1878 1322 omni
1899 1269 2082 1322 timore

497 1369 744 1422 dominis.
792 1365 962 1435 (Petr.
1005 1380 1066 1426 Il,
1118 1362 1227 1432 18.)
1287 1363 1405 1428 Quo
1449 1359 1763 1425 timore,"et
1797 1360 1927 1430 quid
1980 1361 2081 1414 sibi

498 1458 614 1513 vult
643 1456 786 1527 quod
812 1455 944 1510 dicit
973 1454 1158 1507 omni?
1202 1452 1260 1507 ld
1300 1459 1384 1506 est
1405 1451 1638 1521 primum
1670 1451 1782 1513 Dei,
1821 1451 1944 1505 inde
1975 1459 2084 1504 ter-

497 1551 614 1606 reni
643 1549 870 1612 domini,
902 1549 1016 1602 sive
1045 1547 1277 1616 primum
1311 1545 1504 1600 timore
1528 1545 1732 1611 servili,
1763 1561 1924 1615 quem
1951 1547 2086 1600 cha-

500 1645 635 1698 ritas
670 1643 816 1696 foras
870 1640 1036 1694 mittit
1065 1639 1116 1710 (l
1137 1639 1297 1693 Joan.
1325 1654 1402 1704 tv,
1456 1638 1564 1709 18),
1596 1637 1849 1693 videlicet
1879 1654 1945 1693 ne
1984 1638 2082 1693 lla-

502 1734 738 1804 gellcris,
759 1748 824 1786 ne
847 1730 1068 1802 vapules
1085 1770 1099 1796 ,
1130 1745 1196 1785 ne
1219 1729 1626 1800 constringaris,
1651 1730 1718 1784 ad
1742 1729 1987 1784 ultimum
2016 1746 2082 1786 ne

2193 551 2409 603 rertere,
2436 541 2706 610 inquiens,
2739 541 2807 593 ad
2830 540 3097 593 dominum
3121 550 3290 605 tuant,
3311 549 3356 592 et
3381 537 3662 592 humiliare
3677 537 3772 592 sub

2190 648 2348 685 manu
2381 631 2494 700 ejus
2527 631 2680 702 (Gen.
2712 647 2823 696 xvi,
2851 629 2931 701 9).
3777 619 3780 622 ’

2597 724 2718 779 Τιτ.
2751 723 2868 779 XV.
2897 754 2964 764 -—
2987 722 3063 777 De
3091 722 3372 793 magistris.

2257 813 2344 867 50.
2376 813 2628 884 Magister
2655 815 2750 869 es?
2778 814 3044 869 lllcmento
3069 822 3119 868 te
3163 814 3502 882 disciplinam
3537 828 3661 868 cum
3690 812 3774 868 dic

2189 903 2416 958 lectione
2458 905 2734 974 discipulis
2761 905 2980 970 debere,
3012 903 3258 974 exemplo
3291 904 3432 958 illius
3459 904 3552 973 qui
3607 905 3788 980 desu-.

2187 1010 2281 1064 per
2309 994 2560 1065 magister
2590 1004 2672 1049 est
2694 995 2953 1058 omnium,
2978 994 3069 1065 qui
3103 1010 3239 1064 quos
3255 995 3427 1065 diligit
3451 993 3689 1066 ﬂagellat
3716 1004 3776 1050 et

2187 1085 2412 1155 corripit
2441 1085 2623 1156 (Prov.
2659 1101 2738 1152 ιιι,
2774 1085 2903 1156 12),
2938 1086 3138 1156 quique
3163 1102 3266 1141 non
3290 1101 3498 1153 servos,
3524 1088 3618 1141 sed
3640 1085 3778 1140 ami-

2187 1189 2278 1229 cos
2305 1191 2432 1230 suos
2457 1191 2651 1232 vocare
2677 1176 2959 1232 consuevit
2993 1177 3286 1246 discipulos
3315 1176 3496 1249 (Joan.
3527 1193 3618 1240 xv,
3647 1177 3766 1244 15),

2185 1273 2241 1318 et.
2289 1265 2368 1318 sic
2413 1265 2744 1334 insequendo
2797 1275 2904 1320 tam
2942 1267 3122 1321 verbis
3147 1281 3306 1336 quam
3339 1266 3659 1322 verberibus
3680 1281 3778 1320 θος

2187 1375 2305 1413 rum
2333 1369 2510 1416 errata
2529 1363 2826 1433 corrigere,
2852 1363 2908 1417 ut
2932 1379 3192 1434 personas
3217 1363 3657 1434 delinquentium
3687 1365 3780 1419 de-

2186 1451 2318 1505 beas
2342 1461 2397 1505 et
2419 1458 2473 1505 tu
2497 1452 2770 1524 diligendo
2793 1454 3018 1508 nutrire.
3862 1443 3868 1450 ⁸

2497 1541 2610 1613 38
2649 1542 2773 1597 Τιτ.
2800 1542 2936 1597 XVI.
2965 1575 3035 1584 —
3063 1543 3139 1599 De
3169 1545 3460 1616 discipulis.

2255 1635 2345 1688 5l.
2394 1634 2704 1706 Discipulus
2733 1638 2832 1693 es?
2863 1637 3010 1693 Scito
3063 1647 3114 1694 te
3162 1639 3524 1694 obedientiam
3576 1639 3782 1694 debere

2189 1727 2488 1796 magistris,
2538 1743 2764 1800 eamque
2813 1745 2926 1785 rem
2976 1730 3238 1785 moralem
3293 1731 3554 1796 existere,
3585 1740 3644 1784 ut
3673 1731 3779 1784 hoc

500 1828 553 1880 in
609 1827 784 1897 ignem
841 1834 1104 1879 aeternum
1151 1838 1250 1894 pro
1301 1831 1611 1893 contemptu
1667 1823 1883 1877 ducaris
1915 1839 1928 1875 :
1955 1823 2081 1891 quia
2115 1805 2160 1864 Β
2186 1817 2308 1886 quis
2353 1819 2537 1889 exigat
2561 1835 2592 1873 a
2616 1821 2868 1886 subditis,
2901 1823 3042 1892 quod
3075 1837 3134 1877 se
3173 1806 3418 1877 meminit
3460 1822 3781 1877 exhibuisse

503 1919 735 1990 quisquis
755 1917 997 1990 potestati
1026 1917 1242 1981 resistit,
1265 1914 1695 1970 Deiordinationi
1725 1916 1948 1980 resistit;
1977 1932 2082 1969 non

509 2023 587 2067 est
634 2013 771 2066 enim
813 2019 1036 2082 potestas
1071 2010 1173 2064 nisi
1205 2026 1235 2062 a
1270 2008 1376 2063 Deo
1426 2007 1604 2079 (Rom.
1641 2025 1758 2074 xm,
1783 2008 1860 2078 2).
1902 2007 2082 2079 Impo-

497 2104 648 2158 suiin
691 2118 916 2171 quoque,
969 2101 1045 2154 ait
1108 2099 1418 2166 Psalmista,
1456 2101 1693 2154 homines
1723 2116 1880 2169 super
1907 2099 2081 2170 capita

493 2206 675 2248 nostra
728 2194 901 2266 (Psal.
950 2209 1156 2258 Lxxxn,
1187 2192 1279 2262 55)
1323 2210 1334 2245 :
1377 2201 1431 2248 et
1452 2190 1608 2261 juxta
1648 2193 1926 2264 cujusdam
1959 2208 2083 2248 sen-

495 2289 718 2343 tentiam
760 2307 771 2341 :
810 2307 827 2338 ι
865 2287 966 2354 Qui
1010 2287 1120 2343 Deo
1159 2295 1390 2342 conatur
1427 2287 1706 2351 resistere,
1746 2300 1966 2341 necesse
1997 2295 2083 2341 est

494 2390 556 2434 ιιι
585 2396 782 2450 magno
809 2379 950 2434 bono
980 2386 1186 2441 careat,
1206 2385 1262 2432 et
1299 2391 1556 2448 magnum
1586 2375 1786 2430 malum
1816 2376 2078 2442 incurrat,

494 2473 621 2540 quia
669 2471 879 2526 scilicet
939 2485 1152 2525 summo
1189 2468 1330 2524 bono
1376 2468 1690 2533 contraivit,
1731 2478 1788 2522 et
1825 2467 2081 2522 deteriori

496 2561 640 2616 malo
665 2560 908 2614 adhaesit.
945 2579 962 2610 ι
997 2558 1133 2614 llinc
1164 2560 1379 2614 demum
1415 2558 1610 2614 timore
1648 2566 1800 2613 casto
1833 2557 2081 2630 [subaudi

499 2652 748 2706 subditus
793 2648 954 2721 esto].
1014 2637 1105 2718 qui
1157 2657 1440 2719 permanet
1502 2649 1555 2702 in
1589 2648 1844 2704 sseculum
1877 2647 2082 2713 saeculi,

495 2738 745 2793 videlicet
775 2752 864 2802 ne,
883 2737 926 2791 si
948 2737 1102 2808 piger
1124 2736 1207 2791 vel
1232 2737 1387 2792 deses
1416 2736 1604 2802 fueris,
1631 2737 1828 2807 perdas
1854 2736 2081 2808 gloriam

496 2834 709 2888 fortiter
755 2830 1129 2886 laborantibus
1176 2829 1230 2884 in
1278 2828 1460 2885 futuro
1513 2829 1858 2898 promissam.
1909 2829 2082 2884 Horas

496 2928 661 2998 igitur
701 2927 747 2982 si
795 2940 931 2994 quas
958 2922 1156 2978 furaris
1205 2922 1424 2978 domino
1475 2931 1587 2986 tuo,
1645 2919 1810 2976 redde
1837 2919 2080 2975 Creatori

496 3029 609 3073 tuo.
643 3017 707 3072 Et
734 3031 801 3071 ne
825 3013 1073 3077 fortuitu,
1100 3012 1414 3082 autabsque
1441 3011 1533 3066 Dei
1567 3011 1902 3082 providentia
1927 3018 2082 3080 putes

499 3117 550 3162 te
607 3104 886 3168 servituti,
928 3103 1121 3174 quovis
1177 3102 1368 3157 ordine
1415 3100 1697 3165 acciderit,
1739 3097 2076 3168 subjectum,

498 3200 622 3253 audi
675 3197 937 3251 lsidorum
973 3212 986 3247 :
1027 3213 1044 3246 ι
1080 3194 1308 3266 Propter
1358 3202 1662 3264 peccatum,
1689 3193 1887 3261 inquit,
1918 3192 2078 3262 priori

496 3290 758 3354 hominis,
811 3290 1052 3343 humano
1096 3287 1280 3360 generi
1324 3301 1484 3356 pmna
1520 3286 1778 3341 divinitus
1818 3285 1963 3339 illata
1998 3293 2084 3339 est

500 3379 800 3443 servitutis,
825 3379 898 3433 ita
931 3387 990 3433 ut
1018 3378 1214 3448 quibus
1241 3377 1434 3447 aspicit
1458 3392 1565 3431 non
1593 3391 1894 3444 congruere
1923 3374 2085 3430 liber-

499 3483 691 3538 tatem,
740 3472 827 3527 his
858 3466 1286 3526 misericorditer
1327 3469 1531 3540 irroget
1559 3469 1911 3538 servitutem;
1935 3475 1989 3521 et
2019 3466 2084 3520 ιι-

499 3577 588 3624 cet
636 3567 740 3621 hoc
787 3580 884 3636 per
925 3571 1206 3635 peccatum
1268 3562 1556 3632 contigerit
1600 3560 1848 3631 originis,
1903 3569 2081 3614 tamen

500 3673 688 3727 a-quus
733 3656 874 3711 Deus
932 3655 1005 3709 ita
1048 3654 1308 3710 discrevit
1355 3652 1664 3708 hominibus
1713 3651 1899 3715 vitam,
1948 3651 2084 3706 alios

500 3763 691 3807 servos
739 3745 1096 3806 constituens,
1145 3742 1282 3798 alios
1319 3742 1590 3807 dominos,
1613 3750 1672 3794 ut
1701 3741 1918 3796 licentia
1947 3740 2084 3796 male

498 3835 690 3904 agendi
738 3847 1040 3896 servorum,
1100 3839 1366 3900 potestate
1416 3829 1761 3884 dominorum
1792 3829 2084 3898 restringa-

503 3935 610 3979 tur.
643 3922 774 3978 Nam
814 3923 858 3977 si
906 3935 1095 3976 omnes
1124 3921 1242 3975 sine
1274 3926 1417 3973 metu
1449 3927 1650 3983 essent,
1690 3919 1812 3987 quis
1831 3927 1973 3972 esset
1992 3919 2084 3988 qui

502 4032 533 4069 a
565 4015 722 4069 malis
777 4011 1084 4082 quempiam
1117 4009 1431 4066 cohiberet?
1482 4008 1609 4063 lmle
1656 4018 1711 4064 et
1750 4009 1803 4062 in
1835 4009 2086 4080 gentibus

499 4121 659 4177 reges
704 4103 1088 4174 principesque
1139 4100 1298 4156 electi
1351 4107 1496 4165 sunt,
1537 4110 1595 4153 ut
1624 4107 1831 4153 terrore
1873 4112 1971 4154 suo
1993 4113 2089 4168 po-

501 4198 657 4268 pulos
704 4187 732 4247 ἐι
778 4195 918 4248 nullo
944 4197 1283 4255 coercerent,
1311 4199 1475 4260 atque
1527 4189 1594 4243 ad
1626 4197 1776 4245 recte
1797 4189 2085 4244 vivendum

499 4287 709 4356 legibus
753 4283 1064 4339 subderent.
1119 4279 1391 4346 Quantum
1439 4279 1634 4332 attinet
1678 4279 1746 4334 ad
1796 4279 2085 4344 rationem,

427 4387 434 4395 '
501 4386 708 4433 nonest
747 4389 1089 4445 personarum
1143 4371 1374 4439 acceptio
1421 4369 1562 4440 apud
1604 4369 1772 4423 Deum
1813 4368 1990 4440 (Rom.
2024 4385 2086 4434 ll,

504 4473 525 4522 'l
548 4470 616 4536 l);
633 4469 721 4536 qui
745 4464 1080 4534 mundieligit
1105 4461 1354 4534 ignobilia
1376 4471 1423 4515 et
1449 4461 1878 4531 contemptibilia,
1902 4471 1948 4516 et
1968 4478 2084 4532 qua:

502 4579 604 4614 non
629 4568 770 4622 sunt,
797 4569 849 4612 ut
878 4575 938 4611 ea
963 4573 1080 4627 qua:
1109 4567 1228 4609 sunt
1253 4554 1559 4619 destrueret,
1609 4570 1671 4608 ne
1696 4553 1952 4623 glorietur
1974 4569 2080 4606 om-

504 4657 583 4707 nis
615 4668 758 4716 caro,
789 4651 892 4705 hoc
925 4656 1008 4704 est
1041 4646 1276 4702 carnalis
1301 4646 1542 4715 potentia
1564 4663 1741 4699 coram
1767 4645 1855 4715 illo
1882 4645 1933 4717 (I
1958 4643 2081 4699 Cor.

504 4763 545 4809 ι,
575 4745 665 4816 28)
699 4761 712 4800 ;
749 4743 898 4798 Unus
941 4740 1085 4795 enim
1123 4738 1384 4792 Dominus
1437 4737 1717 4806 aequaliter
1754 4747 1810 4792 et
1852 4736 2086 4791 dominis

505 4845 610 4897 l'crt
637 4837 920 4892 consilium
967 4843 1023 4888 et
1069 4832 1261 4886 servis.
1310 4829 1498 4884 Melior
1532 4837 1616 4883 est
1649 4827 1890 4896 subjecta
1917 4827 2087 4881 servi-

505 4941 613 4992 tus,
646 4943 808 4998 quam
845 4926 987 4980 elata
1034 4923 1288 4986 libertas;
1344 4919 1496 4973 multi
1537 4919 1683 4974 enim
1741 4917 2088 4971 inveniuntur

505 5023 617 5078 Deo
661 5022 830 5074 libere
867 5017 1186 5080 servientes,
1211 5014 1311 5070 sub
1355 5011 1587 5067 dominis
1635 5011 1912 5067 constituti
1937 5010 2086 5080 ﬂagi-

509 5115 681 5176 tiosis,
735 5112 826 5182 qui
876 5109 978 5165 etsi
1033 5107 1258 5174 subjecti
1301 5113 1427 5160 sunt
1460 5103 1565 5158 illis
1596 5117 1847 5171 corpore,
1878 5101 2087 5171 pra-lati

509 5213 632 5244 ιιι-ιιι
667 5214 842 5244 ιςιηιρη
873 5203 954 5244 Aie
1001 5207 1200 5244 nwnte-
1233 5217 1252 5244 ι
1279 5197 1393 5244 "ne
1442 5211 1573 5244 ergo
1631 5195 1764 5244 tanti
1795 5195 1893 5244 viri
1932 5193 2088 5246 tesliv

2185 1910 2450 1980 praelatis.
2483 1911 2550 1965 Et
2579 1921 2635 1965 ut
2667 1913 2908 1978 mistutn,
2955 1923 3010 1968 et
3038 1913 3202 1969 veluti
3248 1914 3564 1969 concionale
3598 1926 3778 1969 texam

2185 1999 2483 2069 eloquium,
2530 2001 2825 2071 discipulus
2850 2002 2946 2057 es?
2991 2003 3128 2056 Audi
3157 2012 3209 2057 et
3237 2011 3316 2068 tu,
3341 2018 3546 2072 quznso,
3583 2005 3782 2074 prisci-

2185 2091 2420 2161 pientetn
2458 2091 2744 2148 Dominum
2777 2111 2791 2147 :
2825 2094 2959 2160 Qua:
3000 2095 3152 2150 vultis
3196 2107 3250 2150 ut
3280 2097 3479 2166 faciant
3516 2100 3660 2152 vobis
3681 2100 3780 2152 ho-

2184 2182 2370 2242 mines.
2417 2190 2466 2236 et
2497 2199 2582 2236 vos
2630 2183 2788 2252 facile
2829 2185 2933 2238 illis
2977 2185 3195 2256 (Matth.
3232 2203 3328 2252 vn,
3365 2188 3475 2260 12).
3507 2189 3778 2244 Similiter

2186 2276 2442 2348 magister
2468 2278 2559 2332 es?
2591 2277 2736 2332 audi.
2764 2277 2943 2333 Nolite
2974 2280 3148 2333 occari
3171 2279 3574 2351 Rabbi(Matth.
3609 2297 3772 2344 χχιιι.

2185 2368 2269 2436 8).
2303 2369 2606 2440 Discipulus
2633 2371 2728 2426 es?
2767 2370 2916 2426 audi.
2952 2370 3083 2436 Ome
3111 2373 3291 2426 dicunt
3317 2373 3496 2442 facite,
3517 2392 3637 2445 qua:
3667 2393 3773 2429 au-

2185 2472 2287 2517 tem
2304 2463 2528 2530 faciunt,
2554 2464 2727 2532 facere
2754 2464 2911 2519 nolite
2934 2464 3096 2535 (Ibid.
3120 2467 3197 2536 5).
3214 2466 3468 2537 Magister
3489 2469 3586 2524 es?
3608 2468 3771 2523 audi:

2189 2555 2290 2620 Qui
2318 2557 2754 2611 scandalizaverit
2799 2574 2961 2611 unum
2993 2557 3056 2611 de
3079 2559 3286 2627 pusillis
3309 2561 3443 2624 istis,
3482 2561 3572 2631 qui
3605 2561 3662 2615 iu
3690 2575 3776 2615 me

2185 2645 2422 2710 credunt,
2452 2645 2657 2714 expedit
2697 2647 2743 2700 ei
2787 2656 2840 2700 ut
2869 2647 3222 2718 suspendatur
3269 2649 3406 2703 mola
3441 2650 3682 2704 asinaria
3702 2648 3774 2703 ad

2185 2734 2376 2790 collum
2427 2736 2561 2806 ejus,
2613 2746 2660 2790 et
2713 2737 3050 2806 demergatur
3110 2739 3165 2793 in
3225 2740 3547 2810 profundum
3606 2742 3774 2796 maris

2187 2826 2413 2896 (.llattlt.
2457 2843 2612 2892 xvnt,
2645 2827 2722 2898 6).
2755 2828 3060 2899 Discipulus
3088 2830 3180 2884 es?
3212 2845 3363 2885 cave.
3398 2829 3534 2896 Erit,
3595 2829 3775 2901 inquit

2184 2917 2491 2986 Apostolus,
2519 2929 2721 2988 tempus
2747 2935 2867 2973 cum
2907 2936 3092 2973 sanant
3139 2921 3434 2974 doctrinam
3469 2937 3572 2975 non
3607 2922 3789 2988 δαειὶο,

2185 3011 2394 3074 nebunt,
2430 3010 2520 3064 sed
2543 3010 2612 3062 ad
2659 3026 2755 3063 sua
2797 3009 3054 3064 desideria
3098 3011 3499 3076 coacervabunt,
3522 3013 3624 3065 sibi
3651 3029 3768 3066 ma-

2184 3103 2395 3171 gistros,
2437 3109 2543 3156 etc.
2573 3099 2658 3173 (II
2688 3099 2823 3154 Tim.
2875 3117 2948 3167 ιν,
2979 3101 3057 3172 5).
3101 3101 3355 3172 Magister
3381 3104 3475 3158 es?
3516 3103 3770 3158 adverte:

2194 3192 2432 3248 Volentes
2471 3210 2580 3248 esse
2609 3193 2736 3262 legis
2771 3195 3036 3260 doctores,
3088 3210 3191 3248 non
3235 3195 3576 3266 intelligentes
3607 3214 3774 3268 neque

2183 3304 2300 3358 qua:
2348 3285 2653 3357 loquuntur,
2682 3303 2844 3358 neque
2873 3286 2936 3341 de
2961 3287 3149 3358 quibus
3183 3288 3443 3358 nﬂirmant
3468 3287 3518 3358 (1
3557 3287 3694 3343 Tim.
3728 3305 3767 3353 ι,

2183 3376 2262 3448 7).
2290 3377 2598 3446 Discipulus
2649 3377 2742 3431 es?
2788 3377 3022 3442 Honore,
3074 3379 3266 3447 inquit,
3308 3379 3524 3433 invicem
3581 3396 3786 3449 ρι’ωτεο.

2186 3468 2386 3522 nientes
2438 3466 2610 3538 (Rom.
2654 3484 2752 3532 xtl,
2781 3468 2894 3538 10).
2944 3468 3236 3539 Magister?
3263 3467 3388 3523 Non
3427 3469 3786 3527 dominantes.

2188 3561 2304 3633 (65)
2341 3561 2396 3616 in
2427 3561 2584 3626 clero,
2623 3561 2712 3616 sed
2765 3561 2935 3631 forma
2963 3561 3092 3629 facti
3114 3561 3282 3632 gregis
3337 3560 3387 3630 (I
3416 3559 3566 3615 Petr.
3599 3576 3666 3626 v,
3690 3562 3772 3631 5).

2186 3657 2471 3713 Postremo
2519 3657 2779 3727 magister
2822 3671 2903 3721 es,
2951 3665 3046 3711 aut
3103 3657 3325 3722 diceris,
3368 3667 3464 3712 aut
3507 3658 3613 3713 diei
3656 3659 3777 3713 vis?

2186 3747 2328 3803 Cura
2366 3747 2664 3819 magisterii
2701 3745 2824 3814 jura
2875 3762 3114 3812 servare,
3165 3763 3232 3804 ne
3270 3749 3470 3805 dicaris
3523 3751 3774 3805 abusive.

2187 3839 2442 3893 Desidera
2494 3838 2669 3909 magis
2706 3837 2960 3908 prodesse
2996 3851 3156 3908 quam
3186 3853 3436 3908 prmesse.
3467 3839 3779 3908 Discipulus

2187 3929 2289 3984 es?
2322 3927 2491 3984 Stude
2536 3928 2812 3984 humiliter
2857 3927 3102 3993 subesse,
3143 3935 3201 3982 ut
3229 3927 3322 3982 tibi
3353 3938 3409 3983 et
3439 3929 3625 3984 multis
3653 3929 3779 3984 aliis

2191 4019 2515 4090 quandoque
2549 4019 2733 4073 valcas
2773 4019 3050 4086 prodesse.
3094 4017 3351 4087 Magister
3379 4019 3475 4074 es?
3504 4019 3648 4075 Doce
3675 4023 3776 4075 hu-

2191 4108 2393 4162 militer
2415 4107 2559 4177 quod
2608 4109 2771 4162 nosti.
2805 4108 3138 4177 Discipulus?
3170 4108 3326 4163 Disce
3352 4109 3628 4163 inhianter
3649 4125 3774 4180 qua:

2192 4198 2369 4252 adhuc
2410 4198 2634 4252 minime
2681 4199 2846 4252 nosti.
2899 4197 3188 4265 Magister?
3212 4197 3349 4268 Opta
3377 4200 3550 4270 magis
3579 4201 3774 4261 amari,

2192 4306 2353 4362 quam
2399 4291 2580 4346 timeri
2615 4291 2845 4345 :avertit
2879 4292 3044 4356 enim,
3089 4299 3146 4344 ut
3188 4291 3322 4346 dicit
3360 4291 3716 4363 Augustinus,
3747 4307 3776 4345 a

2193 4402 2250 4442 se
2293 4385 2555 4456 plurimos
2609 4385 2782 4440 tristis
2831 4394 2884 4439 et
2936 4385 3162 4438 nimium
3218 4399 3412 4440 severa
3460 4385 3773 4440 crudelitas.

2193 4479 2348 4536 Unde
2383 4487 2436 4533 et
2471 4475 2768 4547 Gregorius
2800 4493 2811 4527 :
2848 4475 2903 4529 Si
2933 4476 3075 4544 quis,
3127 4476 3221 4540 ait,
3247 4475 3450 4530 ferinos
3473 4491 3656 4530 mores
3683 4476 3779 4528 ha-

2192 4572 2304 4634 bet,
2335 4583 2553 4622 necessc
2567 4578 2650 4621 est
2681 4565 3054 4619 utbestialiter
3077 4565 3223 4618 solus
3241 4566 3406 4618 vivat.
3433 4564 3777 4632 Discipulus?

2193 4659 2470 4714 Contende
2519 4655 2867 4723 obsequendo
2919 4669 3158 4708 amorem
3210 4654 3436 4723 adipisci
3492 4655 3772 4724 magistri;

2195 4750 2341 4805 cauit
2373 4749 2516 4803 enim
2551 4747 2646 4800 tibi
2673 4747 2745 4800 ita
2778 4754 2937 4814 poeta
2975 4763 2986 4798 :
3026 4764 3043 4794 ι
3084 4745 3288 4800 Victrix
3335 4747 3613 4815 sapientia:
3662 4746 3776 4802 for-

2197 4847 2322 4892 tuna
2363 4856 2376 4891 :
2407 4837 2640 4890 dicimus
2676 4842 2854 4888 autem
2898 4834 2997 4888 hos
3029 4849 3244 4902 quoque
3272 4835 3472 4898 felices,
3504 4836 3596 4904 qui
3630 4835 3778 4891 ferre

2195 4928 2535 4984 incommoda
2564 4927 2707 4990 vitze,
2761 4940 2861 4981 nec
2899 4923 3108 4992 jactare
3155 4924 3344 4995 jugnm
3373 4927 3483 4980 vita
3535 4927 3777 4984 didicene

2191 5022 2468 5091 magistra.
2503 5039 2521 5071 ι
2558 5018 2816 5088 Magister
2844 5019 2942 5072 es?
2965 5019 3103 5071 Cura
3132 5018 3231 5070 hac
3257 5027 3372 5072 arte
3401 5019 3775 5088 magisterium

2192 5110 2459 5166 moderari
2511 5117 2682 5176 tuum,
2709 5117 2765 5161 ut
2800 5107 3143 5162 instituendis
3194 5108 3364 5177 magis
3405 5124 3564 5176 quam
3611 5109 3780 5164 hebe-

2195 5201 2370 5246 ιςιηιίἰς
2389 5200 2625 5246 videaris
2650 5213 2885 5246 nrmesse
2912 5197 3208 5246 tliseinulis.
3225 5199 3360 5246 Nam
3377 5210 3504 5246 sunt
3530 5201 3772 5246 nonnulli
3855 5189 3858 5192 ’
