4018 5406
262 287 356 340 I77

1224 295 1793 363 l'll.liLUQUlORU.\l
1836 300 2013 354 [ΛΜΗ
2055 304 2207 357 SEX.
2254 338 2317 343 υ-
2360 307 2481 361 ιω.
2527 311 2562 364 1.

3418 318 3516 375 178

256 404 603 459 fundioribus
631 422 825 475 capere
871 406 1081 459 valeant
1103 409 1388 475 generibus
1413 410 1832 466 institutiomnn.
1865 414 1912 473 Α
1944 415 2197 468 virtutum
2229 421 2475 487 generari
2500 421 2801 478 debuerant
2823 427 3050 491 soboles,
3085 427 3313 481 inaniter
3336 430 3505 481 ell'un-

256 494 487 559 Quidam
516 509 665 557 vero,
693 496 869 549 verbis
890 503 947 548 ut
976 496 1025 549 id
1052 497 1501 568 referamLAurelii
1527 502 1837 572 Augustini,

260 594 423 637 tantm
450 594 582 638 sunt
613 584 900 649 fatuitatis,
934 595 993 639 ut
1031 588 1189 656 paulo
1214 589 1391 643 minus
1420 590 1668 645 differant
1690 608 1718 645 a
1752 608 1840 661 pe-

254 674 495 727 curibus.
532 674 669 729 Sunt
694 691 823 729 vero
850 677 939 730 alii
973 689 1078 731 tam
1107 678 1260 748 agilis
1311 680 1611 736 intellectus
1652 692 1705 736 et
1728 692 1842 736 slu-

253 769 353 832 dii,
386 777 445 822 ut
475 785 620 839 smpe
650 772 870 840 proprio
919 788 1077 827 sensu
1125 783 1178 829 et
1210 776 1406 841 studio,
1444 777 1606 831 etiam
1636 777 1840 845 majora

258 862 588 931 percipiant,
611 878 772 932 quam
802 879 832 917 a
856 866 1130 933 magistris
1156 869 1477 923 didicerunt.
1512 869 1649 925 Sunt
1673 872 1839 925 etiam

252 954 347 1023 qui
383 953 601 1010 diﬂieile
634 956 872 1025 capiunt,
904 965 956 1011 et
994 957 1152 1012 facile
1175 961 1424 1029 perdunt.
1453 960 1590 1015 Sunt
1617 963 1707 1030 qui
1740 962 1841 1016 dif-

254 1045 470 1099 ficulter
523 1046 741 1115 quidem
776 1048 1072 1117 capientes,
1106 1061 1264 1120 capta
1315 1052 1530 1105 fortiter
1582 1054 1836 1106 retinent.

252 1135 391 1187 Sunt
422 1136 513 1203 qui
541 1135 697 1191 facile
742 1139 981 1207 capiunt,
1013 1138 1226 1195 facilius
1254 1142 1528 1195 amittunt.
1576 1140 1716 1195 Sunt
1747 1143 1838 1211 qui

250 1225 512 1281 facillime
561 1229 805 1297 capiunt,
844 1229 1156 1285 difficillime
1210 1232 1485 1287 amittunt.
1545 1233 1639 1287 llis
1705 1234 1839 1287 nihil

250 1316 398 1369 aliud
424 1332 561 1387 opus
601 1328 685 1372 est
708 1319 1002 1385 insinuare,
1032 1337 1193 1390 quam
1232 1331 1291 1375 ut
1313 1331 1604 1393 prmpetem
1628 1324 1839 1393 agilita-

251 1415 360 1460 tem
385 1422 583 1461 sensus
607 1409 772 1463 studii
816 1412 1076 1465 exercitio
1106 1413 1370 1478 nutriant,
1400 1430 1467 1467 ne
1492 1431 1597 1468 non
1627 1416 1839 1470 discen-

250 1497 318 1551 do
344 1496 489 1566 quod
519 1498 727 1563 valent,
750 1508 802 1554 et
828 1511 1103 1556 auctorem
1128 1503 1513 1571 ingratitudine
1536 1504 1832 1572 offendant,

246 1596 301 1641 et
332 1587 599 1656 sapientia
627 1589 801 1655 vacui,
825 1605 1019 1660 poenas
1048 1607 1145 1662 pro
1167 1602 1479 1663 contemptu
1511 1596 1836 1666 quandoque

252 1677 560 1732 exsolvant.
605 1678 830 1735 Cmtcris
858 1697 983 1737 vero
1042 1698 1141 1753 pro
1192 1692 1351 1753 captu
1409 1684 1745 1755 singulorum
1775 1693 1830 1740 et

1944 505 2095 569 deus,
2125 508 2235 575 ipsa
2264 510 2343 562 sui
2392 512 2763 580 superﬂuitate
2812 518 3027 573 steriles
3053 519 3274 573 reddere
3299 522 3513 575 eosdem

1944 597 2188 649 cernitur
2217 600 2511 654 auditores.
2567 602 2768 658 Horum
2810 607 3101 675 quinifaria
3136 626 3259 663 cum
3292 610 3514 665 sitdivi-

1943 683 2043 749 sio,
2078 702 2181 739 una
2212 688 2397 743 virtuti
2432 690 2541 762 (66)
2575 693 2805 750 militare
2835 698 3047 752 videtur
3066 698 3431 763 solummodo;
3459 700 3511 753 id

1942 785 2027 829 est
2063 791 2185 831 cum
2234 780 2461 849 quilibet
2516 792 2625 837 tam
2675 786 2915 842 ardentis
2953 799 3034 844 est
3057 790 3356 856 charitatis,
3384 799 3441 844 ut
3468 790 3512 843 si

1945 864 2062 919 fieri
2100 870 2289 937 possit,
2319 879 2484 925 totum
2514 888 2570 927 se
2601 876 3003 933 transfunderet
3024 880 3075 934 in
3107 897 3200 935 cor
3222 882 3513 944 audientis,

1936 956 2088 1026 juxta
2115 957 2241 1011 illud
2268 958 2509 1028 Apostoli
2538 981 2548 1015 :
2588 963 2716 1018 Volo
2740 983 2915 1021 omnes
2941 968 3055 1036 ﬁeri
3084 970 3214 1023 sicut
3248 987 3325 1024 me
3350 946 3519 1040 ipsum

1945 1044 1992 1109 (1
2023 1044 2141 1099 Cor.
2173 1062 2268 1111 vtt,
2300 1049 2385 1117 7);
2414 1059 2465 1103 et
2496 1069 2507 1103 :
2544 1050 2615 1106 0s
2657 1067 2888 1108 nostrum
2937 1066 3111 1124 pateat
3141 1058 3209 1109 ad
3240 1075 3346 1123 eos,
3374 1070 3405 1110 o‘
3426 1058 3525 1111 Co—

1943 1136 2144 1199 rint/iii,
2179 1153 2269 1189 cor
2312 1149 2543 1192 nostrum
2576 1142 2855 1196 dilatatam
2885 1154 2980 1208 est,
3013 1161 3115 1198 non
3143 1146 3525 1215 angustiamim‘

1943 1224 1997 1276 in
2047 1225 2212 1288 nobis,
2246 1243 2364 1280 cum
2404 1232 2778 1299 angustiamini
2820 1232 2872 1285 in
2901 1233 3178 1287 ttsceribus
3220 1234 3399 1287 vestris
3430 1232 3516 1301 (11

1944 1312 2066 1367 Cor.
2100 1331 2174 1379 vi,
2204 1318 2421 1385 ll,l2);
2452 1320 2601 1388 quasi
2636 1322 2877 1388 dixisset,
2908 1322 3031 1377 licet
3056 1333 3281 1394 angusta
3323 1325 3392 1379 sit
3422 1326 3510 1377 ar-

1943 1420 2005 1459 ea
2032 1407 2213 1462 cordis
2240 1410 2406 1463 vestri
2438 1426 2554 1478 qua:
2584 1413 2784 1481 capiat,
2816 1428 2921 1466 non
2947 1422 3031 1468 est
3064 1423 3290 1485 angusta
3320 1428 3515 1470 manus

1942 1496 2226 1552 cbaritatis
2251 1514 2369 1568 qua:
2390 1499 2598 1554 fundat.
2630 1502 2813 1556 Altera
2846 1504 3037 1559 divisio
3065 1504 3271 1559 servire
3301 1504 3513 1559 videtur

1942 1588 2258 1654 adulationi,
2303 1591 2427 1644 dum
2476 1592 2701 1661 quilibet
2735 1597 2834 1648 sub
2859 1594 3039 1663 specie
3063 1594 3289 1650 docendi
3329 1595 3515 1650 volens

1940 1676 2156 1745 placere
2188 1687 2465 1746 potentum
2490 1682 2674 1747 alicui,
2704 1683 2997 1739 introducit
3028 1694 3288 1755 satyram,
3320 1694 3374 1740 et
3402 1685 3513 1739 vio-

246 1769 514 1825 varietate
548 1771 918 1827 inlcllccluum
959 1775 1231 1829 moderari
1276 1775 1472 1831 debere
1520 1778 1735 1832 noveris
1777 1786 1833 1832 οι
1862 1768 1905 1827 Β
1936 1768 2011 1822 lat
2053 1770 2371 1824 doctrinam.
2408 1772 2590 1825 Tertia
2632 1774 2875 1829 avaritia:
2918 1775 3338 1845 deprehenditur
3365 1775 3503 1829 mili-

244 1873 513 1934 prareepta
551 1864 983 1935 disciplinarum,
1017 1884 1105 1934 ne,
1148 1868 1194 1923 si
1242 1868 1548 1939 ineapibilia
1594 1870 1674 1924 eis
1701 1870 1836 1925 velis

244 1954 493 2024 ingerere
515 1956 911 2024 doctrinarum,
944 1959 1264 2029 profundius
1306 1961 1566 2016 excitatis
1596 1961 1835 2015 incidant

244 2051 611 2117 gurgustium.
646 2050 787 2122 Lege
818 2051 1014 2107 librum
1064 2053 1349 2125 Augustini
1385 2054 1831 2125 Soliloquiorum,

244 2148 296 2193 et
320 2140 390 2194 ibi
420 2142 672 2207 evidens,
698 2142 807 2215 39
830 2146 953 2200 huic
986 2150 1374 2216 tamenmostro
1397 2164 1501 2202 non
1521 2131 1829 2215 dissonans,

242 2229 485 2285 invenies
520 2248 685 2303 super
719 2236 825 2289 isto
852 2237 1156 2291 consilium.
1183 2237 1383 2292 Verum
1421 2240 1645 2293 forsitan
1680 2240 1831 2294 deest

243 2320 462 2391 [scilicet
491 2323 631 2377 liber
656 2325 964 2399 Augustini]
990 2344 1089 2384 nec
1120 2329 1261 2383 valet
1284 2329 1512 2383 inveniri
1546 2329 1832 2399 qumsitus?

244 2411 485 2467 Dicimus
511 2414 625 2479 tibi,
660 2416 819 2471 sicuti
872 2418 924 2472 in
950 2433 1016 2473 eo
1048 2420 1297 2491 legimus,
1324 2420 1447 2489 quia
1482 2421 1672 2474 ordine
1699 2436 1831 2489 quo-

241 2503 362 2555 dam
384 2504 452 2557 ad
495 2506 817 2575 sapientiam
868 2510 1168 2577 pervenire,
1204 2510 1357 2565 bona:
1391 2510 1688 2580 disciplina:
1717 2511 1834 2567 olli-

240 2595 385 2649 eium
420 2606 534 2661 est;
587 2599 704 2654 sine
746 2602 937 2656 ordine
969 2612 1148 2658 autem
1178 2605 1265 2659 vix
1298 2605 1573 2661 credibilis
1606 2604 1839 2661 felicita-

242 2687 308 2740 tis
348 2687 412 2761 [f.
457 2688 714 2763 felicitas]
763 2710 775 2745 :
824 2694 1076 2763 quocircr
1135 2695 1335 2751 suach
1389 2696 1509 2752 illos
1578 2698 1832 2766 superius

238 2792 531 2847 expressos
560 2779 747 2852 [idest
776 2784 1089 2857 discipulos]
1142 2796 1291 2840 tanto
1332 2788 1592 2842 doctrina:
1616 2789 1831 2859 ingenio

242 2871 490 2936 tractari,
524 2880 584 2925 ut
633 2889 784 2928 more
818 2877 1171 2941 medicorum,
1206 2879 1295 2949 qui
1345 2880 1694 2949 lippientibus
1742 2896 1831 2935 so-

239 2959 340 3014 lem
368 2962 597 3030 cupiunt
650 2964 917 3020 visibilem
952 2968 1179 3023 reddere
1207 3009 1220 3033 ,
1254 2970 1426 3040 primo
1454 2970 1709 3025 levissimi
1738 2987 1830 3026 ca-

237 3058 361 3117 ptus
382 3052 631 3105 doctrina
659 3053 740 3108 eis
766 3054 1053 3123 olferatur;
1086 3058 1279 3113 deinde
1305 3060 1457 3129 quid,
1478 3076 1582 3114 non
1600 3062 1827 3115 multum

1940 1870 2085 1926 tare;
2111 1862 2260 1917 multi
2288 1864 2432 1917 enim
2463 1864 2594 1918 lucri
2625 1865 2849 1930 ambitu,
2881 1867 3108 1935 tegenda
3131 1866 3345 1921 silentio
3374 1882 3503 1920 vcu'

1939 1956 2074 2010 dunt
2103 1957 2389 2026 loquendo.
2410 1958 2903 2027 Quartajactantia:
2934 1959 3225 2028 specialius
3256 1959 3511 2031 obsequi-

1939 2055 2046 2113 tur,
2082 2066 2204 2102 nam
2244 2060 2301 2104 ut
2338 2051 2564 2104 multmn
2598 2052 2717 2120 quis
2746 2051 2885 2105 scire
2912 2052 3180 2115 videatur,
3207 2051 3379 2121 aperit
3409 2065 3512 2104 sa:-

1940 2140 2160 2209 pissime
2212 2141 2353 2209 quod
2405 2141 2888 2207 dcbucratcelarc,
2922 2151 3109 2195 contra
3135 2141 3259 2196 illud
3290 2139 3513 2194 Psalmi-

1937 2239 2031 2284 stae
2060 2250 2072 2283 :
2106 2229 2171 2283 In
2202 2232 2355 2283 corde
2380 2248 2491 2284 meo
2522 2232 2769 2285 abscondi
2804 2232 3010 2302 eloquia
3034 2232 3162 2302 ltua,
3189 2241 3245 2284 ut
3272 2248 3376 2285 non
3395 2247 3511 2300 pec-

1936 2338 2043 2376 cem
2073 2322 2162 2375 tibi
2188 2321 2357 2392 (Psal.
2384 2338 2569 2386 cxvm,
2610 2323 2691 2386 ll)
2714 2340 2729 2387 ;
2754 2324 2897 2377 unde
2921 2334 2970 2379 et
3000 2323 3331 2393 Augustinus
3357 2336 3513 2375 eum-

1938 2411 2056 2465 dem
2090 2412 2417 2465 versiculum
2441 2414 2760 2481 exponendo
2788 2432 2799 2466 :
2836 2413 2941 2479 Qui
2968 2430 3185 2477 arcana,
3212 2412 3407 2482 inquit,
3428 2412 3512 2463 di-

1934 2499 2131 2569 vulgat,
2170 2501 2428 2554 imminuit
2482 2500 2678 2555 Christi
2729 2502 3005 2567 decorem;
3058 2502 3253 2572 quibus
3280 2501 3411 2556 satis
3440 2501 3518 2555 le-

1935 2590 2058 2659 pide
2088 2590 2219 2644 illud
2246 2591 2483 2645 concinit
2507 2600 2678 2661 poetae
2715 2591 2884 2647 Persii
2918 2612 2931 2647 :
2962 2591 3137 2663 Usque
3162 2593 3291 2647 adeo
3321 2608 3404 2657 ne,
3435 2592 3513 2645 in-

1934 2682 2151 2752 quiens,
2176 2683 2309 2737 scire
2337 2692 2483 2736 tuum
2516 2683 2647 2736 nihil
2677 2692 2774 2749 est,
2806 2684 2907 2737 nisi
2929 2692 2976 2738 te
3003 2685 3137 2738 scire
3164 2684 3259 2738 hoc
3283 2684 3412 2737 sciat
3437 2682 3516 2735 al-

1934 2782 2029 2827 ter.
2052 2772 2162 2844 40
2183 2774 2436 2840 Quintam
2464 2788 2591 2827 vero
2619 2775 2808 2828 horum
2842 2783 3051 2843 partem
3076 2774 3289 2829 incauta
3312 2772 3514 2827 solum-

1933 2862 2093 2917 modo
2142 2863 2437 2931 loquacitas
2478 2862 2671 2927 efﬁcit;
2728 2862 2973 2933 plerique
3015 2864 3181 2930 enim,
3242 2864 3368 2917 dum
3398 2863 3513 2915 sine

1932 2956 2307 3009 moderatione
2359 2955 2594 3025 linguam
2622 2955 2899 3009 incautius
2946 2954 3215 3024 loquendo
3246 2954 3515 3014 relaxant.

1934 3042 2405 3097 inconsideranter
2456 3042 2730 3106 emittunt,
2763 3041 2930 3111 quod,
2963 3041 3091 3096 licet
3136 3040 3513 3096 desideranter

237 3140 483 3207 quidem,
536 3142 734 3199 fortius
782 3155 991 3213 tamen;
1040 3157 1151 3203 tum
1190 3126 1405 3203 demum
1433 3151 1654 3221 aliquid,
1686 3153 1828 3222 quod

1936 3136 2120 3203 velint,
2154 3151 2413 3191 revocare
2458 3152 2562 3191 non
2607 3145 2855 3207 possunt.
2882 3136 2958 3190 Ex
2999 3136 3085 3191 bis
3109 3136 3347 3206 quinque
3375 3135 3509 3189 divi-

237 3228 581 3299 aliquantula
613 3234 695 3287 sui
752 3244 903 3303 parte
944 3238 1012 3292 ab
1046 3239 1149 3293 hoc
1178 3249 1468 3306 remotum,
1505 3242 1828 3310 quibusdam

236 3320 403 3376 veluti
446 3325 782 3393 eonjecturis
830 3327 1003 3397 ipsum
1038 3329 1378 3399 aliquantulo
1403 3333 1617 3401 aperire
1648 3332 1828 3388 valeat

235 3411 447 3478 visunt;
485 3414 607 3469 inde
647 3416 923 3484 quodlibet
966 3418 1082 3489 ejus
1114 3420 1247 3477 lucis
1284 3423 1561 3489 viciniam,
1590 3424 1717 3480 hinc
1749 3426 1829 3496 ip-

237 3502 348 3557 sius
372 3504 655 3573 sapientia:
698 3507 888 3576 levius,
913 3510 1038 3566 hinc
1078 3513 1431 3580 mediocrius,
1462 3516 1587 3570 hinc
1617 3516 1752 3584 ipse,
1783 3516 1828 3572 si

240 3602 423 3648 tamen
449 3595 567 3665 capi
594 3605 871 3669 utcunque
896 3610 1094 3670 posset,
1128 3603 1297 3673 ipsius
1320 3604 1498 3674 fulgor
1521 3614 1831 3660 monstran-

240 3688 371 3754 dus;
401 3688 486 3743 sin
520 3690 681 3758 alias,
710 3695 949 3762 optatius
978 3702 1059 3749 est
1102 3695 1359 3766 lippiente
1385 3699 1501 3751 visu
1527 3698 1642 3767 ipso
1670 3711 1829 3751 male

243 3779 501 3833 tabernas
546 3782 805 3847 circuire,
858 3794 910 3837 et
965 3784 1168 3855 aliquid
1212 3787 1482 3841 commodi
1512 3786 1700 3841 referri
1734 3787 1829 3840 do-

241 3885 408 3933 mum,
432 3887 597 3940 quam
627 3872 746 3941 ipso
790 3872 1073 3942 splendore
1119 3876 1406 3930 meridiani
1458 3876 1587 3930 solis
1610 3878 1827 3946 penitus

240 3964 531 4029 o‘tetecalo,
560 3965 707 4035 ipsas
736 3981 855 4020 eum
892 3968 1127 4037 quodam
1153 3969 1393 4038 appetitu
1434 3969 1686 4024 tenebras
1709 3970 1827 4026 sine

242 4052 418 4121 aliquo
452 4054 629 4109 fructu
660 4065 905 4125 captare.

308 4144 397 4198 52.
424 4145 579 4201 Sient
604 4157 790 4201 autem
824 4148 876 4201 in
918 4149 1255 4205 auditoribus
1285 4150 1511 4205 diversae
1544 4150 1827 4205 inveniun—

240 4245 322 4291 tur
345 4238 623 4294 distantia:
657 4256 912 4294 sensuum
938 4283 951 4307 ,
990 4242 1060 4296 ita
1095 4252 1149 4296 et
1178 4242 1230 4295 in
1263 4243 1577 4297 doctoribus
1599 4243 1827 4297 diversw

243 4330 589 4397 reperiuntur
620 4330 1037 4398 conspersiones
1064 4330 1373 4384 aﬂ‘cctuum.
1404 4330 1652 4383 Nonnulli
1680 4331 1825 4383 enim

241 4428 342 4472 tam
373 4421 670 4475 obstinatzc
704 4431 831 4473 sunt
856 4421 1166 4486 voluntatis,
1195 4431 1250 4474 ut
1274 4436 1393 4475 cum
1425 4420 1669 4490 magistri
1705 4436 1823 4473 am-

237 4506 380 4563 biant
431 4511 636 4576 vocari,
691 4509 838 4563 nulla
889 4510 1149 4566 doctrina:
1178 4521 1295 4565 arte
1342 4511 1552 4580 aliquos
1587 4526 1615 4563 a
1640 4526 1698 4564 se
1724 4525 1819 4563 cu-

240 4600 387 4668 piant
436 4601 647 4675 imbui;
675 4600 929 4655 doctores
978 4601 1082 4655 dici
1138 4602 1469 4664 desiderant,
1497 4600 1585 4669 qui
1623 4599 1823 4653 invidia

237 4694 489 4758 obstrusi,
518 4694 707 4749 doceri
753 4694 1079 4748 omnimodis
1122 4694 1444 4748 detrectant.
1481 4693 1543 4746 lli
1578 4702 1703 4747 sunt
1742 4691 1825 4744 ui-

240 4783 457 4848 mirum,
488 4784 580 4853 qui
614 4784 937 4837 thesaurum
962 4783 1241 4851 sapientuc
1267 4783 1446 4837 cordis
1480 4780 1826 4836 suffodicntes

238 4885 408 4938 antro,
440 4873 844 4929 maledictiouis
888 4874 1094 4943 spiculo
1128 4876 1473 4928 terebrantur
1511 4872 1561 4926 in
1596 4871 1823 4942 judicio,

232 4964 379 5032 juxta
414 4964 541 5019 illud
575 4983 589 5019 :
626 4964 732 5030 Qui
770 4962 1040 5016 abscondit
1078 4963 1368 5033 frumenta,
1402 4961 1743 5015 maledicatur
1773 4959 1824 5011 in

237 5053 437 5123 populi;
491 5055 678 5127 (Prov.
716 5068 797 5113 ιι,
846 5051 956 5123 26).
991 5053 1129 5107 Sunt
1174 5061 1365 5107 contra
1408 5052 1517 5117 alii,
1547 5051 1637 5120 qui
1665 5057 1825 5103 tantae

236 5145 483 5198 videntur
539 5144 842 5216 largitatis,
897 5153 952 5197 ut
980 5145 1283 5199 doctrinam
1318 5142 1491 5211 magis
1535 5142 1826 5195 videantur

236 5236 477 5301 fundere,
532 5252 704 5308 quam
778 5248 1024 5303 erogare,
1070 5236 1139 5297 dc
1169 5233 1368 5304 quibus
1398 5231 1658 5302 Gregorio
1688 5238 1825 5284 teste

235 5331 426 5385 dicitur
475 5332 526 5386 in
579 5332 704 5400 lege
740 5343 754 5381 :
801 5326 893 5379 Vir
941 5331 1028 5399 qui
1063 5331 1265 5399 ﬂuxum
1300 5328 1502 5395 patitur
1528 5325 1761 5387 seminis,
1792 5341 1824 5377 a

1934 3227 2177 3282 sionibus
2198 3228 2371 3295 prima
2398 3227 2740 3298 prtedicanda
2783 3235 2866 3281 est
2896 3235 2950 3282 et
2984 3227 3243 3292 tenenda;
3272 3226 3510 3282 secunda

1933 3334 2057 3373 cum
2112 3319 2297 3389 quinta
2345 3319 2651 3375 miseranda
2697 3328 2753 3375 et
2795 3319 3145 3391 corrigenda;
3201 3320 3357 3375 tertia
3386 3334 3513 3374 cum

1931 3422 2124 3484 quarta
2166 3415 2380 3484 penitus
2438 3416 2675 3468 vitanda.
2731 3414 2868 3469 Sunt
2908 3422 3029 3483 post
3058 3414 3213 3480 istos,
3246 3414 3333 3482 qui
3366 3412 3509 3481 quod

1931 3507 2031 3574 ipsi
2060 3505 2280 3560 minime
2308 3505 2630 3570 didicerunt,
2658 3505 3039 3574 praesumptius
3060 3504 3221 3558 nimis
3246 3504 3379 3557 alios
3404 3518 3503 3556 au-

1931 3595 2060 3649 dent
2088 3595 2301 3649 doeere.
2329 3594 2405 3649 De
2440 3594 2637 3665 quibus
2665 3594 2741 3647 ait
2766 3592 3055 3662 Apostolus
3089 3611 3101 3645 :
3140 3591 3374 3646 Volentes
3393 3592 3511 3660 ﬁeri

1930 3687 2056 3756 legis
2086 3686 2343 3752 doctores,
2374 3671 2474 3739 non
2502 3684 2844 3756 intelligentes
2871 3701 3033 3754 neque
3057 3700 3172 3755 qua:
3204 3683 3510 3750 loquuntur,

1932 3793 2094 3847 neque
2138 3776 2201 3830 de
2224 3778 2410 3847 quibus
2435 3778 2691 3847 a/ﬁrmant
2718 3775 2768 3845 (Ι
2803 3774 2937 3829 Tim.
2971 3791 3010 3840 ι,
3039 3775 3114 3845 7).
3142 3774 3204 3828 lli
3246 3788 3506 3845 persaepe,

1929 3867 2056 3921 dum
2103 3867 2466 3938 dedignantur
2514 3865 2761 3936 discipuli
2813 3865 2934 3921 fieri
2972 3866 3235 3929 veritatis,
3268 3865 3509 3935 magistri

1929 3957 2234 4014 efﬁciuntur
2281 3958 2504 4013 erroris.
2556 3955 2694 4011 Sunt
2722 3957 2886 4012 etiam
2929 3957 3169 4027 quidam,
3214 3956 3511 4011 secundum

1927 4048 2263 4120 Apostolum,
2300 4064 2500 4119 semper
2534 4048 2806 4112 discentes,
2857 4058 2903 4100 et
2946 4064 3211 4118 nunquam
3244 4047 3311 4100 ad
3337 4047 3515 4117 cogni-

1929 4144 2121 4196 tionem
2151 4142 2380 4197 veritatis
2431 4142 2687 4195 renientes
2713 4140 2796 4212 (11
2831 4140 2964 4194 Tim.
2994 4157 3077 4206 Ill,
3108 4141 3182 4210 7).
3210 4140 3349 4195 Sunt
3375 4157 3513 4210 quo—

1929 4249 2033 4305 que
2078 4234 2169 4305 qui
2201 4234 2417 4303 copiose
2444 4234 2628 4287 dicunt
2677 4232 2819 4301 quod
2859 4248 2963 4287 non
2993 4232 3319 4304 intelligunt.
3374 4232 3515 4288 Sttnt

1929 4335 2175 4392 econtra,
2215 4327 2411 4395 quibus
2442 4325 2746 4379 intellectus
2781 4326 3041 4390 abundat,
3084 4326 3177 4381 sed
3207 4326 3516 4396 eloquentia

1930 4416 2132 4471 deficit.
2182 4415 2569 4470 Praedicandus
2596 4423 2798 4480 autem,
2849 4430 3010 4484 quem
3046 4425 3100 4470 et
3133 4415 3439 4485 eloquentia
3462 4426 3518 4470 et

1931 4506 2234 4562 intellectus
2260 4507 2434 4561 reddit
2462 4506 2746 4573 illustrem,
2781 4521 2905 4560 cum
2956 4508 3163 4578 primus
3207 4509 3318 4576 ille,
3353 4525 3514 4580 quem

1931 4598 2065 4663 dixi,
2121 4599 2186 4654 de
2218 4599 2638 4668 przesumptione
2687 4598 3010 4668 culpandus,
3062 4601 3199 4656 alter
3230 4619 3335 4657 non
3374 4602 3517 4655 vitu-

1929 4692 2220 4760 perandus,
2270 4691 2364 4745 sed
2426 4692 2497 4745 sit
2535 4691 2962 4762 amplectendus,
3008 4694 3109 4748 nisi
3146 4693 3284 4748 forte
3316 4694 3513 4747 invidia

1932 4780 2014 4833 vel
2045 4780 2274 4834 avaritia
2309 4780 2520 4851 plenus,
2553 4780 2892 4851 benignitate
2920 4783 3003 4838 vel
3032 4783 3303 4837 charitate
3337 4784 3425 4844 sit,
3458 4794 3514 4835 ut

1932 4872 2149 4937 assolet,
2185 4886 2405 4935 vacuus,
2437 4886 2597 4939 quem
2637 4882 2697 4925 ιιι
2722 4887 2918 4927 caveas
2953 4888 3144 4943 precor
3169 4873 3439 4927 obnixius.

2311 4962 2433 5016 Τιτ.
2460 4960 2621 5016 XVII.
2652 4993 2723 5001 —
2757 4962 2833 5017 De
2856 4964 3123 5016 divitibus.

2002 5052 2092 5107 55.
2124 5053 2282 5109 Dives
2311 5052 2405 5108 es?
2452 5051 2598 5109 Cave
2631 5053 2851 5108 divitem
2895 5051 3044 5107 illum
3079 5052 3392 5121 superbum,
3427 5056 3519 5122 qui

1933 5145 2259 5216 contempsit
2288 5144 2589 5209 Lazarum;
2625 5143 2753 5199 time
2796 5159 2884 5207 ne,
2933 5144 2980 5197 si
3026 5141 3260 5211 denegas
3294 5146 3521 5213 pauperi

1933 5235 2154 5302 micam,
2212 5236 2486 5291 desideres
2534 5248 2633 5289 nec
2671 5233 2904 5303 accipias
2954 5246 3107 5299 aqua:
3132 5240 3341 5299 guttam
3370 5233 3523 5303 (an.

1936 5328 2072 5396 xvr).
2130 5327 2342 5382 Videris
2387 5324 2568 5393 aliqua
2600 5322 2910 5394 possidere?
2953 5322 3229 5391 Disperge,
3262 5335 3323 5380 ut
3351 5327 3527 5396 possi-
