  <div class='ocr_page' id='page_1' title='image "/cluster/home/n/w/nwhite01/storage/ocr_20150623/136/hvd.32044015471766/093.png"; bbox 0 0 4018 5406; ppageno 0'>
   <div class='ocr_carea' id='block_1_1' title="bbox 522 314 624 375">
    <p class='ocr_par' dir='ltr' id='par_1_1' title="bbox 522 314 624 375">
     <span class='ocr_line' id='line_1_1' title="bbox 522 314 624 375; baseline -0.049 -1"><span class='ocrx_word' id='word_1_1' title='bbox 522 314 624 375; x_wconf 72' lang='grc'><strong>179</strong></span> 
     </span>
    </p>
   </div>
   <div class='ocr_carea' id='block_1_2' title="bbox 1422 307 2784 380">
    <p class='ocr_par' dir='ltr' id='par_1_2' title="bbox 1422 307 2784 380">
     <span class='ocr_line' id='line_1_2' title="bbox 1422 307 2784 380; baseline -0.003 -13"><span class='ocrx_word' id='word_1_2' title='bbox 1422 312 1747 369; x_wconf 73' lang='lat' dir='ltr'><strong>RATllEllll</strong></span> <span class='ocrx_word' id='word_1_3' title='bbox 1788 309 2001 367; x_wconf 80' lang='lat' dir='ltr'><strong>EPlSC.</strong></span> <span class='ocrx_word' id='word_1_4' title='bbox 2044 309 2291 365; x_wconf 65' lang='lat' dir='ltr'><strong>\‘EBON.</strong></span> <span class='ocrx_word' id='word_1_5' title='bbox 2338 307 2487 365; x_wconf 80' lang='grc' dir='ltr'><strong>ΟΡΡ.</strong></span> <span class='ocrx_word' id='word_1_6' title='bbox 2526 307 2703 365; x_wconf 75' lang='lat' dir='ltr'><strong>PARS</strong></span> <span class='ocrx_word' id='word_1_7' title='bbox 2740 308 2784 380; x_wconf 82' lang='lat' dir='ltr'><strong>l.</strong></span> 
     </span>
    </p>
   </div>
   <div class='ocr_carea' id='block_1_3' title="bbox 3655 306 3761 365">
    <p class='ocr_par' dir='ltr' id='par_1_3' title="bbox 3655 306 3761 365">
     <span class='ocr_line' id='line_1_3' title="bbox 3655 306 3761 365; baseline -0.019 0"><span class='ocrx_word' id='word_1_8' title='bbox 3655 306 3761 365; x_wconf 75' lang='lat' dir='ltr'><strong>l80</strong></span> 
     </span>
    </p>
   </div>
   <div class='ocr_carea' id='block_1_4' title="bbox 513 415 3756 500">
    <p class='ocr_par' dir='ltr' id='par_1_4' title="bbox 513 415 3756 500">
     <span class='ocr_line' id='line_1_4' title="bbox 513 415 3756 500; baseline -0.004 -15"><span class='ocrx_word' id='word_1_9' title='bbox 513 432 655 486; x_wconf 80' lang='lat' dir='ltr'><strong>deo?</strong></span> <span class='ocrx_word' id='word_1_10' title='bbox 678 428 840 486; x_wconf 81' lang='lat' dir='ltr'><strong>Hoca</strong></span> <span class='ocrx_word' id='word_1_11' title='bbox 870 443 954 485; x_wconf 87' lang='lat' dir='ltr'><strong>me</strong></span> <span class='ocrx_word' id='word_1_12' title='bbox 1004 445 1108 484; x_wconf 91' lang='lat' dir='ltr'><strong>non</strong></span> <span class='ocrx_word' id='word_1_13' title='bbox 1143 428 1350 500; x_wconf 79' lang='lat' dir='ltr'><strong>indiges</strong></span> <span class='ocrx_word' id='word_1_14' title='bbox 1394 428 1700 496; x_wconf 81' lang='lat' dir='ltr'><strong>inquirere;</strong></span> <span class='ocrx_word' id='word_1_15' title='bbox 1732 433 1783 479; x_wconf 90' lang='lat' dir='ltr'><strong>te</strong></span> <span class='ocrx_word' id='word_1_16' title='bbox 1807 418 1980 494; x_wconf 61' lang='lat' dir='ltr'><strong>ip’sum</strong></span> <span class='ocrx_word' id='word_1_17' title='bbox 2004 424 2084 477; x_wconf 92' lang='lat' dir='ltr'><strong>iu-</strong></span> <span class='ocrx_word' id='word_1_18' title='bbox 2113 426 2158 484; x_wconf 74' lang='grc' dir='ltr'><strong>Α</strong></span> <span class='ocrx_word' id='word_1_19' title='bbox 2189 419 2315 473; x_wconf 72' lang='lat' dir='ltr'><strong>ves?</strong></span> <span class='ocrx_word' id='word_1_20' title='bbox 2345 418 2535 483; x_wconf 85' lang='lat' dir='ltr'><strong>Servo,</strong></span> <span class='ocrx_word' id='word_1_21' title='bbox 2566 420 2762 489; x_wconf 77' lang='lat' dir='ltr'><strong>inquis,</strong></span> <span class='ocrx_word' id='word_1_22' title='bbox 2794 417 2935 472; x_wconf 92' lang='lat' dir='ltr'><strong>ﬁliis.</strong></span> <span class='ocrx_word' id='word_1_23' title='bbox 2968 416 3106 473; x_wconf 80' lang='lat' dir='ltr'><strong>Ante</strong></span> <span class='ocrx_word' id='word_1_24' title='bbox 3146 426 3196 473; x_wconf 91' lang='lat' dir='ltr'><strong>te</strong></span> <span class='ocrx_word' id='word_1_25' title='bbox 3238 415 3461 473; x_wconf 83' lang='lat' dir='ltr'><strong>forsitan</strong></span> <span class='ocrx_word' id='word_1_26' title='bbox 3509 419 3756 473; x_wconf 82' lang='lat' dir='ltr'><strong>abibunt.</strong></span> 
     </span>
    </p>
   </div>
   <div class='ocr_carea' id='block_1_5' title="bbox 512 513 2085 592">
    <p class='ocr_par' dir='ltr' id='par_1_5' title="bbox 512 513 2085 592">
     <span class='ocr_line' id='line_1_5' title="bbox 512 513 2085 592; baseline -0.004 -17"><span class='ocrx_word' id='word_1_27' title='bbox 512 532 748 592; x_wconf 77' lang='lat' dir='ltr'><strong>terroga,</strong></span> <span class='ocrx_word' id='word_1_28' title='bbox 776 532 825 581; x_wconf 89' lang='lat' dir='ltr'><strong>te</strong></span> <span class='ocrx_word' id='word_1_29' title='bbox 847 522 1097 583; x_wconf 76' lang='lat' dir='ltr'><strong>conveni.</strong></span> <span class='ocrx_word' id='word_1_30' title='bbox 1135 530 1310 577; x_wconf 89' lang='lat' dir='ltr'><strong>tecmn</strong></span> <span class='ocrx_word' id='word_1_31' title='bbox 1342 517 1662 576; x_wconf 86' lang='lat' dir='ltr'><strong>causamini.</strong></span> <span class='ocrx_word' id='word_1_32' title='bbox 1701 516 1818 580; x_wconf 86' lang='lat' dir='ltr'><strong>Dic,</strong></span> <span class='ocrx_word' id='word_1_33' title='bbox 1851 530 2004 586; x_wconf 80' lang='lat' dir='ltr'><strong>rogo,</strong></span> <span class='ocrx_word' id='word_1_34' title='bbox 2031 513 2085 568; x_wconf 91' lang='lat' dir='ltr'><strong>in</strong></span> 
     </span>
    </p>
   </div>
   <div class='ocr_carea' id='block_1_6' title="bbox 508 606 2089 683">
    <p class='ocr_par' dir='ltr' id='par_1_6' title="bbox 508 606 2089 683">
     <span class='ocr_line' id='line_1_6' title="bbox 508 606 2089 683; baseline -0.004 -18"><span class='ocrx_word' id='word_1_35' title='bbox 508 612 707 683; x_wconf 89' lang='lat' dir='ltr'><strong>quibus</strong></span> <span class='ocrx_word' id='word_1_36' title='bbox 756 613 918 668; x_wconf 84' lang='lat' dir='ltr'><strong>rebus</strong></span> <span class='ocrx_word' id='word_1_37' title='bbox 944 620 1199 667; x_wconf 89' lang='lat' dir='ltr'><strong>constant</strong></span> <span class='ocrx_word' id='word_1_38' title='bbox 1248 610 1446 666; x_wconf 72' lang='lat' dir='ltr'><strong>divitiae</strong></span> <span class='ocrx_word' id='word_1_39' title='bbox 1474 609 1615 665; x_wconf 67' lang='lat' dir='ltr'><strong>tum?</strong></span> <span class='ocrx_word' id='word_1_40' title='bbox 1648 608 1704 662; x_wconf 90' lang='lat' dir='ltr'><strong>In</strong></span> <span class='ocrx_word' id='word_1_41' title='bbox 1734 606 2089 679; x_wconf 77' lang='lat' dir='ltr'><strong>possessioni-</strong></span> 
     </span>
    </p>
   </div>
   <div class='ocr_carea' id='block_1_7' title="bbox 514 698 2082 775">
    <p class='ocr_par' dir='ltr' id='par_1_7' title="bbox 514 698 2082 775">
     <span class='ocr_line' id='line_1_7' title="bbox 514 698 2082 775; baseline -0.003 -19"><span class='ocrx_word' id='word_1_42' title='bbox 514 703 632 766; x_wconf 90' lang='lat' dir='ltr'><strong>bus,</strong></span> <span class='ocrx_word' id='word_1_43' title='bbox 698 704 900 775; x_wconf 78' lang='lat' dir='ltr'><strong>inquis,</strong></span> <span class='ocrx_word' id='word_1_44' title='bbox 963 704 1313 775; x_wconf 52' lang='lat' dir='ltr'><strong>praediorum,</strong></span> <span class='ocrx_word' id='word_1_45' title='bbox 1375 718 1687 764; x_wconf 87' lang='lat' dir='ltr'><strong>servorum,</strong></span> <span class='ocrx_word' id='word_1_46' title='bbox 1743 698 2082 762; x_wconf 77' lang='lat' dir='ltr'><strong>ancillarum,</strong></span> 
     </span>
    </p>
   </div>
   <div class='ocr_carea' id='block_1_8' title="bbox 509 788 2084 862">
    <p class='ocr_par' dir='ltr' id='par_1_8' title="bbox 509 788 2084 862">
     <span class='ocr_line' id='line_1_8' title="bbox 509 788 2084 862; baseline -0.003 -17"><span class='ocrx_word' id='word_1_47' title='bbox 509 806 796 862; x_wconf 80' lang='lat' dir='ltr'><strong>equorum,</strong></span> <span class='ocrx_word' id='word_1_48' title='bbox 823 794 1006 859; x_wconf 84' lang='lat' dir='ltr'><strong>boum,</strong></span> <span class='ocrx_word' id='word_1_49' title='bbox 1037 802 1462 861; x_wconf 61' lang='lat' dir='ltr'><strong>exterarumque</strong></span> <span class='ocrx_word' id='word_1_50' title='bbox 1508 791 1804 862; x_wconf 82' lang='lat' dir='ltr'><strong>pecudum;</strong></span> <span class='ocrx_word' id='word_1_51' title='bbox 1847 790 1902 849; x_wconf 84' lang='lat' dir='ltr'><strong>in</strong></span> <span class='ocrx_word' id='word_1_52' title='bbox 1929 788 2084 844; x_wconf 85' lang='lat' dir='ltr'><strong>obse-</strong></span> 
     </span>
    </p>
   </div>
   <div class='ocr_carea' id='block_1_9' title="bbox 508 882 2085 954">
    <p class='ocr_par' dir='ltr' id='par_1_9' title="bbox 508 882 2085 954">
     <span class='ocr_line' id='line_1_9' title="bbox 508 882 2085 954; baseline -0.003 -18"><span class='ocrx_word' id='word_1_53' title='bbox 508 883 837 939; x_wconf 88' lang='lat' dir='ltr'><strong>cundatione</strong></span> <span class='ocrx_word' id='word_1_54' title='bbox 881 884 1327 954; x_wconf 90' lang='lat' dir='ltr'><strong>obsequentium,</strong></span> <span class='ocrx_word' id='word_1_55' title='bbox 1386 882 1747 938; x_wconf 88' lang='lat' dir='ltr'><strong>delectatione</strong></span> <span class='ocrx_word' id='word_1_56' title='bbox 1786 896 1981 935; x_wconf 88' lang='lat' dir='ltr'><strong>canum</strong></span> <span class='ocrx_word' id='word_1_57' title='bbox 2030 887 2085 933; x_wconf 89' lang='lat' dir='ltr'><strong>et</strong></span> 
     </span>
    </p>
   </div>
   <div class='ocr_carea' id='block_1_10' title="bbox 510 971 2084 1043">
    <p class='ocr_par' dir='ltr' id='par_1_10' title="bbox 510 971 2084 1043">
     <span class='ocr_line' id='line_1_10' title="bbox 510 971 2084 1043; baseline -0.001 -17"><span class='ocrx_word' id='word_1_58' title='bbox 510 972 859 1043; x_wconf 82' lang='lat' dir='ltr'><strong>accipitrum,</strong></span> <span class='ocrx_word' id='word_1_59' title='bbox 903 975 1232 1030; x_wconf 82' lang='lat' dir='ltr'><strong>abundantia</strong></span> <span class='ocrx_word' id='word_1_60' title='bbox 1284 974 1541 1041; x_wconf 89' lang='lat' dir='ltr'><strong>vestium,</strong></span> <span class='ocrx_word' id='word_1_61' title='bbox 1591 974 1926 1039; x_wconf 83' lang='lat' dir='ltr'><strong>utensilium,</strong></span> <span class='ocrx_word' id='word_1_62' title='bbox 1972 971 2084 1025; x_wconf 85' lang='lat' dir='ltr'><strong>fru-</strong></span> 
     </span>
    </p>
   </div>
   <div class='ocr_carea' id='block_1_11' title="bbox 509 1052 2084 1136">
    <p class='ocr_par' dir='ltr' id='par_1_11' title="bbox 509 1052 2084 1136">
     <span class='ocr_line' id='line_1_11' title="bbox 509 1052 2084 1136; baseline -0.001 -16"><span class='ocrx_word' id='word_1_63' title='bbox 509 1065 699 1128; x_wconf 87' lang='lat' dir='ltr'><strong>menti,</strong></span> <span class='ocrx_word' id='word_1_64' title='bbox 732 1065 839 1119; x_wconf 91' lang='lat' dir='ltr'><strong>viui</strong></span> <span class='ocrx_word' id='word_1_65' title='bbox 866 1074 920 1121; x_wconf 89' lang='lat' dir='ltr'><strong>et</strong></span> <span class='ocrx_word' id='word_1_66' title='bbox 972 1052 1103 1131; x_wconf 15' lang='lat' dir='ltr'><strong>Aolci,</strong></span> <span class='ocrx_word' id='word_1_67' title='bbox 1152 1069 1449 1130; x_wconf 87' lang='lat' dir='ltr'><strong>armorum,</strong></span> <span class='ocrx_word' id='word_1_68' title='bbox 1510 1066 1743 1136; x_wconf 82' lang='lat' dir='ltr'><strong>argenti,</strong></span> <span class='ocrx_word' id='word_1_69' title='bbox 1776 1063 1891 1117; x_wconf 86' lang='lat' dir='ltr'><strong>auri</strong></span> <span class='ocrx_word' id='word_1_70' title='bbox 1923 1072 2084 1130; x_wconf 89' lang='lat' dir='ltr'><strong>atque</strong></span> 
     </span>
    </p>
   </div>
   <div class='ocr_carea' id='block_1_12' title="bbox 507 1157 2081 1229">
    <p class='ocr_par' dir='ltr' id='par_1_12' title="bbox 507 1157 2081 1229">
     <span class='ocr_line' id='line_1_12' title="bbox 507 1157 2081 1229; baseline -0.003 -17"><span class='ocrx_word' id='word_1_71' title='bbox 507 1172 865 1227; x_wconf 71' lang='lat' dir='ltr'><strong>gemmarum.</strong></span> <span class='ocrx_word' id='word_1_72' title='bbox 942 1158 1172 1229; x_wconf 86' lang='lat' dir='ltr'><strong>Optime.</strong></span> <span class='ocrx_word' id='word_1_73' title='bbox 1254 1158 1410 1213; x_wconf 82' lang='lat' dir='ltr'><strong>Modo</strong></span> <span class='ocrx_word' id='word_1_74' title='bbox 1467 1169 1520 1213; x_wconf 92' lang='lat' dir='ltr'><strong>te</strong></span> <span class='ocrx_word' id='word_1_75' title='bbox 1589 1158 1708 1213; x_wconf 87' lang='lat' dir='ltr'><strong>volo</strong></span> <span class='ocrx_word' id='word_1_76' title='bbox 1773 1157 2081 1212; x_wconf 89' lang='lat' dir='ltr'><strong>convenire.</strong></span> 
     </span>
    </p>
   </div>
   <div class='ocr_carea' id='block_1_13' title="bbox 508 1244 2085 1318">
    <p class='ocr_par' dir='ltr' id='par_1_13' title="bbox 508 1244 2085 1318">
     <span class='ocr_line' id='line_1_13' title="bbox 508 1244 2085 1318; baseline -0.004 -16"><span class='ocrx_word' id='word_1_77' title='bbox 508 1248 645 1317; x_wconf 70' lang='lat' dir='ltr'><strong>Dic,</strong></span> <span class='ocrx_word' id='word_1_78' title='bbox 695 1263 862 1318; x_wconf 79' lang='lat' dir='ltr'><strong>rego,</strong></span> <span class='ocrx_word' id='word_1_79' title='bbox 921 1259 1210 1318; x_wconf 84' lang='lat' dir='ltr'><strong>tempestas</strong></span> <span class='ocrx_word' id='word_1_80' title='bbox 1257 1262 1527 1317; x_wconf 84' lang='lat' dir='ltr'><strong>nunquam</strong></span> <span class='ocrx_word' id='word_1_81' title='bbox 1570 1246 1686 1302; x_wconf 62' lang='lat' dir='ltr'><strong>haec</strong></span> <span class='ocrx_word' id='word_1_82' title='bbox 1744 1254 1832 1301; x_wconf 88' lang='lat' dir='ltr'><strong>tua</strong></span> <span class='ocrx_word' id='word_1_83' title='bbox 1863 1244 2085 1313; x_wconf 85' lang='lat' dir='ltr'><strong>contigit</strong></span> 
     </span>
    </p>
   </div>
   <div class='ocr_carea' id='block_1_14' title="bbox 506 1334 2086 1414">
    <p class='ocr_par' dir='ltr' id='par_1_14' title="bbox 506 1334 2086 1414">
     <span class='ocr_line' id='line_1_14' title="bbox 506 1334 2086 1414; baseline -0.003 -20"><span class='ocrx_word' id='word_1_84' title='bbox 506 1339 741 1414; x_wconf 58' lang='lat' dir='ltr'><strong>prsidia?</strong></span> <span class='ocrx_word' id='word_1_85' title='bbox 768 1338 1069 1408; x_wconf 76' lang='lat' dir='ltr'><strong>Quomodo,</strong></span> <span class='ocrx_word' id='word_1_86' title='bbox 1099 1340 1309 1409; x_wconf 86' lang='lat' dir='ltr'><strong>inquis,</strong></span> <span class='ocrx_word' id='word_1_87' title='bbox 1349 1340 1509 1394; x_wconf 86' lang='lat' dir='ltr'><strong>aliter</strong></span> <span class='ocrx_word' id='word_1_88' title='bbox 1555 1338 1670 1393; x_wconf 88' lang='lat' dir='ltr'><strong>ﬁeri</strong></span> <span class='ocrx_word' id='word_1_89' title='bbox 1706 1336 1916 1408; x_wconf 81' lang='lat' dir='ltr'><strong>putuit?</strong></span> <span class='ocrx_word' id='word_1_90' title='bbox 1940 1334 2086 1402; x_wconf 87' lang='lat' dir='ltr'><strong>Quo—</strong></span> 
     </span>
    </p>
   </div>
   <div class='ocr_carea' id='block_1_15' title="bbox 505 1425 2087 1499">
    <p class='ocr_par' dir='ltr' id='par_1_15' title="bbox 505 1425 2087 1499">
     <span class='ocr_line' id='line_1_15' title="bbox 505 1425 2087 1499; baseline -0.004 -15"><span class='ocrx_word' id='word_1_91' title='bbox 505 1427 700 1495; x_wconf 83' lang='lat' dir='ltr'><strong>modo,</strong></span> <span class='ocrx_word' id='word_1_92' title='bbox 738 1428 992 1499; x_wconf 88' lang='lat' dir='ltr'><strong>inquam,</strong></span> <span class='ocrx_word' id='word_1_93' title='bbox 1044 1428 1180 1484; x_wconf 92' lang='lat' dir='ltr'><strong>dicis</strong></span> <span class='ocrx_word' id='word_1_94' title='bbox 1223 1437 1275 1483; x_wconf 89' lang='lat' dir='ltr'><strong>te</strong></span> <span class='ocrx_word' id='word_1_95' title='bbox 1314 1443 1553 1499; x_wconf 87' lang='lat' dir='ltr'><strong>unquam</strong></span> <span class='ocrx_word' id='word_1_96' title='bbox 1597 1425 1861 1481; x_wconf 83' lang='lat' dir='ltr'><strong>veraciter</strong></span> <span class='ocrx_word' id='word_1_97' title='bbox 1904 1438 2087 1496; x_wconf 79' lang='lat' dir='ltr'><strong>posse-</strong></span> 
     </span>
    </p>
   </div>
   <div class='ocr_carea' id='block_1_16' title="bbox 505 1514 2080 1591">
    <p class='ocr_par' dir='ltr' id='par_1_16' title="bbox 505 1514 2080 1591">
     <span class='ocr_line' id='line_1_16' title="bbox 505 1514 2080 1591; baseline -0.004 -19"><span class='ocrx_word' id='word_1_98' title='bbox 505 1518 671 1584; x_wconf 78' lang='lat' dir='ltr'><strong>disse,</strong></span> <span class='ocrx_word' id='word_1_99' title='bbox 724 1519 868 1588; x_wconf 86' lang='lat' dir='ltr'><strong>quod</strong></span> <span class='ocrx_word' id='word_1_100' title='bbox 898 1519 1065 1574; x_wconf 90' lang='lat' dir='ltr'><strong>valuit</strong></span> <span class='ocrx_word' id='word_1_101' title='bbox 1102 1526 1395 1591; x_wconf 78' lang='lat' dir='ltr'><strong>tempestas</strong></span> <span class='ocrx_word' id='word_1_102' title='bbox 1438 1517 1693 1572; x_wconf 76' lang='lat' dir='ltr'><strong>auferre?</strong></span> <span class='ocrx_word' id='word_1_103' title='bbox 1737 1514 1889 1570; x_wconf 85' lang='lat' dir='ltr'><strong>Nulla</strong></span> <span class='ocrx_word' id='word_1_104' title='bbox 1937 1514 2080 1570; x_wconf 83' lang='lat' dir='ltr'><strong>enim</strong></span> 
     </span>
    </p>
   </div>
   <div class='ocr_carea' id='block_1_17' title="bbox 506 1606 2083 1679">
    <p class='ocr_par' dir='ltr' id='par_1_17' title="bbox 506 1606 2083 1679">
     <span class='ocr_line' id='line_1_17' title="bbox 506 1606 2083 1679; baseline -0.003 -14"><span class='ocrx_word' id='word_1_105' title='bbox 506 1610 716 1673; x_wconf 77' lang='lat' dir='ltr'><strong>ratione</strong></span> <span class='ocrx_word' id='word_1_106' title='bbox 762 1611 1031 1673; x_wconf 87' lang='lat' dir='ltr'><strong>veraciter</strong></span> <span class='ocrx_word' id='word_1_107' title='bbox 1058 1619 1143 1666; x_wconf 87' lang='lat' dir='ltr'><strong>est</strong></span> <span class='ocrx_word' id='word_1_108' title='bbox 1170 1620 1343 1674; x_wconf 80' lang='lat' dir='ltr'><strong>tuum,</strong></span> <span class='ocrx_word' id='word_1_109' title='bbox 1385 1610 1528 1679; x_wconf 89' lang='lat' dir='ltr'><strong>quod</strong></span> <span class='ocrx_word' id='word_1_110' title='bbox 1555 1606 2083 1678; x_wconf 81' lang='lat' dir='ltr'><strong>alienjusinvasione</strong></span> 
     </span>
    </p>
   </div>
   <div class='ocr_carea' id='block_1_18' title="bbox 502 1695 2079 1773">
    <p class='ocr_par' dir='ltr' id='par_1_18' title="bbox 502 1695 2079 1773">
     <span class='ocr_line' id='line_1_18' title="bbox 502 1695 2079 1773; baseline -0.004 -15"><span class='ocrx_word' id='word_1_111' title='bbox 502 1712 681 1773; x_wconf 80' lang='lat' dir='ltr'><strong>potest</strong></span> <span class='ocrx_word' id='word_1_112' title='bbox 703 1701 817 1758; x_wconf 83' lang='lat' dir='ltr'><strong>ﬁeri</strong></span> <span class='ocrx_word' id='word_1_113' title='bbox 848 1719 952 1758; x_wconf 87' lang='lat' dir='ltr'><strong>non</strong></span> <span class='ocrx_word' id='word_1_114' title='bbox 981 1711 1126 1757; x_wconf 89' lang='lat' dir='ltr'><strong>tuum</strong></span> <span class='ocrx_word' id='word_1_115' title='bbox 1163 1721 1174 1755; x_wconf 94' lang='lat'><strong>:</strong></span> <span class='ocrx_word' id='word_1_116' title='bbox 1208 1703 1350 1757; x_wconf 91' lang='lat' dir='ltr'><strong>unde</strong></span> <span class='ocrx_word' id='word_1_117' title='bbox 1388 1712 1443 1756; x_wconf 90' lang='lat' dir='ltr'><strong>et</strong></span> <span class='ocrx_word' id='word_1_118' title='bbox 1469 1701 1598 1756; x_wconf 88' lang='lat' dir='ltr'><strong>illud</strong></span> <span class='ocrx_word' id='word_1_119' title='bbox 1626 1698 1887 1771; x_wconf 69' lang='lat' dir='ltr'><strong>sapientis</strong></span> <span class='ocrx_word' id='word_1_120' title='bbox 1914 1715 1926 1750; x_wconf 91' lang='lat'><strong>:</strong></span> <span class='ocrx_word' id='word_1_121' title='bbox 1956 1695 2079 1752; x_wconf 87' lang='lat' dir='ltr'><strong>Non</strong></span> 
     </span>
    </p>
   </div>
   <div class='ocr_carea' id='block_1_19' title="bbox 2188 510 3760 582">
    <p class='ocr_par' dir='ltr' id='par_1_19' title="bbox 2188 510 3760 582">
     <span class='ocr_line' id='line_1_19' title="bbox 2188 510 3760 582; baseline -0.002 -15"><span class='ocrx_word' id='word_1_122' title='bbox 2188 510 2356 574; x_wconf 90' lang='lat' dir='ltr'><strong>Dabo,</strong></span> <span class='ocrx_word' id='word_1_123' title='bbox 2400 513 2501 577; x_wconf 88' lang='lat' dir='ltr'><strong>ais,</strong></span> <span class='ocrx_word' id='word_1_124' title='bbox 2536 527 2632 582; x_wconf 90' lang='lat' dir='ltr'><strong>pro</strong></span> <span class='ocrx_word' id='word_1_125' title='bbox 2657 513 2837 567; x_wconf 90' lang='lat' dir='ltr'><strong>anima</strong></span> <span class='ocrx_word' id='word_1_126' title='bbox 2888 510 3119 565; x_wconf 88' lang='lat' dir='ltr'><strong>illorum.</strong></span> <span class='ocrx_word' id='word_1_127' title='bbox 3163 510 3424 578; x_wconf 82' lang='lat' dir='ltr'><strong>Quando?</strong></span> <span class='ocrx_word' id='word_1_128' title='bbox 3473 520 3760 581; x_wconf 81' lang='lat' dir='ltr'><strong>postquam</strong></span> 
     </span>
    </p>
   </div>
   <div class='ocr_carea' id='block_1_20' title="bbox 2188 600 3762 674">
    <p class='ocr_par' dir='ltr' id='par_1_20' title="bbox 2188 600 3762 674">
     <span class='ocr_line' id='line_1_20' title="bbox 2188 600 3762 674; baseline -0.004 -14"><span class='ocrx_word' id='word_1_129' title='bbox 2188 619 2281 660; x_wconf 89' lang='lat' dir='ltr'><strong>eos</strong></span> <span class='ocrx_word' id='word_1_130' title='bbox 2306 604 2642 661; x_wconf 85' lang='lat' dir='ltr'><strong>absorbnerit</strong></span> <span class='ocrx_word' id='word_1_131' title='bbox 2671 601 2951 674; x_wconf 73' lang='lat' dir='ltr'><strong>gebenna?</strong></span> <span class='ocrx_word' id='word_1_132' title='bbox 2979 600 3096 655; x_wconf 79' lang='lat' dir='ltr'><strong>Non</strong></span> <span class='ocrx_word' id='word_1_133' title='bbox 3143 602 3338 657; x_wconf 86' lang='lat' dir='ltr'><strong>audisti</strong></span> <span class='ocrx_word' id='word_1_134' title='bbox 3385 602 3651 672; x_wconf 85' lang='lat' dir='ltr'><strong>psalmum</strong></span> <span class='ocrx_word' id='word_1_135' title='bbox 3680 602 3762 656; x_wconf 84' lang='lat' dir='ltr'><strong>di-</strong></span> 
     </span>
    </p>
   </div>
   <div class='ocr_carea' id='block_1_21' title="bbox 2187 691 3761 763">
    <p class='ocr_par' dir='ltr' id='par_1_21' title="bbox 2187 691 3761 763">
     <span class='ocr_line' id='line_1_21' title="bbox 2187 691 3761 763; baseline -0.004 -13"><span class='ocrx_word' id='word_1_136' title='bbox 2187 704 2397 750; x_wconf 88' lang='lat' dir='ltr'><strong>ccntcm</strong></span> <span class='ocrx_word' id='word_1_137' title='bbox 2425 713 2436 748; x_wconf 93' lang='lat'>:</span> <span class='ocrx_word' id='word_1_138' title='bbox 2463 692 2531 748; x_wconf 86' lang='lat' dir='ltr'><strong>In</strong></span> <span class='ocrx_word' id='word_1_139' title='bbox 2560 693 2765 762; x_wconf 82' lang='lat' dir='ltr'><strong>inferno</strong></span> <span class='ocrx_word' id='word_1_140' title='bbox 2793 694 2911 763; x_wconf 82' lang='lat' dir='ltr'><strong>quis</strong></span> <span class='ocrx_word' id='word_1_141' title='bbox 2937 692 3267 761; x_wconf 72' lang='lat' dir='ltr'><strong>confitebitur</strong></span> <span class='ocrx_word' id='word_1_142' title='bbox 3309 692 3401 746; x_wconf 83' lang='lat' dir='ltr'><strong>tibi</strong></span> <span class='ocrx_word' id='word_1_143' title='bbox 3419 693 3447 746; x_wconf 76' lang='lat'><em>7</em></span> <span class='ocrx_word' id='word_1_144' title='bbox 3479 691 3653 761; x_wconf 76' lang='lat' dir='ltr'><strong>(Psal.</strong></span> <span class='ocrx_word' id='word_1_145' title='bbox 3686 708 3761 752; x_wconf 64' lang='grc' dir='ltr'><strong>ιι.</strong></span> 
     </span>
    </p>
   </div>
   <div class='ocr_carea' id='block_1_22' title="bbox 2187 784 3778 865">
    <p class='ocr_par' dir='ltr' id='par_1_22' title="bbox 2187 784 3778 865">
     <span class='ocr_line' id='line_1_22' title="bbox 2187 784 3778 865; baseline -0.003 -23"><span class='ocrx_word' id='word_1_146' title='bbox 2187 788 2262 857; x_wconf 87' lang='grc'><strong>6.)</strong></span> <span class='ocrx_word' id='word_1_147' title='bbox 2293 788 2408 842; x_wconf 86' lang='lat' dir='ltr'><strong>Non</strong></span> <span class='ocrx_word' id='word_1_148' title='bbox 2436 787 2609 858; x_wconf 76' lang='lat' dir='ltr'><strong>legisti</strong></span> <span class='ocrx_word' id='word_1_149' title='bbox 2640 805 2653 840; x_wconf 87' lang='lat'>:</span> <span class='ocrx_word' id='word_1_150' title='bbox 2687 784 2881 839; x_wconf 82' lang='lat' dir='ltr'><strong>Frater</strong></span> <span class='ocrx_word' id='word_1_151' title='bbox 2910 802 3011 838; x_wconf 87' lang='lat' dir='ltr'><strong>non</strong></span> <span class='ocrx_word' id='word_1_152' title='bbox 3054 785 3280 850; x_wconf 79' lang='lat' dir='ltr'><strong>redimit,</strong></span> <span class='ocrx_word' id='word_1_153' title='bbox 3322 784 3535 840; x_wconf 81' lang='lat' dir='ltr'><strong>redimet</strong></span> <span class='ocrx_word' id='word_1_154' title='bbox 3565 784 3722 839; x_wconf 76' lang='lat' dir='ltr'><strong>homo</strong></span> <span class='ocrx_word' id='word_1_155' title='bbox 3739 785 3778 865; x_wconf 37' lang='lat'><strong>.&quot;</strong></span> 
     </span>
    </p>
   </div>
   <div class='ocr_carea' id='block_1_23' title="bbox 2188 879 3761 953">
    <p class='ocr_par' dir='ltr' id='par_1_23' title="bbox 2188 879 3761 953">
     <span class='ocr_line' id='line_1_23' title="bbox 2188 879 3761 953; baseline -0.001 -18"><span class='ocrx_word' id='word_1_156' title='bbox 2188 880 2361 953; x_wconf 69' lang='lat' dir='ltr'><strong>(Paul.</strong></span> <span class='ocrx_word' id='word_1_157' title='bbox 2391 896 2589 945; x_wconf 77' lang='lat' dir='ltr'><strong>xtvtn,</strong></span> <span class='ocrx_word' id='word_1_158' title='bbox 2615 880 2693 952; x_wconf 89' lang='lat'><strong>8.)</strong></span> <span class='ocrx_word' id='word_1_159' title='bbox 2718 879 2999 936; x_wconf 87' lang='lat' dir='ltr'><strong>Postremo</strong></span> <span class='ocrx_word' id='word_1_160' title='bbox 3036 896 3122 936; x_wconf 90' lang='lat' dir='ltr'><strong>me</strong></span> <span class='ocrx_word' id='word_1_161' title='bbox 3177 895 3282 935; x_wconf 91' lang='lat' dir='ltr'><strong>non</strong></span> <span class='ocrx_word' id='word_1_162' title='bbox 3330 882 3526 936; x_wconf 82' lang='lat' dir='ltr'><strong>audisti</strong></span> <span class='ocrx_word' id='word_1_163' title='bbox 3578 880 3761 936; x_wconf 79' lang='lat' dir='ltr'><strong>dicen-</strong></span> 
     </span>
    </p>
   </div>
   <div class='ocr_carea' id='block_1_24' title="bbox 2190 970 3761 1042">
    <p class='ocr_par' dir='ltr' id='par_1_24' title="bbox 2190 970 3761 1042">
     <span class='ocr_line' id='line_1_24' title="bbox 2190 970 3761 1042; baseline -0.001 -15"><span class='ocrx_word' id='word_1_164' title='bbox 2190 981 2294 1027; x_wconf 88' lang='lat' dir='ltr'><strong>lem</strong></span> <span class='ocrx_word' id='word_1_165' title='bbox 2322 990 2335 1025; x_wconf 90' lang='lat'><strong>:</strong></span> <span class='ocrx_word' id='word_1_166' title='bbox 2367 971 2525 1026; x_wconf 87' lang='lat' dir='ltr'><strong>Ibunt</strong></span> <span class='ocrx_word' id='word_1_167' title='bbox 2547 972 2601 1025; x_wconf 85' lang='lat' dir='ltr'><strong>hi</strong></span> <span class='ocrx_word' id='word_1_168' title='bbox 2635 971 2690 1026; x_wconf 85' lang='lat' dir='ltr'><strong>in</strong></span> <span class='ocrx_word' id='word_1_169' title='bbox 2713 970 3023 1041; x_wconf 79' lang='lat' dir='ltr'><strong>supplicium</strong></span> <span class='ocrx_word' id='word_1_170' title='bbox 3046 980 3316 1037; x_wconf 73' lang='lat' dir='ltr'><strong>a‘termtm,</strong></span> <span class='ocrx_word' id='word_1_171' title='bbox 3336 972 3474 1042; x_wconf 77' lang='lat' dir='ltr'><strong>justi</strong></span> <span class='ocrx_word' id='word_1_172' title='bbox 3502 981 3677 1027; x_wconf 76' lang='lat' dir='ltr'><strong>autem</strong></span> <span class='ocrx_word' id='word_1_173' title='bbox 3707 974 3761 1026; x_wconf 83' lang='lat' dir='ltr'><strong>in</strong></span> 
     </span>
    </p>
   </div>
   <div class='ocr_carea' id='block_1_25' title="bbox 2185 1061 3761 1132">
    <p class='ocr_par' dir='ltr' id='par_1_25' title="bbox 2185 1061 3761 1132">
     <span class='ocr_line' id='line_1_25' title="bbox 2185 1061 3761 1132; baseline -0.001 -14"><span class='ocrx_word' id='word_1_174' title='bbox 2185 1066 2342 1118; x_wconf 76' lang='lat' dir='ltr'><strong>citam</strong></span> <span class='ocrx_word' id='word_1_175' title='bbox 2357 1074 2607 1119; x_wconf 76' lang='lat' dir='ltr'><strong>wternam</strong></span> <span class='ocrx_word' id='word_1_176' title='bbox 2625 1061 2878 1131; x_wconf 76' lang='lat' dir='ltr'><strong>?(.’lfattlt.</strong></span> <span class='ocrx_word' id='word_1_177' title='bbox 2898 1079 3024 1127; x_wconf 76' lang='lat' dir='ltr'><strong>xxv,</strong></span> <span class='ocrx_word' id='word_1_178' title='bbox 3038 1062 3152 1132; x_wconf 69' lang='grc'><strong>46.)</strong></span> <span class='ocrx_word' id='word_1_179' title='bbox 3168 1062 3448 1131; x_wconf 85' lang='lat' dir='ltr'><strong>Quomodo</strong></span> <span class='ocrx_word' id='word_1_180' title='bbox 3472 1073 3653 1118; x_wconf 85' lang='lat' dir='ltr'><strong>autem</strong></span> <span class='ocrx_word' id='word_1_181' title='bbox 3678 1071 3761 1118; x_wconf 89' lang='lat' dir='ltr'><strong>est</strong></span> 
     </span>
    </p>
   </div>
   <div class='ocr_carea' id='block_1_26' title="bbox 2184 1152 3764 1224">
    <p class='ocr_par' dir='ltr' id='par_1_26' title="bbox 2184 1152 3764 1224">
     <span class='ocr_line' id='line_1_26' title="bbox 2184 1152 3764 1224; baseline -0.002 -15"><span class='ocrx_word' id='word_1_182' title='bbox 2184 1163 2468 1220; x_wconf 78' lang='lat' dir='ltr'><strong>:eternum,</strong></span> <span class='ocrx_word' id='word_1_183' title='bbox 2481 1152 2619 1224; x_wconf 90' lang='lat' dir='ltr'><strong>quod</strong></span> <span class='ocrx_word' id='word_1_184' title='bbox 2634 1152 2858 1221; x_wconf 89' lang='lat' dir='ltr'><strong>alicujus</strong></span> <span class='ocrx_word' id='word_1_185' title='bbox 2870 1167 3113 1217; x_wconf 89' lang='lat' dir='ltr'><strong>munere,</strong></span> <span class='ocrx_word' id='word_1_186' title='bbox 3124 1161 3404 1223; x_wconf 84' lang='lat' dir='ltr'><strong>postquam</strong></span> <span class='ocrx_word' id='word_1_187' title='bbox 3419 1152 3589 1208; x_wconf 89' lang='lat' dir='ltr'><strong>semel</strong></span> <span class='ocrx_word' id='word_1_188' title='bbox 3602 1152 3764 1208; x_wconf 83' lang='lat' dir='ltr'><strong>fuerit</strong></span> 
     </span>
    </p>
   </div>
   <div class='ocr_carea' id='block_1_27' title="bbox 2185 1242 3761 1315">
    <p class='ocr_par' dir='ltr' id='par_1_27' title="bbox 2185 1242 3761 1315">
     <span class='ocr_line' id='line_1_27' title="bbox 2185 1242 3761 1315; baseline -0.001 -16"><span class='ocrx_word' id='word_1_189' title='bbox 2185 1244 2458 1315; x_wconf 87' lang='lat' dir='ltr'><strong>adeptum,</strong></span> <span class='ocrx_word' id='word_1_190' title='bbox 2493 1253 2666 1315; x_wconf 87' lang='lat' dir='ltr'><strong>potest</strong></span> <span class='ocrx_word' id='word_1_191' title='bbox 2696 1245 2811 1299; x_wconf 89' lang='lat' dir='ltr'><strong>ﬁeri</strong></span> <span class='ocrx_word' id='word_1_192' title='bbox 2846 1243 3087 1299; x_wconf 85' lang='lat' dir='ltr'><strong>nullum?</strong></span> <span class='ocrx_word' id='word_1_193' title='bbox 3118 1242 3232 1300; x_wconf 81' lang='lat' dir='ltr'><strong>Non</strong></span> <span class='ocrx_word' id='word_1_194' title='bbox 3261 1244 3456 1299; x_wconf 89' lang='lat' dir='ltr'><strong>audisti</strong></span> <span class='ocrx_word' id='word_1_195' title='bbox 3486 1259 3503 1299; x_wconf 86' lang='lat'><strong>:</strong></span> <span class='ocrx_word' id='word_1_196' title='bbox 3536 1242 3761 1313; x_wconf 82' lang='lat' dir='ltr'><strong>Lignum</strong></span> 
     </span>
    </p>
   </div>
   <div class='ocr_carea' id='block_1_28' title="bbox 2187 1335 3719 1411">
    <p class='ocr_par' dir='ltr' id='par_1_28' title="bbox 2187 1335 3719 1411">
     <span class='ocr_line' id='line_1_28' title="bbox 2187 1335 3719 1411; baseline -0.003 -18"><span class='ocrx_word' id='word_1_197' title='bbox 2187 1342 2239 1393; x_wconf 80' lang='lat' dir='ltr'><strong>iu</strong></span> <span class='ocrx_word' id='word_1_198' title='bbox 2259 1356 2564 1411; x_wconf 78' lang='lat' dir='ltr'><strong>quocunque</strong></span> <span class='ocrx_word' id='word_1_199' title='bbox 2597 1339 2709 1394; x_wconf 82' lang='lat' dir='ltr'><strong>loco</strong></span> <span class='ocrx_word' id='word_1_200' title='bbox 2741 1338 3004 1403; x_wconf 79' lang='lat' dir='ltr'><strong>ceciderit,</strong></span> <span class='ocrx_word' id='word_1_201' title='bbox 3045 1338 3117 1391; x_wconf 86' lang='lat' dir='ltr'><strong>ibi</strong></span> <span class='ocrx_word' id='word_1_202' title='bbox 3158 1337 3252 1392; x_wconf 84' lang='lat' dir='ltr'><strong>erit</strong></span> <span class='ocrx_word' id='word_1_203' title='bbox 3277 1338 3302 1391; x_wconf 83' lang='lat'><strong>.’</strong></span> <span class='ocrx_word' id='word_1_204' title='bbox 3327 1336 3515 1408; x_wconf 77' lang='lat' dir='ltr'><strong>(Eccli.</strong></span> <span class='ocrx_word' id='word_1_205' title='bbox 3546 1351 3607 1400; x_wconf 88' lang='lat' dir='ltr'><strong>tt,</strong></span> <span class='ocrx_word' id='word_1_206' title='bbox 3637 1335 3719 1405; x_wconf 77' lang='grc'><strong>5.)</strong></span> 
     </span>
    </p>
   </div>
   <div class='ocr_carea' id='block_1_29' title="bbox 2256 1426 3760 1498">
    <p class='ocr_par' dir='ltr' id='par_1_29' title="bbox 2256 1426 3760 1498">
     <span class='ocr_line' id='line_1_29' title="bbox 2256 1426 3760 1498; baseline -0.001 -14"><span class='ocrx_word' id='word_1_207' title='bbox 2256 1429 2345 1484; x_wconf 78' lang='grc'><strong>55.</strong></span> <span class='ocrx_word' id='word_1_208' title='bbox 2376 1429 2529 1484; x_wconf 89' lang='lat' dir='ltr'><strong>Unde</strong></span> <span class='ocrx_word' id='word_1_209' title='bbox 2571 1429 2613 1484; x_wconf 88' lang='lat' dir='ltr'><strong>si</strong></span> <span class='ocrx_word' id='word_1_210' title='bbox 2646 1428 2726 1483; x_wconf 89' lang='lat' dir='ltr'><strong>vis</strong></span> <span class='ocrx_word' id='word_1_211' title='bbox 2766 1443 2863 1498; x_wconf 91' lang='lat' dir='ltr'><strong>pro</strong></span> <span class='ocrx_word' id='word_1_212' title='bbox 2894 1429 3075 1483; x_wconf 86' lang='lat' dir='ltr'><strong>anima</strong></span> <span class='ocrx_word' id='word_1_213' title='bbox 3104 1437 3218 1494; x_wconf 87' lang='lat' dir='ltr'><strong>tua,</strong></span> <span class='ocrx_word' id='word_1_214' title='bbox 3245 1427 3331 1482; x_wconf 90' lang='lat' dir='ltr'><strong>vel</strong></span> <span class='ocrx_word' id='word_1_215' title='bbox 3355 1426 3638 1495; x_wconf 86' lang='lat' dir='ltr'><strong>cujuslibet</strong></span> <span class='ocrx_word' id='word_1_216' title='bbox 3663 1427 3760 1490; x_wconf 79' lang='lat' dir='ltr'><strong>da-</strong></span> 
     </span>
    </p>
   </div>
   <div class='ocr_carea' id='block_1_30' title="bbox 2188 1518 3763 1589">
    <p class='ocr_par' dir='ltr' id='par_1_30' title="bbox 2188 1518 3763 1589">
     <span class='ocr_line' id='line_1_30' title="bbox 2188 1518 3763 1589; baseline 0.001 -15"><span class='ocrx_word' id='word_1_217' title='bbox 2188 1536 2276 1583; x_wconf 89' lang='lat' dir='ltr'><strong>re,</strong></span> <span class='ocrx_word' id='word_1_218' title='bbox 2315 1520 2441 1575; x_wconf 90' lang='lat' dir='ltr'><strong>dum</strong></span> <span class='ocrx_word' id='word_1_219' title='bbox 2472 1528 2524 1574; x_wconf 89' lang='lat' dir='ltr'><strong>tu</strong></span> <span class='ocrx_word' id='word_1_220' title='bbox 2556 1518 2686 1574; x_wconf 89' lang='lat' dir='ltr'><strong>illud</strong></span> <span class='ocrx_word' id='word_1_221' title='bbox 2713 1520 2981 1589; x_wconf 83' lang='lat' dir='ltr'><strong>possides,</strong></span> <span class='ocrx_word' id='word_1_222' title='bbox 3005 1521 3103 1585; x_wconf 89' lang='lat' dir='ltr'><strong>da;</strong></span> <span class='ocrx_word' id='word_1_223' title='bbox 3136 1519 3261 1574; x_wconf 91' lang='lat' dir='ltr'><strong>dum</strong></span> <span class='ocrx_word' id='word_1_224' title='bbox 3288 1520 3364 1573; x_wconf 81' lang='lat' dir='ltr'><strong>uti</strong></span> <span class='ocrx_word' id='word_1_225' title='bbox 3392 1528 3479 1575; x_wconf 88' lang='lat' dir='ltr'><strong>est</strong></span> <span class='ocrx_word' id='word_1_226' title='bbox 3499 1519 3662 1587; x_wconf 85' lang='lat' dir='ltr'><strong>juris,</strong></span> <span class='ocrx_word' id='word_1_227' title='bbox 3688 1521 3763 1575; x_wconf 86' lang='lat' dir='ltr'><strong>tui</strong></span> 
     </span>
    </p>
   </div>
   <div class='ocr_carea' id='block_1_31' title="bbox 2187 1609 3769 1689">
    <p class='ocr_par' dir='ltr' id='par_1_31' title="bbox 2187 1609 3769 1689">
     <span class='ocr_line' id='line_1_31' title="bbox 2187 1609 3769 1689; baseline 0.002 -25"><span class='ocrx_word' id='word_1_228' title='bbox 2187 1610 2420 1675; x_wconf 73' lang='lat' dir='ltr'><strong>arbitrii,</strong></span> <span class='ocrx_word' id='word_1_229' title='bbox 2450 1619 2551 1665; x_wconf 79' lang='lat' dir='ltr'><strong>tua:</strong></span> <span class='ocrx_word' id='word_1_230' title='bbox 2578 1609 2884 1689; x_wconf 85' lang='lat' dir='ltr'><strong>potestatis,</strong></span> <span class='ocrx_word' id='word_1_231' title='bbox 2908 1612 3034 1666; x_wconf 90' lang='lat' dir='ltr'><strong>dum</strong></span> <span class='ocrx_word' id='word_1_232' title='bbox 3059 1610 3205 1666; x_wconf 89' lang='lat' dir='ltr'><strong>vales</strong></span> <span class='ocrx_word' id='word_1_233' title='bbox 3233 1611 3446 1677; x_wconf 86' lang='lat' dir='ltr'><strong>redimi,</strong></span> <span class='ocrx_word' id='word_1_234' title='bbox 3469 1610 3594 1667; x_wconf 90' lang='lat' dir='ltr'><strong>dum</strong></span> <span class='ocrx_word' id='word_1_235' title='bbox 3619 1611 3769 1667; x_wconf 83' lang='lat' dir='ltr'><strong>vales</strong></span> 
     </span>
    </p>
   </div>
   <div class='ocr_carea' id='block_1_32' title="bbox 2187 1703 3765 1776">
    <p class='ocr_par' dir='ltr' id='par_1_32' title="bbox 2187 1703 3765 1776">
     <span class='ocr_line' id='line_1_32' title="bbox 2187 1703 3765 1776; baseline 0.002 -19"><span class='ocrx_word' id='word_1_236' title='bbox 2187 1703 2424 1760; x_wconf 85' lang='lat' dir='ltr'><strong>liberari.</strong></span> <span class='ocrx_word' id='word_1_237' title='bbox 2458 1703 2668 1758; x_wconf 81' lang='lat' dir='ltr'><strong>Divitiae</strong></span> <span class='ocrx_word' id='word_1_238' title='bbox 2705 1704 2849 1759; x_wconf 90' lang='lat' dir='ltr'><strong>enim</strong></span> <span class='ocrx_word' id='word_1_239' title='bbox 2906 1714 3012 1759; x_wconf 85' lang='lat' dir='ltr'><strong>tuae</strong></span> <span class='ocrx_word' id='word_1_240' title='bbox 3051 1713 3102 1759; x_wconf 89' lang='lat' dir='ltr'><strong>te</strong></span> <span class='ocrx_word' id='word_1_241' title='bbox 3151 1706 3473 1762; x_wconf 85' lang='lat' dir='ltr'><strong>antecedere</strong></span> <span class='ocrx_word' id='word_1_242' title='bbox 3518 1716 3765 1776; x_wconf 86' lang='lat' dir='ltr'><strong>possunt.</strong></span> 
     </span>
    </p>
   </div>
   <div class='ocr_carea' id='block_1_33' title="bbox 501 1775 3764 1867">
    <p class='ocr_par' dir='ltr' id='par_1_33' title="bbox 501 1775 3764 1867">
     <span class='ocr_line' id='line_1_33' title="bbox 501 1775 3764 1867; baseline 0.001 -20"><span class='ocrx_word' id='word_1_243' title='bbox 501 1795 771 1864; x_wconf 73' lang='lat' dir='ltr'><strong>proprium</strong></span> <span class='ocrx_word' id='word_1_244' title='bbox 817 1794 982 1859; x_wconf 77' lang='lat' dir='ltr'><strong>dicas,</strong></span> <span class='ocrx_word' id='word_1_245' title='bbox 1013 1795 1158 1866; x_wconf 71' lang='lat' dir='ltr'><strong>quod</strong></span> <span class='ocrx_word' id='word_1_246' title='bbox 1202 1796 1396 1848; x_wconf 87' lang='lat' dir='ltr'><strong>mutari</strong></span> <span class='ocrx_word' id='word_1_247' title='bbox 1435 1802 1622 1865; x_wconf 83' lang='lat' dir='ltr'><strong>potest.</strong></span> <span class='ocrx_word' id='word_1_248' title='bbox 1655 1791 1763 1847; x_wconf 85' lang='lat' dir='ltr'><strong>Sed</strong></span> <span class='ocrx_word' id='word_1_249' title='bbox 1798 1791 2078 1846; x_wconf 76' lang='lat' dir='ltr'><strong>videamus</strong></span> <span class='ocrx_word' id='word_1_250' title='bbox 2111 1775 2156 1834; x_wconf 81' lang='grc' dir='ltr'><strong>Β</strong></span> <span class='ocrx_word' id='word_1_251' title='bbox 2186 1796 2337 1865; x_wconf 83' lang='lat' dir='ltr'><strong>sequi</strong></span> <span class='ocrx_word' id='word_1_252' title='bbox 2378 1795 2599 1849; x_wconf 88' lang='lat' dir='ltr'><strong>omnino</strong></span> <span class='ocrx_word' id='word_1_253' title='bbox 2640 1808 2744 1849; x_wconf 91' lang='lat' dir='ltr'><strong>non</strong></span> <span class='ocrx_word' id='word_1_254' title='bbox 2775 1802 3020 1866; x_wconf 87' lang='lat' dir='ltr'><strong>possunt.</strong></span> <span class='ocrx_word' id='word_1_255' title='bbox 3052 1795 3152 1851; x_wconf 84' lang='lat' dir='ltr'><strong>llic</strong></span> <span class='ocrx_word' id='word_1_256' title='bbox 3181 1812 3347 1852; x_wconf 89' lang='lat' dir='ltr'><strong>sanus</strong></span> <span class='ocrx_word' id='word_1_257' title='bbox 3397 1775 3577 1867; x_wconf 82' lang='lat' dir='ltr'><strong>incipe</strong></span> <span class='ocrx_word' id='word_1_258' title='bbox 3600 1796 3764 1857; x_wconf 89' lang='lat' dir='ltr'><strong>dare.</strong></span> 
     </span>
    </p>
   </div>
   <div class='ocr_carea' id='block_1_34' title="bbox 508 1886 2075 1959">
    <p class='ocr_par' dir='ltr' id='par_1_34' title="bbox 508 1886 2075 1959">
     <span class='ocr_line' id='line_1_34' title="bbox 508 1886 2075 1959; baseline 0 -20"><span class='ocrx_word' id='word_1_259' title='bbox 508 1897 725 1952; x_wconf 63' lang='lat' dir='ltr'><strong>castora.</strong></span> <span class='ocrx_word' id='word_1_260' title='bbox 780 1886 1033 1944; x_wconf 79' lang='lat' dir='ltr'><strong>Forsitan</strong></span> <span class='ocrx_word' id='word_1_261' title='bbox 1093 1888 1302 1944; x_wconf 82' lang='lat' dir='ltr'><strong>ﬁrmius</strong></span> <span class='ocrx_word' id='word_1_262' title='bbox 1353 1888 1596 1959; x_wconf 85' lang='lat' dir='ltr'><strong>possides</strong></span> <span class='ocrx_word' id='word_1_263' title='bbox 1644 1901 1727 1943; x_wconf 83' lang='lat' dir='ltr'><strong>ea.</strong></span> <span class='ocrx_word' id='word_1_264' title='bbox 1765 1886 1945 1950; x_wconf 88' lang='lat' dir='ltr'><strong>Servi,</strong></span> <span class='ocrx_word' id='word_1_265' title='bbox 1970 1896 2075 1940; x_wconf 79' lang='lat' dir='ltr'><strong>‘an-</strong></span> 
     </span>
    </p>
   </div>
   <div class='ocr_carea' id='block_1_35' title="bbox 500 1976 2074 2050">
    <p class='ocr_par' dir='ltr' id='par_1_35' title="bbox 500 1976 2074 2050">
     <span class='ocr_line' id='line_1_35' title="bbox 500 1976 2074 2050; baseline 0.001 -15"><span class='ocrx_word' id='word_1_266' title='bbox 500 1976 657 2043; x_wconf 75' lang='lat' dir='ltr'><strong>cillte,</strong></span> <span class='ocrx_word' id='word_1_267' title='bbox 703 1979 852 2049; x_wconf 90' lang='lat' dir='ltr'><strong>equi,</strong></span> <span class='ocrx_word' id='word_1_268' title='bbox 906 1978 1074 2034; x_wconf 82' lang='lat' dir='ltr'><strong>boves</strong></span> <span class='ocrx_word' id='word_1_269' title='bbox 1130 1978 1851 2050; x_wconf 74' lang='lat' dir='ltr'><strong>possuntneapnedonibus</strong></span> <span class='ocrx_word' id='word_1_270' title='bbox 1890 1977 2074 2046; x_wconf 84' lang='lat' dir='ltr'><strong>diripi.</strong></span> 
     </span>
    </p>
   </div>
   <div class='ocr_carea' id='block_1_36' title="bbox 499 2068 2077 2141">
    <p class='ocr_par' dir='ltr' id='par_1_36' title="bbox 499 2068 2077 2141">
     <span class='ocr_line' id='line_1_36' title="bbox 499 2068 2077 2141; baseline 0 -17"><span class='ocrx_word' id='word_1_271' title='bbox 499 2068 653 2125; x_wconf 85' lang='lat' dir='ltr'><strong>clade</strong></span> <span class='ocrx_word' id='word_1_272' title='bbox 699 2068 974 2140; x_wconf 64' lang='lat' dir='ltr'><strong>apprimi?»</strong></span> <span class='ocrx_word' id='word_1_273' title='bbox 1017 2069 1098 2124; x_wconf 84' lang='lat' dir='ltr'><strong>Ad</strong></span> <span class='ocrx_word' id='word_1_274' title='bbox 1148 2081 1483 2141; x_wconf 78' lang='lat' dir='ltr'><strong>postremum</strong></span> <span class='ocrx_word' id='word_1_275' title='bbox 1524 2084 1703 2124; x_wconf 87' lang='lat' dir='ltr'><strong>nonne</strong></span> <span class='ocrx_word' id='word_1_276' title='bbox 1728 2068 1813 2124; x_wconf 90' lang='lat' dir='ltr'><strong>bis</strong></span> <span class='ocrx_word' id='word_1_277' title='bbox 1840 2084 1990 2140; x_wconf 69' lang='lat' dir='ltr'><strong>teque</strong></span> <span class='ocrx_word' id='word_1_278' title='bbox 2013 2083 2077 2124; x_wconf 89' lang='lat' dir='ltr'><strong>ac</strong></span> 
     </span>
    </p>
   </div>
   <div class='ocr_carea' id='block_1_37' title="bbox 499 2157 2077 2231">
    <p class='ocr_par' dir='ltr' id='par_1_37' title="bbox 499 2157 2077 2231">
     <span class='ocr_line' id='line_1_37' title="bbox 499 2157 2077 2231; baseline -0.004 -11"><span class='ocrx_word' id='word_1_279' title='bbox 499 2157 595 2220; x_wconf 80' lang='lat' dir='ltr'><strong>tibi</strong></span> <span class='ocrx_word' id='word_1_280' title='bbox 626 2158 737 2231; x_wconf 86' lang='lat'><strong>(67)</strong></span> <span class='ocrx_word' id='word_1_281' title='bbox 763 2175 885 2216; x_wconf 84' lang='lat' dir='ltr'><strong>sors</strong></span> <span class='ocrx_word' id='word_1_282' title='bbox 912 2170 998 2217; x_wconf 88' lang='lat' dir='ltr'><strong>est</strong></span> <span class='ocrx_word' id='word_1_283' title='bbox 1030 2161 1335 2216; x_wconf 88' lang='lat' dir='ltr'><strong>moriendi?</strong></span> <span class='ocrx_word' id='word_1_284' title='bbox 1360 2159 1549 2217; x_wconf 87' lang='lat' dir='ltr'><strong>Vestes</strong></span> <span class='ocrx_word' id='word_1_285' title='bbox 1569 2169 1839 2231; x_wconf 87' lang='lat' dir='ltr'><strong>nequeunt</strong></span> <span class='ocrx_word' id='word_1_286' title='bbox 1864 2176 1894 2215; x_wconf 92' lang='lat' dir='ltr'><strong>a</strong></span> <span class='ocrx_word' id='word_1_287' title='bbox 1920 2160 2077 2215; x_wconf 88' lang='lat' dir='ltr'><strong>tineis</strong></span> 
     </span>
    </p>
   </div>
   <div class='ocr_carea' id='block_1_38' title="bbox 498 2251 2075 2326">
    <p class='ocr_par' dir='ltr' id='par_1_38' title="bbox 498 2251 2075 2326">
     <span class='ocr_line' id='line_1_38' title="bbox 498 2251 2075 2326; baseline -0.001 -17"><span class='ocrx_word' id='word_1_288' title='bbox 498 2252 785 2326; x_wconf 70' lang='lat' dir='ltr'><strong>demoliri?</strong></span> <span class='ocrx_word' id='word_1_289' title='bbox 813 2251 962 2319; x_wconf 91' lang='lat' dir='ltr'><strong>Scio,</strong></span> <span class='ocrx_word' id='word_1_290' title='bbox 990 2254 1191 2324; x_wconf 80' lang='lat' dir='ltr'><strong>inquis,</strong></span> <span class='ocrx_word' id='word_1_291' title='bbox 1242 2254 1539 2310; x_wconf 85' lang='lat' dir='ltr'><strong>remedium</strong></span> <span class='ocrx_word' id='word_1_292' title='bbox 1578 2253 1720 2311; x_wconf 83' lang='lat' dir='ltr'><strong>inde.</strong></span> <span class='ocrx_word' id='word_1_293' title='bbox 1754 2251 1921 2309; x_wconf 89' lang='lat' dir='ltr'><strong>Bene.</strong></span> <span class='ocrx_word' id='word_1_294' title='bbox 1960 2252 2075 2307; x_wconf 85' lang='lat' dir='ltr'><strong>Ali-</strong></span> 
     </span>
    </p>
   </div>
   <div class='ocr_carea' id='block_1_39' title="bbox 497 2342 2077 2416">
    <p class='ocr_par' dir='ltr' id='par_1_39' title="bbox 497 2342 2077 2416">
     <span class='ocr_line' id='line_1_39' title="bbox 497 2342 2077 2416; baseline -0.001 -18"><span class='ocrx_word' id='word_1_295' title='bbox 497 2343 626 2412; x_wconf 85' lang='lat' dir='ltr'><strong>quid</strong></span> <span class='ocrx_word' id='word_1_296' title='bbox 680 2344 823 2401; x_wconf 83' lang='lat' dir='ltr'><strong>nosti</strong></span> <span class='ocrx_word' id='word_1_297' title='bbox 874 2345 1120 2415; x_wconf 86' lang='lat' dir='ltr'><strong>remedii,</strong></span> <span class='ocrx_word' id='word_1_298' title='bbox 1154 2353 1215 2400; x_wconf 91' lang='lat' dir='ltr'><strong>ut</strong></span> <span class='ocrx_word' id='word_1_299' title='bbox 1259 2344 1382 2416; x_wconf 89' lang='lat' dir='ltr'><strong>igne</strong></span> <span class='ocrx_word' id='word_1_300' title='bbox 1428 2360 1538 2400; x_wconf 90' lang='lat' dir='ltr'><strong>non</strong></span> <span class='ocrx_word' id='word_1_301' title='bbox 1593 2342 2077 2415; x_wconf 85' lang='lat' dir='ltr'><strong>possintabsumi‘.I</strong></span> 
     </span>
    </p>
   </div>
   <div class='ocr_carea' id='block_1_40' title="bbox 497 2430 2078 2505">
    <p class='ocr_par' dir='ltr' id='par_1_40' title="bbox 497 2430 2078 2505">
     <span class='ocr_line' id='line_1_40' title="bbox 497 2430 2078 2505; baseline 0.001 -18"><span class='ocrx_word' id='word_1_302' title='bbox 497 2430 637 2498; x_wconf 78' lang='lat' dir='ltr'><strong>Non,</strong></span> <span class='ocrx_word' id='word_1_303' title='bbox 672 2434 874 2505; x_wconf 84' lang='lat' dir='ltr'><strong>inquis,</strong></span> <span class='ocrx_word' id='word_1_304' title='bbox 927 2435 1023 2491; x_wconf 88' lang='lat' dir='ltr'><strong>sed</strong></span> <span class='ocrx_word' id='word_1_305' title='bbox 1048 2435 1207 2491; x_wconf 88' lang='lat' dir='ltr'><strong>mitto</strong></span> <span class='ocrx_word' id='word_1_306' title='bbox 1261 2450 1354 2490; x_wconf 90' lang='lat' dir='ltr'><strong>eas</strong></span> <span class='ocrx_word' id='word_1_307' title='bbox 1396 2434 1543 2500; x_wconf 89' lang='lat' dir='ltr'><strong>illuc,</strong></span> <span class='ocrx_word' id='word_1_308' title='bbox 1584 2434 1671 2489; x_wconf 92' lang='lat' dir='ltr'><strong>ubi</strong></span> <span class='ocrx_word' id='word_1_309' title='bbox 1695 2435 2002 2491; x_wconf 86' lang='lat' dir='ltr'><strong>continetur</strong></span> <span class='ocrx_word' id='word_1_310' title='bbox 2023 2444 2078 2490; x_wconf 90' lang='lat' dir='ltr'><strong>et</strong></span> 
     </span>
    </p>
   </div>
   <div class='ocr_carea' id='block_1_41' title="bbox 497 2526 2079 2597">
    <p class='ocr_par' dir='ltr' id='par_1_41' title="bbox 497 2526 2079 2597">
     <span class='ocr_line' id='line_1_41' title="bbox 497 2526 2079 2597; baseline 0.003 -17"><span class='ocrx_word' id='word_1_311' title='bbox 497 2541 710 2595; x_wconf 76' lang='lat' dir='ltr'><strong>aurum.</strong></span> <span class='ocrx_word' id='word_1_312' title='bbox 749 2527 847 2583; x_wconf 85' lang='lat' dir='ltr'><strong>Est</strong></span> <span class='ocrx_word' id='word_1_313' title='bbox 876 2526 1026 2582; x_wconf 82' lang='lat' dir='ltr'><strong>locus</strong></span> <span class='ocrx_word' id='word_1_314' title='bbox 1074 2537 1351 2593; x_wconf 87' lang='lat' dir='ltr'><strong>arcuatus,</strong></span> <span class='ocrx_word' id='word_1_315' title='bbox 1382 2543 1487 2583; x_wconf 84' lang='lat' dir='ltr'><strong>non</strong></span> <span class='ocrx_word' id='word_1_316' title='bbox 1538 2527 1679 2583; x_wconf 87' lang='lat' dir='ltr'><strong>valet</strong></span> <span class='ocrx_word' id='word_1_317' title='bbox 1706 2528 1813 2597; x_wconf 78' lang='lat' dir='ltr'><strong>igni</strong></span> <span class='ocrx_word' id='word_1_318' title='bbox 1844 2542 1964 2583; x_wconf 89' lang='lat' dir='ltr'><strong>esse</strong></span> <span class='ocrx_word' id='word_1_319' title='bbox 1986 2542 2079 2584; x_wconf 88' lang='lat' dir='ltr'><strong>ac-</strong></span> 
     </span>
    </p>
   </div>
   <div class='ocr_carea' id='block_1_42' title="bbox 497 2615 2076 2689">
    <p class='ocr_par' dir='ltr' id='par_1_42' title="bbox 497 2615 2076 2689">
     <span class='ocr_line' id='line_1_42' title="bbox 497 2615 2076 2689; baseline -0.001 -17"><span class='ocrx_word' id='word_1_320' title='bbox 497 2630 706 2672; x_wconf 84' lang='lat' dir='ltr'><strong>cessus.</strong></span> <span class='ocrx_word' id='word_1_321' title='bbox 759 2615 1030 2675; x_wconf 86' lang='lat' dir='ltr'><strong>Concedo.</strong></span> <span class='ocrx_word' id='word_1_322' title='bbox 1077 2617 1305 2688; x_wconf 85' lang='lat' dir='ltr'><strong>Semper</strong></span> <span class='ocrx_word' id='word_1_323' title='bbox 1364 2633 1495 2689; x_wconf 85' lang='lat' dir='ltr'><strong>ergo</strong></span> <span class='ocrx_word' id='word_1_324' title='bbox 1540 2618 1648 2674; x_wconf 91' lang='lat' dir='ltr'><strong>illic</strong></span> <span class='ocrx_word' id='word_1_325' title='bbox 1690 2620 1889 2674; x_wconf 82' lang='lat' dir='ltr'><strong>erunt?</strong></span> <span class='ocrx_word' id='word_1_326' title='bbox 1937 2633 2076 2673; x_wconf 88' lang='lat' dir='ltr'><strong>nun-</strong></span> 
     </span>
    </p>
   </div>
   <div class='ocr_carea' id='block_1_43' title="bbox 496 2704 2079 2780">
    <p class='ocr_par' dir='ltr' id='par_1_43' title="bbox 496 2704 2079 2780">
     <span class='ocr_line' id='line_1_43' title="bbox 496 2704 2079 2780; baseline 0.001 -21"><span class='ocrx_word' id='word_1_327' title='bbox 496 2720 733 2777; x_wconf 81' lang='lat' dir='ltr'><strong>quamne</strong></span> <span class='ocrx_word' id='word_1_328' title='bbox 753 2704 886 2763; x_wconf 77' lang='lat' dir='ltr'><strong>foris</strong></span> <span class='ocrx_word' id='word_1_329' title='bbox 926 2706 1259 2779; x_wconf 79' lang='lat' dir='ltr'><strong>prodibunt?</strong></span> <span class='ocrx_word' id='word_1_330' title='bbox 1293 2707 1515 2764; x_wconf 85' lang='lat' dir='ltr'><strong>Facient</strong></span> <span class='ocrx_word' id='word_1_331' title='bbox 1534 2707 1713 2780; x_wconf 87' lang='lat' dir='ltr'><strong>plane.</strong></span> <span class='ocrx_word' id='word_1_332' title='bbox 1745 2706 1886 2776; x_wconf 83' lang='lat' dir='ltr'><strong>Quid</strong></span> <span class='ocrx_word' id='word_1_333' title='bbox 1916 2707 2079 2762; x_wconf 82' lang='lat' dir='ltr'><strong>tunc?</strong></span> 
     </span>
    </p>
   </div>
   <div class='ocr_carea' id='block_1_44' title="bbox 500 2788 2074 2873">
    <p class='ocr_par' dir='ltr' id='par_1_44' title="bbox 500 2788 2074 2873">
     <span class='ocr_line' id='line_1_44' title="bbox 500 2788 2074 2873; baseline 0.001 -19"><span class='ocrx_word' id='word_1_334' title='bbox 500 2797 558 2854; x_wconf 79' lang='lat' dir='ltr'><strong>Si</strong></span> <span class='ocrx_word' id='word_1_335' title='bbox 592 2798 776 2864; x_wconf 68' lang='lat' dir='ltr'><strong>salvat,</strong></span> <span class='ocrx_word' id='word_1_336' title='bbox 805 2800 999 2868; x_wconf 62' lang='lat' dir='ltr'><strong>salvae;</strong></span> <span class='ocrx_word' id='word_1_337' title='bbox 1031 2801 1081 2858; x_wconf 89' lang='lat' dir='ltr'><strong>si</strong></span> <span class='ocrx_word' id='word_1_338' title='bbox 1105 2788 1351 2873; x_wconf 66' lang='lat' dir='ltr'><strong>perditae,</strong></span> <span class='ocrx_word' id='word_1_339' title='bbox 1373 2802 1616 2871; x_wconf 70' lang='lat' dir='ltr'><strong>perditae.</strong></span> <span class='ocrx_word' id='word_1_340' title='bbox 1650 2800 1745 2857; x_wconf 89' lang='lat' dir='ltr'><strong>Ubi</strong></span> <span class='ocrx_word' id='word_1_341' title='bbox 1772 2816 1903 2872; x_wconf 84' lang='lat' dir='ltr'><strong>ergo</strong></span> <span class='ocrx_word' id='word_1_342' title='bbox 1925 2809 2074 2856; x_wconf 87' lang='lat' dir='ltr'><strong>tanta</strong></span> 
     </span>
    </p>
   </div>
   <div class='ocr_carea' id='block_1_45' title="bbox 496 2890 2076 2965">
    <p class='ocr_par' dir='ltr' id='par_1_45' title="bbox 496 2890 2076 2965">
     <span class='ocr_line' id='line_1_45' title="bbox 496 2890 2076 2965; baseline -0.001 -19"><span class='ocrx_word' id='word_1_343' title='bbox 496 2890 798 2959; x_wconf 83' lang='lat' dir='ltr'><strong>diligentia,</strong></span> <span class='ocrx_word' id='word_1_344' title='bbox 841 2901 1003 2965; x_wconf 72' lang='lat' dir='ltr'><strong>tanta</strong></span> <span class='ocrx_word' id='word_1_345' title='bbox 1033 2891 1316 2949; x_wconf 86' lang='lat' dir='ltr'><strong>custodia?</strong></span> <span class='ocrx_word' id='word_1_346' title='bbox 1343 2890 1483 2961; x_wconf 87' lang='lat' dir='ltr'><strong>Quid</strong></span> <span class='ocrx_word' id='word_1_347' title='bbox 1508 2891 1712 2963; x_wconf 82' lang='lat' dir='ltr'><strong>profuit</strong></span> <span class='ocrx_word' id='word_1_348' title='bbox 1763 2900 1914 2947; x_wconf 89' lang='lat' dir='ltr'><strong>tanto</strong></span> <span class='ocrx_word' id='word_1_349' title='bbox 1942 2898 2076 2947; x_wconf 90' lang='lat' dir='ltr'><strong>tem-</strong></span> 
     </span>
    </p>
   </div>
   <div class='ocr_carea' id='block_1_46' title="bbox 494 2981 2078 3056">
    <p class='ocr_par' dir='ltr' id='par_1_46' title="bbox 494 2981 2078 3056">
     <span class='ocr_line' id='line_1_46' title="bbox 494 2981 2078 3056; baseline -0.001 -21"><span class='ocrx_word' id='word_1_350' title='bbox 494 2995 626 3056; x_wconf 82' lang='lat' dir='ltr'><strong>pore</strong></span> <span class='ocrx_word' id='word_1_351' title='bbox 653 2981 978 3048; x_wconf 81' lang='lat' dir='ltr'><strong>custodisse,</strong></span> <span class='ocrx_word' id='word_1_352' title='bbox 1024 2982 1318 3053; x_wconf 84' lang='lat' dir='ltr'><strong>aliquando</strong></span> <span class='ocrx_word' id='word_1_353' title='bbox 1366 2982 1700 3052; x_wconf 86' lang='lat' dir='ltr'><strong>perdidisse?</strong></span> <span class='ocrx_word' id='word_1_354' title='bbox 1729 2981 1857 3038; x_wconf 86' lang='lat' dir='ltr'><strong>Esto</strong></span> <span class='ocrx_word' id='word_1_355' title='bbox 1881 2981 1956 3035; x_wconf 92' lang='lat' dir='ltr'><strong>nil</strong></span> <span class='ocrx_word' id='word_1_356' title='bbox 1980 2981 2078 3035; x_wconf 90' lang='lat' dir='ltr'><strong>ho-</strong></span> 
     </span>
    </p>
   </div>
   <div class='ocr_carea' id='block_1_47' title="bbox 494 3071 2077 3142">
    <p class='ocr_par' dir='ltr' id='par_1_47' title="bbox 494 3071 2077 3142">
     <span class='ocr_line' id='line_1_47' title="bbox 494 3071 2077 3142; baseline 0.004 -20"><span class='ocrx_word' id='word_1_357' title='bbox 494 3084 615 3124; x_wconf 87' lang='lat' dir='ltr'><strong>rum</strong></span> <span class='ocrx_word' id='word_1_358' title='bbox 647 3071 958 3142; x_wconf 74' lang='lat' dir='ltr'><strong>contingat;</strong></span> <span class='ocrx_word' id='word_1_359' title='bbox 999 3072 1121 3141; x_wconf 86' lang='lat' dir='ltr'><strong>quis</strong></span> <span class='ocrx_word' id='word_1_360' title='bbox 1174 3080 1315 3138; x_wconf 88' lang='lat' dir='ltr'><strong>tuas,</strong></span> <span class='ocrx_word' id='word_1_361' title='bbox 1345 3087 1468 3128; x_wconf 89' lang='lat' dir='ltr'><strong>cum</strong></span> <span class='ocrx_word' id='word_1_362' title='bbox 1501 3072 1631 3129; x_wconf 82' lang='lat' dir='ltr'><strong>hinc</strong></span> <span class='ocrx_word' id='word_1_363' title='bbox 1653 3071 1827 3136; x_wconf 84' lang='lat' dir='ltr'><strong>vadis,</strong></span> <span class='ocrx_word' id='word_1_364' title='bbox 1857 3071 2077 3128; x_wconf 84' lang='lat' dir='ltr'><strong>divitias</strong></span> 
     </span>
    </p>
   </div>
   <div class='ocr_carea' id='block_1_48' title="bbox 495 3158 2075 3239">
    <p class='ocr_par' dir='ltr' id='par_1_48' title="bbox 495 3158 2075 3239">
     <span class='ocr_line' id='line_1_48' title="bbox 495 3158 2075 3239; baseline -0.001 -21"><span class='ocrx_word' id='word_1_365' title='bbox 495 3167 671 3218; x_wconf 68' lang='lat' dir='ltr'><strong>locum</strong></span> <span class='ocrx_word' id='word_1_366' title='bbox 695 3159 913 3228; x_wconf 83' lang='lat' dir='ltr'><strong>portat?</strong></span> <span class='ocrx_word' id='word_1_367' title='bbox 942 3158 1131 3216; x_wconf 83' lang='lat' dir='ltr'><strong>Nonne</strong></span> <span class='ocrx_word' id='word_1_368' title='bbox 1168 3170 1220 3216; x_wconf 87' lang='lat' dir='ltr'><strong>te</strong></span> <span class='ocrx_word' id='word_1_369' title='bbox 1247 3160 1404 3219; x_wconf 86' lang='lat' dir='ltr'><strong>video</strong></span> <span class='ocrx_word' id='word_1_370' title='bbox 1454 3161 1634 3230; x_wconf 80' lang='lat' dir='ltr'><strong>ligatis</strong></span> <span class='ocrx_word' id='word_1_371' title='bbox 1659 3159 1763 3239; x_wconf 63' lang='grc'><strong>41</strong></span> <span class='ocrx_word' id='word_1_372' title='bbox 1787 3160 2075 3231; x_wconf 84' lang='lat' dir='ltr'><strong>pollicibus</strong></span> 
     </span>
    </p>
   </div>
   <div class='ocr_carea' id='block_1_49' title="bbox 492 3252 2074 3325">
    <p class='ocr_par' dir='ltr' id='par_1_49' title="bbox 492 3252 2074 3325">
     <span class='ocr_line' id='line_1_49' title="bbox 492 3252 2074 3325; baseline 0.002 -20"><span class='ocrx_word' id='word_1_373' title='bbox 492 3264 631 3321; x_wconf 76' lang='lat' dir='ltr'><strong>pene</strong></span> <span class='ocrx_word' id='word_1_374' title='bbox 654 3252 855 3306; x_wconf 89' lang='lat' dir='ltr'><strong>nudum</strong></span> <span class='ocrx_word' id='word_1_375' title='bbox 881 3252 965 3325; x_wconf 85' lang='lat' dir='ltr'><strong>agi</strong></span> <span class='ocrx_word' id='word_1_376' title='bbox 1000 3254 1051 3308; x_wconf 88' lang='lat' dir='ltr'><strong>in</strong></span> <span class='ocrx_word' id='word_1_377' title='bbox 1085 3252 1397 3308; x_wconf 75' lang='lat' dir='ltr'><strong>tumulum?</strong></span> <span class='ocrx_word' id='word_1_378' title='bbox 1433 3253 1501 3308; x_wconf 90' lang='lat' dir='ltr'><strong>Et</strong></span> <span class='ocrx_word' id='word_1_379' title='bbox 1521 3254 1565 3309; x_wconf 90' lang='lat' dir='ltr'><strong>si</strong></span> <span class='ocrx_word' id='word_1_380' title='bbox 1598 3253 1701 3308; x_wconf 82' lang='lat' dir='ltr'><strong>hoc</strong></span> <span class='ocrx_word' id='word_1_381' title='bbox 1731 3252 1827 3309; x_wconf 90' lang='lat' dir='ltr'><strong>tibi</strong></span> <span class='ocrx_word' id='word_1_382' title='bbox 1857 3253 2074 3316; x_wconf 73' lang='lat' dir='ltr'><strong>contin~</strong></span> 
     </span>
    </p>
   </div>
   <div class='ocr_carea' id='block_1_50' title="bbox 493 3341 2075 3415">
    <p class='ocr_par' dir='ltr' id='par_1_50' title="bbox 493 3341 2075 3415">
     <span class='ocr_line' id='line_1_50' title="bbox 493 3341 2075 3415; baseline 0.004 -21"><span class='ocrx_word' id='word_1_383' title='bbox 493 3351 605 3411; x_wconf 79' lang='lat' dir='ltr'><strong>gat,</strong></span> <span class='ocrx_word' id='word_1_384' title='bbox 636 3343 852 3411; x_wconf 86' lang='lat' dir='ltr'><strong>beatum</strong></span> <span class='ocrx_word' id='word_1_385' title='bbox 886 3352 937 3399; x_wconf 89' lang='lat' dir='ltr'><strong>te</strong></span> <span class='ocrx_word' id='word_1_386' title='bbox 983 3341 1210 3399; x_wconf 76' lang='lat' dir='ltr'><strong>forsitan</strong></span> <span class='ocrx_word' id='word_1_387' title='bbox 1256 3344 1507 3411; x_wconf 80' lang='lat' dir='ltr'><strong>dixerim,</strong></span> <span class='ocrx_word' id='word_1_388' title='bbox 1536 3359 1661 3399; x_wconf 89' lang='lat' dir='ltr'><strong>nam</strong></span> <span class='ocrx_word' id='word_1_389' title='bbox 1710 3343 1889 3400; x_wconf 87' lang='lat' dir='ltr'><strong>audivi</strong></span> <span class='ocrx_word' id='word_1_390' title='bbox 1932 3359 2075 3415; x_wconf 81' lang='lat' dir='ltr'><strong>saepe</strong></span> 
     </span>
    </p>
   </div>
   <div class='ocr_carea' id='block_1_51' title="bbox 494 3430 1281 3505">
    <p class='ocr_par' dir='ltr' id='par_1_51' title="bbox 494 3430 1281 3505">
     <span class='ocr_line' id='line_1_51' title="bbox 494 3430 1281 3505; baseline 0.008 -21"><span class='ocrx_word' id='word_1_391' title='bbox 494 3430 714 3501; x_wconf 80' lang='lat' dir='ltr'><strong>divitem</strong></span> <span class='ocrx_word' id='word_1_392' title='bbox 743 3449 776 3488; x_wconf 89' lang='lat' dir='ltr'><strong>a</strong></span> <span class='ocrx_word' id='word_1_393' title='bbox 799 3432 938 3505; x_wconf 89' lang='lat' dir='ltr'><strong>lupis</strong></span> <span class='ocrx_word' id='word_1_394' title='bbox 961 3444 1281 3490; x_wconf 89' lang='lat' dir='ltr'><strong>comestum.</strong></span> 
     </span>
    </p>
   </div>
   <div class='ocr_carea' id='block_1_52' title="bbox 559 3525 2073 3602">
    <p class='ocr_par' dir='ltr' id='par_1_52' title="bbox 559 3525 2073 3602">
     <span class='ocr_line' id='line_1_52' title="bbox 559 3525 2073 3602; baseline -0.001 -17"><span class='ocrx_word' id='word_1_395' title='bbox 559 3525 647 3585; x_wconf 67' lang='lat'><strong>34.</strong></span> <span class='ocrx_word' id='word_1_396' title='bbox 677 3526 815 3596; x_wconf 85' lang='lat' dir='ltr'><strong>Quid</strong></span> <span class='ocrx_word' id='word_1_397' title='bbox 846 3542 996 3597; x_wconf 80' lang='lat' dir='ltr'><strong>ergo.</strong></span> <span class='ocrx_word' id='word_1_398' title='bbox 1018 3527 1218 3598; x_wconf 89' lang='lat' dir='ltr'><strong>inquis,</strong></span> <span class='ocrx_word' id='word_1_399' title='bbox 1251 3529 1561 3601; x_wconf 79' lang='lat' dir='ltr'><strong>agendum?</strong></span> <span class='ocrx_word' id='word_1_400' title='bbox 1586 3531 1666 3586; x_wconf 79' lang='lat' dir='ltr'><strong>An</strong></span> <span class='ocrx_word' id='word_1_401' title='bbox 1714 3531 1957 3602; x_wconf 69' lang='lat' dir='ltr'><strong>segnitia:</strong></span> <span class='ocrx_word' id='word_1_402' title='bbox 1980 3544 2073 3584; x_wconf 80' lang='lat' dir='ltr'><strong>va-</strong></span> 
     </span>
    </p>
   </div>
   <div class='ocr_carea' id='block_1_53' title="bbox 490 3616 2075 3687">
    <p class='ocr_par' dir='ltr' id='par_1_53' title="bbox 490 3616 2075 3687">
     <span class='ocr_line' id='line_1_53' title="bbox 490 3616 2075 3687; baseline 0.003 -18"><span class='ocrx_word' id='word_1_403' title='bbox 490 3616 753 3687; x_wconf 69' lang='lat' dir='ltr'><strong>candum,</strong></span> <span class='ocrx_word' id='word_1_404' title='bbox 780 3618 859 3672; x_wconf 86' lang='lat' dir='ltr'><strong>nil</strong></span> <span class='ocrx_word' id='word_1_405' title='bbox 899 3618 1275 3683; x_wconf 83' lang='lat' dir='ltr'><strong>laborandum,</strong></span> <span class='ocrx_word' id='word_1_406' title='bbox 1326 3620 1580 3675; x_wconf 90' lang='lat' dir='ltr'><strong>omnibus</strong></span> <span class='ocrx_word' id='word_1_407' title='bbox 1611 3620 2024 3675; x_wconf 88' lang='lat' dir='ltr'><strong>mendicaudum</strong></span> <span class='ocrx_word' id='word_1_408' title='bbox 2049 3619 2075 3673; x_wconf 80' lang='lat'><strong>?</strong></span> 
     </span>
    </p>
   </div>
   <div class='ocr_carea' id='block_1_54' title="bbox 487 3703 2070 3779">
    <p class='ocr_par' dir='ltr' id='par_1_54' title="bbox 487 3703 2070 3779">
     <span class='ocr_line' id='line_1_54' title="bbox 487 3703 2070 3779; baseline 0.004 -20"><span class='ocrx_word' id='word_1_409' title='bbox 487 3703 622 3775; x_wconf 80' lang='lat' dir='ltr'><strong>Quis</strong></span> <span class='ocrx_word' id='word_1_410' title='bbox 640 3706 754 3770; x_wconf 85' lang='lat' dir='ltr'><strong>dat.</strong></span> <span class='ocrx_word' id='word_1_411' title='bbox 781 3708 825 3763; x_wconf 91' lang='lat' dir='ltr'><strong>si</strong></span> <span class='ocrx_word' id='word_1_412' title='bbox 856 3709 1034 3763; x_wconf 91' lang='lat' dir='ltr'><strong>omnis</strong></span> <span class='ocrx_word' id='word_1_413' title='bbox 1071 3709 1385 3764; x_wconf 85' lang='lat' dir='ltr'><strong>mendicat?</strong></span> <span class='ocrx_word' id='word_1_414' title='bbox 1413 3708 1566 3774; x_wconf 83' lang='lat' dir='ltr'><strong>Non;</strong></span> <span class='ocrx_word' id='word_1_415' title='bbox 1617 3725 1724 3765; x_wconf 92' lang='lat' dir='ltr'><strong>non</strong></span> <span class='ocrx_word' id='word_1_416' title='bbox 1771 3709 1902 3767; x_wconf 90' lang='lat' dir='ltr'><strong>illud</strong></span> <span class='ocrx_word' id='word_1_417' title='bbox 1931 3724 2070 3779; x_wconf 71' lang='lat' dir='ltr'><strong>pne-</strong></span> 
     </span>
    </p>
   </div>
   <div class='ocr_carea' id='block_1_55' title="bbox 489 3794 2069 3867">
    <p class='ocr_par' dir='ltr' id='par_1_55' title="bbox 489 3794 2069 3867">
     <span class='ocr_line' id='line_1_55' title="bbox 489 3794 2069 3867; baseline 0.004 -19"><span class='ocrx_word' id='word_1_418' title='bbox 489 3794 649 3865; x_wconf 88' lang='lat' dir='ltr'><strong>cipio,</strong></span> <span class='ocrx_word' id='word_1_419' title='bbox 682 3796 812 3850; x_wconf 89' lang='lat' dir='ltr'><strong>dicit</strong></span> <span class='ocrx_word' id='word_1_420' title='bbox 833 3797 1115 3867; x_wconf 76' lang='lat' dir='ltr'><strong>Dominus,</strong></span> <span class='ocrx_word' id='word_1_421' title='bbox 1135 3797 1245 3852; x_wconf 90' lang='lat' dir='ltr'><strong>imo</strong></span> <span class='ocrx_word' id='word_1_422' title='bbox 1271 3797 1595 3853; x_wconf 89' lang='lat' dir='ltr'><strong>omnimodis</strong></span> <span class='ocrx_word' id='word_1_423' title='bbox 1623 3797 1919 3867; x_wconf 84' lang='lat' dir='ltr'><strong>prohibeo;</strong></span> <span class='ocrx_word' id='word_1_424' title='bbox 1945 3814 2069 3854; x_wconf 88' lang='lat' dir='ltr'><strong>nam</strong></span> 
     </span>
    </p>
   </div>
   <div class='ocr_carea' id='block_1_56' title="bbox 489 3872 2073 3961">
    <p class='ocr_par' dir='ltr' id='par_1_56' title="bbox 489 3872 2073 3961">
     <span class='ocr_line' id='line_1_56' title="bbox 489 3872 2073 3961; baseline 0.005 -22"><span class='ocrx_word' id='word_1_425' title='bbox 489 3885 713 3954; x_wconf 72' lang='lat' dir='ltr'><strong>prmtlixi</strong></span> <span class='ocrx_word' id='word_1_426' title='bbox 755 3885 869 3950; x_wconf 88' lang='lat' dir='ltr'><strong>tibi,</strong></span> <span class='ocrx_word' id='word_1_427' title='bbox 899 3888 1040 3958; x_wconf 83' lang='lat' dir='ltr'><strong>quod</strong></span> <span class='ocrx_word' id='word_1_428' title='bbox 1064 3889 1121 3942; x_wconf 85' lang='lat' dir='ltr'><strong>in</strong></span> <span class='ocrx_word' id='word_1_429' title='bbox 1160 3889 1353 3943; x_wconf 80' lang='lat' dir='ltr'><strong>sudore</strong></span> <span class='ocrx_word' id='word_1_430' title='bbox 1380 3887 1552 3943; x_wconf 76' lang='lat' dir='ltr'><strong>vultus</strong></span> <span class='ocrx_word' id='word_1_431' title='bbox 1583 3890 1661 3944; x_wconf 85' lang='lat' dir='ltr'><strong>tui</strong></span> <span class='ocrx_word' id='word_1_432' title='bbox 1685 3891 1902 3945; x_wconf 78' lang='lat' dir='ltr'><strong>vesceris</strong></span> <span class='ocrx_word' id='word_1_433' title='bbox 1936 3872 2073 3961; x_wconf 73' lang='lat' dir='ltr'><strong>pane</strong></span> 
     </span>
    </p>
   </div>
   <div class='ocr_carea' id='block_1_57' title="bbox 491 3972 2069 4050">
    <p class='ocr_par' dir='ltr' id='par_1_57' title="bbox 491 3972 2069 4050">
     <span class='ocr_line' id='line_1_57' title="bbox 491 3972 2069 4050; baseline 0.004 -21"><span class='ocrx_word' id='word_1_434' title='bbox 491 3987 582 4030; x_wconf 84' lang='lat' dir='ltr'><strong>tuo</strong></span> <span class='ocrx_word' id='word_1_435' title='bbox 623 3972 790 4047; x_wconf 79' lang='lat' dir='ltr'><strong>(Gen.</strong></span> <span class='ocrx_word' id='word_1_436' title='bbox 846 3993 929 4042; x_wconf 81' lang='lat' dir='ltr'><strong>tu,</strong></span> <span class='ocrx_word' id='word_1_437' title='bbox 963 3977 1092 4049; x_wconf 85' lang='lat' dir='ltr'><strong>l9).</strong></span> <span class='ocrx_word' id='word_1_438' title='bbox 1142 3978 1276 4034; x_wconf 90' lang='lat' dir='ltr'><strong>Cum</strong></span> <span class='ocrx_word' id='word_1_439' title='bbox 1331 3978 1462 4033; x_wconf 91' lang='lat' dir='ltr'><strong>illud</strong></span> <span class='ocrx_word' id='word_1_440' title='bbox 1518 3981 1778 4050; x_wconf 65' lang='lat' dir='ltr'><strong>praedixi,</strong></span> <span class='ocrx_word' id='word_1_441' title='bbox 1831 3980 2069 4036; x_wconf 89' lang='lat' dir='ltr'><strong>laborem</strong></span> 
     </span>
    </p>
   </div>
   <div class='ocr_carea' id='block_1_58' title="bbox 492 4060 2071 4133">
    <p class='ocr_par' dir='ltr' id='par_1_58' title="bbox 492 4060 2071 4133">
     <span class='ocr_line' id='line_1_58' title="bbox 492 4060 2071 4133; baseline 0.004 -12"><span class='ocrx_word' id='word_1_442' title='bbox 492 4064 662 4121; x_wconf 86' lang='lat' dir='ltr'><strong>indixi</strong></span> <span class='ocrx_word' id='word_1_443' title='bbox 697 4082 711 4119; x_wconf 87' lang='lat'><strong>:</strong></span> <span class='ocrx_word' id='word_1_444' title='bbox 744 4078 796 4121; x_wconf 91' lang='lat' dir='ltr'><strong>tu</strong></span> <span class='ocrx_word' id='word_1_445' title='bbox 821 4078 1042 4123; x_wconf 85' lang='lat' dir='ltr'><strong>econtra</strong></span> <span class='ocrx_word' id='word_1_446' title='bbox 1062 4060 1141 4123; x_wconf 88' lang='lat' dir='ltr'><strong>nil</strong></span> <span class='ocrx_word' id='word_1_447' title='bbox 1172 4069 1252 4123; x_wconf 87' lang='lat' dir='ltr'><strong>vis</strong></span> <span class='ocrx_word' id='word_1_448' title='bbox 1277 4070 1551 4133; x_wconf 86' lang='lat' dir='ltr'><strong>laborare,</strong></span> <span class='ocrx_word' id='word_1_449' title='bbox 1582 4070 1677 4125; x_wconf 87' lang='lat' dir='ltr'><strong>sed</strong></span> <span class='ocrx_word' id='word_1_450' title='bbox 1699 4069 2071 4128; x_wconf 84' lang='lat' dir='ltr'><strong>laborantibus</strong></span> 
     </span>
    </p>
   </div>
   <div class='ocr_carea' id='block_1_59' title="bbox 492 4153 2070 4229">
    <p class='ocr_par' dir='ltr' id='par_1_59' title="bbox 492 4153 2070 4229">
     <span class='ocr_line' id='line_1_59' title="bbox 492 4153 2070 4229; baseline 0.004 -20"><span class='ocrx_word' id='word_1_451' title='bbox 492 4153 727 4222; x_wconf 83' lang='lat' dir='ltr'><strong>auferre,</strong></span> <span class='ocrx_word' id='word_1_452' title='bbox 757 4168 843 4229; x_wconf 63' lang='lat' dir='ltr'><strong>et,</strong></span> <span class='ocrx_word' id='word_1_453' title='bbox 865 4173 992 4214; x_wconf 89' lang='lat' dir='ltr'><strong>cum</strong></span> <span class='ocrx_word' id='word_1_454' title='bbox 1036 4167 1090 4214; x_wconf 89' lang='lat' dir='ltr'><strong>tu</strong></span> <span class='ocrx_word' id='word_1_455' title='bbox 1121 4173 1280 4214; x_wconf 87' lang='lat' dir='ltr'><strong>vaces</strong></span> <span class='ocrx_word' id='word_1_456' title='bbox 1324 4160 1564 4228; x_wconf 86' lang='lat' dir='ltr'><strong>peccatis</strong></span> <span class='ocrx_word' id='word_1_457' title='bbox 1592 4168 1648 4214; x_wconf 90' lang='lat' dir='ltr'><strong>et</strong></span> <span class='ocrx_word' id='word_1_458' title='bbox 1677 4160 1909 4226; x_wconf 88' lang='lat' dir='ltr'><strong>deliciis,</strong></span> <span class='ocrx_word' id='word_1_459' title='bbox 1948 4161 2070 4217; x_wconf 88' lang='lat' dir='ltr'><strong>aliis</strong></span> 
     </span>
    </p>
   </div>
   <div class='ocr_carea' id='block_1_60' title="bbox 490 4245 2071 4321">
    <p class='ocr_par' dir='ltr' id='par_1_60' title="bbox 490 4245 2071 4321">
     <span class='ocr_line' id='line_1_60' title="bbox 490 4245 2071 4321; baseline 0.002 -18"><span class='ocrx_word' id='word_1_460' title='bbox 490 4245 730 4321; x_wconf 81' lang='lat' dir='ltr'><strong>laborem</strong></span> <span class='ocrx_word' id='word_1_461' title='bbox 756 4247 983 4311; x_wconf 82' lang='lat' dir='ltr'><strong>indicis;</strong></span> <span class='ocrx_word' id='word_1_462' title='bbox 1015 4264 1135 4302; x_wconf 90' lang='lat' dir='ltr'><strong>cum</strong></span> <span class='ocrx_word' id='word_1_463' title='bbox 1177 4257 1399 4303; x_wconf 83' lang='lat' dir='ltr'><strong>econtra</strong></span> <span class='ocrx_word' id='word_1_464' title='bbox 1427 4264 1515 4304; x_wconf 92' lang='lat' dir='ltr'><strong>me</strong></span> <span class='ocrx_word' id='word_1_465' title='bbox 1541 4251 1592 4304; x_wconf 92' lang='lat' dir='ltr'><strong>in</strong></span> <span class='ocrx_word' id='word_1_466' title='bbox 1623 4248 1841 4304; x_wconf 79' lang='lat' dir='ltr'><strong>Psalmo</strong></span> <span class='ocrx_word' id='word_1_467' title='bbox 1868 4250 2071 4306; x_wconf 77' lang='lat' dir='ltr'><strong>dixisse</strong></span> 
     </span>
    </p>
   </div>
   <div class='ocr_carea' id='block_1_61' title="bbox 491 4337 2067 4410">
    <p class='ocr_par' dir='ltr' id='par_1_61' title="bbox 491 4337 2067 4410">
     <span class='ocr_line' id='line_1_61' title="bbox 491 4337 2067 4410; baseline -0.002 -13"><span class='ocrx_word' id='word_1_468' title='bbox 491 4337 692 4410; x_wconf 84' lang='lat' dir='ltr'><strong>legeris</strong></span> <span class='ocrx_word' id='word_1_469' title='bbox 725 4358 745 4393; x_wconf 73' lang='grc' dir='ltr'><strong>ξ.</strong></span> <span class='ocrx_word' id='word_1_470' title='bbox 774 4337 1003 4394; x_wconf 68' lang='lat' dir='ltr'><strong>Labore:</strong></span> <span class='ocrx_word' id='word_1_471' title='bbox 1048 4355 1299 4393; x_wconf 77' lang='lat' dir='ltr'><strong>manuum</strong></span> <span class='ocrx_word' id='word_1_472' title='bbox 1344 4350 1556 4393; x_wconf 82' lang='lat' dir='ltr'><strong>tuorum</strong></span> <span class='ocrx_word' id='word_1_473' title='bbox 1602 4341 1726 4410; x_wconf 87' lang='lat' dir='ltr'><strong>quia</strong></span> <span class='ocrx_word' id='word_1_474' title='bbox 1774 4341 2067 4394; x_wconf 80' lang='lat' dir='ltr'><strong>manduco-</strong></span> 
     </span>
    </p>
   </div>
   <div class='ocr_carea' id='block_1_62' title="bbox 490 4427 2068 4501">
    <p class='ocr_par' dir='ltr' id='par_1_62' title="bbox 490 4427 2068 4501">
     <span class='ocr_line' id='line_1_62' title="bbox 490 4427 2068 4501; baseline 0.001 -19"><span class='ocrx_word' id='word_1_475' title='bbox 490 4428 603 4492; x_wconf 81' lang='lat' dir='ltr'><strong>bis;</strong></span> <span class='ocrx_word' id='word_1_476' title='bbox 642 4428 823 4482; x_wconf 83' lang='lat' dir='ltr'><strong>beatus</strong></span> <span class='ocrx_word' id='word_1_477' title='bbox 852 4445 904 4483; x_wconf 79' lang='lat' dir='ltr'><strong>es</strong></span> <span class='ocrx_word' id='word_1_478' title='bbox 924 4468 938 4495; x_wconf 91' lang='lat'><strong>,</strong></span> <span class='ocrx_word' id='word_1_479' title='bbox 984 4439 1030 4483; x_wconf 88' lang='lat' dir='ltr'><strong>et</strong></span> <span class='ocrx_word' id='word_1_480' title='bbox 1062 4429 1186 4482; x_wconf 84' lang='lat' dir='ltr'><strong>bene</strong></span> <span class='ocrx_word' id='word_1_481' title='bbox 1223 4427 1316 4481; x_wconf 86' lang='lat' dir='ltr'><strong>tibi</strong></span> <span class='ocrx_word' id='word_1_482' title='bbox 1345 4428 1440 4482; x_wconf 76' lang='lat' dir='ltr'><strong>erit</strong></span> <span class='ocrx_word' id='word_1_483' title='bbox 1474 4428 1643 4497; x_wconf 81' lang='lat' dir='ltr'><strong>(Psal.</strong></span> <span class='ocrx_word' id='word_1_484' title='bbox 1670 4445 1869 4490; x_wconf 83' lang='lat' dir='ltr'><strong>cxxvu,</strong></span> <span class='ocrx_word' id='word_1_485' title='bbox 1894 4430 1972 4501; x_wconf 75' lang='lat'><strong>2).</strong></span> <span class='ocrx_word' id='word_1_486' title='bbox 2002 4429 2068 4485; x_wconf 87' lang='lat' dir='ltr'><strong>Et</strong></span> 
     </span>
    </p>
   </div>
   <div class='ocr_carea' id='block_1_63' title="bbox 486 4516 2067 4588">
    <p class='ocr_par' dir='ltr' id='par_1_63' title="bbox 486 4516 2067 4588">
     <span class='ocr_line' id='line_1_63' title="bbox 486 4516 2067 4588; baseline 0.001 -15"><span class='ocrx_word' id='word_1_487' title='bbox 486 4532 586 4587; x_wconf 90' lang='lat' dir='ltr'><strong>per</strong></span> <span class='ocrx_word' id='word_1_488' title='bbox 629 4518 942 4588; x_wconf 81' lang='lat' dir='ltr'><strong>Apostolutn</strong></span> <span class='ocrx_word' id='word_1_489' title='bbox 973 4533 987 4570; x_wconf 89' lang='lat'><strong>:</strong></span> <span class='ocrx_word' id='word_1_490' title='bbox 1018 4516 1120 4584; x_wconf 83' lang='lat' dir='ltr'><strong>Qui</strong></span> <span class='ocrx_word' id='word_1_491' title='bbox 1146 4534 1249 4572; x_wconf 84' lang='lat' dir='ltr'><strong>non</strong></span> <span class='ocrx_word' id='word_1_492' title='bbox 1279 4517 1384 4571; x_wconf 78' lang='lat' dir='ltr'><strong>ruit</strong></span> <span class='ocrx_word' id='word_1_493' title='bbox 1411 4520 1650 4587; x_wconf 81' lang='lat' dir='ltr'><strong>operari,</strong></span> <span class='ocrx_word' id='word_1_494' title='bbox 1673 4536 1764 4573; x_wconf 81' lang='lat' dir='ltr'><strong>nec</strong></span> <span class='ocrx_word' id='word_1_495' title='bbox 1793 4520 2067 4575; x_wconf 78' lang='lat' dir='ltr'><strong>manducet</strong></span> 
     </span>
    </p>
   </div>
   <div class='ocr_carea' id='block_1_64' title="bbox 488 4604 2068 4683">
    <p class='ocr_par' dir='ltr' id='par_1_64' title="bbox 488 4604 2068 4683">
     <span class='ocr_line' id='line_1_64' title="bbox 488 4604 2068 4683; baseline 0.003 -23"><span class='ocrx_word' id='word_1_496' title='bbox 488 4604 543 4683; x_wconf 74' lang='grc'><strong>(1</strong></span> <span class='ocrx_word' id='word_1_497' title='bbox 548 4604 574 4660; x_wconf 91' lang='grc' dir='ltr'><strong><em>Ι</em></strong></span> <span class='ocrx_word' id='word_1_498' title='bbox 610 4604 786 4673; x_wconf 78' lang='lat' dir='ltr'><strong>Thess.</strong></span> <span class='ocrx_word' id='word_1_499' title='bbox 812 4622 897 4671; x_wconf 75' lang='grc' dir='ltr'><strong>ιιι,</strong></span> <span class='ocrx_word' id='word_1_500' title='bbox 915 4606 1023 4679; x_wconf 85' lang='lat' dir='ltr'><strong>l0).</strong></span> <span class='ocrx_word' id='word_1_501' title='bbox 1048 4606 1257 4665; x_wconf 79' lang='lat' dir='ltr'><strong>Laboro</strong></span> <span class='ocrx_word' id='word_1_502' title='bbox 1280 4607 1481 4676; x_wconf 82' lang='lat' dir='ltr'><strong>itaque,</strong></span> <span class='ocrx_word' id='word_1_503' title='bbox 1500 4607 1636 4671; x_wconf 90' lang='lat' dir='ltr'><strong>dico,</strong></span> <span class='ocrx_word' id='word_1_504' title='bbox 1659 4606 1860 4674; x_wconf 75' lang='lat' dir='ltr'><strong>fruere,</strong></span> <span class='ocrx_word' id='word_1_505' title='bbox 1883 4624 2068 4681; x_wconf 81' lang='lat' dir='ltr'><strong>eroga,</strong></span> 
     </span>
    </p>
   </div>
   <div class='ocr_carea' id='block_1_65' title="bbox 487 4698 2064 4769">
    <p class='ocr_par' dir='ltr' id='par_1_65' title="bbox 487 4698 2064 4769">
     <span class='ocr_line' id='line_1_65' title="bbox 487 4698 2064 4769; baseline 0.001 -14"><span class='ocrx_word' id='word_1_506' title='bbox 487 4698 759 4769; x_wconf 81' lang='lat' dir='ltr'><strong>disperge.</strong></span> <span class='ocrx_word' id='word_1_507' title='bbox 786 4698 935 4767; x_wconf 87' lang='lat' dir='ltr'><strong>Sicut</strong></span> <span class='ocrx_word' id='word_1_508' title='bbox 967 4713 1067 4766; x_wconf 88' lang='lat' dir='ltr'><strong>ego</strong></span> <span class='ocrx_word' id='word_1_509' title='bbox 1093 4714 1199 4754; x_wconf 90' lang='lat' dir='ltr'><strong>non</strong></span> <span class='ocrx_word' id='word_1_510' title='bbox 1224 4713 1377 4754; x_wconf 87' lang='lat' dir='ltr'><strong>cesso</strong></span> <span class='ocrx_word' id='word_1_511' title='bbox 1398 4700 1548 4764; x_wconf 87' lang='lat' dir='ltr'><strong>dare,</strong></span> <span class='ocrx_word' id='word_1_512' title='bbox 1568 4699 1675 4753; x_wconf 89' lang='lat' dir='ltr'><strong>imo</strong></span> <span class='ocrx_word' id='word_1_513' title='bbox 1695 4701 2064 4765; x_wconf 86' lang='lat' dir='ltr'><strong>committere;</strong></span> 
     </span>
    </p>
   </div>
   <div class='ocr_carea' id='block_1_66' title="bbox 486 4788 2064 4864">
    <p class='ocr_par' dir='ltr' id='par_1_66' title="bbox 486 4788 2064 4864">
     <span class='ocr_line' id='line_1_66' title="bbox 486 4788 2064 4864; baseline 0.003 -21"><span class='ocrx_word' id='word_1_514' title='bbox 486 4788 559 4843; x_wconf 82' lang='lat' dir='ltr'><strong>ita</strong></span> <span class='ocrx_word' id='word_1_515' title='bbox 607 4799 662 4844; x_wconf 91' lang='lat' dir='ltr'><strong>tu</strong></span> <span class='ocrx_word' id='word_1_516' title='bbox 708 4806 777 4845; x_wconf 90' lang='lat' dir='ltr'><strong>ne</strong></span> <span class='ocrx_word' id='word_1_517' title='bbox 823 4806 1002 4847; x_wconf 88' lang='lat' dir='ltr'><strong>cesses</strong></span> <span class='ocrx_word' id='word_1_518' title='bbox 1036 4806 1297 4864; x_wconf 78' lang='lat' dir='ltr'><strong>erogare;</strong></span> <span class='ocrx_word' id='word_1_519' title='bbox 1348 4801 1403 4847; x_wconf 89' lang='lat' dir='ltr'><strong>et</strong></span> <span class='ocrx_word' id='word_1_520' title='bbox 1451 4807 1686 4861; x_wconf 84' lang='lat' dir='ltr'><strong>semper,</strong></span> <span class='ocrx_word' id='word_1_521' title='bbox 1722 4793 1849 4862; x_wconf 88' lang='lat' dir='ltr'><strong>quia</strong></span> <span class='ocrx_word' id='word_1_522' title='bbox 1892 4792 2064 4862; x_wconf 90' lang='lat' dir='ltr'><strong>jussi,</strong></span> 
     </span>
    </p>
   </div>
   <div class='ocr_carea' id='block_1_67' title="bbox 487 4879 2066 4955">
    <p class='ocr_par' dir='ltr' id='par_1_67' title="bbox 487 4879 2066 4955">
     <span class='ocr_line' id='line_1_67' title="bbox 487 4879 2066 4955; baseline 0.003 -21"><span class='ocrx_word' id='word_1_523' title='bbox 487 4879 656 4942; x_wconf 78' lang='lat' dir='ltr'><strong>labori</strong></span> <span class='ocrx_word' id='word_1_524' title='bbox 686 4880 894 4946; x_wconf 87' lang='lat' dir='ltr'><strong>insiste,</strong></span> <span class='ocrx_word' id='word_1_525' title='bbox 920 4890 976 4936; x_wconf 88' lang='lat' dir='ltr'><strong>ut</strong></span> <span class='ocrx_word' id='word_1_526' title='bbox 999 4883 1218 4946; x_wconf 82' lang='lat' dir='ltr'><strong>habeas,</strong></span> <span class='ocrx_word' id='word_1_527' title='bbox 1234 4884 1377 4955; x_wconf 89' lang='lat' dir='ltr'><strong>quod</strong></span> <span class='ocrx_word' id='word_1_528' title='bbox 1395 4883 1566 4953; x_wconf 86' lang='lat' dir='ltr'><strong>possis</strong></span> <span class='ocrx_word' id='word_1_529' title='bbox 1588 4897 1813 4955; x_wconf 82' lang='lat' dir='ltr'><strong>erogare</strong></span> <span class='ocrx_word' id='word_1_530' title='bbox 1834 4924 1848 4949; x_wconf 90' lang='lat'><strong>,</strong></span> <span class='ocrx_word' id='word_1_531' title='bbox 1876 4892 1930 4938; x_wconf 85' lang='lat' dir='ltr'><strong>et</strong></span> <span class='ocrx_word' id='word_1_532' title='bbox 1959 4899 2066 4939; x_wconf 89' lang='lat' dir='ltr'><strong>non</strong></span> 
     </span>
    </p>
   </div>
   <div class='ocr_carea' id='block_1_68' title="bbox 484 4968 2064 5042">
    <p class='ocr_par' dir='ltr' id='par_1_68' title="bbox 484 4968 2064 5042">
     <span class='ocr_line' id='line_1_68' title="bbox 484 4968 2064 5042; baseline 0.001 -15"><span class='ocrx_word' id='word_1_533' title='bbox 484 4968 561 5027; x_wconf 85' lang='lat' dir='ltr'><strong>sit</strong></span> <span class='ocrx_word' id='word_1_534' title='bbox 577 4985 712 5042; x_wconf 82' lang='lat' dir='ltr'><strong>opus</strong></span> <span class='ocrx_word' id='word_1_535' title='bbox 730 4986 968 5031; x_wconf 79' lang='lat' dir='ltr'><strong>servare.</strong></span> <span class='ocrx_word' id='word_1_536' title='bbox 992 4971 1250 5034; x_wconf 84' lang='lat' dir='ltr'><strong>Otiositas</strong></span> <span class='ocrx_word' id='word_1_537' title='bbox 1276 4973 1441 5038; x_wconf 89' lang='lat' dir='ltr'><strong>enim,</strong></span> <span class='ocrx_word' id='word_1_538' title='bbox 1460 4974 1505 5027; x_wconf 88' lang='lat' dir='ltr'><strong>si</strong></span> <span class='ocrx_word' id='word_1_539' title='bbox 1540 4989 1645 5028; x_wconf 84' lang='lat' dir='ltr'><strong>non</strong></span> <span class='ocrx_word' id='word_1_540' title='bbox 1677 4973 1843 5029; x_wconf 87' lang='lat' dir='ltr'><strong>certis</strong></span> <span class='ocrx_word' id='word_1_541' title='bbox 1872 4974 2064 5029; x_wconf 89' lang='lat' dir='ltr'><strong>diebus</strong></span> 
     </span>
    </p>
   </div>
   <div class='ocr_carea' id='block_1_69' title="bbox 486 5064 2062 5130">
    <p class='ocr_par' dir='ltr' id='par_1_69' title="bbox 486 5064 2062 5130">
     <span class='ocr_line' id='line_1_69' title="bbox 486 5064 2062 5130; baseline -0.001 -12"><span class='ocrx_word' id='word_1_542' title='bbox 486 5064 595 5126; x_wconf 82' lang='lat' dir='ltr'><strong>mei</strong></span> <span class='ocrx_word' id='word_1_543' title='bbox 631 5078 792 5119; x_wconf 86' lang='lat' dir='ltr'><strong>causa</strong></span> <span class='ocrx_word' id='word_1_544' title='bbox 818 5105 833 5130; x_wconf 92' lang='lat'><strong>,</strong></span> <span class='ocrx_word' id='word_1_545' title='bbox 858 5065 1077 5121; x_wconf 83' lang='lat' dir='ltr'><strong>inimica</strong></span> <span class='ocrx_word' id='word_1_546' title='bbox 1104 5075 1182 5119; x_wconf 89' lang='lat' dir='ltr'><strong>est</strong></span> <span class='ocrx_word' id='word_1_547' title='bbox 1228 5065 1441 5119; x_wconf 77' lang='lat' dir='ltr'><strong>animae.</strong></span> <span class='ocrx_word' id='word_1_548' title='bbox 1468 5064 1624 5118; x_wconf 85' lang='lat' dir='ltr'><strong>Enim</strong></span> <span class='ocrx_word' id='word_1_549' title='bbox 1660 5079 1791 5121; x_wconf 88' lang='lat' dir='ltr'><strong>vero</strong></span> <span class='ocrx_word' id='word_1_550' title='bbox 1822 5079 1923 5121; x_wconf 91' lang='lat' dir='ltr'><strong>nec</strong></span> <span class='ocrx_word' id='word_1_551' title='bbox 1954 5064 2062 5118; x_wconf 90' lang='lat' dir='ltr'><strong>ullo</strong></span> 
     </span>
    </p>
   </div>
   <div class='ocr_carea' id='block_1_70' title="bbox 485 5154 2062 5225">
    <p class='ocr_par' dir='ltr' id='par_1_70' title="bbox 485 5154 2062 5225">
     <span class='ocr_line' id='line_1_70' title="bbox 485 5154 2062 5225; baseline 0.001 -19"><span class='ocrx_word' id='word_1_552' title='bbox 485 5164 729 5222; x_wconf 85' lang='lat' dir='ltr'><strong>tempore</strong></span> <span class='ocrx_word' id='word_1_553' title='bbox 787 5164 838 5219; x_wconf 86' lang='lat' dir='ltr'><strong>te</strong></span> <span class='ocrx_word' id='word_1_554' title='bbox 875 5155 996 5210; x_wconf 82' lang='lat' dir='ltr'><strong>volo</strong></span> <span class='ocrx_word' id='word_1_555' title='bbox 1025 5156 1257 5209; x_wconf 90' lang='lat' dir='ltr'><strong>otiosum</strong></span> <span class='ocrx_word' id='word_1_556' title='bbox 1289 5169 1407 5210; x_wconf 88' lang='lat' dir='ltr'><strong>esse</strong></span> <span class='ocrx_word' id='word_1_557' title='bbox 1439 5173 1452 5207; x_wconf 87' lang='lat'><strong>:</strong></span> <span class='ocrx_word' id='word_1_558' title='bbox 1485 5170 1608 5209; x_wconf 87' lang='lat' dir='ltr'><strong>nam</strong></span> <span class='ocrx_word' id='word_1_559' title='bbox 1661 5155 1763 5209; x_wconf 90' lang='lat' dir='ltr'><strong>etsi</strong></span> <span class='ocrx_word' id='word_1_560' title='bbox 1802 5154 1914 5209; x_wconf 81' lang='lat' dir='ltr'><strong>dixi</strong></span> <span class='ocrx_word' id='word_1_561' title='bbox 1964 5168 2062 5225; x_wconf 86' lang='lat' dir='ltr'><strong>per</strong></span> 
     </span>
    </p>
   </div>
   <div class='ocr_carea' id='block_1_71' title="bbox 482 5241 2061 5315">
    <p class='ocr_par' dir='ltr' id='par_1_71' title="bbox 482 5241 2061 5315">
     <span class='ocr_line' id='line_1_71' title="bbox 482 5241 2061 5315; baseline 0.003 -21"><span class='ocrx_word' id='word_1_562' title='bbox 482 5243 814 5313; x_wconf 62' lang='lat' dir='ltr'><strong>Propltetaln</strong></span> <span class='ocrx_word' id='word_1_563' title='bbox 849 5264 862 5298; x_wconf 91' lang='lat'><strong>:</strong></span> <span class='ocrx_word' id='word_1_564' title='bbox 904 5244 1100 5300; x_wconf 79' lang='lat' dir='ltr'><strong>Vacate</strong></span> <span class='ocrx_word' id='word_1_565' title='bbox 1126 5288 1141 5310; x_wconf 91' lang='lat'><strong>,</strong></span> <span class='ocrx_word' id='word_1_566' title='bbox 1187 5245 1280 5300; x_wconf 90' lang='lat' dir='ltr'><strong>sed</strong></span> <span class='ocrx_word' id='word_1_567' title='bbox 1331 5244 1506 5299; x_wconf 90' lang='lat' dir='ltr'><strong>addidi</strong></span> <span class='ocrx_word' id='word_1_568' title='bbox 1540 5263 1551 5297; x_wconf 92' lang='lat'>:</span> <span class='ocrx_word' id='word_1_569' title='bbox 1580 5241 1650 5297; x_wconf 87' lang='lat' dir='ltr'><strong>Et</strong></span> <span class='ocrx_word' id='word_1_570' title='bbox 1703 5245 1891 5309; x_wconf 75' lang='lat' dir='ltr'><strong>videte,</strong></span> <span class='ocrx_word' id='word_1_571' title='bbox 1937 5245 2061 5315; x_wconf 80' lang='lat' dir='ltr'><strong>quia</strong></span> 
     </span>
    </p>
   </div>
   <div class='ocr_carea' id='block_1_72' title="bbox 485 5326 2060 5390">
    <p class='ocr_par' dir='ltr' id='par_1_72' title="bbox 485 5326 2060 5390">
     <span class='ocr_line' id='line_1_72' title="bbox 485 5326 2060 5390; baseline 0.004 -9"><span class='ocrx_word' id='word_1_572' title='bbox 485 5348 579 5390; x_wconf 73' lang='lat' dir='ltr'><strong>ego</strong></span> <span class='ocrx_word' id='word_1_573' title='bbox 608 5348 724 5385; x_wconf 86' lang='lat' dir='ltr'><strong>sunt</strong></span> <span class='ocrx_word' id='word_1_574' title='bbox 756 5333 1011 5390; x_wconf 75' lang='lat' dir='ltr'><strong>Dominus</strong></span> <span class='ocrx_word' id='word_1_575' title='bbox 1036 5326 1208 5390; x_wconf 61' lang='lat' dir='ltr'><strong>(Pent.</strong></span> <span class='ocrx_word' id='word_1_576' title='bbox 1242 5349 1364 5390; x_wconf 76' lang='lat' dir='ltr'><strong>XLV.</strong></span> <span class='ocrx_word' id='word_1_577' title='bbox 1393 5333 1480 5390; x_wconf 66' lang='grc' dir='ltr'><strong>Η)</strong></span> <span class='ocrx_word' id='word_1_578' title='bbox 1504 5372 1520 5390; x_wconf 90' lang='lat'><strong>.</strong></span> <span class='ocrx_word' id='word_1_579' title='bbox 1568 5343 1627 5388; x_wconf 88' lang='lat' dir='ltr'><strong>ut</strong></span> <span class='ocrx_word' id='word_1_580' title='bbox 1668 5334 1934 5390; x_wconf 75' lang='lat' dir='ltr'><strong>intelliaas</strong></span> <span class='ocrx_word' id='word_1_581' title='bbox 1966 5333 2060 5389; x_wconf 87' lang='lat' dir='ltr'><strong>tibi</strong></span> 
     </span>
    </p>
   </div>
   <div class='ocr_carea' id='block_1_73' title="bbox 2183 1885 3768 1958">
    <p class='ocr_par' dir='ltr' id='par_1_73' title="bbox 2183 1885 3768 1958">
     <span class='ocr_line' id='line_1_73' title="bbox 2183 1885 3768 1958; baseline -0.001 -16"><span class='ocrx_word' id='word_1_582' title='bbox 2183 1898 2238 1943; x_wconf 89' lang='lat' dir='ltr'><strong>et</strong></span> <span class='ocrx_word' id='word_1_583' title='bbox 2283 1887 2325 1940; x_wconf 87' lang='lat' dir='ltr'><strong>si</strong></span> <span class='ocrx_word' id='word_1_584' title='bbox 2388 1885 2676 1943; x_wconf 88' lang='lat' dir='ltr'><strong>inﬁrmitas</strong></span> <span class='ocrx_word' id='word_1_585' title='bbox 2724 1887 2949 1951; x_wconf 87' lang='lat' dir='ltr'><strong>evenit,</strong></span> <span class='ocrx_word' id='word_1_586' title='bbox 3009 1887 3305 1942; x_wconf 90' lang='lat' dir='ltr'><strong>studiosius</strong></span> <span class='ocrx_word' id='word_1_587' title='bbox 3365 1902 3562 1958; x_wconf 84' lang='lat' dir='ltr'><strong>eroga;</strong></span> <span class='ocrx_word' id='word_1_588' title='bbox 3613 1896 3671 1941; x_wconf 84' lang='lat' dir='ltr'><strong>et</strong></span> <span class='ocrx_word' id='word_1_589' title='bbox 3721 1887 3768 1943; x_wconf 89' lang='lat' dir='ltr'><strong>si</strong></span> 
     </span>
    </p>
   </div>
   <div class='ocr_carea' id='block_1_74' title="bbox 2181 1979 3767 2050">
    <p class='ocr_par' dir='ltr' id='par_1_74' title="bbox 2181 1979 3767 2050">
     <span class='ocr_line' id='line_1_74' title="bbox 2181 1979 3767 2050; baseline 0.001 -16"><span class='ocrx_word' id='word_1_590' title='bbox 2181 1995 2327 2035; x_wconf 89' lang='lat' dir='ltr'><strong>mors</strong></span> <span class='ocrx_word' id='word_1_591' title='bbox 2385 1979 2698 2041; x_wconf 89' lang='lat' dir='ltr'><strong>intervenit,</strong></span> <span class='ocrx_word' id='word_1_592' title='bbox 2748 1994 2815 2035; x_wconf 89' lang='lat' dir='ltr'><strong>ne</strong></span> <span class='ocrx_word' id='word_1_593' title='bbox 2879 1980 3102 2045; x_wconf 84' lang='lat' dir='ltr'><strong>timeas;</strong></span> <span class='ocrx_word' id='word_1_594' title='bbox 3163 1981 3308 2050; x_wconf 88' lang='lat' dir='ltr'><strong>quod</strong></span> <span class='ocrx_word' id='word_1_595' title='bbox 3354 1980 3445 2036; x_wconf 82' lang='lat' dir='ltr'><strong>ltic</strong></span> <span class='ocrx_word' id='word_1_596' title='bbox 3490 1989 3767 2050; x_wconf 79' lang='lat' dir='ltr'><strong>erogatur,</strong></span> 
     </span>
    </p>
   </div>
   <div class='ocr_carea' id='block_1_75' title="bbox 2179 2069 3767 2143">
    <p class='ocr_par' dir='ltr' id='par_1_75' title="bbox 2179 2069 3767 2143">
     <span class='ocr_line' id='line_1_75' title="bbox 2179 2069 3767 2143; baseline 0.001 -18"><span class='ocrx_word' id='word_1_597' title='bbox 2179 2070 2289 2126; x_wconf 90' lang='lat' dir='ltr'><strong>illic</strong></span> <span class='ocrx_word' id='word_1_598' title='bbox 2326 2069 2602 2140; x_wconf 88' lang='lat' dir='ltr'><strong>proﬁciet;</strong></span> <span class='ocrx_word' id='word_1_599' title='bbox 2655 2079 2861 2126; x_wconf 85' lang='lat' dir='ltr'><strong>tantum</strong></span> <span class='ocrx_word' id='word_1_600' title='bbox 2910 2083 2977 2126; x_wconf 91' lang='lat' dir='ltr'><strong>ne</strong></span> <span class='ocrx_word' id='word_1_601' title='bbox 3031 2072 3173 2127; x_wconf 86' lang='lat' dir='ltr'><strong>Deus</strong></span> <span class='ocrx_word' id='word_1_602' title='bbox 3222 2087 3401 2128; x_wconf 87' lang='lat' dir='ltr'><strong>serum</strong></span> <span class='ocrx_word' id='word_1_603' title='bbox 3445 2072 3654 2143; x_wconf 88' lang='lat' dir='ltr'><strong>judicet</strong></span> <span class='ocrx_word' id='word_1_604' title='bbox 3684 2073 3767 2126; x_wconf 86' lang='lat' dir='ltr'><strong>iu-</strong></span> 
     </span>
    </p>
   </div>
   <div class='ocr_carea' id='block_1_76' title="bbox 2180 2161 3768 2232">
    <p class='ocr_par' dir='ltr' id='par_1_76' title="bbox 2180 2161 3768 2232">
     <span class='ocr_line' id='line_1_76' title="bbox 2180 2161 3768 2232; baseline -0.001 -16"><span class='ocrx_word' id='word_1_605' title='bbox 2180 2170 2459 2231; x_wconf 84' lang='lat' dir='ltr'><strong>coeptum,</strong></span> <span class='ocrx_word' id='word_1_606' title='bbox 2529 2162 2915 2217; x_wconf 86' lang='lat' dir='ltr'><strong>necessitatem</strong></span> <span class='ocrx_word' id='word_1_607' title='bbox 2979 2177 3087 2217; x_wconf 91' lang='lat' dir='ltr'><strong>non</strong></span> <span class='ocrx_word' id='word_1_608' title='bbox 3155 2162 3440 2228; x_wconf 89' lang='lat' dir='ltr'><strong>attendat,</strong></span> <span class='ocrx_word' id='word_1_609' title='bbox 3502 2161 3768 2232; x_wconf 88' lang='lat' dir='ltr'><strong>approbet</strong></span> 
     </span>
    </p>
   </div>
   <div class='ocr_carea' id='block_1_77' title="bbox 2178 2252 3836 2320">
    <p class='ocr_par' dir='ltr' id='par_1_77' title="bbox 2178 2252 3836 2320">
     <span class='ocr_line' id='line_1_77' title="bbox 2178 2252 3836 2320; baseline 0.002 -14"><span class='ocrx_word' id='word_1_610' title='bbox 2178 2252 2509 2308; x_wconf 89' lang='lat' dir='ltr'><strong>voluntatem</strong></span> <span class='ocrx_word' id='word_1_611' title='bbox 2537 2293 2554 2320; x_wconf 91' lang='lat'><strong>,</strong></span> <span class='ocrx_word' id='word_1_612' title='bbox 2593 2269 2702 2309; x_wconf 92' lang='lat' dir='ltr'><strong>non</strong></span> <span class='ocrx_word' id='word_1_613' title='bbox 2757 2253 3122 2317; x_wconf 80' lang='lat' dir='ltr'><strong>reprehendat</strong></span> <span class='ocrx_word' id='word_1_614' title='bbox 3170 2253 3525 2309; x_wconf 85' lang='lat' dir='ltr'><strong>intentionem</strong></span> <span class='ocrx_word' id='word_1_615' title='bbox 3575 2269 3592 2309; x_wconf 87' lang='lat'><strong>:</strong></span> <span class='ocrx_word' id='word_1_616' title='bbox 3630 2270 3767 2310; x_wconf 85' lang='lat' dir='ltr'><strong>con-</strong></span> <span class='ocrx_word' id='word_1_617' title='bbox 3833 2284 3836 2288; x_wconf 57' lang='grc' dir='ltr'>λ</span> 
     </span>
    </p>
   </div>
   <div class='ocr_carea' id='block_1_78' title="bbox 2178 2342 3770 2407">
    <p class='ocr_par' dir='ltr' id='par_1_78' title="bbox 2178 2342 3770 2407">
     <span class='ocr_line' id='line_1_78' title="bbox 2178 2342 3770 2407; baseline 0 -8"><span class='ocrx_word' id='word_1_618' title='bbox 2178 2344 2381 2400; x_wconf 87' lang='lat' dir='ltr'><strong>sideret</strong></span> <span class='ocrx_word' id='word_1_619' title='bbox 2424 2343 2514 2399; x_wconf 83' lang='lat' dir='ltr'><strong>hic</strong></span> <span class='ocrx_word' id='word_1_620' title='bbox 2553 2352 2604 2399; x_wconf 88' lang='lat' dir='ltr'><strong>te</strong></span> <span class='ocrx_word' id='word_1_621' title='bbox 2651 2359 2843 2399; x_wconf 88' lang='lat' dir='ltr'><strong>sanqu</strong></span> <span class='ocrx_word' id='word_1_622' title='bbox 2885 2342 3123 2399; x_wconf 87' lang='lat' dir='ltr'><strong>voluisse</strong></span> <span class='ocrx_word' id='word_1_623' title='bbox 3177 2344 3330 2407; x_wconf 89' lang='lat' dir='ltr'><strong>dare.</strong></span> <span class='ocrx_word' id='word_1_624' title='bbox 3357 2344 3539 2400; x_wconf 84' lang='lat' dir='ltr'><strong>videat</strong></span> <span class='ocrx_word' id='word_1_625' title='bbox 3574 2352 3627 2399; x_wconf 89' lang='lat' dir='ltr'><strong>te</strong></span> <span class='ocrx_word' id='word_1_626' title='bbox 3678 2344 3770 2399; x_wconf 79' lang='lat' dir='ltr'><strong>hic</strong></span> 
     </span>
    </p>
   </div>
   <div class='ocr_carea' id='block_1_79' title="bbox 2177 2433 3765 2506">
    <p class='ocr_par' dir='ltr' id='par_1_79' title="bbox 2177 2433 3765 2506">
     <span class='ocr_line' id='line_1_79' title="bbox 2177 2433 3765 2506; baseline 0 -16"><span class='ocrx_word' id='word_1_627' title='bbox 2177 2434 2429 2506; x_wconf 85' lang='lat' dir='ltr'><strong>coepisse,</strong></span> <span class='ocrx_word' id='word_1_628' title='bbox 2469 2434 2556 2489; x_wconf 86' lang='lat' dir='ltr'><strong>bic</strong></span> <span class='ocrx_word' id='word_1_629' title='bbox 2582 2433 2817 2490; x_wconf 90' lang='lat' dir='ltr'><strong>voluisse</strong></span> <span class='ocrx_word' id='word_1_630' title='bbox 2843 2434 3117 2505; x_wconf 89' lang='lat' dir='ltr'><strong>complere</strong></span> <span class='ocrx_word' id='word_1_631' title='bbox 3158 2454 3172 2489; x_wconf 93' lang='lat'>:</span> <span class='ocrx_word' id='word_1_632' title='bbox 3202 2436 3272 2491; x_wconf 92' lang='lat' dir='ltr'><strong>de</strong></span> <span class='ocrx_word' id='word_1_633' title='bbox 3304 2435 3583 2492; x_wconf 88' lang='lat' dir='ltr'><strong>voluntate</strong></span> <span class='ocrx_word' id='word_1_634' title='bbox 3617 2437 3765 2494; x_wconf 89' lang='lat' dir='ltr'><strong>enim</strong></span> 
     </span>
    </p>
   </div>
   <div class='ocr_carea' id='block_1_80' title="bbox 2176 2525 3766 2598">
    <p class='ocr_par' dir='ltr' id='par_1_80' title="bbox 2176 2525 3766 2598">
     <span class='ocr_line' id='line_1_80' title="bbox 2176 2525 3766 2598; baseline 0.001 -18"><span class='ocrx_word' id='word_1_635' title='bbox 2176 2534 2234 2580; x_wconf 91' lang='lat' dir='ltr'><strong>et</strong></span> <span class='ocrx_word' id='word_1_636' title='bbox 2279 2525 2574 2581; x_wconf 90' lang='lat' dir='ltr'><strong>intentione</strong></span> <span class='ocrx_word' id='word_1_637' title='bbox 2615 2525 2841 2595; x_wconf 89' lang='lat' dir='ltr'><strong>judicat.</strong></span> <span class='ocrx_word' id='word_1_638' title='bbox 2872 2526 2940 2581; x_wconf 84' lang='lat' dir='ltr'><strong>At</strong></span> <span class='ocrx_word' id='word_1_639' title='bbox 2980 2527 3122 2584; x_wconf 88' lang='lat' dir='ltr'><strong>forte</strong></span> <span class='ocrx_word' id='word_1_640' title='bbox 3169 2528 3307 2584; x_wconf 89' lang='lat' dir='ltr'><strong>dicis</strong></span> <span class='ocrx_word' id='word_1_641' title='bbox 3358 2545 3370 2579; x_wconf 92' lang='lat'><strong>:</strong></span> <span class='ocrx_word' id='word_1_642' title='bbox 3425 2528 3766 2598; x_wconf 84' lang='lat' dir='ltr'><strong>reliquerunt</strong></span> 
     </span>
    </p>
   </div>
   <div class='ocr_carea' id='block_1_81' title="bbox 2180 2615 3769 2688">
    <p class='ocr_par' dir='ltr' id='par_1_81' title="bbox 2180 2615 3769 2688">
     <span class='ocr_line' id='line_1_81' title="bbox 2180 2615 3769 2688; baseline 0.003 -19"><span class='ocrx_word' id='word_1_643' title='bbox 2180 2615 2309 2669; x_wconf 90' lang='lat' dir='ltr'><strong>mihi</strong></span> <span class='ocrx_word' id='word_1_644' title='bbox 2358 2623 2642 2683; x_wconf 86' lang='lat' dir='ltr'><strong>parentes,</strong></span> <span class='ocrx_word' id='word_1_645' title='bbox 2672 2631 2894 2686; x_wconf 89' lang='lat' dir='ltr'><strong>possum</strong></span> <span class='ocrx_word' id='word_1_646' title='bbox 2946 2633 3052 2674; x_wconf 91' lang='lat' dir='ltr'><strong>non</strong></span> <span class='ocrx_word' id='word_1_647' title='bbox 3098 2618 3409 2688; x_wconf 89' lang='lat' dir='ltr'><strong>relinquere</strong></span> <span class='ocrx_word' id='word_1_648' title='bbox 3458 2619 3625 2683; x_wconf 86' lang='lat' dir='ltr'><strong>ﬁliis,</strong></span> <span class='ocrx_word' id='word_1_649' title='bbox 3672 2628 3769 2673; x_wconf 84' lang='lat' dir='ltr'><strong>aut</strong></span> 
     </span>
    </p>
   </div>
   <div class='ocr_carea' id='block_1_82' title="bbox 2180 2706 3764 2778">
    <p class='ocr_par' dir='ltr' id='par_1_82' title="bbox 2180 2706 3764 2778">
     <span class='ocr_line' id='line_1_82' title="bbox 2180 2706 3764 2778; baseline 0.001 -17"><span class='ocrx_word' id='word_1_650' title='bbox 2180 2706 2487 2777; x_wconf 85' lang='lat' dir='ltr'><strong>nepotibus,</strong></span> <span class='ocrx_word' id='word_1_651' title='bbox 2534 2715 2627 2761; x_wconf 91' lang='lat' dir='ltr'><strong>aut</strong></span> <span class='ocrx_word' id='word_1_652' title='bbox 2672 2707 2939 2778; x_wconf 89' lang='lat' dir='ltr'><strong>aliquibus</strong></span> <span class='ocrx_word' id='word_1_653' title='bbox 2991 2709 3334 2765; x_wconf 71' lang='lat' dir='ltr'><strong>bmredibus?</strong></span> <span class='ocrx_word' id='word_1_654' title='bbox 3369 2709 3459 2764; x_wconf 77' lang='lat' dir='ltr'><strong>Vae</strong></span> <span class='ocrx_word' id='word_1_655' title='bbox 3490 2708 3618 2774; x_wconf 87' lang='lat' dir='ltr'><strong>illis,</strong></span> <span class='ocrx_word' id='word_1_656' title='bbox 3670 2710 3764 2778; x_wconf 89' lang='lat' dir='ltr'><strong>qui</strong></span> 
     </span>
    </p>
   </div>
   <div class='ocr_carea' id='block_1_83' title="bbox 2179 2796 3769 2866">
    <p class='ocr_par' dir='ltr' id='par_1_83' title="bbox 2179 2796 3769 2866">
     <span class='ocr_line' id='line_1_83' title="bbox 2179 2796 3769 2866; baseline 0 -14"><span class='ocrx_word' id='word_1_657' title='bbox 2179 2805 2350 2852; x_wconf 88' lang='lat' dir='ltr'><strong>totum</strong></span> <span class='ocrx_word' id='word_1_658' title='bbox 2379 2796 2472 2851; x_wconf 88' lang='lat' dir='ltr'><strong>tibi</strong></span> <span class='ocrx_word' id='word_1_659' title='bbox 2506 2796 2858 2866; x_wconf 88' lang='lat' dir='ltr'><strong>reliquerunt,</strong></span> <span class='ocrx_word' id='word_1_660' title='bbox 2885 2798 2988 2853; x_wconf 88' lang='lat' dir='ltr'><strong>sibi</strong></span> <span class='ocrx_word' id='word_1_661' title='bbox 3014 2797 3091 2853; x_wconf 91' lang='lat' dir='ltr'><strong>nil</strong></span> <span class='ocrx_word' id='word_1_662' title='bbox 3116 2797 3372 2863; x_wconf 90' lang='lat' dir='ltr'><strong>tulerunt,</strong></span> <span class='ocrx_word' id='word_1_663' title='bbox 3397 2798 3505 2852; x_wconf 89' lang='lat' dir='ltr'><strong>imo</strong></span> <span class='ocrx_word' id='word_1_664' title='bbox 3532 2797 3769 2857; x_wconf 84' lang='lat' dir='ltr'><strong>multum</strong></span> 
     </span>
    </p>
   </div>
   <div class='ocr_carea' id='block_1_84' title="bbox 2180 2885 3767 2958">
    <p class='ocr_par' dir='ltr' id='par_1_84' title="bbox 2180 2885 3767 2958">
     <span class='ocr_line' id='line_1_84' title="bbox 2180 2885 3767 2958; baseline -0.002 -15"><span class='ocrx_word' id='word_1_665' title='bbox 2180 2889 2438 2943; x_wconf 85' lang='lat' dir='ltr'><strong>tulerunt.</strong></span> <span class='ocrx_word' id='word_1_666' title='bbox 2485 2887 2773 2958; x_wconf 85' lang='lat' dir='ltr'><strong>Nunquam</strong></span> <span class='ocrx_word' id='word_1_667' title='bbox 2834 2888 2978 2943; x_wconf 89' lang='lat' dir='ltr'><strong>enim</strong></span> <span class='ocrx_word' id='word_1_668' title='bbox 3039 2887 3259 2943; x_wconf 88' lang='lat' dir='ltr'><strong>deﬁciet</strong></span> <span class='ocrx_word' id='word_1_669' title='bbox 3307 2885 3449 2957; x_wconf 89' lang='lat' dir='ltr'><strong>quod</strong></span> <span class='ocrx_word' id='word_1_670' title='bbox 3484 2886 3767 2949; x_wconf 77' lang='lat' dir='ltr'><strong>tulerunt;</strong></span> 
     </span>
    </p>
   </div>
   <div class='ocr_carea' id='block_1_85' title="bbox 2180 2976 3769 3048">
    <p class='ocr_par' dir='ltr' id='par_1_85' title="bbox 2180 2976 3769 3048">
     <span class='ocr_line' id='line_1_85' title="bbox 2180 2976 3769 3048; baseline -0.002 -15"><span class='ocrx_word' id='word_1_671' title='bbox 2180 2977 2582 3033; x_wconf 84' lang='lat' dir='ltr'><strong>datnnationem</strong></span> <span class='ocrx_word' id='word_1_672' title='bbox 2613 2978 2759 3032; x_wconf 88' lang='lat' dir='ltr'><strong>enim</strong></span> <span class='ocrx_word' id='word_1_673' title='bbox 2802 2986 3120 3047; x_wconf 84' lang='lat' dir='ltr'><strong>perpetuam</strong></span> <span class='ocrx_word' id='word_1_674' title='bbox 3147 2977 3250 3033; x_wconf 87' lang='lat' dir='ltr'><strong>sibi</strong></span> <span class='ocrx_word' id='word_1_675' title='bbox 3297 2976 3553 3042; x_wconf 86' lang='lat' dir='ltr'><strong>tulerunt,</strong></span> <span class='ocrx_word' id='word_1_676' title='bbox 3583 2976 3769 3048; x_wconf 80' lang='lat' dir='ltr'><strong>ignem</strong></span> 
     </span>
    </p>
   </div>
   <div class='ocr_carea' id='block_1_86' title="bbox 2180 3066 3760 3141">
    <p class='ocr_par' dir='ltr' id='par_1_86' title="bbox 2180 3066 3760 3141">
     <span class='ocr_line' id='line_1_86' title="bbox 2180 3066 3760 3141; baseline -0.003 -16"><span class='ocrx_word' id='word_1_677' title='bbox 2180 3078 2499 3141; x_wconf 88' lang='lat' dir='ltr'><strong>perpetuum</strong></span> <span class='ocrx_word' id='word_1_678' title='bbox 2528 3070 2628 3125; x_wconf 91' lang='lat' dir='ltr'><strong>sibi</strong></span> <span class='ocrx_word' id='word_1_679' title='bbox 2679 3069 2943 3134; x_wconf 88' lang='lat' dir='ltr'><strong>tulerunt;</strong></span> <span class='ocrx_word' id='word_1_680' title='bbox 2978 3069 3133 3140; x_wconf 89' lang='lat' dir='ltr'><strong>quasi</strong></span> <span class='ocrx_word' id='word_1_681' title='bbox 3167 3077 3218 3124; x_wconf 89' lang='lat' dir='ltr'><strong>te</strong></span> <span class='ocrx_word' id='word_1_682' title='bbox 3260 3067 3402 3124; x_wconf 84' lang='lat' dir='ltr'><strong>Deus</strong></span> <span class='ocrx_word' id='word_1_683' title='bbox 3430 3083 3536 3122; x_wconf 91' lang='lat' dir='ltr'><strong>non</strong></span> <span class='ocrx_word' id='word_1_684' title='bbox 3569 3066 3760 3137; x_wconf 83' lang='lat' dir='ltr'><strong>possit,</strong></span> 
     </span>
    </p>
   </div>
   <div class='ocr_carea' id='block_1_87' title="bbox 2181 3157 3768 3230">
    <p class='ocr_par' dir='ltr' id='par_1_87' title="bbox 2181 3157 3768 3230">
     <span class='ocr_line' id='line_1_87' title="bbox 2181 3157 3768 3230; baseline -0.003 -16"><span class='ocrx_word' id='word_1_685' title='bbox 2181 3174 2387 3229; x_wconf 82' lang='lat' dir='ltr'><strong>nosque</strong></span> <span class='ocrx_word' id='word_1_686' title='bbox 2408 3157 2621 3214; x_wconf 88' lang='lat' dir='ltr'><strong>illorum</strong></span> <span class='ocrx_word' id='word_1_687' title='bbox 2652 3159 3019 3214; x_wconf 88' lang='lat' dir='ltr'><strong>muniﬁcentia</strong></span> <span class='ocrx_word' id='word_1_688' title='bbox 3036 3158 3385 3230; x_wconf 89' lang='lat' dir='ltr'><strong>pascere,qui</strong></span> <span class='ocrx_word' id='word_1_689' title='bbox 3414 3166 3585 3211; x_wconf 86' lang='lat' dir='ltr'><strong>totum</strong></span> <span class='ocrx_word' id='word_1_690' title='bbox 3609 3171 3768 3210; x_wconf 81' lang='lat' dir='ltr'><strong>mun-</strong></span> 
     </span>
    </p>
   </div>
   <div class='ocr_carea' id='block_1_88' title="bbox 2177 3247 3764 3325">
    <p class='ocr_par' dir='ltr' id='par_1_88' title="bbox 2177 3247 3764 3325">
     <span class='ocr_line' id='line_1_88' title="bbox 2177 3247 3764 3325; baseline -0.003 -20"><span class='ocrx_word' id='word_1_691' title='bbox 2177 3251 2299 3305; x_wconf 90' lang='lat' dir='ltr'><strong>dum</strong></span> <span class='ocrx_word' id='word_1_692' title='bbox 2335 3251 2508 3321; x_wconf 89' lang='lat' dir='ltr'><strong>pascit</strong></span> <span class='ocrx_word' id='word_1_693' title='bbox 2550 3251 2809 3321; x_wconf 85' lang='lat' dir='ltr'><strong>quotidie.</strong></span> <span class='ocrx_word' id='word_1_694' title='bbox 2850 3251 3045 3315; x_wconf 83' lang='lat' dir='ltr'><strong>Pater,</strong></span> <span class='ocrx_word' id='word_1_695' title='bbox 3087 3252 3297 3325; x_wconf 89' lang='lat' dir='ltr'><strong>inquis,</strong></span> <span class='ocrx_word' id='word_1_696' title='bbox 3352 3264 3505 3305; x_wconf 90' lang='lat' dir='ltr'><strong>meus</strong></span> <span class='ocrx_word' id='word_1_697' title='bbox 3542 3247 3764 3318; x_wconf 81' lang='lat' dir='ltr'><strong>reliquit</strong></span> 
     </span>
    </p>
   </div>
   <div class='ocr_carea' id='block_1_89' title="bbox 2177 3340 3758 3413">
    <p class='ocr_par' dir='ltr' id='par_1_89' title="bbox 2177 3340 3758 3413">
     <span class='ocr_line' id='line_1_89' title="bbox 2177 3340 3758 3413; baseline -0.002 -17"><span class='ocrx_word' id='word_1_698' title='bbox 2177 3343 2328 3398; x_wconf 91' lang='lat' dir='ltr'><strong>mibi.</strong></span> <span class='ocrx_word' id='word_1_699' title='bbox 2383 3342 2528 3398; x_wconf 82' lang='lat' dir='ltr'><strong>Patri</strong></span> <span class='ocrx_word' id='word_1_700' title='bbox 2556 3344 2714 3413; x_wconf 82' lang='lat' dir='ltr'><strong>quis?</strong></span> <span class='ocrx_word' id='word_1_701' title='bbox 2741 3359 2894 3410; x_wconf 66' lang='lat' dir='ltr'><strong>avus,</strong></span> <span class='ocrx_word' id='word_1_702' title='bbox 2912 3343 3113 3413; x_wconf 85' lang='lat' dir='ltr'><strong>inquis.</strong></span> <span class='ocrx_word' id='word_1_703' title='bbox 3137 3344 3270 3405; x_wconf 80' lang='lat' dir='ltr'><strong>Avo,</strong></span> <span class='ocrx_word' id='word_1_704' title='bbox 3297 3340 3458 3411; x_wconf 80' lang='lat' dir='ltr'><strong>quis?</strong></span> <span class='ocrx_word' id='word_1_705' title='bbox 3496 3354 3758 3410; x_wconf 81' lang='lat' dir='ltr'><strong>proavus,</strong></span> 
     </span>
    </p>
   </div>
   <div class='ocr_carea' id='block_1_90' title="bbox 2175 3430 3763 3505">
    <p class='ocr_par' dir='ltr' id='par_1_90' title="bbox 2175 3430 3763 3505">
     <span class='ocr_line' id='line_1_90' title="bbox 2175 3430 3763 3505; baseline -0.003 -17"><span class='ocrx_word' id='word_1_706' title='bbox 2175 3435 2272 3488; x_wconf 88' lang='lat' dir='ltr'><strong>ais.</strong></span> <span class='ocrx_word' id='word_1_707' title='bbox 2304 3433 2511 3490; x_wconf 89' lang='lat' dir='ltr'><strong>Proavo</strong></span> <span class='ocrx_word' id='word_1_708' title='bbox 2544 3434 2698 3505; x_wconf 82' lang='lat' dir='ltr'><strong>quis?</strong></span> <span class='ocrx_word' id='word_1_709' title='bbox 2748 3435 2838 3489; x_wconf 90' lang='lat' dir='ltr'><strong>ille</strong></span> <span class='ocrx_word' id='word_1_710' title='bbox 2883 3434 3007 3489; x_wconf 86' lang='lat' dir='ltr'><strong>talis</strong></span> <span class='ocrx_word' id='word_1_711' title='bbox 3040 3443 3096 3488; x_wconf 89' lang='lat' dir='ltr'><strong>et</strong></span> <span class='ocrx_word' id='word_1_712' title='bbox 3141 3433 3281 3489; x_wconf 84' lang='lat' dir='ltr'><strong>talis.</strong></span> <span class='ocrx_word' id='word_1_713' title='bbox 3312 3433 3422 3489; x_wconf 90' lang='lat' dir='ltr'><strong>lllis</strong></span> <span class='ocrx_word' id='word_1_714' title='bbox 3443 3431 3602 3503; x_wconf 84' lang='lat' dir='ltr'><strong>quis?</strong></span> <span class='ocrx_word' id='word_1_715' title='bbox 3627 3430 3763 3501; x_wconf 85' lang='lat' dir='ltr'><strong>quid</strong></span> 
     </span>
    </p>
   </div>
   <div class='ocr_carea' id='block_1_91' title="bbox 2175 3521 3752 3596">
    <p class='ocr_par' dir='ltr' id='par_1_91' title="bbox 2175 3521 3752 3596">
     <span class='ocr_line' id='line_1_91' title="bbox 2175 3521 3752 3596; baseline -0.003 -19"><span class='ocrx_word' id='word_1_716' title='bbox 2175 3539 2260 3579; x_wconf 89' lang='lat' dir='ltr'><strong>me</strong></span> <span class='ocrx_word' id='word_1_717' title='bbox 2291 3522 2482 3595; x_wconf 80' lang='lat' dir='ltr'><strong>fatigas</strong></span> <span class='ocrx_word' id='word_1_718' title='bbox 2513 3527 2771 3596; x_wconf 85' lang='lat' dir='ltr'><strong>rogando,</strong></span> <span class='ocrx_word' id='word_1_719' title='bbox 2805 3524 3004 3594; x_wconf 85' lang='lat' dir='ltr'><strong>inquis.</strong></span> <span class='ocrx_word' id='word_1_720' title='bbox 3053 3523 3249 3587; x_wconf 84' lang='lat' dir='ltr'><strong>Adam,</strong></span> <span class='ocrx_word' id='word_1_721' title='bbox 3299 3522 3401 3579; x_wconf 70' lang='lat' dir='ltr'><strong>etsi</strong></span> <span class='ocrx_word' id='word_1_722' title='bbox 3434 3537 3540 3576; x_wconf 80' lang='lat' dir='ltr'><strong>non</strong></span> <span class='ocrx_word' id='word_1_723' title='bbox 3590 3521 3752 3574; x_wconf 87' lang='lat' dir='ltr'><strong>alius.</strong></span> 
     </span>
    </p>
   </div>
   <div class='ocr_carea' id='block_1_92' title="bbox 2174 3609 3761 3688">
    <p class='ocr_par' dir='ltr' id='par_1_92' title="bbox 2174 3609 3761 3688">
     <span class='ocr_line' id='line_1_92' title="bbox 2174 3609 3761 3688; baseline -0.003 -20"><span class='ocrx_word' id='word_1_724' title='bbox 2174 3613 2343 3669; x_wconf 75' lang='lat' dir='ltr'><strong>Adam</strong></span> <span class='ocrx_word' id='word_1_725' title='bbox 2374 3616 2530 3684; x_wconf 89' lang='lat' dir='ltr'><strong>quis?</strong></span> <span class='ocrx_word' id='word_1_726' title='bbox 2554 3616 2713 3671; x_wconf 88' lang='lat' dir='ltr'><strong>Deus.</strong></span> <span class='ocrx_word' id='word_1_727' title='bbox 2749 3616 2892 3688; x_wconf 82' lang='lat' dir='ltr'><strong>Ergo</strong></span> <span class='ocrx_word' id='word_1_728' title='bbox 2928 3614 3020 3669; x_wconf 91' lang='lat' dir='ltr'><strong>Dei</strong></span> <span class='ocrx_word' id='word_1_729' title='bbox 3065 3622 3216 3680; x_wconf 89' lang='lat' dir='ltr'><strong>erat,</strong></span> <span class='ocrx_word' id='word_1_730' title='bbox 3256 3613 3366 3668; x_wconf 91' lang='lat' dir='ltr'><strong>imo</strong></span> <span class='ocrx_word' id='word_1_731' title='bbox 3400 3612 3555 3676; x_wconf 89' lang='lat' dir='ltr'><strong>velis,</strong></span> <span class='ocrx_word' id='word_1_732' title='bbox 3594 3609 3761 3679; x_wconf 72' lang='lat' dir='ltr'><strong>nolis,</strong></span> 
     </span>
    </p>
   </div>
   <div class='ocr_carea' id='block_1_93' title="bbox 2176 3703 3754 3775">
    <p class='ocr_par' dir='ltr' id='par_1_93' title="bbox 2176 3703 3754 3775">
     <span class='ocr_line' id='line_1_93' title="bbox 2176 3703 3754 3775; baseline -0.006 -13"><span class='ocrx_word' id='word_1_733' title='bbox 2176 3707 2267 3762; x_wconf 81' lang='lat' dir='ltr'><strong>Dei</strong></span> <span class='ocrx_word' id='word_1_734' title='bbox 2294 3716 2375 3761; x_wconf 83' lang='lat' dir='ltr'><strong>est</strong></span> <span class='ocrx_word' id='word_1_735' title='bbox 2397 3715 2600 3772; x_wconf 87' lang='lat' dir='ltr'><strong>totum;</strong></span> <span class='ocrx_word' id='word_1_736' title='bbox 2632 3707 2843 3762; x_wconf 90' lang='lat' dir='ltr'><strong>etiamsi</strong></span> <span class='ocrx_word' id='word_1_737' title='bbox 2879 3721 2983 3761; x_wconf 87' lang='lat' dir='ltr'><strong>non</strong></span> <span class='ocrx_word' id='word_1_738' title='bbox 3007 3705 3234 3775; x_wconf 89' lang='lat' dir='ltr'><strong>accipiat</strong></span> <span class='ocrx_word' id='word_1_739' title='bbox 3256 3719 3286 3759; x_wconf 89' lang='lat' dir='ltr'><strong>a</strong></span> <span class='ocrx_word' id='word_1_740' title='bbox 3327 3712 3404 3767; x_wconf 88' lang='lat' dir='ltr'><strong>te,</strong></span> <span class='ocrx_word' id='word_1_741' title='bbox 3436 3703 3652 3757; x_wconf 86' lang='lat' dir='ltr'><strong>babcta</strong></span> <span class='ocrx_word' id='word_1_742' title='bbox 3684 3709 3754 3756; x_wconf 80' lang='lat' dir='ltr'><strong>te.</strong></span> 
     </span>
    </p>
   </div>
   <div class='ocr_carea' id='block_1_94' title="bbox 2177 3791 3761 3868">
    <p class='ocr_par' dir='ltr' id='par_1_94' title="bbox 2177 3791 3761 3868">
     <span class='ocr_line' id='line_1_94' title="bbox 2177 3791 3761 3868; baseline -0.002 -18"><span class='ocrx_word' id='word_1_743' title='bbox 2177 3796 2385 3851; x_wconf 85' lang='lat' dir='ltr'><strong>Domini</strong></span> <span class='ocrx_word' id='word_1_744' title='bbox 2408 3809 2481 3852; x_wconf 86' lang='lat' dir='ltr'><strong>est</strong></span> <span class='ocrx_word' id='word_1_745' title='bbox 2505 3808 2644 3851; x_wconf 83' lang='lat' dir='ltr'><strong>terra</strong></span> <span class='ocrx_word' id='word_1_746' title='bbox 2678 3808 2725 3851; x_wconf 85' lang='lat' dir='ltr'><strong>et</strong></span> <span class='ocrx_word' id='word_1_747' title='bbox 2744 3798 3013 3867; x_wconf 78' lang='lat' dir='ltr'><strong>plenitudo</strong></span> <span class='ocrx_word' id='word_1_748' title='bbox 3052 3797 3167 3866; x_wconf 84' lang='lat' dir='ltr'><strong>ejus</strong></span> <span class='ocrx_word' id='word_1_749' title='bbox 3193 3794 3365 3868; x_wconf 80' lang='lat' dir='ltr'><strong>(Psal.</strong></span> <span class='ocrx_word' id='word_1_750' title='bbox 3394 3808 3521 3858; x_wconf 80' lang='lat' dir='ltr'><strong>xxv,</strong></span> <span class='ocrx_word' id='word_1_751' title='bbox 3558 3792 3631 3867; x_wconf 84' lang='lat' dir='ltr'><strong>l).</strong></span> <span class='ocrx_word' id='word_1_752' title='bbox 3666 3791 3761 3847; x_wconf 61' lang='lat' dir='ltr'><strong>V3</strong></span> 
     </span>
    </p>
   </div>
   <div class='ocr_carea' id='block_1_95' title="bbox 2175 3884 3757 3961">
    <p class='ocr_par' dir='ltr' id='par_1_95' title="bbox 2175 3884 3757 3961">
     <span class='ocr_line' id='line_1_95' title="bbox 2175 3884 3757 3961; baseline -0.003 -18"><span class='ocrx_word' id='word_1_753' title='bbox 2175 3898 2354 3943; x_wconf 89' lang='lat' dir='ltr'><strong>autem</strong></span> <span class='ocrx_word' id='word_1_754' title='bbox 2397 3889 2497 3954; x_wconf 88' lang='lat' dir='ltr'><strong>eis,</strong></span> <span class='ocrx_word' id='word_1_755' title='bbox 2527 3888 2722 3961; x_wconf 89' lang='lat' dir='ltr'><strong>quibus</strong></span> <span class='ocrx_word' id='word_1_756' title='bbox 2746 3887 2854 3961; x_wconf 64' lang='grc'><strong>42</strong></span> <span class='ocrx_word' id='word_1_757' title='bbox 2883 3888 3018 3943; x_wconf 90' lang='lat' dir='ltr'><strong>tanti</strong></span> <span class='ocrx_word' id='word_1_758' title='bbox 3066 3894 3443 3943; x_wconf 88' lang='lat' dir='ltr'><strong>successerunt</strong></span> <span class='ocrx_word' id='word_1_759' title='bbox 3489 3884 3757 3946; x_wconf 71' lang='lat' dir='ltr'><strong>bmredes,</strong></span> 
     </span>
    </p>
   </div>
   <div class='ocr_carea' id='block_1_96' title="bbox 2174 3978 3751 4052">
    <p class='ocr_par' dir='ltr' id='par_1_96' title="bbox 2174 3978 3751 4052">
     <span class='ocr_line' id='line_1_96' title="bbox 2174 3978 3751 4052; baseline -0.001 -20"><span class='ocrx_word' id='word_1_760' title='bbox 2174 3990 2234 4034; x_wconf 88' lang='lat' dir='ltr'><strong>ut</strong></span> <span class='ocrx_word' id='word_1_761' title='bbox 2279 3980 2539 4037; x_wconf 89' lang='lat' dir='ltr'><strong>Dominus</strong></span> <span class='ocrx_word' id='word_1_762' title='bbox 2595 3998 2872 4052; x_wconf 81' lang='lat' dir='ltr'><strong>nunquam</strong></span> <span class='ocrx_word' id='word_1_763' title='bbox 2920 3981 3030 4037; x_wconf 88' lang='lat' dir='ltr'><strong>illis</strong></span> <span class='ocrx_word' id='word_1_764' title='bbox 3073 3982 3334 4036; x_wconf 90' lang='lat' dir='ltr'><strong>meruerit</strong></span> <span class='ocrx_word' id='word_1_765' title='bbox 3380 3994 3501 4035; x_wconf 90' lang='lat' dir='ltr'><strong>esse</strong></span> <span class='ocrx_word' id='word_1_766' title='bbox 3557 3978 3751 4034; x_wconf 64' lang='lat' dir='ltr'><strong>haeres.</strong></span> 
     </span>
    </p>
   </div>
   <div class='ocr_carea' id='block_1_97' title="bbox 2173 4071 3756 4144">
    <p class='ocr_par' dir='ltr' id='par_1_97' title="bbox 2173 4071 3756 4144">
     <span class='ocr_line' id='line_1_97' title="bbox 2173 4071 3756 4144; baseline -0.001 -18"><span class='ocrx_word' id='word_1_767' title='bbox 2173 4072 2401 4142; x_wconf 48' lang='lat' dir='ltr'><strong>nempe,</strong></span> <span class='ocrx_word' id='word_1_768' title='bbox 2448 4072 2519 4127; x_wconf 86' lang='lat' dir='ltr'><strong>ﬁli</strong></span> <span class='ocrx_word' id='word_1_769' title='bbox 2544 4114 2559 4138; x_wconf 90' lang='lat'><strong>,</strong></span> <span class='ocrx_word' id='word_1_770' title='bbox 2594 4087 2803 4143; x_wconf 88' lang='lat' dir='ltr'><strong>rumpe,</strong></span> <span class='ocrx_word' id='word_1_771' title='bbox 2833 4089 3033 4144; x_wconf 76' lang='lat' dir='ltr'><strong>quzeso,</strong></span> <span class='ocrx_word' id='word_1_772' title='bbox 3084 4073 3228 4128; x_wconf 85' lang='lat' dir='ltr'><strong>hunc</strong></span> <span class='ocrx_word' id='word_1_773' title='bbox 3272 4072 3455 4128; x_wconf 82' lang='lat' dir='ltr'><strong>funem</strong></span> <span class='ocrx_word' id='word_1_774' title='bbox 3480 4111 3496 4137; x_wconf 91' lang='lat'><strong>,</strong></span> <span class='ocrx_word' id='word_1_775' title='bbox 3543 4086 3612 4126; x_wconf 92' lang='lat' dir='ltr'><strong>ne</strong></span> <span class='ocrx_word' id='word_1_776' title='bbox 3652 4071 3756 4126; x_wconf 84' lang='lat' dir='ltr'><strong>buc</strong></span> 
     </span>
    </p>
   </div>
   <div class='ocr_carea' id='block_1_98' title="bbox 2173 4160 3755 4234">
    <p class='ocr_par' dir='ltr' id='par_1_98' title="bbox 2173 4160 3755 4234">
     <span class='ocr_line' id='line_1_98' title="bbox 2173 4160 3755 4234; baseline -0.003 -18"><span class='ocrx_word' id='word_1_777' title='bbox 2173 4178 2295 4217; x_wconf 88' lang='lat' dir='ltr'><strong>cum</strong></span> <span class='ocrx_word' id='word_1_778' title='bbox 2352 4163 2483 4234; x_wconf 85' lang='lat' dir='ltr'><strong>ipsis</strong></span> <span class='ocrx_word' id='word_1_779' title='bbox 2540 4164 2935 4234; x_wconf 84' lang='lat' dir='ltr'><strong>constriugaris</strong></span> <span class='ocrx_word' id='word_1_780' title='bbox 2989 4165 3042 4219; x_wconf 91' lang='lat' dir='ltr'><strong>in</strong></span> <span class='ocrx_word' id='word_1_781' title='bbox 3108 4162 3489 4230; x_wconf 83' lang='lat' dir='ltr'><strong>perditionem.</strong></span> <span class='ocrx_word' id='word_1_782' title='bbox 3548 4160 3755 4230; x_wconf 81' lang='lat' dir='ltr'><strong>Accipe</strong></span> 
     </span>
    </p>
   </div>
   <div class='ocr_carea' id='block_1_99' title="bbox 2177 4252 3751 4324">
    <p class='ocr_par' dir='ltr' id='par_1_99' title="bbox 2177 4252 3751 4324">
     <span class='ocr_line' id='line_1_99' title="bbox 2177 4252 3751 4324; baseline 0 -19"><span class='ocrx_word' id='word_1_783' title='bbox 2177 4252 2458 4307; x_wconf 82' lang='lat' dir='ltr'><strong>Dominum</strong></span> <span class='ocrx_word' id='word_1_784' title='bbox 2504 4254 2772 4309; x_wconf 71' lang='lat' dir='ltr'><strong>hmredcm</strong></span> <span class='ocrx_word' id='word_1_785' title='bbox 2801 4294 2817 4319; x_wconf 95' lang='lat'><strong>,</strong></span> <span class='ocrx_word' id='word_1_786' title='bbox 2868 4262 2927 4308; x_wconf 80' lang='grc' dir='ltr'><strong>ιιι</strong></span> <span class='ocrx_word' id='word_1_787' title='bbox 2966 4263 3017 4309; x_wconf 85' lang='lat' dir='ltr'><strong>te</strong></span> <span class='ocrx_word' id='word_1_788' title='bbox 3065 4254 3152 4307; x_wconf 90' lang='lat' dir='ltr'><strong>ille</strong></span> <span class='ocrx_word' id='word_1_789' title='bbox 3179 4254 3407 4321; x_wconf 85' lang='lat' dir='ltr'><strong>accipiat</strong></span> <span class='ocrx_word' id='word_1_790' title='bbox 3462 4253 3618 4324; x_wconf 86' lang='lat' dir='ltr'><strong>regni</strong></span> <span class='ocrx_word' id='word_1_791' title='bbox 3663 4254 3751 4308; x_wconf 87' lang='lat' dir='ltr'><strong>sui</strong></span> 
     </span>
    </p>
   </div>
   <div class='ocr_carea' id='block_1_100' title="bbox 2174 4342 3754 4413">
    <p class='ocr_par' dir='ltr' id='par_1_100' title="bbox 2174 4342 3754 4413">
     <span class='ocr_line' id='line_1_100' title="bbox 2174 4342 3754 4413; baseline 0.002 -21"><span class='ocrx_word' id='word_1_792' title='bbox 2174 4351 2497 4408; x_wconf 76' lang='lat' dir='ltr'><strong>consortem;</strong></span> <span class='ocrx_word' id='word_1_793' title='bbox 2528 4344 2729 4413; x_wconf 84' lang='lat' dir='ltr'><strong>partire</strong></span> <span class='ocrx_word' id='word_1_794' title='bbox 2750 4359 2871 4400; x_wconf 90' lang='lat' dir='ltr'><strong>cum</strong></span> <span class='ocrx_word' id='word_1_795' title='bbox 2901 4342 2991 4399; x_wconf 92' lang='lat' dir='ltr'><strong>illo</strong></span> <span class='ocrx_word' id='word_1_796' title='bbox 3017 4343 3250 4397; x_wconf 88' lang='lat' dir='ltr'><strong>ﬁliorum</strong></span> <span class='ocrx_word' id='word_1_797' title='bbox 3275 4343 3676 4407; x_wconf 72' lang='lat' dir='ltr'><strong>bmreditatem,</strong></span> <span class='ocrx_word' id='word_1_798' title='bbox 3699 4353 3754 4397; x_wconf 82' lang='lat' dir='ltr'><strong>et</strong></span> 
     </span>
    </p>
   </div>
   <div class='ocr_carea' id='block_1_101' title="bbox 2173 4435 3755 4507">
    <p class='ocr_par' dir='ltr' id='par_1_101' title="bbox 2173 4435 3755 4507">
     <span class='ocr_line' id='line_1_101' title="bbox 2173 4435 3755 4507; baseline -0.001 -18"><span class='ocrx_word' id='word_1_799' title='bbox 2173 4435 2322 4491; x_wconf 80' lang='lat' dir='ltr'><strong>effice</strong></span> <span class='ocrx_word' id='word_1_800' title='bbox 2346 4452 2466 4491; x_wconf 90' lang='lat' dir='ltr'><strong>eum</strong></span> <span class='ocrx_word' id='word_1_801' title='bbox 2509 4437 2612 4490; x_wconf 89' lang='lat' dir='ltr'><strong>illis</strong></span> <span class='ocrx_word' id='word_1_802' title='bbox 2659 4436 2911 4493; x_wconf 85' lang='lat' dir='ltr'><strong>fratrem.</strong></span> <span class='ocrx_word' id='word_1_803' title='bbox 2945 4435 3094 4504; x_wconf 79' lang='lat' dir='ltr'><strong>Quod</strong></span> <span class='ocrx_word' id='word_1_804' title='bbox 3122 4439 3165 4491; x_wconf 83' lang='lat' dir='ltr'><strong>si</strong></span> <span class='ocrx_word' id='word_1_805' title='bbox 3211 4452 3316 4491; x_wconf 90' lang='lat' dir='ltr'><strong>non</strong></span> <span class='ocrx_word' id='word_1_806' title='bbox 3346 4436 3445 4502; x_wconf 89' lang='lat' dir='ltr'><strong>vis,</strong></span> <span class='ocrx_word' id='word_1_807' title='bbox 3491 4450 3667 4507; x_wconf 83' lang='lat' dir='ltr'><strong>neque</strong></span> <span class='ocrx_word' id='word_1_808' title='bbox 3699 4446 3755 4491; x_wconf 84' lang='lat' dir='ltr'><strong>tu</strong></span> 
     </span>
    </p>
   </div>
   <div class='ocr_carea' id='block_1_102' title="bbox 2174 4524 3747 4598">
    <p class='ocr_par' dir='ltr' id='par_1_102' title="bbox 2174 4524 3747 4598">
     <span class='ocr_line' id='line_1_102' title="bbox 2174 4524 3747 4598; baseline 0.002 -20"><span class='ocrx_word' id='word_1_809' title='bbox 2174 4524 2288 4591; x_wconf 80' lang='lat' dir='ltr'><strong>ejus</strong></span> <span class='ocrx_word' id='word_1_810' title='bbox 2315 4525 2681 4580; x_wconf 78' lang='lat' dir='ltr'><strong>baereditatem</strong></span> <span class='ocrx_word' id='word_1_811' title='bbox 2731 4528 3036 4598; x_wconf 88' lang='lat' dir='ltr'><strong>usurpabis.</strong></span> <span class='ocrx_word' id='word_1_812' title='bbox 3083 4528 3336 4582; x_wconf 80' lang='lat' dir='ltr'><strong>Attamen</strong></span> <span class='ocrx_word' id='word_1_813' title='bbox 3381 4525 3538 4591; x_wconf 89' lang='lat' dir='ltr'><strong>velis,</strong></span> <span class='ocrx_word' id='word_1_814' title='bbox 3589 4526 3747 4589; x_wconf 85' lang='lat' dir='ltr'><strong>nolis,</strong></span> 
     </span>
    </p>
   </div>
   <div class='ocr_carea' id='block_1_103' title="bbox 2173 4615 3749 4685">
    <p class='ocr_par' dir='ltr' id='par_1_103' title="bbox 2173 4615 3749 4685">
     <span class='ocr_line' id='line_1_103' title="bbox 2173 4615 3749 4685; baseline 0.003 -18"><span class='ocrx_word' id='word_1_815' title='bbox 2173 4616 2479 4684; x_wconf 81' lang='lat' dir='ltr'><strong>approbabo</strong></span> <span class='ocrx_word' id='word_1_816' title='bbox 2511 4615 2614 4670; x_wconf 90' lang='lat' dir='ltr'><strong>tuis</strong></span> <span class='ocrx_word' id='word_1_817' title='bbox 2639 4615 2807 4684; x_wconf 87' lang='lat' dir='ltr'><strong>ipsius</strong></span> <span class='ocrx_word' id='word_1_818' title='bbox 2841 4617 3188 4681; x_wconf 88' lang='lat' dir='ltr'><strong>testimoniis,</strong></span> <span class='ocrx_word' id='word_1_819' title='bbox 3229 4633 3334 4672; x_wconf 89' lang='lat' dir='ltr'><strong>non</strong></span> <span class='ocrx_word' id='word_1_820' title='bbox 3367 4628 3418 4671; x_wconf 90' lang='lat' dir='ltr'><strong>te</strong></span> <span class='ocrx_word' id='word_1_821' title='bbox 3446 4626 3571 4672; x_wconf 89' lang='lat' dir='ltr'><strong>tuas</strong></span> <span class='ocrx_word' id='word_1_822' title='bbox 3620 4632 3749 4685; x_wconf 84' lang='lat' dir='ltr'><strong>pos-</strong></span> 
     </span>
    </p>
   </div>
   <div class='ocr_carea' id='block_1_104' title="bbox 2174 4704 3746 4778">
    <p class='ocr_par' dir='ltr' id='par_1_104' title="bbox 2174 4704 3746 4778">
     <span class='ocr_line' id='line_1_104' title="bbox 2174 4704 3746 4778; baseline 0.001 -19"><span class='ocrx_word' id='word_1_823' title='bbox 2174 4705 2353 4760; x_wconf 87' lang='lat' dir='ltr'><strong>sidere</strong></span> <span class='ocrx_word' id='word_1_824' title='bbox 2384 4705 2622 4760; x_wconf 84' lang='lat' dir='ltr'><strong>divitias.</strong></span> <span class='ocrx_word' id='word_1_825' title='bbox 2660 4704 2768 4763; x_wconf 82' lang='lat' dir='ltr'><strong>Fac</strong></span> <span class='ocrx_word' id='word_1_826' title='bbox 2794 4745 2809 4768; x_wconf 90' lang='lat'><strong>,</strong></span> <span class='ocrx_word' id='word_1_827' title='bbox 2859 4705 3059 4776; x_wconf 87' lang='lat' dir='ltr'><strong>inquis.</strong></span> <span class='ocrx_word' id='word_1_828' title='bbox 3112 4706 3308 4778; x_wconf 79' lang='lat' dir='ltr'><strong>Eroga,</strong></span> <span class='ocrx_word' id='word_1_829' title='bbox 3340 4707 3480 4761; x_wconf 91' lang='lat' dir='ltr'><strong>dico.</strong></span> <span class='ocrx_word' id='word_1_830' title='bbox 3511 4705 3630 4760; x_wconf 84' lang='lat' dir='ltr'><strong>Non</strong></span> <span class='ocrx_word' id='word_1_831' title='bbox 3664 4704 3746 4760; x_wconf 83' lang='lat' dir='ltr'><strong>fa-</strong></span> 
     </span>
    </p>
   </div>
   <div class='ocr_carea' id='block_1_105' title="bbox 2170 4794 3744 4865">
    <p class='ocr_par' dir='ltr' id='par_1_105' title="bbox 2170 4794 3744 4865">
     <span class='ocr_line' id='line_1_105' title="bbox 2170 4794 3744 4865; baseline 0 -17"><span class='ocrx_word' id='word_1_832' title='bbox 2170 4795 2332 4858; x_wconf 82' lang='lat' dir='ltr'><strong>ciam,</strong></span> <span class='ocrx_word' id='word_1_833' title='bbox 2372 4795 2526 4850; x_wconf 86' lang='lat' dir='ltr'><strong>dicis.</strong></span> <span class='ocrx_word' id='word_1_834' title='bbox 2573 4794 2715 4849; x_wconf 86' lang='lat' dir='ltr'><strong>Cur?</strong></span> <span class='ocrx_word' id='word_1_835' title='bbox 2744 4794 2951 4860; x_wconf 85' lang='lat' dir='ltr'><strong>Timeo,</strong></span> <span class='ocrx_word' id='word_1_836' title='bbox 2984 4797 3085 4850; x_wconf 90' lang='lat' dir='ltr'><strong>ais.</strong></span> <span class='ocrx_word' id='word_1_837' title='bbox 3114 4797 3291 4864; x_wconf 77' lang='lat' dir='ltr'><strong>Quid?</strong></span> <span class='ocrx_word' id='word_1_838' title='bbox 3324 4796 3563 4865; x_wconf 86' lang='lat' dir='ltr'><strong>inquam,</strong></span> <span class='ocrx_word' id='word_1_839' title='bbox 3617 4811 3744 4865; x_wconf 85' lang='lat' dir='ltr'><strong>pau-</strong></span> 
     </span>
    </p>
   </div>
   <div class='ocr_carea' id='block_1_106' title="bbox 2169 4885 3746 4957">
    <p class='ocr_par' dir='ltr' id='par_1_106' title="bbox 2169 4885 3746 4957">
     <span class='ocr_line' id='line_1_106' title="bbox 2169 4885 3746 4957; baseline 0.004 -22"><span class='ocrx_word' id='word_1_840' title='bbox 2169 4892 2454 4954; x_wconf 76' lang='lat' dir='ltr'><strong>pertatem.</strong></span> <span class='ocrx_word' id='word_1_841' title='bbox 2472 4885 2610 4956; x_wconf 85' lang='lat' dir='ltr'><strong>Ergo</strong></span> <span class='ocrx_word' id='word_1_842' title='bbox 2628 4886 2962 4957; x_wconf 84' lang='lat' dir='ltr'><strong>paupertatis</strong></span> <span class='ocrx_word' id='word_1_843' title='bbox 2984 4895 3111 4942; x_wconf 91' lang='lat' dir='ltr'><strong>sunt</strong></span> <span class='ocrx_word' id='word_1_844' title='bbox 3138 4895 3243 4940; x_wconf 83' lang='lat' dir='ltr'><strong>tuae</strong></span> <span class='ocrx_word' id='word_1_845' title='bbox 3256 4887 3476 4953; x_wconf 64' lang='lat' dir='ltr'><strong>divitias,</strong></span> <span class='ocrx_word' id='word_1_846' title='bbox 3494 4902 3600 4941; x_wconf 89' lang='lat' dir='ltr'><strong>non</strong></span> <span class='ocrx_word' id='word_1_847' title='bbox 3618 4895 3746 4942; x_wconf 67' lang='lat' dir='ltr'><strong>tute.</strong></span> 
     </span>
    </p>
   </div>
   <div class='ocr_carea' id='block_1_107' title="bbox 2167 4972 3745 5046">
    <p class='ocr_par' dir='ltr' id='par_1_107' title="bbox 2167 4972 3745 5046">
     <span class='ocr_line' id='line_1_107' title="bbox 2167 4972 3745 5046; baseline 0.002 -19"><span class='ocrx_word' id='word_1_848' title='bbox 2167 4972 2425 5028; x_wconf 87' lang='lat' dir='ltr'><strong>Dominus</strong></span> <span class='ocrx_word' id='word_1_849' title='bbox 2450 4975 2692 5028; x_wconf 88' lang='lat' dir='ltr'><strong>estcnim</strong></span> <span class='ocrx_word' id='word_1_850' title='bbox 2723 4974 2813 5044; x_wconf 90' lang='lat' dir='ltr'><strong>qui</strong></span> <span class='ocrx_word' id='word_1_851' title='bbox 2843 4975 3120 5032; x_wconf 88' lang='lat' dir='ltr'><strong>interdicit</strong></span> <span class='ocrx_word' id='word_1_852' title='bbox 3149 4976 3442 5046; x_wconf 84' lang='lat' dir='ltr'><strong>subjectus,</strong></span> <span class='ocrx_word' id='word_1_853' title='bbox 3471 4976 3557 5031; x_wconf 88' lang='lat' dir='ltr'><strong>cui</strong></span> <span class='ocrx_word' id='word_1_854' title='bbox 3583 4975 3745 5046; x_wconf 87' lang='lat' dir='ltr'><strong>quid-</strong></span> 
     </span>
    </p>
   </div>
   <div class='ocr_carea' id='block_1_108' title="bbox 2166 5061 3743 5136">
    <p class='ocr_par' dir='ltr' id='par_1_108' title="bbox 2166 5061 3743 5136">
     <span class='ocr_line' id='line_1_108' title="bbox 2166 5061 3743 5136; baseline 0.003 -21"><span class='ocrx_word' id='word_1_855' title='bbox 2166 5061 2295 5118; x_wconf 87' lang='lat' dir='ltr'><strong>libet</strong></span> <span class='ocrx_word' id='word_1_856' title='bbox 2343 5062 2698 5119; x_wconf 87' lang='lat' dir='ltr'><strong>interdicitur.</strong></span> <span class='ocrx_word' id='word_1_857' title='bbox 2733 5064 2894 5131; x_wconf 90' lang='lat' dir='ltr'><strong>Ecce,</strong></span> <span class='ocrx_word' id='word_1_858' title='bbox 2936 5074 2987 5121; x_wconf 90' lang='lat' dir='ltr'><strong>te</strong></span> <span class='ocrx_word' id='word_1_859' title='bbox 3037 5066 3348 5132; x_wconf 88' lang='lat' dir='ltr'><strong>conﬁtente,</strong></span> <span class='ocrx_word' id='word_1_860' title='bbox 3378 5064 3743 5136; x_wconf 75' lang='lat' dir='ltr'><strong>deprehendi,</strong></span> 
     </span>
    </p>
   </div>
   <div class='ocr_carea' id='block_1_109' title="bbox 2169 5155 3747 5222">
    <p class='ocr_par' dir='ltr' id='par_1_109' title="bbox 2169 5155 3747 5222">
     <span class='ocr_line' id='line_1_109' title="bbox 2169 5155 3747 5222; baseline 0.003 -16"><span class='ocrx_word' id='word_1_861' title='bbox 2169 5166 2272 5207; x_wconf 90' lang='lat' dir='ltr'><strong>non</strong></span> <span class='ocrx_word' id='word_1_862' title='bbox 2294 5161 2502 5207; x_wconf 90' lang='lat' dir='ltr'><strong>tantum</strong></span> <span class='ocrx_word' id='word_1_863' title='bbox 2522 5161 2572 5207; x_wconf 87' lang='lat' dir='ltr'><strong>te</strong></span> <span class='ocrx_word' id='word_1_864' title='bbox 2600 5162 2719 5209; x_wconf 90' lang='lat' dir='ltr'><strong>tuas</strong></span> <span class='ocrx_word' id='word_1_865' title='bbox 2739 5167 2845 5208; x_wconf 86' lang='lat' dir='ltr'><strong>non</strong></span> <span class='ocrx_word' id='word_1_866' title='bbox 2873 5155 3149 5222; x_wconf 88' lang='lat' dir='ltr'><strong>possidere</strong></span> <span class='ocrx_word' id='word_1_867' title='bbox 3172 5155 3406 5217; x_wconf 88' lang='lat' dir='ltr'><strong>divitias.</strong></span> <span class='ocrx_word' id='word_1_868' title='bbox 3425 5155 3520 5211; x_wconf 91' lang='lat' dir='ltr'><strong>sed</strong></span> <span class='ocrx_word' id='word_1_869' title='bbox 3532 5155 3695 5211; x_wconf 90' lang='lat' dir='ltr'><strong>etiam</strong></span> <span class='ocrx_word' id='word_1_870' title='bbox 3711 5171 3747 5211; x_wconf 85' lang='lat' dir='ltr'><strong>a</strong></span> 
     </span>
    </p>
   </div>
   <div class='ocr_carea' id='block_1_110' title="bbox 2166 5245 3744 5315">
    <p class='ocr_par' dir='ltr' id='par_1_110' title="bbox 2166 5245 3744 5315">
     <span class='ocr_line' id='line_1_110' title="bbox 2166 5245 3744 5315; baseline 0.001 -17"><span class='ocrx_word' id='word_1_871' title='bbox 2166 5255 2482 5314; x_wconf 84' lang='lat' dir='ltr'><strong>paupertate</strong></span> <span class='ocrx_word' id='word_1_872' title='bbox 2508 5245 2789 5315; x_wconf 82' lang='lat' dir='ltr'><strong>possideri,</strong></span> <span class='ocrx_word' id='word_1_873' title='bbox 2833 5247 2916 5298; x_wconf 89' lang='lat' dir='ltr'><strong>cui</strong></span> <span class='ocrx_word' id='word_1_874' title='bbox 2947 5247 3074 5315; x_wconf 66' lang='lat' dir='ltr'><strong>ipsa:</strong></span> <span class='ocrx_word' id='word_1_875' title='bbox 3100 5248 3343 5303; x_wconf 88' lang='lat' dir='ltr'><strong>serviunt</strong></span> <span class='ocrx_word' id='word_1_876' title='bbox 3370 5247 3597 5303; x_wconf 70' lang='lat' dir='ltr'><strong>divitiaa.</strong></span> <span class='ocrx_word' id='word_1_877' title='bbox 3635 5246 3744 5302; x_wconf 85' lang='lat' dir='ltr'><strong>Sed</strong></span> 
     </span>
    </p>
   </div>
   <div class='ocr_carea' id='block_1_111' title="bbox 2168 5333 3813 5390">
    <p class='ocr_par' dir='ltr' id='par_1_111' title="bbox 2168 5333 3813 5390">
     <span class='ocr_line' id='line_1_111' title="bbox 2168 5333 3813 5390; baseline 0.001 -2"><span class='ocrx_word' id='word_1_878' title='bbox 2168 5335 2322 5390; x_wconf 84' lang='lat' dir='ltr'><strong>video</strong></span> <span class='ocrx_word' id='word_1_879' title='bbox 2343 5337 2464 5390; x_wconf 75' lang='lat' dir='ltr'><strong>quid</strong></span> <span class='ocrx_word' id='word_1_880' title='bbox 2504 5334 2882 5390; x_wconf 84' lang='lat' dir='ltr'><strong>declinaveris.</strong></span> <span class='ocrx_word' id='word_1_881' title='bbox 2913 5336 3047 5390; x_wconf 88' lang='lat' dir='ltr'><strong>Cum</strong></span> <span class='ocrx_word' id='word_1_882' title='bbox 3095 5339 3239 5390; x_wconf 91' lang='lat' dir='ltr'><strong>enim</strong></span> <span class='ocrx_word' id='word_1_883' title='bbox 3269 5352 3458 5390; x_wconf 88' lang='lat' dir='ltr'><strong>servus</strong></span> <span class='ocrx_word' id='word_1_884' title='bbox 3498 5339 3576 5390; x_wconf 86' lang='lat' dir='ltr'><strong>sis</strong></span> <span class='ocrx_word' id='word_1_885' title='bbox 3614 5354 3742 5390; x_wconf 58' lang='lat' dir='ltr'><strong>ava.</strong></span> <span class='ocrx_word' id='word_1_886' title='bbox 3806 5333 3813 5337; x_wconf 58' lang='grc'><strong>“</strong></span> 
     </span>
    </p>
   </div>
  </div>
