4018 5406
245 193 337 250 181

1227 190 1800 260 Ριιιειορυιοῐιωι
1839 192 2016 248 LIBRI
2057 194 2209 250 SEX.
2251 227 2319 234 —
2357 196 2479 251 LIB.
2525 195 2565 249 I.

3421 191 3518 248 I82

244 317 407 371 istam
427 311 720 375 abhorres,
749 309 923 381 magis
954 318 1006 364 te
1027 298 1342 366 conveniret
1363 309 1664 365 exsecrari.
1695 307 1827 364 Nam
1859 313 1908 372 Α
1936 310 2079 366 tione
2107 310 2332 381 positus,
2357 319 2415 366 et
2440 310 2722 380 temetipso
2751 308 2986 381 penitus,
3008 317 3069 363 ut
3087 306 3159 364 ita
3183 307 3373 369 dicam,
3409 309 3520 361 ira-

241 421 339 460 cur
384 412 766 474 paupertatem
817 399 1047 456 timeas?
1103 415 1282 456 nonne
1341 400 1562 470 majoris
1619 400 1832 454 numeri

244 495 337 570 (al.
363 493 575 566 meriti]
598 535 613 559 ,
659 509 796 563 quos
820 492 963 547 Deus
990 493 1161 563 pascit
1189 494 1451 563 quotidie,
1479 492 1658 547 cernis
1704 507 1833 561 pau-

243 601 421 656 peres,
465 601 634 655 quam
685 584 919 638 divites?
973 599 1153 638 nonne
1200 583 1417 638 eosdem
1470 591 1618 636 tanto
1664 581 1834 636 elatos

243 677 384 731 nosti
418 675 670 746 fastigio,
702 676 761 728 ut
791 673 986 728 fratres
1022 674 1089 726 ab
1127 673 1242 742 ipso
1276 672 1504 727 Domino
1543 674 1594 726 in
1625 673 1714 727 illo
1742 688 1836 728 vo-

243 777 436 822 centur
456 763 687 834 judicio,
721 764 810 818 ubi
839 763 949 817 sola
977 763 1070 817 libi
1097 779 1160 818 ac
1184 763 1477 834 singularis
1510 764 1614 817 erit
1633 779 1832 840 conso-

243 858 396 922 latio,
418 858 468 912 si
501 858 556 910 in
588 857 867 911 dexteram
894 855 1017 927 peni
1044 871 1142 926 pro
1163 855 1424 924 obsequio
1449 856 1550 909 illis
1576 856 1834 911 merearis

244 950 533 1020 impenso?
567 949 883 1020 Dedignaris
909 963 1063 1019 ergo,
1095 956 1188 1002 aut
1227 949 1453 1003 forsitan
1480 949 1599 1002 vilis
1629 949 1722 1003 tibi
1751 958 1836 1003 est

241 1041 411 1112 ipsius
439 1039 756 1096 fraternitas
791 1041 911 1096 Dei!

307 1131 401 1186 56.
436 1130 812 1195 Verecundor,
836 1131 938 1185 ais.
969 1132 1180 1199 Quare?
1211 1132 1311 1200 Qui
1350 1147 1456 1194 me.
1477 1133 1833 1203 inquis,nunc

244 1221 557 1285 honorant,
608 1233 732 1291 post
775 1221 1053 1290 despectui
1105 1222 1412 1288 habebunt;
1448 1231 1504 1275 at
1548 1221 1830 1291 pulchrum

241 1318 323 1363 est
347 1309 520 1380 digito
551 1311 846 1364 monstrari
895 1319 949 1364 et
982 1311 1085 1366 dici
1110 1351 1124 1376 ,
1158 1313 1242 1366 hic
1273 1323 1369 1366 est.
1420 1313 1580 1366 Ratio
1619 1321 1828 1367 contra.

235 1399 282 1454 Ο
313 1416 476 1454 iuras
504 1401 821 1455 hominum!
866 1417 898 1456 ο
923 1412 1184 1473 quantum
1221 1413 1304 1458 est
1340 1404 1392 1458 in
1439 1404 1599 1459 rebus
1644 1405 1828 1458 inane!

236 1491 382 1546 ISfud
414 1493 560 1547 enim
603 1508 702 1546 cur
749 1501 855 1547 tam
894 1494 1070 1559 avide,
1120 1496 1372 1558 uttvideo,
1407 1497 1623 1551 inhias?
1659 1497 1830 1564 Quam

239 1585 308 1638 sit
343 1584 499 1638 futile
551 1584 791 1654 psalmus
816 1594 867 1639 te
898 1585 1038 1640 valet
1069 1585 1263 1643 docere
1295 1606 1307 1642 :
1347 1585 1470 1641 Vidi
1492 1629 1506 1651 ,
1558 1588 1830 1658 inquiens,

1937 416 2162 471 stratus,
2193 406 2322 477 quid
2375 416 2525 460 tuum
2577 421 2699 462 esse
2748 405 2932 460 dicere
2977 402 3147 468 vales,
3178 403 3290 474 ipse
3343 400 3518 456 alieno

1928 496 2038 566 juri
2093 497 2387 552 subactus?
2443 497 2597 552 Unde
2651 495 2876 564 pulchre
2907 495 3202 558 Dominus,
3251 490 3374 546 Non
3423 509 3518 559 po-

1935 589 2098 653 testis,
2149 589 2340 658 inquit,
2379 587 2487 642 Deo
2514 587 2707 641 servire
2751 596 2798 640 et
2838 599 3149 639 mammona:
3196 581 3410 651 (Matth.
3444 597 3517 640 vi,

1934 678 2059 748 2i);
2099 694 2220 734 cum
2267 678 2641 748 prremisisset,
2671 677 2813 747 quod
2848 691 3005 732 nemo
3049 673 3257 730 duobus
3284 673 3514 727 dominis

1935 768 2140 824 servire
2178 767 2404 823 valeret.

2007 861 2094 916 57.
2133 859 2260 924 Sed,
2292 875 2358 914 ne
2387 861 2508 929 quis
2535 875 2618 914 me
2651 869 2802 929 putet
2831 859 2972 914 istud
3000 857 3065 913 de
3103 856 3355 911 omnibus
3385 853 3518 906 divi-

1939 952 2078 1007 tibus
2099 951 2314 1014 dicere,
2343 949 2554 1004 noverit
2574 951 2679 1004 duo
2708 964 2908 1020 genera
2933 948 3158 1008 divitum
3181 957 3320 1009 esse,
3352 956 3517 995 unum

1935 1046 2222 1108 honorum,
2254 1042 2398 1096 aliud
2436 1042 2732 1105 malorum;
2777 1057 2941 1094 manu
2970 1038 3347 1108 superborum,
3377 1032 3519 1086 aliud

1937 1135 2242 1190 humilium.
2279 1132 2411 1200 Quis
2461 1133 2606 1186 enim
2649 1132 2856 1187 nesciat
2907 1131 3073 1185 David
3123 1139 3304 1196 regem
3353 1123 3518 1176 fuisse

1934 1226 2298 1282 ditissimum?
2330 1225 2604 1280 Abraham
2635 1232 2688 1278 et
2715 1223 2815 1277 Job
2843 1222 2963 1292 quis
2985 1233 3248 1292 pauperes
3276 1213 3518 1270 dixerit?

1935 1315 2001 1370 Et
2025 1325 2200 1369 tamen
2245 1314 2412 1370 David
2445 1315 2518 1368 ait
2547 1333 2558 1368 :
2599 1314 2711 1382 Ego
2751 1322 2924 1366 autent
2953 1325 3142 1380 egenus
3172 1322 3285 1360 sum
3314 1313 3361 1357 et
3385 1318 3518 1371 pau-

1935 1425 2026 1477 per
2058 1404 2230 1476 (I’sal.
2289 1422 2448 1471 LXII,
2487 1405 2560 1476 (i).
2611 1404 2888 1458 Abraham
2937 1402 3146 1454 etiam:
3191 1396 3401 1465 Loquar
3449 1392 3518 1443 ad

1935 1498 2218 1554 Dominum
2252 1484 2446 1566 meum,
2470 1515 2586 1552 cum
2616 1497 2711 1552 sint
2737 1494 2906 1566 pulvis
2931 1503 2978 1547 et
3018 1493 3147 1546 cinis
3169 1487 3326 1561 (Cen.
3363 1501 3516 1545 xvttt,

1935 1589 2050 1659 27).
2081 1589 2182 1646 Joh
2212 1598 2388 1645 autem
2418 1608 2430 1643 :
2459 1588 2515 1643 Si
2562 1587 2844 1657 contempsi
2883 1583 3150 1654 judicium
3183 1581 3356 1634 subire
3399 1593 3520 1630 cum

237 1674 456 1740 impium
494 1669 942 1744 superexnltatum
978 1686 1025 1730 et
1054 1676 1311 1732 eleuatum
1365 1679 1497 1732 sicut
1530 1679 1710 1733 cedrus
1735 1679 1827 1734 Li-
1861 1686 1904 1746 Β
1933 1697 2080 1735 servo
2113 1698 2224 1736 meo
2255 1691 2302 1735 et
2325 1680 2520 1734 ancilla
2567 1696 2708 1742 mea,
2735 1695 2856 1732 cum
2881 1678 3303 1745 disceptaverunt
3333 1669 3519 1723 adver-

238 1766 386 1828 bani,
431 1775 479 1818 et
512 1766 755 1830 transivi,
780 1776 827 1820 et
855 1784 968 1820 ecce
1000 1784 1103 1822 non
1138 1779 1250 1821 erat
1292 1783 1310 1820 :
1345 1770 1561 1838 qutesivi
1592 1787 1743 1836 cum,
1785 1780 1831 1824 et

235 1873 340 1909 non
389 1865 466 1910 est
500 1856 741 1910 iuventus
789 1856 932 1912 locus
985 1858 1099 1928 ejus
1129 1858 1300 1930 (Psal.
1344 1875 1532 1923 xxxvr,
1583 1861 1684 1924 55,
1716 1861 1829 1932 50).

239 1943 381 1999 Ecce
423 1961 556 1999 vero
587 1945 714 2011 alia,
768 1947 1018 2018 inquam,
1049 1947 1288 2002 domina.
1329 1948 1502 2016 Qua}?
1539 1948 1829 2019 Superbia,

234 2037 478 2106 inquam.
497 2037 636 2104 Quid
667 2039 812 2094 enim
833 2040 925 2094 tibi
956 2039 1240 2108 cujuslibet
1267 2041 1429 2096 faciet
1458 2045 1765 2114 despectus,
1784 2045 1828 2100 si

163 2187 180 2206 δ
236 2127 310 2178 tui
341 2141 571 2196 compos
599 2125 768 2182 fueris
791 2128 844 2181 in
867 2128 1171 2186 hmnilitale
1203 2132 1377 2187 fixus?
1413 2133 1562 2189 Mitte
1583 2134 1828 2202 jaculum

235 2219 286 2272 in
309 2218 624 2274 columnam
650 2236 1039 2287 marmoream,
1054 2233 1108 2277 et
1134 2223 1342 2278 videbis
1363 2227 1494 2295 quid
1521 2226 1632 2281 liet.
1652 2226 1826 2292 Modo,

233 2311 338 2374 ais,
371 2312 908 2382 gaudeo,'oblector,
939 2317 1183 2386 quiesco.
1212 2317 1352 2374 Ecce
1374 2318 1584 2374 luxuria
1613 2360 1630 2385 ,
1673 2320 1831 2375 tertia

233 2402 494 2468 domina;
528 2404 624 2458 sed
658 2404 791 2459 illud
823 2409 1041 2462 tertimn
1082 2409 1240 2475 rade;
1270 2426 1374 2465 non
1402 2411 1544 2464 enim
1570 2412 1830 2480 quiescis,

235 2510 333 2550 nec
361 2509 498 2549 vero
537 2497 657 2552 sine
699 2513 865 2554 causa
908 2499 1049 2555 Deus
1086 2501 1511 2558 sollicitudinem
1543 2503 1748 2558 divitiis
1776 2505 1832 2559 iu

237 2586 538 2660 Evangelio
573 2590 754 2661 jungit
804 2589 958 2662 (Luc.
990 2608 1110 2660 VIII,
1142 2593 1263 2663 14),
1288 2595 1389 2649 nisi
1422 2595 1548 2664 quia
1587 2596 1831 2650 omnium

236 2690 534 2750 penetrans
559 2683 746 2747 corda,
775 2683 926 2738 novit
962 2685 1167 2754 optime
1201 2701 1322 2755 quae
1358 2686 1588 2741 miseros
1636 2687 1831 2743 divites

233 2771 448 2825 cruciet
500 2787 652 2826 cura.
706 2772 936 2843 Sapiens
989 2791 1247 2846 quoque,
1288 2777 1380 2847 qui
1419 2778 1551 2832 dicit
1601 2793 1616 2832 :
1663 2778 1831 2834 Omne

230 2861 369 2928 quod
421 2862 792 2930 supereminet,
845 2863 964 2932 plus
1003 2867 1312 2920 maeroribus
1367 2868 1627 2938 a/ﬁcilur,
1673 2886 1830 2939 quant

231 2948 524 3003 honoribus
577 2951 844 3020 gaudeat;
884 2967 1225 3023 nequaquam
1279 2955 1382 3010 hoc
1431 2955 1671 3021 diceret,
1722 2957 1830 3012 nisi

1935 1789 2052 1826 sum
2092 1788 2172 1826 me
2197 1771 2340 1843 (Job.
2371 1788 2523 1837 xxxi,
2556 1770 2668 1842 15).
2699 1769 2834 1826 Vide
2860 1779 3063 1839 quanta
3095 1767 3150 1820 in
3192 1764 3297 1819 isto
3321 1775 3523 1834 genere

1935 1861 2164 1916 divitum
2209 1861 2509 1917 humilitas.
2556 1862 2630 1918 De
2669 1862 2775 1917 isto
2803 1874 3003 1930 genere
3033 1858 3261 1913 divitum
3290 1863 3375 1910 est
3408 1852 3518 1914 ille,

1933 1953 2000 2008 de
2049 1969 2157 2023 quo
2198 1953 2436 2009 dicitur:
2475 1953 2672 2010 Beatus
2715 1953 2805 2023 qui
2839 1950 3080 2021 intelligit
3113 1962 3271 2018 super
3304 1961 3522 2017 egenam

1931 2052 1979 2097 et
2021 2061 2302 2114 pauperem
2352 2043 2525 2114 (Psal.
2567 2061 2654 2107 XL,
2684 2043 2739 2112 2)
2768 2061 2781 2105 ;
2815 2053 2871 2098 et
2914 2041 3040 2096 alibi
3075 2059 3087 2094 :
3119 2038 3276 2094 Cedri
3309 2037 3523 2101 Libani,

1929 2149 2061 2203 quas
2107 2131 2364 2201 plantabit
2393 2133 2689 2198 Dominus,
2730 2132 2840 2186 illic
2888 2146 3125 2201 passeres
3174 2125 3520 2196 nidiﬁcabuut

1933 2221 2105 2294 (Psal.
2140 2237 2260 2287 cui,
2295 2222 2428 2291 I7);
2470 2223 2523 2276 id
2568 2233 2652 2277 est
2685 2229 2935 2292 potentes
2965 2220 3189 2291 quilibet
3215 2218 3267 2274 in
3300 2216 3520 2278 smculu,

1932 2315 1986 2368 in
2016 2329 2243 2383 quorum
2273 2313 2490 2384 prtediis
2538 2313 2843 2379 nidiﬁcant,
2869 2322 2928 2368 ut
2975 2312 3278 2382 Augustino
3303 2324 3519 2379 quoque

1930 2404 2128 2476 placet,
2160 2404 2212 2458 id
2257 2412 2340 2460 est
2369 2403 2569 2470 cellas,
2609 2413 2665 2459 et
2690 2405 2928 2460 oratoria
2958 2410 3277 2459 construunt
3329 2415 3522 2455 mona-

1932 2498 2040 2564 chi,
2081 2497 2319 2568 virgines
2346 2507 2400 2553 et
2426 2498 2621 2564 vidum,
2655 2497 2707 2552 in
2750 2498 2832 2552 eis
2859 2495 3100 2566 hospites
3129 2503 3186 2549 et
3223 2491 3516 2564 peregrini,

1934 2587 2154 2658 advenae
2191 2598 2246 2643 et
2280 2589 2504 2659 captivi,
2533 2597 2698 2659 atque
2755 2601 3020 2660 pauperes
3069 2585 3414 2656 colliguntur.
3446 2582 3520 2636 De

1933 2679 2037 2735 isto
2079 2694 2276 2749 genere
2313 2680 2539 2734 divitum
2588 2687 2673 2734 est
2717 2687 2772 2734 et
2813 2677 2938 2743 ille,
2980 2673 3136 2744 cujus
3187 2671 3520 2745 praeconium

1932 2773 2236 2828 istiusmodi
2291 2787 2321 2828 a
2363 2771 2656 2826 Psalmista
2713 2769 2872 2824 laude
2925 2766 3196 2823 effertur:
3235 2763 3418 2820 Gloria
3470 2773 3516 2818 et

1931 2865 2124 2919 divitia:
2158 2865 2212 2918 in
2252 2864 2408 2918 domo
2437 2863 2572 2933 ejus,
2606 2872 2654 2917 et
2673 2862 2889 2933 justitia
2911 2861 3027 2931 ejus
3057 2867 3228 2913 manet
3262 2859 3317 2911 in
3353 2873 3519 2911 sa'cu-

1931 2957 2038 3011 lum
2080 2957 2261 3012 seculi
2301 2955 2472 3029 (Psal.
2520 2972 2631 3022 exn,
2675 2955 2754 3027 5).
2790 2954 2936 3010 Istud
2987 2969 3157 3025 genus
3207 2966 3393 3008 eorum
3436 2960 3522 3004 est

232 3054 353 3108 qua:
393 3040 538 3095 mala
588 3043 784 3098 divites
827 3043 884 3098 in
934 3043 1141 3100 intimis
1183 3043 1461 3115 perferant
1498 3047 1702 3116 optime
1732 3062 1828 3103 no-
1855 3059 1900 3121 ε
1930 3045 2177 3112 divitmn,
2208 3048 2300 3117 qui
2326 3047 2398 3102 nil
2423 3048 2474 3102 in
2509 3047 2622 3103 suis
2654 3046 2857 3102 divitiis
2908 3044 3054 3099 aliud
3102 3044 3386 3114 requirunt
3416 3039 3522 3094 nisi

234 3140 433 3187 sceret.
466 3131 713 3204 Denique
745 3137 1086 3207 temetipsum
1109 3138 1479 3202 considerans,
1516 3147 1673 3209 teque
1702 3147 1827 3194 ante

233 3234 286 3279 te
335 3226 544 3296 proprii
594 3236 844 3283 statuens
874 3229 1338 3297 censurajudicii,
1389 3231 1662 3303 interroga
1706 3232 1827 3286 ani-

233 3331 382 3370 mum
413 3326 586 3380 tuum,
618 3318 746 3387 quid
779 3327 865 3373 est
918 3319 1058 3389 quod
1088 3336 1211 3374 eum
1244 3329 1526 3392 tantopere
1553 3332 1826 3395 angustat,

233 3409 362 3477 quid
391 3409 603 3479 vigilias
635 3418 820 3478 auget,
853 3425 1101 3465 somnum
1131 3411 1343 3474 aufert;
1373 3413 1502 3481 quid
1536 3422 1586 3467 te
1617 3415 1828 3468 discur-

235 3516 354 3556 rere
374 3500 524 3568 facit,
557 3503 875 3557 recumbere
904 3503 1206 3569 interdicit;
1241 3504 1472 3573 quasilla
1498 3505 1638 3560 inter
1667 3521 1818 3561 amo-

234 3609 350 3648 rem
382 3595 745 3664 timoremque
774 3595 1042 3658 confusio,
1073 3611 1193 3665 qua:
1225 3596 1557 3662 sollicitudo,
1591 3612 1820 3667 quaeque

235 3682 322 3736 illa
352 3683 544 3738 crebra
580 3684 849 3754 suspiria;
891 3693 946 3738 et
993 3684 1113 3739 luce
1162 3679 1362 3741 clarius
1392 3685 1618 3750 videbis,
1652 3703 1816 3756 quam

237 3789 375 3830 saeva
424 3775 818 3844 inquietudinis
847 3785 1000 3845 peste
1037 3775 1270 3843 labores,
1303 3778 1498 3847 quibus
1543 3779 1828 3849 cogitatio-

235 3881 361 3920 num
394 3866 718 3921 tumultibus
750 3868 993 3938 agiteris,
1044 3869 1240 3939 quibus
1284 3870 1536 3924 mceroris
1577 3870 1828 3940 procellis

236 3956 552 4026 impellaris,
598 3958 690 4028 qui
740 3967 792 4012 te
839 3960 1138 4029 quiescere,
1185 3959 1447 4014 obiectari
1499 3969 1552 4017 et
1594 3961 1830 4032 gaudere

241 4048 394 4104 dicis.
423 4049 575 4103 Licet
603 4050 750 4104 enim
775 4051 842 4104 ad
875 4060 1086 4120 tempus
1110 4050 1401 4116 delectent,
1438 4061 1698 4122 quantum
1731 4051 1828 4106 ali-

232 4140 448 4211 quando
497 4154 594 4194 cor
645 4138 926 4194 stimulent
964 4155 1094 4210 opes
1125 4151 1376 4208 terrenae,
1413 4142 1617 4213 optime
1663 4143 1826 4197 nosti.

232 4227 447 4285 Gaudes
491 4245 728 4300 namque
755 4232 880 4284 dum
923 4231 1181 4300 acquiris,
1223 4247 1420 4286 maeres
1449 4233 1574 4286 dum
1615 4233 1824 4301 perdis;

235 4317 460 4374 anhelas
483 4317 608 4372 dum
635 4318 830 4388 exigis,
852 4316 1113 4374 formidas
1130 4320 1254 4374 dum
1279 4320 1515 4389 exigeris
1535 4337 1549 4386 ;
1566 4318 1831 4392 ωηατ-

1931 3138 2358 3208 redemptionem
2389 3138 2720 3203 animarum,
2749 3138 3061 3207 victmnque
3083 3135 3186 3190 sibi
3217 3143 3379 3202 atque
3406 3133 3520 3187 suis

1931 3227 2320 3293 necessarium,
2354 3227 2742 3297 liberalemque
2773 3243 2952 3283 usum.
2999 3226 3090 3281 Isti
3123 3225 3250 3279 licet
3299 3225 3411 3279 sint
3440 3224 3518 3277 di-

1934 3319 2147 3385 tissimi,
2197 3335 2302 3374 non
2339 3329 2516 3374 tamen
2554 3329 2680 3374 sunt
2709 3318 3010 3388 pecuniosi,
3040 3317 3131 3388 qui
3157 3317 3312 3386 juxta
3341 3314 3523 3384 cujus.

1930 3410 2054 3464 dam
2094 3411 2356 3480 sapientis
2400 3409 2750 3474 sententiam,
2806 3408 3024 3464 divitias
3073 3421 3181 3461 non
3235 3413 3515 3474 appetunt,

1929 3503 2044 3568 sed,
2077 3504 2121 3556 si
2153 3501 2424 3565 alfuerint,
2457 3500 2859 3571 sapientissime
2893 3509 3055 3568 atque
3089 3497 3402 3552 cautissime
3425 3509 3522 3550 eas

1931 3593 2224 3662 disponunt
2277 3591 2432 3665 (Sap.
2469 3608 2587 3658 vnt,
2639 3591 2715 3663 5).
2763 3591 2838 3644 De
2877 3591 3074 3661 quibus
3113 3598 3170 3645 et
3220 3588 3456 3643 Isidorus
3502 3607 3515 3640 :

1933 3681 2090 3749 Sunt,
2119 3685 2215 3749 ait,
2253 3684 2469 3754 quidam
2503 3683 2698 3738 divites
2741 3682 3000 3746 humiles,
3032 3697 3169 3753 quos
3220 3696 3327 3736 non
3368 3679 3520 3734 inﬂat

1931 3773 2185 3843 superbia
2235 3788 2416 3829 rerum
2445 3813 2459 3839 ,
2507 3771 2671 3827 veluti
2719 3772 3038 3844 plerumque
3073 3772 3291 3826 fuerunt
3345 3770 3519 3824 sancti

1931 3867 2144 3922 Veteris
2203 3866 2565 3932 Testamenti,
2624 3867 2716 3936 qui
2767 3874 2822 3922 et
2869 3864 3162 3920 aliluebant
3210 3862 3432 3927 divitiis,
3468 3873 3524 3916 et

1932 3970 2112 4015 tamen
2155 3959 2462 4014 humilitate
2489 3958 2782 4030 pollebant.
2824 3957 3067 4027 Itemque
3117 3955 3185 4011 de
3231 3955 3516 4024 utrisque:

1930 4054 2057 4119 Alii,
2097 4054 2303 4123 inquit,
2354 4053 2420 4109 de
2459 4053 2621 4109 rebus
2671 4051 2925 4107 humanis
2958 4059 3226 4121 pereunt,
3259 4063 3394 4118 quas
3420 4063 3519 4103 cu-

1929 4147 2107 4217 pidius
2145 4151 2492 4209 amaverunt;
2544 4144 2636 4200 alii
2693 4144 2991 4209 salvantur,
3049 4145 3174 4200 dum
3222 4145 3278 4197 in
3325 4157 3516 4196 earum

1930 4237 2334 4308 pulchritudine
2388 4233 2698 4291 Conditoris
2753 4235 3176 4306 pulcherrimam
3227 4232 3521 4302 providen-

1935 4331 2064 4384 tiam
2094 4328 2400 4392 laudantes,
2431 4327 2734 4393 mirantur;
2782 4325 2868 4380 vel
2913 4326 3038 4380 dmn
3069 4340 3168 4396 per
3204 4323 3517 4379 misericor-

238 4409 468 4465 micoleo
517 4410 634 4482 (68)
667 4412 857 4480 utique
891 4427 991 4466 nec
1029 4408 1332 4477 dissimilis,
1380 4407 1607 4466 formica
1660 4411 1780 4466 aliis
1805 4451 1820 4477 ,
1854 4403 1902 4460 D
1930 4418 2030 4473 ἀίω
2069 4432 2205 4487 opus
2231 4417 2475 4472 cmlesua
2503 4432 2568 4472 ex
2597 4417 2677 4472 eis
2705 4416 2841 4470 bona
2883 4425 3220 4470 mercantur.

237 4499 352 4556 aliis
377 4502 461 4556 leo
487 4501 719 4556 videris.
765 4501 847 4556 Ad
879 4501 1152 4556 cumulum
1197 4518 1410 4572 quoque
1444 4503 1674 4558 miseria:
1705 4503 1826 4558 illos

237 4591 488 4646 formidas
525 4590 853 4660 saepissime,
877 4591 1072 4660 quibus
1106 4593 1348 4661 potentia
1377 4594 1828 4650 inmstimahiliter

239 4681 434 4738 videris
462 4693 732 4754 praestare
771 4701 784 4736 :
811 4683 951 4738 unde
975 4685 1192 4754 quidam
1231 4685 1651 4742 facundissime:
1684 4687 1830 4754 Quo-

236 4773 414 4842 modo,
432 4776 708 4845 inquit,et
728 4775 880 4830 dives
906 4778 1318 4846 quietus,quem
1345 4777 1458 4832 suis
1482 4779 1713 4833 stimulis
1739 4793 1828 4832 res

236 4864 383 4933 ipsa).
410 4881 478 4920 ne
522 4875 843 4930 careantur,
876 4850 1091 4936 semper
1132 4868 1342 4922 faciunt
1375 4869 1715 4938 inquietum?
1761 4869 1830 4924 Et

236 4953 355 5009 ideo
369 4955 538 5024 magis
553 4955 718 5026 elegit
736 4954 1002 5024 cupiditas
1027 4957 1329 5026 inquietum
1350 4964 1405 5010 et
1431 4957 1672 5013 timidum
1706 4972 1826 5014 esse

235 5044 475 5110 divitem,
507 5062 670 5116 quam
721 5060 998 5102 securum.
1030 5047 1181 5103 Unde
1212 5057 1267 5103 et
1300 5045 1530 5137 Seneca,
1579 5048 1818 5118 regibus,

237 5139 332 5204 ait,
354 5141 522 5195 multo
554 5139 710 5210 pejus
744 5147 1009 5207 estquam
1042 5142 1244 5208 servis;
1283 5142 1409 5208 quia
1441 5141 1526 5196 isti
1553 5141 1819 5212 singulos,

237 5229 310 5284 illi
359 5231 558 5287 multos
613 5232 828 5286 timent.
876 5229 932 5285 lu
970 5243 1118 5287 tanta
1162 5249 1295 5304 ergo
1336 5234 1500 5288 animi
1534 5235 1821 5304 perturba-

2003 4511 2094 4566 58.
2129 4509 2284 4564 Nunc
2308 4508 2476 4580 igitur
2501 4508 2632 4564 illud
2659 4507 2890 4564 alterum
2917 4506 3196 4562 videamus
3214 4547 3228 4571 ,
3248 4515 3302 4560 et
3325 4521 3519 4560 cavea-

1931 4615 2052 4654 mus
2073 4613 2244 4670 geuus
2265 4599 2520 4653 divitum:
2548 4598 2640 4654 Vw
2672 4598 2836 4663 vobis,
2854 4598 3026 4667 inquit
3049 4596 3519 4661 Dominus,diviti.

1933 4693 2049 4754 bus,
2067 4687 2191 4759 quia
2210 4686 2413 4742 habetis
2430 4689 2844 4742 consolationem
2871 4698 3092 4742 vestram
3121 4685 3271 4756 (Luc.
3305 4702 3384 4747 vi,
3401 4685 3514 4753 2i).

1934 4779 2002 4835 Et
2020 4779 2131 4852 44
2150 4780 2203 4834 in
2227 4779 2435 4848 psalmo
2461 4779 3165 4852 :Relinquent,ait,divitias
3191 4793 3334 4839 suas,
3367 4785 3415 4830 et
3438 4793 3522 4828 se-

1930 4872 2111 4941 pulcra
2134 4887 2314 4926 eorum
2341 4872 2534 4936 domus
2552 4871 2843 4946 illorumin
2860 4881 3112 4926 azternum
3131 4867 3302 4939 (Psal.
3324 4882 3492 4922 vatu

1931 4962 2020 5028 11,
2038 4963 2146 5034 12).
2173 4960 2418 5032 Itemque
2445 4961 2562 5018 :Ne
2587 4961 2982 5025 timueris,cum
3009 4961 3146 5014 dives
3160 4957 3332 5027 {actus
3361 4957 3516 5026 fuerit

1928 5054 2106 5120 homo,
2156 5061 2204 5107 et
2237 5070 2355 5108 cum
2408 5052 2762 5128 multiplicata
2799 5051 2957 5119 fuerit
2997 5050 3163 5120 gloria
3191 5048 3380 5104 domus
3406 5048 3523 5109 eius

1930 5143 2093 5215 (Ibid.
2147 5144 2259 5215 I7).
2296 5145 2366 5199 Et
2418 5154 2547 5212 post
2601 5157 2768 5217 pauca
2813 5159 2826 5193 :
2863 5139 3104 5194 Introibit
3151 5138 3204 5189 in
3251 5139 3527 5208 progenies

1929 5248 2142 5306 patrum
2189 5252 2448 5300 suorum,
2491 5255 2659 5312 usque
2690 5243 3019 5289 interemant
3073 5243 3173 5282 non
3212 5229 3402 5283 videbit
3445 5227 3528 5280 tu-
