4018 5406
558 274 656 331 1δῖ

1485 277 1813 335 RATIIERll
1855 276 2067 334 EPISC.
2113 274 2362 333 VERON.
2407 279 2557 337 OPP.
2601 281 2780 341 PARS
2822 283 2861 339 Ι.

3741 283 3846 342 188

553 404 611 454 x,
641 388 729 460 Al);
757 399 833 446 est
863 389 1015 463 quasi
1042 391 1205 457 dives,
1229 406 1346 445 cum
1385 391 1518 446 nihil
1560 393 1768 460 habeat,
1815 403 1862 448 et
1883 404 1958 449 est
2000 395 2151 467 quasi
2180 395 2228 456 A
2256 396 2481 453 avaritia
2505 413 2720 470 quoque
2742 398 2944 465 notari,
2963 404 3020 454 et
3043 399 3361 456 maliuhctns
3384 415 3416 456 a
3457 400 3596 457 facie
3659 401 3750 457 Dei
3787 411 3848 457 et

552 501 771 555 pauper,
800 502 917 539 cum
942 484 995 539 in
1018 486 1197 542 multis
1224 487 1418 543 divitiis
1442 488 1508 542 sit
1537 485 1724 560 (Prov.
1752 506 1870 557 xm,
1900 490 1979 563 7).
2032 490 2151 562 Ipse

553 590 769 646 quoque
800 575 997 630 iterum
1042 618 1053 630 .
1084 576 1188 643 Qui
1217 587 1464 647 operatur
1484 589 1681 634 terram
1718 598 1894 648 suam,
1943 592 2151 636 satura-

558 667 698 719 oitur
717 666 978 736 panibus;
1009 667 1100 738 qui
1136 678 1312 721 autem
1337 678 1570 724 sectatur
1592 672 1780 736 otium,
1807 673 2150 729 stultissimus

554 765 633 812 est
661 755 844 826 (Prov.
878 773 974 823 xu,
1006 759 1104 825 il;
1136 756 1301 812 Ec’cli.
1336 776 1429 824 xx,
1457 760 1579 830 50);
1607 769 1659 816 et
1698 780 1711 817 :
1762 761 1904 818 Vade
1941 765 2009 818 ad
2037 764 2149 832 {or-

555 848 772 912 micam,
803 864 833 901 ο
862 848 1029 919 piger,
1057 858 1105 903 et
1132 851 1408 904 considera
1431 851 1539 905 vias
1568 852 1684 921 ejus
1706 862 1753 909 et
1784 853 1925 906 disce
1946 854 2153 915 sapien-

557 942 717 1007 tiam;
741 957 877 1013 quat,
909 958 1026 995 cum
1050 959 1152 996 non
1173 942 1358 997 habeat
1387 943 1589 1008 ducent,
1642 960 1802 1016 neque
1845 946 2149 1016 principem,

555 1042 710 1104 parat
736 1043 917 1088 testate
948 1034 1117 1087 orbum
1139 1034 1238 1088 sibi
1292 1044 1340 1088 et
1367 1045 1641 1106 congregat
1687 1036 1743 1091 in
1799 1053 1962 1090 messe
2012 1037 2153 1107 quod

557 1126 815 1181 comedat.
847 1124 1145 1197 Usqtthuo,
1176 1128 1343 1199 piger,
1368 1128 1605 1184 dormis?
1627 1130 1842 1199 quando
1874 1146 2152 1199 consurges

557 1218 623 1273 de
650 1236 831 1274 somno
862 1228 952 1274 tuo
974 1219 999 1275 .9
1022 1218 1297 1288 paululum
1326 1221 1575 1286 dormies,
1599 1220 1871 1293 paululum
1902 1221 2154 1276 dormita-

559 1308 656 1371 bis,
686 1308 964 1378 paululum
994 1326 1231 1364 conseras
1259 1327 1467 1379 manus,
1503 1322 1559 1366 ut
1590 1313 1846 1375 dormias,
1895 1323 1942 1367 et
1991 1313 2154 1368 veniet

557 1400 651 1455 tibi
677 1401 828 1470 quasi
853 1401 1028 1471 major
1053 1413 1275 1470 egestas,
1299 1412 1345 1456 et
1371 1405 1646 1474 pauperies
1673 1405 1826 1475 quasi
1875 1406 1952 1459 vir
1978 1421 2160 1459 arma-

566 1501 650 1546 tus
688 1492 870 1561 (Prov.
899 1508 973 1558 Vl,
1019 1493 1193 1563 6-H).
1236 1494 1349 1549 Hoc.
1375 1510 1473 1567 per
1515 1496 1767 1551 ordinem
1816 1496 1888 1551 ita
1933 1496 2152 1566 protuli,

563 1594 623 1639 ut
652 1583 1002 1640 considerare
1043 1593 1095 1641 te
1141 1587 1486 1651 admoneam,
1534 1602 1656 1657 qua:
1704 1597 1755 1642 te
1803 1602 1968 1643 causa
2029 1586 2158 1642 facit

570 1672 908 1738 mendicare,
937 1689 1006 1729 ne
1035 1674 1282 1739 forsitan,
1318 1685 1377 1728 ut
1419 1675 1591 1741 multi,
1634 1676 1736 1731 sub
1780 1677 1883 1733 hoc
1935 1676 2156 1734 obtentu

2253 497 2564 544 sanctorum
2587 492 2848 547 merearis
2875 492 3230 561 sequestrari.
3259 490 3392 547 Nam
3419 507 3519 548 nec
3543 500 3597 547 te
3621 508 3652 547 a
3680 494 3848 549 mise-

2252 579 2500 636 ricordiae
2527 583 2782 653 operibus
2832 583 3031 639 debere
3078 598 3272 639 vacare
3320 583 3485 648 scias,
3539 584 3847 640 certissime

2253 672 2482 728 Domino
2501 683 2752 739 testante,
2783 675 2907 744 quia
2932 674 3158 730 calicem
3180 692 3331 747 aqum
3353 674 3561 746 frigida:
3592 677 3847 746 proximo

2250 764 2527 836 porrigere
2557 780 2660 820 non
2697 775 2847 821 caret
2874 768 3122 822 mercede
3144 766 3360 827 (Matth.
3390 784 3446 835 x,
3468 768 3585 840 41).
3614 768 3849 838 Angelo-

2252 871 2372 910 rum
2410 870 2626 926 quoque
2653 856 2928 912 canticum
2958 858 3010 911 in
3053 857 3346 929 Evangelio
3378 859 3628 914 invenis:
3661 857 3849 912 Gloria

2254 945 2306 1000 in
2332 946 2550 1001 excelsis
2581 946 2710 1011 Deo,
2738 947 3053 1012 dicentium,
3075 958 3124 1001 et
3153 949 3207 1002 in
3248 957 3389 1004 terra
3415 965 3521 1018 pax
3548 949 3850 1003 hominibus

2255 1037 2401 1091 bona:
2429 1036 2709 1091 voluntatis
2739 1036 2890 1109 (Luc.
2917 1054 2977 1104 ll,
3009 1036 3118 1107 14).
3146 1037 3299 1094 Unde
3323 1047 3377 1093 et
3411 1036 3651 1093 Joannes
3675 1038 3851 1108 Chry-

2254 1138 2528 1184 sostomus
2559 1144 2710 1184 more
2759 1145 2859 1185 suo
2901 1128 3289 1186 facundissime
3340 1131 3417 1185 ait
3444 1146 3456 1184 ;
3488 1150 3507 1182 ι
3540 1129 3619 1185 Ne
3666 1139 3853 1200 posset

2254 1221 2566 1291 quisquam,
2593 1223 2864 1292 inquiens,
2913 1239 3021 1278 non
3058 1223 3292 1279 habendi
3322 1225 3683 1280 excusatione
3729 1240 3853 1295 pur-

2254 1314 2392 1384 gari,
2451 1316 2688 1385 gratuita
2742 1315 3136 1370 misericordia:
3181 1316 3493 1373 indicuntur
3540 1316 3743 1384 cilicia,
3795 1326 3855 1372 ut

2255 1408 2572 1461 ostendatur
2591 1406 2876 1461 Dominum
2896 1406 3029 1476 ipsis
3046 1408 3207 1461 etiam
3235 1407 3562 1478 pauperibus
3584 1407 3851 1478 operandi

2257 1495 2582 1565 imposuisse
2604 1496 2886 1566 obsequia.
2910 1497 3144 1552 Calicem
3163 1512 3317 1567 aqum
3340 1489 3855 1567 frigidm'prophetze

2255 1589 2556 1661 porrigere,
2580 1590 2862 1659 praemium
2884 1590 3161 1659 pr0pheta:
3179 1588 3543 1658 promittitur;
3561 1598 3850 1658 :cgrotum,

2262 1681 2346 1735 vel
2385 1681 2439 1735 in
2467 1693 2686 1737 carcere
2715 1679 3069 1735 constitutum
3105 1679 3329 1734 visitare
3354 1720 3369 1743 ,
3419 1679 3587 1733 Deum
3625 1679 3856 1734 visitare

556 1759 671 1832 48
693 1761 908 1818 divitias
936 1764 1067 1820 velis
1099 1780 1453 1837 congregare,
1486 1775 1579 1821 aut
1601 1768 1843 1838 segnitia:
1863 1768 2154 1824 deservire.
2188 1748 2234 1809 Β
2261 1782 2365 1837 est,
2408 1783 2468 1828 ut
2495 1774 2667 1843 possit
2695 1788 2795 1843 pro
2836 1772 2978 1826 bona
3016 1770 3294 1827 voluntate
3344 1772 3716 1836 remunerari,
3759 1769 3857 1840 qui

566 1850 708 1907 Sunt
736 1867 864 1909 vero
894 1862 950 1909 et
980 1856 1153 1923 multi,
1196 1866 1256 1911 ut
1284 1858 1534 1927 superius
1589 1858 1807 1924 audisti,
1873 1874 2155 1930 pauperes,

568 1959 801 2015 quorum
834 1947 1083 2017 superbia
1129 1947 1419 2004 elationem
1459 1949 1684 2005 divitum
1734 1950 1978 2016 excedit;
2037 1965 2158 2006 cum

559 2044 787 2090 econtra
831 2035 944 2091 sint
975 2037 1196 2104 divites,
1248 2054 1479 2108 quorum
1530 2040 1807 2097 humilitas
1863 2040 2157 2096 multorum

560 2136 861 2195 pauperum
915 2131 1389 2186 mansuetudinem
1444 2131 1615 2187 vincit
1663 2149 1677 2186 :
1729 2132 1869 2188 unde
1933 2130 2160 2203 pulchre

563 2218 777 2276 Veritas
804 2219 977 2277 dicit:
1007 2220 1160 2278 Beati
1177 2239 1432 2294 pauperes
1460 2224 1671 2295 spiritu,
1712 2224 1961 2295 quoniam
2012 2224 2157 2293 ipso-

560 2326 677 2363 ritus
705 2321 779 2365 est
806 2328 1020 2383 regnum
1043 2312 1287 2368 caelorum
1333 2313 1549 2385 (Matth.
1583 2331 1636 2380 v,
1671 2316 1750 2384 '5),
1787 2324 1845 2370 ut
1890 2314 2159 2388 intelligas

560 2404 824 2474 quosdam
866 2405 1173 2462 miserrima
1211 2406 1524 2462 conditione
1588 2406 1943 2477 paupertatis,
1986 2416 2040 2463 et
2073 2406 2160 2463 hic

561 2501 742 2559 ιιι-ουιί
772 2502 984 2574 gaudiis
1010 2503 1080 2559 ob
1106 2503 1343 2572 inopiam
1371 2517 1575 2566 rerum,
1600 2510 1658 2557 ct
1688 2502 1740 2556 in
1774 2501 1957 2557 futuro
1986 2516 2156 2572 regno

567 2596 659 2651 Dei
704 2596 776 2650 ob
828 2595 1144 2648 meritorum
1198 2595 1494 2665 nequitiam
1561 2592 1883 2657 fraudatos,
1939 2593 2008 2647 ab
2059 2593 2162 2648 hac

562 2683 901 2741 beatitudine
951 2691 1199 2739 extorres
1219 2699 1341 2739 esse
1382 2692 1437 2737 ct
1491 2681 1706 2753 penitus
1753 2680 1977 2737 alienos.
2026 2680 2161 2737 lliuc

562 2781 648 2829 est
674 2771 805 2827 illud
834 2771 1107 2841 Sapientis
1138 2792 1151 2826 :
1187 2771 1334 2827 Bona
1364 2782 1440 2827 est
1467 2771 1785 2838 substantia,
1820 2773 1907 2827 cui
1940 2788 2044 2827 non
2083 2782 2158 2828 est

562 2871 832 2933 peccatum
858 2863 911 2917 in
933 2863 1272 2929 conscientia,
1305 2873 1354 2919 et
1409 2863 1726 2935 nequissima
1779 2873 2060 2935 paupertas
2102 2865 2161 2921 in

564 2972 656 3011 ore
674 2956 825 3026 impii
858 2955 1048 3029 (Eccli.
1074 2973 1193 3023 xm,
1225 2957 1336 3029 50).
1398 2956 1552 3014 Unde
1581 2968 1638 3014 et
1665 2958 2032 3032 Hieronymus
2078 2959 2160 3015 lu-

564 3044 937 3102 culentissime
972 3066 984 3101 :
1020 3065 1040 3100 ι
1068 3046 1177 3103 Nec
1223 3046 1394 3112 diviti,
1429 3048 1622 3118 inquit,
1653 3050 1857 3105 obsunt
1906 3064 2062 3121 opes,
2108 3061 2155 3117 si

564 3135 646 3190 eis
682 3135 821 3192 bene
846 3145 1063 3203 utatur;
1089 3152 1187 3192 nec
1210 3152 1502 3208 pauperem
1549 3146 1764 3208 egestas
1813 3140 2165 3194 commenda-

570 3225 819 3289 biliorcm
851 3229 1047 3293 reddit,
1075 3229 1120 3284 si
1144 3229 1287 3283 inter
1313 3228 1501 3284 sordes
1551 3238 1606 3285 et
1656 3230 1890 3300 inopiam
1939 3237 2161 3301 peccata

579 3335 686 3375 non
719 3329 929 3376 caveat.
954 3341 973 3373 ι
1005 3320 1086 3376 Ad
1116 3321 1396 3392 utriusque
1420 3322 1494 3377 rei
1521 3322 1887 3378 testimonium
1909 3332 1964 3377 et
1983 3322 2159 3378 Abra-

570 3408 695 3463 ham
738 3419 792 3464 ct
833 3408 970 3482 (76).
990 3450 1004 3464 .
1025 3449 1038 3461 .
1061 3448 1076 3464 .
1097 3449 1111 3465 .
1145 3411 1458 3481 quotidiana
1485 3412 1729 3484 exempla
1777 3413 2160 3482 suppeditant,

571 3513 803 3567 quorum
843 3500 985 3555 alter
1036 3501 1090 3556 in
1122 3502 1352 3557 summis
1401 3503 1602 3558 divitiis
1634 3503 1843 3558 amicus
1892 3503 1986 3558 Dei
2030 3503 2161 3569 fuit,

572 3589 660 3643 alii
683 3590 923 3659 quotidie
960 3591 1014 3645 in
1042 3591 1342 3647 sceleribus
1380 3593 1739 3664 deprehensi,
1795 3607 1985 3663 poenas
2034 3593 2164 3664 legi-

570 3680 672 3734 bus
693 3679 927 3737 solvunt.
963 3680 1099 3738 Hinc
1122 3692 1179 3737 et
1220 3682 1500 3739 Isidorus:
1548 3701 1566 3735 ι
1606 3683 1700 3739 Est
1749 3682 1912 3739 elatio
1965 3699 2166 3753 paupe-

576 3787 717 3837 rma,
744 3785 881 3843 quos
909 3789 1010 3829 nec
1034 3774 1237 3829 divitia:
1290 3775 1529 3841 elevant,
1583 3784 1639 3832 et
1683 3776 1930 3830 voluntas
1983 3776 2036 3830 in
2084 3776 2165 3832 eis

570 3863 694 3923 sala
714 3865 965 3935 superbia
987 3873 1089 3921 est.
1121 3866 1217 3921 His
1250 3866 1349 3922 etsi
1372 3880 1503 3936 opes
1521 3865 1737 3929 desunt,
1766 3875 1985 3936 propter
2016 3881 2170 3921 meu-

576 3957 650 4012 tis
685 3965 863 4011 tamen
902 3966 1173 4013 tumorem
1196 3997 1211 4023 ,
1254 3957 1537 4028 plusquam
1568 3957 1787 4027 superbi
1816 3957 2010 4012 divites
2038 3973 2166 4013 con-

581 4047 925 4103 demnamur.
968 4067 987 4100 ε
1028 4046 1364 4120 Augustinus
1392 4064 1610 4119 quoque
1638 4049 1803 4105 etiam
1851 4049 1918 4104 de
1977 4049 2170 4104 debili-

579 4139 680 4193 bus
707 4154 874 4210 agens
901 4157 915 4193 :
946 4160 964 4192 ι
993 4140 1056 4204 0,
1088 4139 1284 4211 inquit,
1313 4150 1515 4211 quanta
1544 4140 1683 4195 mala
1737 4139 1947 4195 faciunt
1996 4141 2124 4195 catei
2151 4141 2164 4194 !

579 4248 611 4293 ε
652 4234 847 4301 quibus
870 4233 1026 4289 malis
1054 4234 1292 4289 abstinet
1317 4248 1471 4289 mens
1500 4233 1660 4289 mala.
1702 4253 1722 4285 ε

649 4323 738 4381 δι.
775 4323 870 4380 llis
907 4325 978 4379 ita
1010 4340 1069 4380 se
1090 4325 1432 4391 habentibus,
1465 4334 1669 4396 satage,
1702 4339 1852 4397 rogo,
1886 4333 1940 4380 et
1969 4332 2024 4378 tu
2070 4339 2168 4395 pro

585 4430 748 4494 posse
774 4416 884 4472 Deo
910 4415 963 4471 in
997 4416 1303 4472 humilitate
1323 4416 1552 4483 servire,
1577 4425 1637 4471 ut
1690 4431 1812 4471 cum
1866 4415 2057 4471 ovibus
2114 4414 2165 4468 in

583 4508 808 4571 dextera
837 4508 891 4564 in
917 4508 1006 4564 illo
1026 4524 1279 4580 supremo
1299 4510 1550 4565 examine
1584 4509 1731 4580 poni,
1766 4517 1822 4565 et
1868 4507 2038 4562 frater
2080 4514 2166 4562 at-

583 4615 688 4668 que
718 4592 1032 4657 benedictus
1061 4616 1091 4655 a
1119 4602 1596 4672 summojustoque
1619 4599 1808 4656 lodice
1832 4599 2035 4664 vocari,
2061 4614 2167 4653 non

587 4705 708 4758 euut
756 4690 924 4749 [undis
980 4701 1200 4764 propter
1254 4691 1562 4762 superbiam
1620 4692 1674 4746 iu
1722 4690 1941 4747 sinistra
1980 4689 2169 4757 locari,

658 4929 770 5002 (76)
798 4932 973 5004 Locus
1001 4933 1231 4993 hiulcus.
1266 4934 1632 5004 Supplendum
1659 4934 1956 5004 iniquorum
1978 4948 2172 5001 paupe-

585 5003 839 5074 ruuttvcl
865 5003 1064 5073 furum,
1091 5014 1185 5057 aut
1204 5003 1404 5074 aliquid
1434 5005 1629 5060 simile.

658 5070 770 5141 (77)
799 5070 1519 5144 llicexpungere‘accipitur
1556 5090 1655 5144 pro
1705 5072 1996 5144 discutere,
2038 5086 2172 5144 (ιδεμ

589 5139 817 5229 titillare,
846 5143 922 5197 uti
947 5139 1086 5213 apud
1107 5139 1433 5200 Suetonium
1464 5144 1518 5198 in
1542 5139 1766 5230 Claudio
1818 5157 1869 5221 et
2041 5140 2174 5230 Cum

2258 1866 2330 1920 de
2355 1863 2661 1919 substantia
2687 1877 2798 1917 non
2837 1870 3013 1931 potest
3040 1861 3306 1926 misereri,
3363 1870 3422 1914 ut
3468 1859 3579 1928 jam
3637 1868 3854 1915 constet

2260 1971 2361 2027 pro
2387 1955 2739 2027 qualitatibus
2761 1954 3061 2017 hominum,
3092 1951 3480 2008 misericordiae
3510 1967 3619 2006 non
3643 1952 3857 2006 debere

2260 2048 2432 2103 cilicia
2453 2062 2688 2110 cessare,
2721 2055 2781 2101 ut
2818 2045 3192 2101 laborantibus
3220 2036 3445 2115 praemia
3471 2044 3683 2114 possint
3704 2058 3857 2098 com-

2259 2140 2474 2209 pensari
2533 2136 2808 2205 caelestia;
2871 2145 3073 2192 utcum
3131 2136 3398 2206 cmperint
3470 2135 3856 2191 misericordes

2259 2231 2492 2303 expungi
2543 2229 2701 2302 (77),
2767 2240 2822 2285 et
2845 2229 3058 2285 steriles
3109 2228 3479 2289 condemnari,
3521 2236 3577 2282 et
3630 2228 3855 2282 miseri-

2258 2339 2382 2381 cors
2431 2324 2558 2393 quia
2606 2323 2861 2377 misertus
2887 2329 2991 2386 εει,
3034 2320 3285 2392 gaudeat,
3321 2328 3374 2375 et
3395 2317 3595 2375 sterilis
3639 2331 3851 2389 poenas,

2260 2430 2398 2487 quas
2416 2431 2523 2471 non
2550 2415 2806 2485 speravit,
2833 2413 3092 2468 inveniat.
3128 2432 3147 2465 ι
3182 2412 3296 2468 Hoc
3324 2413 3506 2481 itaque
3535 2423 3718 2468 tecum
3745 2421 3853 2466 tra-

2260 2515 2434 2570 ctans,
2469 2514 2633 2575 atque
2652 2504 2802 2560 omni
2852 2505 3206 2560 excusatione
3264 2504 3592 2576 posthabita,
3635 2504 3853 2558 etiamsi

2262 2605 2486 2650 truncus
2512 2594 2646 2665 (78),
2682 2594 2941 2664 omnique
2969 2595 3336 2650 membrorum
3383 2592 3562 2650 ofﬁcio
3612 2593 3729 2666 49
3778 2594 3859 2648 sis

2260 2688 2475 2759 penitus
2501 2687 2813 2752 destitutus,
2847 2695 3054 2742 tantum
3079 2686 3289 2758 integer
3308 2685 3533 2741 interior
3560 2685 3633 2740 sit
3658 2699 3859 2741 sensus

2262 2779 2586 2845 deliberans,
2615 2778 2875 2850 quidquid
2899 2786 3072 2848 potes,
3094 2778 3231 2833 οιτον
3274 2776 3406 2841 Deo,
3433 2775 3652 2831 sedulus
3670 2776 3856 2830 sciens

2261 2868 2514 2925 omnibus
2535 2877 2588 2923 te
2617 2881 2832 2938 quoque
2858 2867 3158 2923 debitorem
3206 2866 3342 2932 fore,
3399 2881 3629 2936 quorum
3690 2864 3861 2921 aleris

2264 2959 2587 3031 sumptibus.
2618 2956 2709 3015 Va:
2729 2966 2909 3014 autem
2942 2959 3060 3025 tibi,
3085 2959 3129 3014 si
3154 2967 3244 3015 tuo
3270 2967 3422 3028 potes
3441 2958 3623 3012 vivere
3643 2954 3860 3018 labore,

2266 3062 2323 3111 et
2351 3054 2570 3109 alterius
2598 3052 2796 3108 frueris
2823 3052 3027 3108 desidia
3058 3060 3277 3122 torpens
3299 3065 3484 3122 opere.
3529 3049 3638 3105 Sed
3700 3048 3860 3102 inﬁr-

2269 3143 2433 3198 mitas
2462 3158 2549 3197 me
2577 3142 2742 3212 cogit,
2768 3141 2921 3196 dicis.
2944 3143 3056 3212 Age
3077 3156 3208 3210 ergo
3236 3141 3347 3195 Deo
3392 3142 3597 3211 gratias
3629 3145 3688 3193 et
3732 3132 3863 3191 'vide

2265 3247 2334 3289 ne
2365 3248 2691 3299 murmurcs,
2721 3241 2777 3287 ct
2803 3247 2897 3287 ora
2928 3247 3027 3301 pro
3052 3233 3154 3295 his,
3188 3246 3420 3302 quorum
3475 3229 3672 3301 opibus
3726 3241 3862 3281 con-

2261 3325 2457 3381 tineris
2487 3326 2619 3398 (79).
2654 3325 2831 3380 Sanus
2854 3324 3070 3394 quidem
3096 3339 3242 3383 sum.
3265 3323 3364 3387 ais,
3423 3321 3516 3378 sed
3564 3318 3863 3375 multitudo

2266 3433 2354 3472 me
2378 3417 2634 3487 opprimit
2662 3416 2916 3471 filiorum.
2942 3414 2999 3470 Si
3051 3423 3224 3485 potes,
3278 3415 3521 3484 inquam,
3571 3427 3697 3467 cum
3728 3425 3862 3467 oon.

2265 3521 2425 3561 sensu
2452 3506 2636 3562 uxoris
2652 3514 2711 3561 te
2739 3506 2975 3568 contine.
3000 3513 3056 3560 et
3077 3505 3258 3559 labora
3290 3504 3558 3567 manibus,
3613 3501 3760 3556 unde
3807 3511 3866 3555 et

2267 3604 2322 3651 te
2349 3604 2400 3649 et
2429 3596 2563 3651 alios
2593 3595 2772 3651 valeas
2801 3603 3126 3650 sustentare.
3162 3592 3404 3663 Nequeo,
3429 3593 3628 3663 inquis.
3658 3591 3864 3662 Plange

2265 3702 2398 3760 ergo
2426 3689 2648 3753 vitium,
2682 3702 2849 3759 grave
2873 3688 3017 3741 enim
3048 3695 3103 3742 et
3132 3686 3235 3741 hoc
3272 3693 3356 3741 est
3398 3684 3804 3740 incommodum
3847 3700 3860 3712 ·

2269 3779 2516 3835 mendica
2558 3779 2702 3848 quod
2754 3776 2974 3843 sufﬁcit,
3033 3786 3090 3832 et
3147 3791 3276 3833 cave
3322 3773 3862 3847 supereilluentiam;

2224 3871 2233 3878 ’
2268 3882 2391 3936 vide
2425 3896 2492 3936 ne
2513 3895 2698 3935 mures
2717 3879 2911 3935 exinde
2933 3894 3124 3951 pascas
3147 3887 3202 3934 et
3230 3893 3459 3934 vermes.
3519 3875 3600 3932 Tu
3643 3876 3739 3947 qui
3780 3890 3866 3930 sa-

2271 3996 2375 4036 nus
2401 3995 2482 4046 es,
2512 3979 2727 4035 subleva
2760 3988 3008 4044 caeteros,
3033 3978 3188 4033 visita
3213 3978 3478 4043 inﬁrmos,
3503 3975 3673 4047 sepeli
3716 3990 3866 4031 mor-

2272 4090 2412 4145 tuos,
2441 4081 2645 4150 partire
2675 4095 2797 4136 cum
2825 4078 3076 4134 omnibus
3121 4077 3551 4133 benedictionem
3600 4077 3696 4132 tibi
3750 4075 3864 4132 col-

2271 4178 2437 4233 latam
2464 4178 2710 4243 Domini;
2743 4187 2861 4233 esto
2890 4177 3049 4234 caecis
3078 4177 3290 4242 oculus,
3312 4176 3491 4232 surdis
3508 4176 3676 4241 auris,
3703 4176 3871 4231 mutis

2273 4282 2478 4355 lingua,
2509 4282 2715 4339 claudis
2746 4295 2874 4354 pes;
2904 4296 3081 4352 neque
3110 4281 3186 4336 sis
3210 4296 3447 4351 unquam
3491 4280 3564 4336 tui
3601 4296 3773 4336 causa
3803 4280 3869 4337 de

2275 4388 2515 4445 crastino
2537 4386 2816 4443 sollicitus.
2848 4384 2905 4441 Si
2949 4394 3034 4441 est
3082 4386 3167 4441 via
3217 4386 3314 4441 tibi
3353 4384 3509 4456 juxta
3555 4382 3868 4446 ecclesiam,

2278 4504 2411 4546 cave
2435 4497 2800 4560 pertranseas,
2827 4487 2999 4545 donec
3017 4496 3073 4543 et
3103 4487 3215 4544 illic
3231 4487 3439 4544 scilicet
3467 4487 3745 4542 mendicos
3777 4484 3869 4541 tibi

2278 4607 2377 4662 pro
2436 4590 2751 4646 excessibus
2798 4588 3037 4654 veniam,
3098 4596 3153 4644 et
3203 4586 3645 4644 benefactoribus
3705 4586 3871 4643 vitam

2279 4700 2554 4751 aeternam.

2278 4945 2515 4988 truncus.
2550 4933 2699 4988 Hanc
2727 4932 3075 5002 marginalem
3098 4932 3403 5002 lectionem,
3446 4947 3608 5002 quam
3670 4931 3874 5002 codicis

2279 5019 2400 5059 esse
2426 5004 2782 5066 arbitramur,
2842 5000 3045 5057 idcirco
3096 5000 3633 5073 praetulimus,‘quia
3692 5000 3873 5073 sensui

2280 5076 2453 5144 magis
2474 5074 2717 5144 cohaeret
2744 5073 2958 5144 :_trunci
2988 5070 3133 5126 enim
3164 5074 3422 5144 dicuntur
3442 5072 3722 5133 homines,
3782 5070 3873 5139 qui

2280 5142 2465 5230 aliqua
2481 5143 2724 5230 membro
2746 5142 2953 5198 debiles
2977 5150 3069 5230 aut
3090 5142 3260 5197 mutili
3284 5152 3428 5197 sunt.

3494 5209 3627 5230 -..--.I
3656 5207 3689 5230 ο
3745 5208 3848 5230 βαρ
