4018 5406
154 306 271 362 189

1125 313 1694 382 Ριιρειορυιοιιυδι
1734 319 1915 374 LIBRI
1953 320 2106 376 SEX.
2153 351 2220 362 -—-
2259 322 2385 377 LIB.
2428 323 2485 377 Il.

521 453 2492 484 .._...______________________________

3344 325 3444 382 I90

2493 472 3439 498 _.........._.._________.

997 651 1458 743 INCIPIT
1529 655 1890 746 LIBER
1961 658 2611 753 SECUNDUS.

158 862 925 947 Cantiae!quoqueistud
953 865 1076 925 lucc
1111 866 1530 946 Prwloquium
1566 891 1584 928 :
1625 869 1678 938 l,
1719 868 1961 937 Virum,-
1999 871 2090 941 Il,
2127 871 2472 941 Mulierem;
2499 871 2628 944 111,
2658 873 2986 944 Maritum;
3020 879 3121 947 IV,
3152 879 3441 947 Uxorem:

253 941 316 1037 ξς,
359 940 671 1037 Qtelibepi;
711 944 1092 1037 l'lsnPa't‘re-m
1130 954 1183 1003 et
1229 940 1694 1037 ᾹζιίιτνεημλῖίΙΙ,
1737 947 2083 1037 Ιθίιὶιιιηυςι-
2100 951 2329 1037 filiam
2352 973 2371 1019 ;
2413 940 2918 1028 l'lII,'I’iduam;
2956 940 3070 1030 ῘΧ,
3112 940 3441 1037 Virginem}

244 1019 321 1091 Χ,
356 1019 732 1091 Parvulum;
767 1022 880 1095 XI,
920 1021 1214 1093 Puerum;
1244 1025 1397 1096 XII,
1438 1024 1918 1094 Adolesccntcm;
1950 1027 2145 1103 XIII,
2184 1030 2419 1091 Senem.

232 1331 476 1386 DeCurso
496 1370 510 1391 ,
545 1331 681 1384 duce
712 1335 795 1392 te,
827 1327 998 1392 Deus,
1045 1327 1284 1382 breviter
1316 1329 1528 1398 primo,
1560 1345 1754 1383 secun-
1782 1334 1828 1392 Α
1861 1341 1979 1386 tcns
2008 1334 2311 1389 clementia:
2332 1376 2345 1399 ,
2377 1335 2532 1405 cujus
2554 1337 2619 1390 ad
2647 1347 2836 1393 nututn
2876 1348 3067 1396 cuncta
3113 1344 3234 1398 novi
3264 1345 3444 1400 favere

156 1423 286 1475 dum
314 1422 382 1477 de
420 1430 475 1476 te
502 1435 720 1490 quoque
755 1420 932 1474 adhuc
974 1434 1341 1488 pnesumens,
1374 1420 1755 1476 incunctanter

155 1511 399 1567 libellum
432 1513 579 1566 hunc
603 1511 886 1582 aggredior
912 1511 1201 1578 modicum,
1233 1526 1328 1580 per
1350 1510 1550 1564 nullius
1572 1510 1756 1565 multi-

156 1602 401 1671 loquinm
426 1602 542 1671 (80)
572 1600 944 1669 mmstiloquns
966 1640 981 1665 ,
1035 1600 1238 1671 maj'ire
1268 1600 1349 1656 sui
1391 1608 1541 1670 parte
1571 1600 1709 1655 lecta
1738 1641 1753 1664 ,

154 1690 500 1759 aliquantula
531 1705 663 1745 vero
689 1698 968 1758 comperta
995 1689 1270 1756 dicturus,
1303 1705 1426 1745 cum
1458 1689 1667 1745 scilicet
1688 1689 1756 1742 ab

157 1783 406 1837 infantia:
452 1781 772 1853 crepusculo
822 1783 873 1836 in
921 1782 1064 1836 hunc
1105 1782 1282 1835 aetatis
1332 1779 1445 1836 fere
1493 1783 1757 1836 deductus

160 1873 457 1928 meridiem
477 1914 490 1936 ,
526 1890 724 1927 czecam
755 1873 930 1927 adhuc
963 1889 1184 1927 casuum
1215 1873 1548 1928 diversorum
1582 1874 1758 1943 patiar

157 1973 414 2028 noctem,
442 1965 784 2033 trimodoque
815 1964 926 2034 (8|)
963 1974 1208 2020 retrusus
1234 1967 1576 2035 constringar
1602 1981 1756 2036 erga-

155 2055 340 2116 stulo,
388 2055 481 2124 qui
513 2069 542 2108 e
579 2055 823 2108 tenebris
856 2055 1170 2119 liberanda,
1218 2053 1284 2108 ad
1331 2055 1620 2124 lumenque
1652 2065 1757 2110 tuae

156 2143 394 2199 visionis
424 2143 532 2215 50
554 2143 876 2199 admirabile
907 2145 1157 2199 vocando
1184 2145 1454 2214 quondam
1481 2146 1757 2201 institutus

157 2234 394 2290 videbar
435 2235 666 2304 populo,
698 2233 993 2289 frustratus
1038 2235 1220 2306 gregis
1267 2236 1578 2303 consortio,
1629 2237 1756 2306 quia

157 2342 288 2380 eum
317 2326 600 2382 insidianti
632 2325 715 2397 (ut
751 2325 943 2390 fertur,
974 2334 1026 2381 et
1060 2327 1266 2381 utinam
1302 2329 1568 2382 veraciter
1615 2329 1758 2384 dice-

161 2418 340 2490 retur)
374 2417 522 2473 nolui
558 2419 898 2473 committere
951 2419 1076 2488 lupo
1122 2419 1268 2492 (82);
1315 2421 1594 2490 expositus
1629 2439 1758 2494 sup-

157 2512 364 2582 plicio,
397 2511 524 2580 quia
569 2511 744 2566 solum
794 2525 920 2565 eum
972 2527 1243 2580 exponere
1280 2511 1430 2565 timui
1481 2513 1753 2582 periculo;

161 2604 356 2659 szcculi
405 2605 664 2659 snbactns
697 2603 936 2658 dominio
957 2644 972 2667 ,
1019 2603 1144 2671 quia
1175 2619 1261 2659 me
1311 2604 1403 2658 tibi
1434 2603 1530 2658 soli
1563 2603 1755 2674 subjici

1860 1420 1920 1494 [ι.
1951 1423 2112 1495 fieri].

2355 1565 2479 1620 Τιτ.
2522 1566 2560 1621 I.
2583 1594 2654 1604 ---
2681 1567 2756 1622 De
2786 1570 2909 1623 tiri:

1927 1701 1982 1756 Ξ.
2026 1702 2120 1755 Vir
2164 1716 2223 1756 es
2269 1700 2414 1770 (83),
2448 1717 2477 1755 a
2515 1704 2750 1766 virtute,
2789 1719 2961 1759 necne
3008 1721 3038 1758 a
3071 1705 3249 1768 vireo,
3285 1705 3368 1760 vel
3413 1721 3444 1758 τι

1857 1793 2067 1848 viribus
2090 1834 2103 1858 ,
2139 1795 2255 1847 sive
2286 1794 2370 1857 vi,
2399 1805 2455 1848 et
2481 1808 2607 1864 rego
2638 1795 2837 1859 verbo,
2869 1805 2928 1848 nt
2954 1796 3242 1866 quemdam
3266 1797 3445 1850 audivi

1857 1898 1964 1937 non
2016 1883 2349 1953 incongrue,
2383 1891 2443 1938 ut
2481 1884 2612 1937 mihi
2667 1884 2839 1938 visum
2889 1893 2999 1947 est,
3048 1885 3446 1954 disputantem,

1857 1975 2261 2029 denominatum
2307 1984 2528 2045 gestans
2573 1977 2934 2030 vocabulum?
2962 1976 3274 2030 Femineam
3307 1976 3448 2030 devi-

1860 2075 1980 2119 tans
2007 2065 2282 2119 mollitiem
2305 2106 2320 2129 ,
2354 2066 2405 2119 in
2436 2066 2634 2120 virtute
2658 2067 2828 2120 solida
2862 2066 2937 2138 [id
2967 2078 3042 2120 est
3065 2067 3282 2133 robora,
3313 2082 3443 2122 con-

1860 2153 2035 2228 firma]
2067 2156 2341 2220 animum;
2378 2153 2560 2226 Neque
2590 2157 2735 2211 enim
2757 2197 2770 2220 ,
2806 2158 2881 2211 ait
2918 2158 3234 2227 Apostolus,
3267 2156 3447 2211 molles

1859 2263 2071 2317 regnum
2103 2247 2200 2301 Dei
2243 2248 2578 2318 possidebunt
2613 2249 2667 2318 (I
2702 2248 2828 2302 Cor.
2878 2266 2959 2314 γι,
2998 2249 3052 2318 9)
3089 2268 3101 2303 :
3143 2251 3283 2320 quod
3319 2259 3446 2304 tunc

1858 2336 2037 2391 facere
2068 2337 2358 2406 prmvales,
2409 2338 2454 2393 si
2502 2338 2706 2393 viribus
2751 2340 2962 2404 nitens,
3015 2340 3331 2413 vim_animi
3377 2340 3445 2394 ad

1858 2429 2034 2484 sidera
2065 2429 2274 2494 eleves,
2305 2445 2526 2486 carnem
2547 2430 2742 2484 animm
2760 2471 2774 2494 ,
2798 2430 3034 2484 animam
3063 2430 3286 2500 subigas
3312 2431 3442 2492 Deo,

1858 2518 2063 2589 rigidus
2111 2533 2324 2588 semper
2370 2528 2426 2572 et
2473 2517 2812 2583 inflexibilis,
2861 2534 2984 2573 cum
3039 2503 3152 2573 Dei~
3181 2517 3448 2586 adjutorio

1858 2617 2047 2664 contra
2106 2609 2289 2662 saeculi
2341 2607 2678 2677 voluptates.
2732 2617 3028 2677 contraque
3076 2608 3256 2661 carnis
3303 2607 3449 2660 ince-

158 2704 423 2765 oportere
459 2693 666 2748 credidi
697 2693 946 2748 Domino.
973 2692 1170 2748 Verum
1206 2703 1258 2748 te
1288 2695 1502 2764 penitus
1541 2706 1757 2751 contra-
1788 2693 1831 2751 Β
1861 2701 1996 2754 dens
2071 2698 2386 2764 illecebras,
2463 2698 2593 2752 illud
2667 2696 2966 2752 l’salmistze
3035 2711 3247 2766 semper
3323 2705 3450 2749 ante

163 2785 282 2851 rio,
312 2795 502 2840 creato
531 2802 560 2838 a
592 2794 643 2839 te
671 2784 746 2838 nil
773 2785 857 2855 agi
887 2785 1067 2842 sciens
1096 2786 1147 2840 in
1180 2787 1386 2843 mundo
1409 2828 1421 2850 ,
1462 2798 1759 2858 tempesta-

162 2888 277 2934 tem
295 2877 441 2933 hanc
465 2888 558 2932 tuo
575 2877 839 2933 solamine
865 2876 1032 2932 fultus
1053 2878 1340 2949 tranquille
1360 2881 1600 2934 sustineo
1621 2881 1756 2952 (85);

160 2967 402 3021 credens
431 2967 608 3022 sedari
633 3008 650 3031 ,
678 2968 721 3022 si
745 2966 984 3022 volueris
1006 2977 1058 3023 et
1081 2969 1300 3038 quando
1321 2968 1558 3024 volueris
1577 3011 1590 3034 ,
1616 2971 1760 3026 istud

161 3072 266 3127 per
294 3067 345 3112 te
377 3074 538 3128 posse
567 3057 819 3114 facillime
849 3059 1071 3131 pelagus
1091 3101 1106 3122 ,
1156 3059 1248 3130 qui
1299 3061 1589 3116 terminum
1623 3063 1758 3118 mari

161 3166 393 3209 arenam
441 3152 670 3220 posuisti
719 3151 974 3222 primitus
1013 3171 1026 3207 :
1062 3150 1234 3224 Usque
1284 3154 1422 3218 huc,
1470 3155 1756 3224 inquiens,

158 3243 338 3297 venies
357 3283 373 3305 ,
405 3251 453 3294 et
483 3259 584 3295 non
613 3242 1020 3312 supergredieris
1039 3283 1053 3309 ,
1098 3244 1187 3297 sed
1233 3247 1288 3297 in
1336 3246 1605 3314 temetipso
1635 3263 1759 3300 cou—

158 3333 468 3403 {riugentur
491 3333 680 3403 ﬂuctus
707 3334 783 3386 tui
807 3332 949 3404 (Job.
984 3349 1192 3389 xxxvm
1213 3375 1226 3400 ,
1256 3335 1365 3401 II).
1407 3335 1593 3390 Intona
1628 3353 1757 3407 ergo

158 3434 214 3476 et
242 3425 426 3478 adhuc
445 3465 461 3488 ,
490 3425 532 3478 si
561 3423 768 3494 placet,
803 3433 894 3479 tuo
915 3440 945 3481 e
967 3425 1119 3480 caelis
1141 3467 1156 3492 ,
1187 3425 1434 3491 Christe,
1467 3439 1752 3498 praecepto,

157 3515 418 3585 quodque
448 3530 546 3584 per
575 3516 773 3572 multos
796 3557 811 3582 ,
845 3533 1048 3588 perque
1101 3526 1151 3572 te
1201 3519 1376 3585 ipsum
1427 3519 1757 3574 interdixisti

159 3605 501 3660 creberrime
531 3607 824 3672 minando,
871 3608 1104 3663 interdic
1143 3609 1257 3679 (8-1)
1306 3618 1357 3664 ct
1395 3626 1537 3665 nunc
1566 3612 1758 3666 miser-

159 3699 296 3752 rimo
325 3698 846 3754 misericordissime
885 3700 1191 3755 misercndo
1220 3743 1234 3766 ,
1264 3702 1352 3756 dic
1383 3702 1448 3757 de
1476 3701 1757 3770 profundis

157 3787 421 3842 clamanti
475 3789 952 3845 misericorditer:
1001 3789 1137 3857 Exi,
1187 3793 1422 3848 tenebris
1471 3793 1756 3849 horrendis

157 3877 559 3948 c—ircumsepto,
613 3878 849 3934 relevare
889 3883 1112 3935 carceris
1161 3883 1224 3936 de
1284 3882 1580 3953 ergastulo,
1627 3883 1748 3938 die:

159 3965 264 4024 nali
306 3968 618 4036 prohibere.
675 3968 784 4024 Sed
827 3970 952 4040 quia
984 3971 1126 4041 quod
1171 3971 1503 4027 desideranti
1535 3972 1751 4043 longum

162 4055 376 4111 videtur
410 4073 561 4123 esse,
589 4070 646 4116 et
672 4063 830 4131 quasi
859 4061 1072 4117 dillicile
1094 4104 1109 4128 ,
1133 4063 1436 4134 disponenti
1467 4065 1631 4120 breve
1655 4078 1740 4120 est
1781 4046 1824 4106 ί)

157 4156 210 4198 ct
230 4147 456 4202 omnino
477 4147 828 4218 facillimum;
860 4155 903 4207 si
927 4154 1054 4223 quid
1080 4155 1167 4210 hic
1191 4155 1406 4209 interim
1429 4157 1610 4212 animo
1631 4173 1756 4228 sug-

158 4239 425 4305 gesseris,
461 4256 661 4311 ponere
701 4255 985 4316 satagam,
1034 4248 1177 4316 quod
1220 4249 1472 4303 conticiat
1518 4260 1572 4305 et
1610 4252 1751 4306 istud

158 4343 283 4382 cum
328 4332 404 4384 tui
444 4333 718 4403 adjutorio
743 4336 1099 4406 opusculum,
1131 4350 1327 4393 cetera
1373 4349 1476 4393 tua:
1505 4341 1753 4395 conunit-

226 4529 344 4598 (80)
388 4527 735 4610 Pernullius
795 4535 1214 4610 utuililoquiunt,
1265 4538 1468 4610 inquit;
1524 4540 1648 4610 quia
1697 4541 1748 4594 in

156 4615 412 4680 carcere,
443 4604 526 4657 ubi
559 4607 678 4660 lucc
708 4607 961 4676 scripsit,
1011 4604 1284 4663 neminem
1314 4604 1584 4676 habebat,
1619 4627 1749 4680 quo-

156 4685 276 4740 rum
306 4670 724 4740 colloqueretur.
809 4670 838 4676 "
949 4670 955 4672 l
1571 4670 1599 4704 "

225 4739 339 4809 (8|)
384 4739 696 4821 l‘apicnsem
746 4748 941 4821 turrim
990 4748 1224 4812 indicat,
1272 4748 1325 4802 in
1381 4764 1483 4818 qua
1544 4751 1746 4821 triplici

155 4826 278 4886 sera
294 4812 567 4886 Δγοῌιξιίυ
590 4826 711 4870 erat
744 4817 1003 4886 inclusus.

228 4880 486 4960 i82)_t)ui
531 4885 1118 4960 scdctnverournscm
1173 4889 1326 4957 pulso
1380 4887 1638 4944 Rathcrio
1669 4892 1747 4944 in-

158 4952 628 5032 s'asit,.Mlattasscs
652 4956 780 5032 fuit.
810 4957 973 5032 Istum
1005 4952 1364 5032 proinde/eqvi
1395 4963 1608 5013 nomine
1645 4964 1745 5015 hoc

157 5019 566 5096 Ioeo__indieare
613 5025 848 5089 videtur,
903 5019 1040 5082 sicut
1087 5029 1143 5082 in
1189 5019 1322 5082 aliis
1357 5032 1747 5096 posterioribus

155 5091 414 5169 operibus
459 5095 650 5169 eadem
695 5097 904 5152 ratione
951 5099 1128 5169 lupum
1178 5091 1412 5168 appellat
1459 5100 1744 5166 Milonem,

156 5161 244 5206 Ulli
278 5173 468 5206 nnslpn
494 5167 742 5206 pullulan-
772 5169 953 5206 ςριιιιηι
1006 5161 1170 5206 ἠιιιαη
1214 5161 1414 5206 ἷιήιιηηι
1451 5171 1708 5206 Rutlmn-in

1849 2788 2046 2855 oculos
2111 2789 2318 2843 habens
2377 2803 2391 2842 :
2456 2786 2690 2842 Viriliter
2756 2789 2929 2858 agite,
3006 2797 3054 2842 et
3126 2787 3448 2856 confortatur

1862 2895 1950 2933 cor
1989 2889 2244 2944 vestrum,
2270 2871 2452 2932 omnes
2504 2878 2592 2948 qui
2641 2879 2860 2948 speratis
2901 2879 2954 2930 in
2995 2876 3219 2931 Domino
3268 2872 3443 2946 (Psal.

1862 2983 2023 3033 xxvr,
2082 2967 2189 3038 III).
2255 2967 2322 3022 Et
2385 2967 2516 3022 illud
2577 2966 2789 3022 Domini
2860 2967 2928 3021 ad
2989 2964 3090 3022 Job
3149 2983 3161 3020 :
3224 2965 3445 3033 Accingo

1860 3060 1993 3112 sicut
2041 3059 2118 3112 rir
2166 3057 2367 3112 lmnbos
2427 3068 2546 3112 tuos
2597 3057 2742 3129 (Job.
2800 3072 3032 3123 xxxvut,
3089 3056 3166 3127 5).
3241 3054 3440 3110 Contra

1861 3152 2037 3208 aerias
2099 3167 2313 3223 quoque
2359 3160 2690 3222 potestates,
2746 3166 2866 3220 qua“:
2915 3149 3446 3221 significanturper

1860 3242 2256 3297 Canantcorum-
2303 3257 2487 3314 reges,
2540 3242 2608 3295 ad
2656 3241 2905 3297 bellenda
2957 3240 3170 3296 Domini
3224 3238 3360 3292 bella
3396 3247 3448 3291 te

1861 3333 2104 3402 cogitans
2137 3333 2436 3395 directum,
2488 3341 2547 3385 ut
2592 3341 2794 3386 terram
2846 3330 3285 3401 repromissionis
3330 3345 3444 3384 me-

1862 3424 2034 3477 rearis
2084 3424 2290 3478 intrare
2321 3424 2780 3493 (quandoquidem
2813 3439 2877 3478 ex
2920 3423 3156 3494 ngypto
3192 3422 3302 3490 jam
3351 3436 3446 3492 per

1861 3528 2009 3566 mare
2040 3512 2304 3577 Rubrum,
2325 3514 2426 3567 hoc
2448 3521 2531 3567 est
2562 3515 2822 3582 sanguine
2846 3513 3044 3568 Christi
3070 3520 3444 3567 consecratum

1859 3605 2126 3676 baptisma
2175 3605 2434 3670 eductus,
2485 3603 2642 3673 hujus
2672 3605 2773 3675 51
2820 3606 3002 3660 szeculi
3052 3605 3319 3675 gradiaris
3347 3621 3442 3674 per

1858 3698 2144 3769 eremum),
2175 3707 2425 3774 computa
2480 3698 2577 3752 tibi
2629 3697 2833 3752 dictum
2869 3715 2880 3748 :
2915 3693 3228 3764 Confortare
3255 3703 3303 3747 et
3334 3703 3440 3748 esto

1860 3793 2097 3847 robustus
2146 3792 2324 3865 (Deut.
2355 3809 2464 3858 vn,
2510 3793 2627 3862 23).
2674 3792 2944 3859 Quantum
2971 3791 3114 3846 enim
3169 3789 3346 3845 mollis
3387 3800 3444 3852 et
3513 3840 3515 3842 _

1857 3883 2115 3939 dissoluta
2166 3885 2363 3939 mentis
2386 3885 2628 3939 custodia
2661 3884 2823 3939 etiam
2853 3882 3216 3952 perfectorem
3250 3891 3444 3936 ncceat

1857 3976 2084 4040 studiis,
2117 3976 2254 4030 Loth
2290 3977 2431 4032 illius
2457 3975 2746 4044 iustissimi
2771 4017 2785 4041 ,
2819 3974 3049 4030 Samson
3077 3975 3219 4029 illius
3260 3972 3440 4029 fortis—

1857 4069 2000 4134 simi,
2029 4068 2336 4125 Salomonis
2385 4086 2598 4139 quoque
2649 4068 3030 4138 sapientissimi
3070 4069 3445 4122 demonstrant

1855 4175 2030 4214 casus.
2080 4160 2320 4214 lstseth
2371 4161 2536 4215 etiam
2587 4160 2800 4214 intimat
2845 4160 3141 4231 interitus,
3194 4159 3444 4213 feminea:

1855 4261 2076 4316 utrum,
2107 4267 2176 4306 an
2227 4251 2369 4306 virili
2421 4251 2681 4308 custodia:
2727 4252 2992 4308 committi
3021 4251 3201 4306 cordis
3247 4251 3442 4310 debeat.

1854 4345 2032 4400 aditus
2060 4344 2145 4416 (II
2184 4344 2313 4416 Reg.
2348 4361 2418 4409 tv,
2453 4346 2532 4418 5).

1851 4539 1932 4593 vel
1967 4539 2036 4592 ita
2072 4539 2123 4592 in
2155 4539 2303 4593 illum
2339 4540 2703 4599 excederent,
2752 4547 2810 4591 nt
2841 4539 2956 4607 ejus
2986 4537 3233 4605 ejiciendi
3281 4553 3442 4592 occa:

1851 4610 2056 4662 sionem
2079 4620 2311 4679 caperet.
2338 4611 2717 4679 Episcopatum
2736 4609 2876 4663 enim
2909 4610 3030 4664 aliis
3051 4625 3114 4662 ac
3141 4609 3446 4677 praesertim

1851 4679 2080 4732 Manassi
2109 4681 2320 4734 tradere
2344 4681 2574 4742 volebat,
2601 4681 2674 4732 uti
2700 4694 2830 4732 sane
2855 4680 2952 4749 ipsi
2978 4679 3224 4734 eunulem
3252 4686 3438 4749 posth

1854 4751 2091 4803 tradidit.
2130 4750 2267 4804 Huic
2297 4760 2478 4805 autem
2507 4751 2670 4805 veluti
2721 4749 2846 4818 lupo
2869 4767 2928 4804 se
2955 4749 3191 4803 noluisse
3218 4748 3432 4818 episeoq

1851 4829 2036 4890 patum
2084 4822 2428 4876 committere
2456 4821 2746 4876 Batherius
2779 4816 2899 4876 hoc
2947 4820 3064 4875 loco
3103 4819 3314 4872 videtur
3350 4816 3438 4868 in-.

1851 4905 2034 4943 IIIICI‘L‘.

1921 4959 2031 5029 (83)
2065 4958 2378 5016 Constrlxe:
2425 4957 2614 5016 Verum
2668 4962 2834 5015 sciens
2880 4959 2952 5013 nil
2999 4958 3086 5026 agi
3131 4957 3188 5029 in
3237 4953 3443 5029 munda.

1848 5025 2021 5082 creato
2050 5047 2081 5082 a
2110 5043 2188 5095 te,
2219 5044 2266 5084 te
2288 5032 2492 5097 penitus
2527 5031 2790 5087 contrario
2809 5070 2824 5094 ,
2856 5025 3042 5101 fultus
3064 5025 3314 5080 solamine
3343 5033 3440 5076 tua;

1848 5101 2077 5154 sustineo
2103 5102 2239 5156 hanc
2262 5112 2616 5169 tempestatem
2634 5144 2648 5166 ,
2681 5111 2786 5154 etc.

1920 5169 2031 5206 [XM
2076 5171 2207 5206 Μηιη
2249 5174 2298 5206 in
2344 5162 2576 5206 \"Illﬂl\!:a
2633 5162 2900 5206 inim-Ilipa!
2953 5184 3103 5206 nunc.
3152 5162 3267 5206 Mm:
3309 5175 3442 5206 mm

2344 5170 2576 5206 \‘ttlnntia
