4018 5406
138 292 230 346 I95

1076 279 1653 358 PRASLOQUIORUM
1699 279 1876 335 LIBRI
1917 281 2069 335 SEX.
2107 315 2174 323 -
2210 284 2335 338 LIB.
2381 285 2440 338 ll.

3289 282 3389 336 ιςιι

131 420 237 472 εει,
327 407 527 477 cogitat
611 421 672 458 ea
755 419 870 475 qua:
939 411 1060 456 sunt
1149 401 1400 460 Domini,
1467 397 2076 468 quomodoAvelanda:
2130 399 2446 470 turpitudini
2479 399 2797 454 obtendunt.
2828 397 3139 454 Produntur
3188 406 3404 460 autem,

130 499 331 568 placeat
404 496 548 559 Deo;
597 494 685 564 qui
752 503 925 547 autem
990 493 1323 546 matrimonio
1372 491 1592 560 junctus
1647 498 1722 543 est

132 588 234 660 53
281 588 480 656 cogitat
521 601 636 655 qum
666 593 785 664 sunt
819 584 999 636 mundi
1029 582 1096 654 (Ι
1139 581 1260 636 Cor.
1303 598 1391 642 vlt,
1433 582 1554 651 3'2);
1583 601 1600 632 ι
1637 590 1720 635 at-

132 693 232 747 que
263 677 337 730 ita
371 673 773 745 quodammodo
818 674 1062 744 exponit,
1103 675 1246 742 quod
1279 689 1439 743 supra
1471 673 1719 734 dixerat:

135 769 234 833 Qui
263 759 461 819 habent
508 782 717 830 uxores,
751 765 854 818 sint
883 776 1132 835 tanquam
1171 782 1274 819 non
1320 765 1584 818 habentes.
1621 763 1720 830 Qui

133 858 272 910 enim
319 856 400 910 sic
453 856 656 910 habent
690 870 906 918 uxores,
941 864 998 907 ιιι
1034 855 1275 925 cogitent
1315 871 1376 911 ea
1403 896 1416 916 ,
1449 871 1567 924 anc
1599 865 1724 910 sunt

135 946 368 1009 Domini,
403 946 678 1015 quomodo
701 944 952 1014 placeant
975 945 1224 1010 Domino,
1258 961 1357 1015 nec
1386 946 1438 999 in
1481 946 1724 1016 his,qu:e

134 1046 253 1090 sunt
278 1037 493 1100 mundi,
518 1036 756 1107 cogitent
778 1037 994 1106 placere
1016 1036 1300 1101 uxoribus,
1334 1047 1589 1106 tanquam
1615 1053 1720 1091 non

133 1128 398 1182 habentes
429 1137 554 1182 sunt
588 1144 603 1192 ;
634 1128 775 1197 quod
799 1142 860 1181 ea
888 1127 1141 1183 felicitate
1169 1129 1249 1193 lit,
1277 1130 1490 1198 quando
1518 1137 1569 1183 et
1595 1145 1724 1182 uxo-

135 1233 220 1271 res
255 1222 395 1271 tales
439 1228 585 1281 sunt,
614 1227 669 1270 ut
691 1219 770 1273 eis
805 1218 986 1272 mariti
1012 1234 1127 1293 non
1149 1218 1269 1293 ideo
1302 1219 1566 1290 placeant,
1595 1220 1731 1289 quia,

135 1307 349 1372 divites,
388 1307 519 1376 quia
579 1308 863 1383 sublimes,
895 1308 1020 1381 quia
1071 1324 1270 1380 genere
1307 1308 1545 1369 nobiles,
1594 1309 1721 1378 quia

136 1412 297 1452 carne
329 1398 630 1463 amabiles;
658 1389 754 1452 Sed
781 1399 908 1467 quia
939 1399 1144 1462 lideles,
1168 1399 1290 1468 quia
1324 1398 1723 1469 religiosi.qnia

134 1489 338 1558 pudici,
367 1489 498 1557 quia
542 1488 642 1542 viri
690 1488 815 1542 boni
843 1496 987 1543 sunt.
1032 1489 1228 1543 Verum
1261 1488 1313 1561 in
1341 1489 1642 1558 coniugatis
1669 1498 1727 1544 ut

137 1579 248 1633 hzec
285 1577 665 1646 amplectenda
697 1577 809 1646 (88)
839 1576 1322 1646 atquelaudanda,
1347 1578 1426 1632 sic
1453 1577 1559 1632 alia
1593 1578 1726 1632 lolc-

138 1671 302 1722 randa
333 1677 483 1732 sunt,
522 1683 588 1736 ne
625 1668 676 1721 in
705 1655 1030 1721 dantnabilia
1057 1667 1280 1738 flagitia,
1305 1667 1355 1720 id
1381 1677 1462 1722 est
1494 1667 1727 1722 fornica-

1829 490 2046 558 quando
2072 506 2137 544 eo
2182 507 2350 560 usque
2380 491 2815 561 progrediuntur,
2841 499 2900 544 ut
2940 497 3212 560 exponant
3246 489 3407 552 ﬁlios,

1827 577 1916 646 qui
1941 589 2237 652 nascuntur
2254 581 2480 646 invitis;
2505 580 2736 634 'odernnt
2761 580 2906 634 enim
2932 580 3141 634 nutrire
3167 579 3251 634 vel
3313 581 3409 633 ha-

1826 669 1955 724 bere
1981 685 2116 738 quos
2145 672 2366 741 gignere
2421 672 2752 726 metuebant.
2800 669 2907 742 55
2950 670 3134 739 Itaque
3185 686 3308 725 cum
3355 671 3407 724 in

1827 775 1955 815 suos
1972 761 2143 826 saevit,
2168 777 2303 830 quos
2324 762 2437 832 (90)
2451 763 2636 832 genuit
2659 763 2947 815 tenebrosa
2971 761 3244 830 iniquitas,
3261 761 3408 816 clara

1829 849 2114 921 iniquitate
2147 854 2198 906 in
2248 853 2422 908 lucem
2475 853 2761 922 promitur,
2808 861 2863 907 et
2891 852 3102 907 occulta
3134 852 3411 922 turpitudo

1828 940 2112 994 manifesta
2141 941 2464 997 crudelitate
2476 943 2833 996 cenvineitur.
2857 941 3162 1011 Aliquando
3188 957 3254 996 eo
3280 957 3408 1012 per-

1827 1031 1975 1085 venit
2017 1031 2132 1086 lucc
2172 1031 2452 1087 libidinosa
2485 1032 2793 1096 crudelitas,
2824 1031 2906 1086 vel
2940 1033 3102 1086 libido
3136 1033 3419 1096 crudelis,-

1829 1119 2075 1174 utetiam
2113 1120 2411 1186 sterilitatis
2434 1127 2951 1190 venena-prOCuret';
2980 1130 3035 1175 ct
3071 1121 3122 1175 si.
3147 1121 3280 1176 nihil
3317 1137 3412 1174 va-

1829 1202 2050 1275 luerint,
2080 1197 2372 1282 conceptos
2402 1214 2540 1265 fetus
2567 1212 2708 1266 inter
2744 1212 2951 1266 viscera
3003 1212 3312 1283 exstinguat
3351 1228 3417 1267 ac

1831 1301 2036 1366 fundat,
2071 1301 2258 1355 volens
2317 1317 2469 1355 suam
2513 1301 2716 1371 prolem
2763 1302 2912 1370 prius
2947 1301 3198 1366 interire,
3250 1317 3416 1370 quam

1830 1394 2041 1458 vivere;
2068 1394 2224 1469 aut_si
2266 1395 2318 1448 in
2347 1404 2509 1455 utero
2524 1393 2637 1462 jam
2666 1394 2900 1458 vivebat,
2925 1393 3096 1448 occidi
3128 1403 3424 1463 antequam

1833 1485 2014 1552 nasci.
2036 1483 2267 1538 Prorsus
2318 1485 2361 1538 si
2411 1484 2569 1538 ambo
2620 1483 2756 1538 tales
2807 1490 2952 1546 sunt,
3005 1480 3256 1552 coniuges
3309 1498 3416 1537 non

1832 1584 1988 1640 sunt;
2016 1585 2070 1629 et
2095 1576 2138 1630 si
2162 1575 2229 1628 ab
2267 1575 2420 1630 initio
2460 1574 2594 1630 tales
2632 1573 2868 1639 fuerunt,
2903 1589 3007 1627 non
3035 1573 3135 1628 sibi
3169 1589 3265 1643 per
3289 1589 3420 1629 con-

1833 1667 2081 1730 nubium,
2134 1666 2226 1720 sed
2265 1681 2362 1736 per
2405 1675 2648 1734 stuprum
2696 1666 2874 1735 potius
2905 1675 3300 1720 convenerunt.
3357 1663 3430 1718 Si.

139 1761 312 1816 tiones
353 1761 440 1815 vel
482 1760 748 1814 adulteria
781 1768 1065 1814 corruatur
1091 1777 1104 1812 :
1141 1771 1359 1840 propter
1386 1759 1528 1835 quod
1553 1760 1730 1813 vitan-
1761 1755 1804 1813 Β
1831 1768 2012 1814 autem
2051 1759 2230 1814 ambo
2254 1775 2363 1818 non
2388 1769 2546 1814 -.sunt
2586 1759 2740 1823 tales,-
2770 1761 2942 1814 audeo
2965 1759 3179 1823 dicere,
3210 1767 3302 1812 aut
3330 1757 3418 1811 illa

136 1851 263 1904 dum
297 1850 533 1915 malum,
562 1851 725 1905 etiam
782 1849 854 1904 illi
897 1843 1216 1926 concubitus
1269 1849 1591 1921 coniugum,
1634 1851 1728 1920 qui

137 1959 242 1996 non
271 1952 402 1997 sunt
424 1959 588 1998 causa
621 1932 942 2013 generandi,
971 1944 1065 1997 sed
1103 1943 1312 1998 victrici
1343 1945 1731 2014 concupiscen-

141 2034 227 2087 tizc
256 2028 541 2099 serviunt,
569 2034 621 2088 in
653 2028 846 2103 quibus
873 2033 1134 2104 iubentur
1162 2050 1268 2090 non
1302 2035 1557 2090 fraudare
1587 2036 1741 2110 invi;

140 2141 281 2187 cem,
330 2140 398 2179 ne
431 2133 602 2179 tentet
625 2141 719 2179 eos
747 2123 976 2180 Satanas
1001 2136 1226 2195 propter
1255 2111 1730 2206 intemperantiam

141 2233 330 2281 suam;
359 2232 463 2271 non
493 2217 708 2285 quidem
747 2218 1043 2272 secundum
1089 2218 1372 2288 imperium
1406 2220 1730 2290 praecipiun-

145 2325 250 2372 tur,
283 2310 379 2363 sed
433 2310 730 2363 secundum
775 2291 988 2364 veniam
1021 2312 1410 2366 conceduntur.
1445 2311 1539 2367 Sic
1588 2313 1733 2367 enim

143 2400 405 2469 scriptum
435 2408 515 2454 est
551 2395 578 2452 ε’
600 2397 764 2453 Uxori
805 2401 883 2453 vir
907 2401 1135 2454 debitum
1167 2402 1388 2465 reddat,
1417 2402 1659 2456 simili'er
1686 2413 1744 2475 et.

147 2506 280 2542 tuor
318 2493 452 2544 viro.
486 2489 679 2543 Mulier
703 2493 786 2544 siti
815 2493 1048 2561 corporis
1074 2502 1381 2568 potestatem
1409 2476 1516 2566 non
1560 2495 1744 2568 habet,

146 2574 234 2633 sed
260 2582 640 2645 rir;simi1iter
666 2593 712 2635 et
745 2583 820 2635 vir
865 2575 1167 2651 potestatem
1215 2587 1296 2638 sui
1347 2587 1580 2654 corporis
1633 2601 1737 2638 non

148 2671 320 2735 habet,
345 2674 437 2726 sed
469 2673 678 2726 muIier.
720 2668 898 2726 Nelite
921 2674 1138 2726 invicem
1172 2674 1450 2743 fraudare,
1477 2676 1577 2746 nisi
1602 2676 1737 2744 forte

149 2769 211 2817 ea:
230 2782 486 2818 consensu
515 2749 584 2817 ad
607 2775 832 2833 tempus,
862 2776 914 2817 ut
948 2769 1133 2818 vacetis
1157 2767 1420 2830 orationi;
1457 2777 1503 2820 et
1552 2766 1738 2820 iterum

153 2853 472 2905 reret-limini
500 2853 553 2904 in
597 2853 845 2921 idipsnm,
875 2869 938 2906 ne
969 2863 1124 2906 tentet
1162 2839 1248 2908 nos
1281 2839 1504 2908 satanas
1531 2864 1752 2930 propter,

157 2946 592 2998 incontinentiam
634 2957 878 3000 vestram.
911 2945 1025 2999 Hoc
1064 2957 1238 3001 autent
1290 2949 1407 3002 dico
1455 2950 1754 3020 secundum.

153 3036 555 3106 indm’gentiam,
610 3053 713 3088 non
755 3037 1040 3089 secundant
1075 3039 1348 3108 imperium
1396 3036 1447 3110 (Ι
1481 3036 1601 3092 Cor.
1643 3055 1736 3105 vn,

1833 1859 1916 1904 est
1943 1850 2342 1918 quodammodo
2390 1849 2569 1904 mariti
2628 1850 2908 1912 meretrix,
2939 1858 3032 1903 aut
3079 1848 3168 1904 ille
3206 1848 3418 1902 adulter

1833 1940 2040 1995 uxoris.
2075 1939 2206 1995 Item
2241 1949 2364 2010 post
2409 1954 2578 2009 pauca
2612 1949 2638 1992 :'
2663 1959 2681 1991 ι
2720 1939 2776 1994 In
2826 1940 3046 2010 nuptiis,
3083 1940 3275 2008 inquit,
3307 1941 3422 1994 hare

1832 2033 1976 2102 bona
2001 2033 2800 2104 nuptialia‘diljgantunproles;
2825 2033 2978 2099 fides,
2998 2035 3418 2088 sacramentum.

1836 2124 1940 2180 Sed
1970 2125 2170 2196 proles,
2211 2142 2316 2180 non
2363 2135 2423 2180 ut
2467 2137 2723 2182 nascatur
2754 2135 2993 2192 tantum,
3027 2143 3215 2182 verum
3257 2128 3422 2182 etiam

1833 2224 1894 2270 ut
1933 2227 2246 2272 renascatur
2277 2235 2289 2270 :
2321 2217 2560 2273 nascitur
2588 2232 2822 2288 namque
2843 2219 2908 2273 ad
2939 2233 3180 2288 pcenam,
3214 2218 3315 2272 nisi
3336 2234 3420 2272 re-

1837 2317 2096 2364 nascatur
2126 2310 2190 2363 ad
2221 2308 2407 2363 vitam.
2440 2308 2607 2381 Eides.
2627 2308 3190 2384 autem,inonqualem
3223 2308 3426 2363 habent

1839 2403 1979 2457 inter
2001 2416 2065 2467 se
2113 2401 2357 2457 inﬁdeles
2407 2400 2648 2456 zelantes
2694 2415 2935 2455 carnem.
2965 2400 3101 2467 Quis
3143 2399 3289 2455 enim
3318 2399 3421 2464 vir,

1839 2492 2140 2562 quamlibet
2164 2492 2379 2561 impius,
2411 2490 2854 2563 vult-adulteram
2881 2490 3149 2554 uxorem?
3192 2499 3284 2544 aut
3307 2505 3427 2559 quae

1841 2583 2367 2653 tnulier,qnamlibet
2396 2583 2578 2651 impia,
2607 2581 2724 2635 vult
2749 2581 3051 2637 adulterum
3075 2581 3288 2635 'virum'?
3313 2580 3437 2635 Hoc"

1839 2676 1896 2730 in
1926 2674 2202 2730 connubio
2225 2675 2424 2728 bonum
2449 2673 2694 2727 naturale
2722 2681 2807 2726 est
2836 2672 3077 2741 quidem,
3103 2670 3320 2726 carnale
3350 2677 3432 2723 ta-

1843 2783 1985 2822 men.
2008 2765 2114 2821 Sed
2141 2765 2662 2842 mcmbrumChristi
2677 2763 2922 2835 conjugis
2946 2765 3270 2829 adulterium
3285 2777 3428 2818 ‘con-

1836 2857 1951 2928 iugi
1980 2857 2138 2912 debet
2162 2858 2381 2922 timere,
2408 2873 2513 2910 non
2541 2857 2672 2921 sibi;
2732 2864 2784 2911 et
2812 2871 2840 2909 a
2869 2854 3089 2909 Christo
3111 2867 3332 2923 sperare
3360 2851 3438 2908 ιι·-

1845 2951 1929 3004 dei
1961 2949 2264 3020 prauninm,
2297 2964 2458 3019 quam
2489 2948 2708 3003 exhibet
2736 2947 2972 3018 coniugi.
3009 2945 3439 3000 Sacramentum'

1845 3057 1997 3106 vero,
2024 3042 2166 3111 quod
2211 3056 2386 3110 neque
2413 3040 2650 3110 separati
2677 3055 2778 3108 nec
2799 3039 3096 3097 ,adulterati
3122 3037 3232 3109 (91)
3254 3037 3422 3090 'amit-

151 3125 230 3195 3).
264 3126 367 3182 Ubi
402 3143 530 3196 ergo
556 3128 710 3182 venia
756 3129 942 3192 datur,
977 3115 1176 3213 aliquid
1199 3114 1368 3200 culpa:
1394 3107 1512 3185 esse
1542 3107 1823 3202 nequa-lc.
1849 3143 1966 3188 lunt
1994 3107 2274 3204 coniuges,
2298 3107 2942 3200 concorditerﬂcasteque
2978 3107 3305 3184 custodiant.
3330 3126 3445 3182 So-'

154 3234 312 3286 quant
344 3219 656 3288 negabitur.
702 3219 831 3273 Cum
867 3221 1031 3291 igitur
1087 3220 1370 3290 culpabihs
1407 3237 1510 3275 non
1552 3223 1623 3275 sit
1652 3238 1743 3292 ge-

157 3309 381 3362 nerandi
433 3309 731 3364 intentione
775 3311 1124 3376 concubitus,
1158 3312 1249 3394 qui
1295 3313 1510 3382 proprie
1540 3315 1740 3382 nuptiis

156 3399 505 3468 imputandus
543 3408 659 3465 est;
713 3402 842 3470 quid
893 3403 1185 3482 secundum
1229 3405 1439 3457 veniam
1494 3405 1757 3482 concedit‘

156 3490 464 3560 Apostolus,
492 3490 750 3559 nisiquod
772 3475 1048 3560 coniuges,
1071 3492 1196 3546 dum
1227 3507 1285 3548 se
1310 3509 1414 3548 non
1440 3481 1738 3558 continent,

158 3583 396 3636 debitum
446 3583 514 3635 ab
545 3582 807 3636 alterutro
849 3583 1029 3637 carnis
1053 3576 1373 3656 exposcunt,
1419 3600 1524 3638 non
1554 3570 1746 3638 volun-

160 3681 266 3726 tate
298 3673 630 3742 propaginis,
661 3673 755 3728 sed
785 3673 1023 3728 libidinis
1054 3663 1362 3744 voluptate?
1399 3675 1528 3742 Quae
1567 3686 1760 3754 tamen

158 3767 410 3835 voluptas
444 3783 549 3820 non
577 3775 800 3836 propter
855 3768 1069 3838 nuptias
1125 3769 1268 3821 cadit
1298 3770 1352 3821 in
1385 3768 1616 3837 culpam,
1651 3769 1744 3823 sed

160 3866 380 3927 propter
433 3859 650 3926 nuptias
708 3858 906 3926 accipit
956 3860 1187 3913 veniam.
1267 3858 1531 3925 Quocirca
1581 3859 1743 3913 etiam

161 3949 284 4003 hinc
319 3949 616 4005 laudabiles
640 3950 841 4019 nnptia:
875 3960 1034 4015 sunt;
1074 3951 1200 4020 quia
1228 3958 1282 4004 et
1309 3951 1435 4004 illud
1468 3951 1611 4020 quod
1639 3944 1743 4004 non

162 4042 399 4108 pertinet
437 4040 505 4093 ad
545 4056 625 4105 se,
680 4041 885 4110 ignosci
938 4040 1144 4096 faciunt
1183 4051 1403 4112 propter
1442 4039 1542 4097 Sc:
1575 4059 1758 4120 neque

163 4135 304 4187 enim
337 4133 439 4187 iste
487 4135 828 4199 concubitus,
861 4149 967 4203 quo
989 4206 991 4208 _
1013 4136 1249 4190 servitur
1277 4136 1744 4212 concupiscentim,

164 4226 239 4279 sic
264 4225 462 4295 agitur,
495 4235 553 4278 nt
589 4225 915 4295 impediatur
962 4225 1118 4288 fetus,
1147 4241 1306 4294 quem
1338 4226 1611 4295 postulant
1649 4243 1748 4280 nu-

161 4317 306 4384 ptim.
343 4315 448 4369 Sed
490 4327 666 4370 tamen
691 4316 834 4368 aliud
863 4325 946 4370 cst
973 4300 1076 4369 non
1109 4315 1468 4370 concumbere
1492 4315 1747 4387 (89),nisi

164 4406 275 4460 sola
308 4407 583 4460 voluntate
610 4407 922 4477 generandi,
956 4407 1098 4476 quod
1134 4422 1237 4460 non
1298 4406 1457 4460 habet
1496 4407 1706 4476 culpam
1728 4423 1761 4480 ;_

165 4497 308 4551 aliud
359 4507 542 4552 autem
571 4498 756 4551 carnis
794 4497 1010 4566 quidem
1060 4505 1314 4567 appetere
1343 4499 1749 4552 concumbendo

166 4588 517 4657 voluptatem,
548 4588 642 4642 sed
687 4603 791 4642 non
821 4595 1015 4656 praeter
1043 4587 1361 4665 coniugem,
1395 4589 1536 4656 quod
1565 4569 1750 4641 venia-

169 4681 270 4733 lem
307 4681 468 4735 habet
495 4673 740 4749 eulpam;
799 4669 924 4748 quia
967 4662 1065 4734 etsi
1118 4662 1224 4735 non
1255 4660 1416 4735 causa
1449 4697 1753 4753 propagan-

169 4775 246 4825 da:
293 4772 462 4842 prolis
507 4773 905 4838 concumbitur,
966 4788 1071 4827 non
1119 4782 1293 4828 tamen
1331 4773 1487 4849 huius
1516 4775 1752 4832 libidinis

167 4884 330 4922 causa
357 4869 730 4940 propagationi
757 4867 926 4938 prolis
949 4868 1234 4923 obsistitur
1271 4869 1385 4923 sive
1428 4879 1549 4925 voto
1588 4869 1749 4936 malo,

169 4959 280 5015 sive
309 4976 476 5032 opere
508 4961 668 5016 malo.
696 4960 832 5015 Nam
858 4960 953 5028 qui
976 4960 1079 5014 hoc
1108 4960 1314 5015 faciunt
1341 4961 1415 5029 (id
1454 4963 1639 5038 estqui
1662 4949 1754 5016 aut

169 5062 312 5117 voto,
346 5063 440 5107 aut
472 5069 633 5124 opere
668 5055 854 5124 aliquo
877 5061 1063 5122 agunt,
1105 5069 1171 5108 ne
1199 5054 1277 5108 eis
1316 5053 1410 5106 filii
1442 5055 1754 5125 nascantur)

169 5147 418 5218 quamvis
454 5157 718 5201 vocentur
764 5144 1046 5214 coniuges,
1100 5162 1205 5200 non
1239 5153 1397 5210 sunt,
1442 5162 1540 5201 nec
1594 5145 1754 5199 ullam

169 5240 483 5308 nuptiarum
510 5240 740 5293 retinent
776 5236 1086 5301 veritatem,
1120 5237 1212 5291 sed
1246 5238 1532 5296 honestum
1559 5251 1753 5291 nomen

240 5352 352 5406 (88)
391 5353 544 5406 Anud
566 5351 932 5406 Augustinum
965 5350 1189 5406 optanda
1219 5361 1374 5406 atanc
1396 5349 1687 5406 laudanda.

1844 3227 1952 3282 lum
1989 3227 2130 3282 enim
2158 3235 2260 3292 est,
2291 3226 2454 3295 quod
2494 3226 2656 3279 etiam
2705 3224 2890 3279 sterile
2908 3222 3236 3293 'coniugium
3279 3227 3430 3274 tenet

1839 3316 1963 3387 jure
2001 3317 2254 3392 pietatis,
2287 3316 2398 3387 iam
2431 3330 2546 3384 .spe
2594 3313 2942 3369 fecunditatis
2961 3312 3184 3376 amissa,
3209 3303 3446 3380 preptcr'

1843 3395 2216 3478 quam'fuerat
2266 3405 2752 3476 copulatum.'ll:ce
2779 3407 2919 3459 bona
2942 3401 3202 3472 nuptialia
3248 3400 3433 3452 laudet

1846 3503 1898 3556 in
1925 3503 2145 3576 nuptiis,
2179 3501 2272 3572 qui
2313 3500 2556 3565 laudare,
2585 3498 2698 3553 vult
2721 3497 2996 3566 .nupti'as;
3040 3494 3220 3549 carnis
3250 3501 3427 3545 autem

1845 3592 2278 3662 concupiscentia
2307 3607 2413 3645 non
2451 3599 2535 3644 est
2576 3589 2776 3659 nuptiis
2804 3584 3138 3655 imputanda,
3173 3582 3266 3638 sed
3299 3580 3447 3636 tole-'

1847 3685 2046 3748 randa;
2090 3698 2196 3738 non
2224 3691 2308 3738 est
2333 3682 2475 3736 enim
2521 3697 2589 3736 ex
2641 3672 3433 3751 naturaliconmIbio'veniens

1845 3775 2070 3849 bonum,
2107 3774 2221 3848 sed
2248 3788 2348 3833 _ex.
2383 3772 2856 3842 antiquopecc'ato
2889 3769 3111 3822 veniens
3147 3765 3368 3820 malum.
3406 3783 3426 3815 ι

1757 3917 1762 3926 ,
1823 3851 1985 3922 Ἑωθ
2037 3866 2346 3921 testimonio
2389 3873 2498 3918 tam
2542 3863 2712 3918 sancti
2759 3871 2814 3917 et
2844 3871 2952 3915 tam
2979 3858 3175 3914 eruditi
3217 3857 3318 3912 viri
3347 3857 3449 3911 de-.

1848 3957 2170 4035 monstravi,
2197 3972 2366 4026 quare
2390 3957 2439 4009 in
2469 3955 2734 4025 principio
2756 3955 3102 4034 bonttnt.esse
3127 3949 3433 4020 eorritlgittni

1847 4053 2098 4117 dixerim,
2121 4054 2186 4106 et
2207 4047 2376 4120 quare
2413 4039 2764 4103 ‘adult'erator
2800 4057 2893 4102 aut
2944 4047 3158 4117 penitus
3193 4045 3438 4100 desertor

1848 4146 1990 4200 illius
2039 4145 2244 4200 crimen
2282 4144 2520 4198 incurrat
2551 4150 2657 4194 tam
2711 4140 2962 4204 noxium;
2997 4138 3124 4207 quia
3173 4137 3428 4191 videlicet

1848 4251 1901 4294 et
1933 4239 2063 4294 utile
2098 4246 2153 4292 et
2179 4236 2505 4306 inculpabile
2527 4246 2632 4299 est,
2660 4234 2703 4287 si
2729 4247 2890 4287 causa
2911 4226 3258 4292 solummodo
3273 4243 3453 4297 gena--

1852 4331 2004 4385 randi
2033 4329 2487 4396 fiat'<sectttultint"'
2513 4326 2723 4379 Domini
2757 4333 3118 4394 praeceptum;
3151 4331 3203 4376 et
3235 4317 3367 4375 utile
3383 4331 3439 4375 et

1853 4421 2061 4476 veniale
2087 4428 2195 4483 est,
2229 4420 2273 4473 si
2331 4427 2551 4488 propter
2597 4413 2871 4470 vitandum
2904 4412 3276 4468 fornicationis
3324 4427 3439 4465 ma-

1831 4502 1967 4567 ἰιιιιι
2015 4513 2248 4577 ineatur,
2285 4509 2581 4565 secundum
2609 4506 2752 4578 quod
2793 4513 2876 4560 cst
2910 4503 2978 4558 ab
3007 4502 3262 4574 Apost'olo
3312 4517 3440 4556 con-

1859 4621 2095 4661 cessum.
2242 4669 2243 4673 η
2300 4645 2331 4651 .-
2393 4602 2421 4631 ε’
2456 4620 2473 4626 ·“
2522 4607 2524 4610 ’
2997 4641 3000 4644 -
3082 4613 3104 4619 "
3150 4614 3152 4616 '

1931 4697 1984 4750 7.
2018 4695 2370 4762 Qudd‘autem
2393 4692 2730 4763 paupertatis
2758 4705 2917 4758 causa
2942 4705 2971 4743 a
3007 4687 3328 4759 quibusdam
3359 4683 3440 4739 di-

1860 4775 2286 4863 vitcsducuntnr
2315 4803 2528 4850 uxores,
2581 4803 2699 4856 quae
2730 4783 2939 4839 scilicet
2973 4781 3231 4853 egestatis
3267 4776 3444 4830 ductae

1845 4864 2040 4936 'varias
2060 4877 2717 4950 expellantnecessitates,
2747 4867 2928 4929 utrum
2964 4875 3042 4928 'ad
3069 4871 3194 4926 illud
3224 4880 3442 4921 conces-

1861 4976 2034 5030 sivum
2069 4972 2335 5028 referatur
2357 4970 2710 5035 conn‘nbinm,
2741 4981 2960 5028 annon,
2993 4964 3112 5018 aliis
3136 4957 3444 5034 adindicare

1861 5066 2095 5121 dimitto.
2146 5063 2258 5118 Hoc
2307 5045 2472 5116 unum
2503 5073 2726 5118 secutus
2778 5048 3444 5126 AlIgUSlimlm-Pm‘i‘eorv

1861 5138 2366 5224 laudabilesietiam
2405 5155 2458 5208 in
2505 5154 2614 5209 hoc
2642 5169 2762 5211 esse
2814 5147 3050 5217 nuptias,
3081 5142 3204 5214 quia
3237 5148 3290 5191 et
3323 5137 3448 5230 illud

1863 5247 2007 5318 quod
2033 5263 2138 5301 non
2169 5247 2403 5316 pertinet
2435 5243 2504 5298 ad
2534 5259 2618 5313 se,
2652 5237 2858 5316 ignosci
2891 5237 3095 5289 faciunt
3123 5237 3339 5303 propter
3359 5241 3448 5290 se;

1939 5359 2049 5406 (om
2087 5360 2418 5406 Augustinus
2443 5357 2594 5406 mltlit
2625 5359 2825 5406 nolens.
