4018 5406
543 230 647 293 193

1472 226 1804 285 RATHERII
1847 225 2059 282 EPISC.
2107 225 2359 282 VERON.
2402 226 2555 283 OPP.
2597 227 2775 284 PARS
2810 229 2849 283 1.

3707 234 3816 289 196

539 346 853 420 quanquam
889 346 958 400 ad
989 345 1207 399 tertium
1238 341 1492 398 cunnubti
1529 353 1698 412 genus
1722 338 1825 394 hoc
1851 352 1881 391 ιι
1902 338 2123 408 quibus-
2155 349 2197 404 Α
2231 338 2282 392 id
2333 347 2414 392 est
2467 347 2622 408 pater
2668 348 2721 392 et
2767 349 2956 401 mater,
2991 337 3045 393 in
3072 353 3235 395 carne
3278 354 3405 406 una,
3431 340 3484 396 id
3514 350 3595 398 est
3620 343 3673 397 in
3701 345 3817 399 lilio

536 438 663 492 dant
721 432 915 491 referri
966 432 1233 495 noverim,
1274 427 1722 501 preponciitibus,
1773 427 1827 481 in
1856 427 2124 497 principio

538 527 718 598 ipsum
749 534 1069 581 cunctorum
1094 524 1384 578 Auctorem
1414 520 1654 574 dixisse:
1686 517 1805 572 Non
1833 528 1908 572 est
1933 518 2123 572 bonum

535 635 646 675 esse
697 617 957 672 hominem
986 614 1176 678 solum,
1206 613 1469 682 faciamus
1497 612 1544 665 ei
1574 610 1905 675 adiutorium
1956 608 2126 663 simile

535 709 635 765 sibi
660 705 813 780 (Gen.
840 724 900 772 ιι,
930 706 1040 778 12).
1073 704 1276 772 Quovis
1302 712 1481 757 autem
1508 700 1702 756 ordine
1747 715 1911 754 causa
1934 698 2121 769 prolis,

538 817 607 855 an
637 798 1019 871 aspernatione
1044 795 1150 867 55
1186 793 1584 858 fornicationis,
1632 790 1716 845 vel
1744 790 1969 860 repudio
1994 805 2125 859 pau-

537 891 766 964 pertatis
791 899 1039 961 agantur,
1063 897 1273 942 tantum
1295 885 1439 939 valet
1460 883 1614 948 fides,
1636 891 1693 938 et
1721 892 2123 937 sacramentum

538 983 806 1039 connubio
844 980 1143 1051 proprium,
1173 986 1231 1031 ut
1286 991 1389 1031 nec
1436 976 1650 1031 deserta
1693 974 1919 1028 alterius
1957 971 2127 1042 possit

537 1089 696 1136 esse.
743 1072 855 1127 nisi
919 1070 1216 1127 desertoris
1265 1083 1435 1132 uxor;
1486 1065 1873 1134 superimlucta
1939 1073 2123 1118 autem

537 1164 833 1235 quamlibet
860 1172 1067 1228 Sancta,
1095 1170 1266 1225 casta,
1311 1157 1506 1214 nobEIis
1554 1158 1646 1223 sit,
1678 1167 1733 1211 et
1767 1155 1985 1227 pudica,
2015 1170 2128 1211 me-

536 1254 709 1311 retrix
743 1254 1008 1310 habeatur
1038 1252 1247 1306 ratione
1297 1247 1536 1303 veridica
1571 1264 1584 1300 :
1630 1246 1827 1301 ductus
1859 1255 2040 1301 autem
2093 1260 2129 1300 a

537 1345 831 1408 contraria,
862 1344 1073 1399 adulter
1098 1351 1155 1399 et
1186 1343 1300 1413 ipse
1324 1342 1416 1407 sit,
1454 1349 1686 1397 testante
1711 1348 1878 1409 atque
1905 1339 2125 1394 dicente

536 1454 670 1494 voce
694 1437 973 1494 Dominica
998 1455 1011 1489 :
1038 1434 1347 1505 Quicunque
1395 1433 1653 1487 dimiserit
1683 1445 1901 1485 uxorem
1944 1445 2121 1498 suam,

537 1533 641 1587 nisi
668 1548 827 1586 causa
858 1529 1247 1601 fornicationis,
1294 1526 1604 1590 "imitatur,
1642 1533 1690 1577 et
1740 1523 1831 1594 qui
1853 1523 2124 1576 dimissam

538 1625 771 1688 duxerit,
798 1623 1088 1678 mtecltatur
1114 1620 1332 1691 (Matth.
1356 1636 1471 1684 nx,
1498 1620 1574 1689 9).
1611 1616 1748 1672 Nota
1774 1614 2123 1684 autem,quia

2229 443 2394 482 unum
2427 427 2553 482 sint.
2605 427 2661 483 Si
2706 428 2850 482 enim
2901 428 2977 483 ita
3024 438 3192 495 esset,
3243 431 3581 488 tantumdem
3613 431 3819 490 valeret

2228 534 2500 588 scortum,
2547 532 2809 594 quantum
2856 524 3216 587 connubium,
3259 532 3465 579 tantum
3528 534 3589 580 ut
3639 519 3819 596 proles

2226 624 2292 667 ex
2331 628 2397 668 eo
2445 623 2791 680 nasceretur;
2840 629 2961 669 cum
3007 615 3285 671 evidenter
3331 617 3657 686 Apostolus,
3709 634 3816 673 non

2227 714 2451 774 propter
2477 705 2707 759 ﬁliorum
2759 703 3184 775 generationem,
3238 707 3333 762 sed
3388 717 3613 780 propter
3641 710 3819 778 ipsum

2227 797 2599 863 concubitum,
2625 812 2788 851 unum
2810 811 3009 866 corpus
3050 796 3182 851 tales
3203 813 3420 869 quoque
3439 815 3562 855 esse
3597 802 3818 865 dixerit,

2228 887 2307 942 sic
2332 887 2474 942 cnim
2498 887 2575 940 ait
2607 904 2620 940 :
2656 885 2881 941 Nescitis
2902 886 3149 957 quoniam
3175 889 3265 959 qui
3302 890 3537 944 adiurat
3586 893 3823 945 meretri-

2228 977 2296 1045 ci,
2325 994 2487 1032 unum
2508 994 2697 1048 corpus
2718 979 2969 1047 efﬁcitur;
2994 979 3271 1049 quiautem
3298 979 3533 1034 adhwret
3562 980 3821 1046 Domino,

2228 1088 2367 1127 unus
2394 1073 2610 1144 spiritus
2633 1083 2707 1126 est
2738 1071 2789 1135 (I
2819 1071 2943 1127 Cor.
2990 1088 3067 1137 vt,
3098 1073 3207 1143 16).
3235 1073 3293 1128 Si
3349 1075 3423 1127 ita
3471 1089 3714 1144 quoque,
3764 1085 3825 1128 ut:

2229 1162 2400 1226 aiunt,
2433 1173 2597 1226 esset,
2625 1163 2809 1218 dicere
2831 1164 2965 1217 satis
2991 1163 3132 1218 filius
3164 1174 3366 1234 posset,
3398 1166 3542 1234 quod
3583 1165 3698 1238 56
3732 1182 3825 1221 εοι

2229 1253 2313 1310 lus
2343 1253 2659 1325 Unigeuitus
2689 1254 2781 1309 Dei
2824 1254 2989 1309 Filius
3041 1256 3471 1310 coessentialiter
3508 1266 3565 1311 et
3592 1266 3825 1311 coactor-

2230 1344 2425 1400 naliter
2452 1343 2614 1411 Deus,
2659 1344 2799 1415 apud
2854 1345 3022 1399 Deum
3054 1361 3295 1417 manens,
3346 1347 3526 1401 dicere
3551 1348 3822 1403 veraciter

2231 1436 2405 1504 potuit
2434 1450 2448 1488 :
2478 1434 2638 1488 Pater
2660 1437 2713 1487 in
2740 1451 2820 1489 me
2851 1446 2949 1500 est,
2989 1445 3036 1488 et
3085 1452 3177 1506 ego
3209 1436 3263 1488 in
3291 1452 3349 1489 eo
3381 1436 3565 1507 (Joau.
3597 1454 3654 1503 ι,
3681 1436 3814 1508 38);

2229 1537 2284 1584 et
2320 1545 2333 1582 :
2367 1528 2531 1582 Pater
2558 1528 2715 1581 inme
2748 1544 2962 1582 manens
2988 1527 3115 1597 facit
3147 1545 3304 1598 Opera
3331 1528 3514 1601 (Joan.
3541 1546 3661 1596 XIV,
3696 1531 3819 1600 £0);

2230 1630 2285 1675 ct
2313 1638 2325 1675 :
2354 1619 2464 1691 Ego
2491 1630 2538 1673 et
2572 1631 2723 1690 pater
2755 1636 2917 1673 unum
2944 1636 3126 1674 sumus
3172 1620 3359 1691 (Joau.
3405 1637 3459 1686 κ,
3488 1621 3619 1692 50);
3650 1639 3818 1678 unum

541 1731 663 1771 cum
695 1715 853 1769 aliter
888 1714 1102 1785 penitus
1140 1712 1520 1776 interuicatur,
1559 1723 1724 1765 causa
1753 1705 2131 1762 fornicationis
2164 1709 2207 1770 Β
2237 1712 2486 1769 videlicet
2523 1712 2892 1784 singulariter,
2940 1729 3124 1767 sumus
3187 1712 3375 1769 dicens
3424 1713 3734 1783 pluraliter,
3764 1725 3824 1770 ut

541 1807 738 1862 dimitti
766 1806 1113 1871 conceditur;
1140 1806 1264 1876 quia
1293 1804 1562 1865 videlicet,
1597 1800 1815 1870 quando
1859 1797 2128 1854 fornicata

540 1907 648 1964 est,
673 1897 785 1966 jam
826 1897 973 1969 rupit
1011 1896 1302 1959 vinculum,
1331 1895 1443 1966 jam
1467 1893 1629 1949 desiit
1668 1906 1792 1947 esse
1826 1905 1934 1945 una
1975 1903 2125 1945 caro.

544 1989 682 2045 Uine.
707 1988 936 2044 adulteri
962 1988 1047 2043 vel
1067 1988 1326 2043 adultera:
1354 1986 1629 2057 eolligant,
1647 1986 1948 2046 advertant,
1967 1996 2128 2052 quam

546 2079 865 2135 detestabile
896 2078 1106 2134 facinus
1148 2079 1452 2143 incurrant,
1483 2077 1526 2133 si
1550 2086 1738 2132 contra
1784 2074 2130 2130 interdictum

538 2170 864 2235 Conditoris,
891 2169 1034 2241 quod
1083 2168 1225 2225 Deus
1276 2169 1577 2240 conjunxit,
1618 2175 1712 2222 aut
1751 2165 2125 2230 adulterando,

541 2274 636 2319 aut
663 2265 880 2335 penitus
899 2264 1203 2320 abdicando
1231 2273 1520 2334 separant;
1549 2278 1672 2319 cum
1700 2278 1808 2317 una
1838 2277 1967 2317 caro
1982 2275 2127 2325 esse,

542 2355 646 2410 nisi
678 2355 836 2411 fidem
858 2354 961 2409 sibi
983 2354 1270 2419 servando,
1292 2362 1760 2409 etsacramentum
1778 2349 2132 2408 custodiendo

542 2460 650 2498 non
682 2444 794 2515 (92)
832 2444 1063 2514 possint.
1102 2448 1448 2513 Qumcunque
1467 2452 1649 2498 autem
1680 2441 1898 2499 feminis
1928 2457 2034 2497 non
2067 2441 2130 2495 li-

545 2543 693 2600 cent,
719 2535 838 2589 haec
864 2542 920 2587 ct
959 2535 1092 2588 viris
1130 2549 1236 2589 non
1292 2532 1457 2589 licere
1499 2532 1940 2589 manifestissima
1991 2531 2132 2586 ratio

546 2627 724 2691 docet,
755 2633 1016 2694 quantum
1065 2623 1275 2679 scilicet
1318 2624 1386 2679 ad
1417 2623 1559 2694 pacti
1589 2620 2018 2678 convenientiam
2052 2631 2132 2674 at-

549 2717 708 2783 tinet;
738 2715 1179 2787 etturpissimum
1214 2713 1370 2769 valde
1390 2722 1494 2779 est,
1527 2714 1572 2769 si
1614 2714 1756 2785 quod
1806 2712 1929 2782 jure
1968 2727 2132 2768 sexus

546 2804 824 2863 robustior
847 2805 917 2860 ab
970 2803 1310 2860 imbecilliori
1339 2803 1537 2874 exigit,
1569 2803 1743 2858 victus
1772 2811 1828 2859 et
1875 2802 2132 2858 subactus

546 2897 813 2962 libidine,
861 2895 1199 2950 imbecilliori
1256 2911 1363 2950 non
1432 2895 1715 2964 impendit.
1765 2893 1989 2949 Pactum
2031 2909 2129 2948 au.

546 2998 657 3045 tem
693 2995 748 3043 ct
776 2996 1200 3054 sacramentum,
1252 2987 1557 3057 sponsalia,
1606 2987 1691 3043 vel
1751 2986 1864 3056 (93)
1897 2984 2128 3052 tabulas,

547 3081 662 3135 sive
692 3080 911 3135 chartas
932 3079 1077 3145 dico,
1106 3079 1302 3150 quibus
1340 3080 1569 3134 invicem
1618 3078 1975 3134 insolabiliter
2001 3094 2131 3134 con-
2157 3062 2202 3124 C

547 3170 883 3226 foederantur
921 3179 1217 3240 praesente,
1268 3178 1551 3241 spectante
1599 3179 1765 3239 atque
1811 3179 1947 3225 teste
1983 3170 2132 3240 justo

541 3258 727 3329 judice
753 3262 882 3317 Deo.
912 3260 1024 3316 lloc
1063 3269 1235 3316 totum
1270 3261 1442 3332 igitur
1480 3277 1512 3316 a
1555 3262 1711 3316 nobis
1759 3260 2027 3332 prolatum
2066 3261 2134 3316 ad

551 3353 655 3409 hoc
682 3367 866 3422 quteso
898 3352 1096 3415 valeat,
1135 3360 1196 3407 ut
1229 3352 1358 3423 quia
1377 3352 1492 3424 jam
1518 3353 1799 3407 ardentem
1817 3350 2132 3417 Sodomam,

550 3446 604 3501 id
627 3453 711 3501 est
739 3445 924 3501 illicita
953 3446 1135 3501 carnis
1172 3446 1418 3501 incendia
1441 3486 1455 3511 ,
1487 3445 1690 3501 saniori
1720 3443 1973 3516 aufugisti
2009 3459 2136 3500 con-

549 3538 693 3601 silio,
724 3553 827 3594 nec
875 3547 1153 3604 montana,
1202 3538 1254 3593 id
1305 3530 1388 3593 est
1439 3537 1814 3593 celsitudinem
1858 3536 2138 3591 czelibatus

549 3629 917 3685 conscendere
951 3629 1284 3696 deliberasti,
1321 3629 1510 3684 saltem
1561 3630 1614 3683 in
1640 3629 1812 3701 Segor
1836 3626 1989 3698 (Gen.
2021 3644 2134 3693 xix,

550 3720 667 3788 2'5),
700 3721 802 3776 lioc
826 3729 913 3777 est
937 3720 990 3774 in
1029 3721 1207 3775 medio
1229 3721 1447 3785 borum,
1483 3720 1625 3791 quod
1655 3719 1971 3790 intelligitur
2014 3735 2137 3774 car-

553 3811 676 3866 nale
697 3826 819 3868 esse
850 3811 1201 3875 connubium,
1227 3821 1278 3866 te
1330 3812 1671 3868 continenter
1718 3822 1775 3866 et
1809 3811 2003 3881 pudice
2040 3825 2138 3881 pro

553 3920 714 3976 posse
742 3906 1053 3970 centineas,
1105 3919 1332 3959 uxorem
1366 3904 1660 3959 secundum
1714 3904 1953 3974 Apostoli
1996 3919 2137 3974 pra:-

555 4005 793 4066 ceptum,
838 4005 898 4050 ut
944 3994 1191 4051 Christus
1239 3994 1534 4050 Ecclesium
1566 3994 1796 4065 diligens
1822 3993 2040 4065 (Ephes.
2085 4010 2136 4058 ν,

557 4088 672 4156 ﬂii),
732 4099 788 4142 et
826 4097 1022 4158 praeter
1054 4089 1221 4158 ipsam
1271 4087 1468 4141 nullam
1512 4101 1874 4157 cognoscens;
1913 4087 1981 4140 ab
2029 4086 2140 4157 ipsa

555 4181 724 4234 etiam
754 4180 1003 4252 legaliter
1025 4180 1324 4236 interdictis
1363 4179 1727 4235 ecclesiastice
1770 4179 1959 4234 diebus
1979 4219 1995 4242 ,
2020 4193 2141 4233 cum

559 4272 729 4340 ipsius
768 4286 1034 4327 consensu
1070 4281 1123 4327 te
1172 4271 1490 4336 continens,
1522 4269 1789 4340 iidemque
1832 4277 2142 4339 perpetuam

559 4362 610 4416 ci
638 4375 970 4419 conservans
994 4378 1008 4416 :
1033 4361 1334 4418 certissime
1358 4373 1713 4431 cognoscens,
1751 4358 1876 4428 quia
1893 4358 1938 4413 si
1970 4358 2023 4412 in
2048 4356 2146 4411 ali-

2233 1806 2497 1877 intelligas
2526 1806 2661 1861 duos
2687 1806 2736 1860 in
2760 1821 2865 1859 una
2894 1804 3219 1869 substantia,
3242 1805 3464 1869 deitate,
3486 1806 3823 1873 aiteruitate,

2229 1897 2533 1967 majestate,
2566 1896 2903 1966 operatione,
2966 1896 3245 1950 voluntate
3271 1904 3326 1950 et
3372 1904 3642 1967 potestate
3678 1897 3826 1951 inse-

2230 1987 2467 2042 lubilitcr
2500 2002 2652 2053 esse;
2679 1997 2734 2041 et
2759 1995 2819 2041 ut
2844 1987 3119 2058 replicem,
3144 1987 3218 2041 ita
3250 1987 3355 2042 iste
3375 1985 3560 2043 dicere
3591 1997 3819 2058 posset:

2231 2078 2343 2150 Ego
2372 2088 2427 2134 et
2453 2089 2608 2150 pater
2627 2087 2683 2133 ct
2708 2087 2881 2134 mater
2909 2092 3075 2133 unum
3099 2094 3323 2145 sumus;
3357 2087 3412 2133 et
3438 2088 3595 2151 pater
3623 2088 3682 2133 et
3711 2093 3825 2132 ma-

2233 2181 2320 2227 ter
2349 2172 2402 2226 in
2433 2186 2518 2226 me
2540 2179 2690 2236 sunt,
2712 2178 2769 2225 et
2793 2185 2892 2241 ego
2920 2171 2971 2224 in
3003 2170 3114 2236 eis;
3155 2177 3211 2226 et
3239 2170 3490 2225 vesauius
3518 2187 3532 2223 :
3558 2169 3673 2241 Ego
3704 2182 3825 2224 sunt

2232 2264 2335 2319 mei
2386 2263 2555 2334 ipsius
2592 2271 2749 2332 pater
2793 2272 2850 2317 et
2900 2270 3093 2326 mater,
3137 2262 3263 2332 quia
3310 2261 3364 2316 in
3394 2275 3482 2316 me
3503 2267 3634 2315 sunt
3662 2258 3825 2314 ambo

2231 2372 2416 2418 unum,
2443 2356 2533 2425 qui
2565 2354 2780 2410 fuerant
2808 2364 2935 2409 ante
2974 2355 3103 2419 dite,
3133 2353 3278 2429 ququ
3332 2352 3448 2407 fieri
3479 2367 3587 2406 non
3623 2351 3824 2421 potuit,

2232 2448 2337 2503 nisi
2368 2447 2443 2502 illi
2467 2462 2586 2503 esse
2608 2448 2898 2503 desiissent
2930 2446 2982 2500 in
3013 2461 3095 2512 se,
3138 2446 3278 2500 versi
3323 2445 3376 2500 in
3405 2460 3511 2500 me.
3552 2445 3694 2512 Quid
3727 2462 3824 2499 au-

2236 2548 2340 2594 tem
2355 2553 2479 2593 eum
2510 2553 2616 2593 non
2644 2537 2816 2594 solum
2848 2553 3006 2600 unus,
3032 2536 3125 2592 sed
3155 2544 3209 2592 ct
3233 2536 3362 2602 duo,
3386 2535 3494 2590 imo
3517 2534 3709 2606 viginti
3731 2541 3828 2588 aut

2233 2631 2417 2701 plures
2442 2638 2742 2686 nascuntur
2773 2628 2905 2684 lilii?
2936 2627 3079 2699 Ergo
3108 2627 3175 2684 de
3226 2625 3424 2681 talibus
3472 2625 3661 2681 debuit
3687 2623 3821 2690 dici,

2234 2735 2339 2775 non
2363 2719 2659 2775 debuerant
2689 2717 3050 2790 praetermitti,
3076 2717 3395 2781 debuerant,
3426 2714 3667 2785 inquam,
3690 2714 3825 2780 dici,

2232 2821 2394 2868 erunt
2423 2812 2527 2867 duo
2553 2811 2607 2865 in
2634 2811 2887 2866 carnibus
2910 2808 3120 2879 viginti.
3164 2806 3575 2878 Intelligendum
3618 2806 3826 2876 potius,

2233 2903 2359 2973 quia
2394 2910 2556 2958 erunt
2580 2902 2685 2957 duo
2716 2902 2768 2955 in
2790 2916 2955 2956 carne
2984 2916 3109 2963 una,
3142 2899 3194 2953 in
3226 2899 3364 2970 lege,
3405 2897 3718 2963 dilectione,
3745 2908 3829 2953 at-

2233 3009 2339 3064 que
2364 2992 2468 3047 fide
2489 2993 2671 3047 carnis
2710 3006 2838 3054 una,
2869 2990 2922 3045 in
2951 2988 3166 3044 vinculo
3188 2990 3368 3044 carnis
3404 3003 3511 3042 uno
3531 3028 3546 3054 ,
3582 2987 3638 3041 in
3665 2996 3829 3057 pacto

2234 3087 2416 3142 carnis
2440 3102 2566 3151 uno,
2595 3094 2652 3140 ut
2682 3085 2890 3140 scilicet
2940 3092 3088 3138 tanta
3118 3082 3317 3137 unione
3339 3081 3458 3136 duae
3491 3095 3711 3145 carnes,
3746 3079 3829 3132 in-

2234 3182 2407 3236 vicem
2430 3178 2894 3241 confoederentur,
2917 3184 2976 3229 ιιι
2999 3190 3104 3230 non
3128 3174 3287 3229 liceat
3314 3172 3403 3227 uni
3431 3171 3575 3243 quod
3620 3186 3731 3225 non
3762 3170 3830 3225 li-

2234 3281 2319 3327 cet
2337 3269 2531 3336 alteri;
2566 3284 2666 3324 nec
2716 3268 2829 3331 isti,
2862 3264 3007 3321 verbi
3038 3265 3235 3338 gratia,
3265 3263 3333 3318 ad
3381 3262 3608 3318 alterius
3640 3262 3831 3316 ntulie~

2236 3363 2336 3428 ris,
2362 3377 2462 3418 nec
2487 3360 2563 3416 illi
2591 3362 2660 3417 ad
2692 3360 2921 3415 alterius
2946 3358 3046 3412 viri
3073 3372 3317 3422 carnem,
3348 3354 3569 3425 propria
3602 3354 3656 3409 in
3711 3354 3832 3408 viro

2238 3454 2450 3519 relicta,
2475 3453 2756 3515 accedere,
2786 3459 2841 3505 et
2866 3448 3026 3505 sicuti
3057 3462 3187 3503 caro
3207 3463 3237 3502 a
3268 3444 3613 3501 carnedividi
3644 3445 3833 3513 nequit

2236 3546 2356 3601 sine
2381 3558 2576 3616 magno
2606 3544 2812 3605 dolore,
2842 3541 2913 3595 ita
2945 3555 3081 3595 uxor
3103 3555 3132 3593 a
3167 3539 3283 3593 viro
3306 3536 3470 3592 dividi
3501 3536 3693 3605 nequit
3714 3535 3833 3589 sine

2238 3650 2435 3706 magno
2465 3635 2693 3689 crimine
2719 3651 2733 3686 ι
2770 3630 3007 3700 alioquin
3036 3629 3125 3700 qui
3151 3629 3203 3682 in
3226 3628 3537 3698 virginitate
3566 3635 3830 3696 perpetua

2239 3732 2676 3795 permanserunt,
2699 3721 2844 3775 sicut
2866 3718 3063 3773 multos
3084 3727 3394 3773 sanctorum
3421 3715 3521 3785 legi
3532 3714 3832 3770 musetiam

2241 3816 2489 3887 conjugio
2530 3812 2752 3883 jnnctos
2788 3811 3005 3875 fecisse,
3059 3819 3153 3864 aut
3188 3808 3280 3880 qui
3333 3808 3549 3864 steriles
3588 3806 3835 3867 fuerunt.

2248 3922 2406 3963 senes
2428 3920 2641 3976 quoque
2673 3903 2728 3959 in
2760 3901 3103 3958 cadaverinis
3142 3900 3256 3971 jam
3288 3898 3613 3968 corporibus
3634 3898 3836 3953 consu-

2246 3997 2367 4061 tuti,
2397 3998 2466 4052 ab
2495 3998 2599 4052 liae
2622 3995 2938 4051 viderentur
2985 3991 3273 4048 cliaritatis
3317 3989 3465 4058 lege,
3501 3988 3616 4044 imo
3638 3990 3709 4043 ab
3734 3989 3839 4045 hoc

2246 4088 2553 4157 nuptiarum
2584 4087 2724 4140 bono
2738 4084 2928 4147 alieni;
2958 4080 3100 4150 quod
3120 4082 3340 4136 aliunde
3361 4096 3466 4136 non
3495 4088 3583 4134 est
3611 4080 3837 4142 bonum,

2247 4179 2351 4233 nisi
2384 4186 2605 4250 propter
2630 4188 2738 4231 tam
2765 4173 3051 4230 insolubile
3073 4172 3347 4229 vinculum
3389 4188 3403 4225 :
3434 4170 3580 4240 quod
3605 4171 3749 4226 Deus
3770 4186 3835 4225 ex

2250 4288 2358 4327 uno
2386 4272 2527 4328 duos
2556 4270 2727 4327 voluit
2775 4268 2978 4329 facere,
3027 4273 3085 4319 ut
3128 4280 3294 4319 unum
3330 4272 3515 4320 essent
3539 4261 3736 4319 effectu
3786 4275 3839 4317 et

2250 4363 2354 4420 fide
2401 4364 2455 4419 iu
2506 4378 2584 4428 se,
2616 4361 2709 4432 qui
2738 4358 3058 4430 corporibus
3086 4356 3244 4411 divisi
3278 4363 3464 4411 essent
3499 4368 3532 4409 a
3568 4369 3652 4420 se,
3685 4365 3745 4410 ut
3771 4371 3838 4411 ex

560 4466 669 4520 quo
697 4453 913 4524 negotio
954 4468 1074 4508 eam
1106 4451 1403 4522 deceperis,
1432 4449 1517 4505 vel
1555 4448 2013 4513 circumveneris,
2046 4446 2139 4501 ad-
2168 4432 2218 4492 Ῑ)
2248 4453 2368 4509 istis
2395 4452 2601 4508 duobus
2648 4449 2838 4506 tertius
2865 4447 3040 4512 ﬁeret,
3093 4445 3184 4516 qui
3218 4443 3329 4514 jam
3381 4459 3488 4498 non
3519 4459 3689 4499 unum
3714 4461 3837 4502 cum

561 4546 671 4602 erit
697 4547 892 4606 vindex
913 4547 1307 4613 velocissimus,
1334 4544 1570 4615 etjudcx
1589 4544 1948 4614 iustissimus,
1979 4552 2142 4613 atque

565 4641 723 4697 testis
751 4641 1133 4698 veracissimns
1159 4640 1227 4694 de
1282 4639 1421 4695 caelo
1454 4647 1648 4694 cuncta
1673 4635 2012 4707 prospiciens
2035 4634 2141 4689 Do—

565 4733 767 4801 minus,
792 4734 944 4805 cujus
967 4734 1222 4806 prreeepti
1242 4748 1303 4789 es
1326 4741 1695 4802 transgressor
1716 4728 1957 4786 elfectus.

622 4824 690 4881 -8.
737 4824 1025 4880 Pueriliter
1051 4839 1180 4880 vero
1223 4824 1483 4886 sentiunt,
1530 4820 1675 4892 quod
1712 4820 1934 4874 minime
1974 4817 2149 4873 audeo

562 4914 867 4987 praeterire,
915 4914 1007 4984 qui
1060 4915 1199 4969 illud
1237 4915 1380 4985 quod
1431 4913 1629 4969 dicitur
1659 4928 1675 4965 :
1708 4911 1879 4987 Erunt
1929 4909 2035 4962 duo
2090 4908 2145 4961 iu

567 5023 725 5063 carne
753 5023 858 5061 una
882 5004 1039 5076 (Cen.
1064 5022 1127 5073 tt,
1148 5005 1265 5071 24),
1288 5020 1449 5075 super
1497 5004 1607 5058 lilio
1634 5000 1962 5070 intelligunt,
1990 5007 2050 5053 ut
2067 4998 2148 5052 vi-

573 5097 769 5152 delicet
802 5105 1024 5166 propter
1075 5110 1260 5150 semen
1302 5093 1468 5148 maris
1498 5102 1553 5146 et
1599 5091 1787 5146 liorem
1829 5087 2143 5153 feminine:

572 5185 768 5261 quibus
797 5186 987 5243 confici
1014 5185 1217 5255 prolem
1241 5186 1292 5239 in
1325 5196 1480 5239 utero
1506 5181 1714 5253 physici
1749 5178 2145 5244 tractant,duo,

2249 4545 2330 4600 eis
2355 4554 2523 4608 esset,
2555 4543 2647 4598 sed
2700 4540 2903 4595 relictis
2945 4538 3049 4592 illis
3077 4539 3166 4592 alii
3220 4536 3544 4602 adlirereret,
3575 4552 3705 4593 cum
3733 4554 3839 4609 quo

2251 4638 2500 4708 exempto
2532 4635 2746 4690 illorum
2776 4631 2884 4685 duo
2909 4629 2962 4684 in
2984 4644 3148 4683 carne
3175 4643 3279 4691 una
3301 4636 3505 4694 essent,
3536 4637 3595 4683 et
3619 4629 3693 4683 ita
3709 4643 3835 4701 pro—

2250 4735 2539 4800 pagarctur
2561 4723 2835 4779 hominum
2865 4721 3165 4792 generatio,
3198 4719 3300 4775 lioc
3321 4734 3349 4773 a
3382 4718 3573 4775 bestiis
3599 4722 3840 4778 ueteris-

2253 4834 2360 4890 que
2423 4806 2788 4870 animantibus
2817 4811 2987 4867 divisa
3017 4812 3181 4876 bono,
3209 4810 3354 4881 quod
3390 4809 3495 4865 illae
3536 4812 3835 4868 irrationa-

2254 4911 2408 4975 biles,
2439 4906 2632 4963 affectu
2682 4903 2990 4960 dilectionis
3035 4917 3203 4957 unum
3250 4915 3368 4957 esse
3416 4901 3749 4970 nescientes,
3788 4906 3838 4960 in

2254 5002 2593 5076 promiscuos
2642 4996 2931 5054 dilluerent
2949 4994 3305 5060 concubitus;
3331 4993 3420 5049 isti
3441 5009 3570 5049 vero
3600 4995 3841 5061 ration»

2256 5094 2336 5149 les
2357 5101 2518 5162 pacto
2539 5086 2887 5145 tenacissimo
2914 5085 3282 5149 firmarentur,
3307 5099 3412 5138 uno
3459 5080 3659 5138 affectu
3704 5085 3836 5139 cita—

2260 5181 2440 5237 ritatis
2459 5180 2623 5234 etiam
2651 5190 2817 5234 carne
2841 5176 3091 5234 cotuiexi.
