  <div class='ocr_page' id='page_1' title='image "/cluster/home/n/w/nwhite01/storage/ocr_20150623/136/hvd.32044015471766/102.png"; bbox 0 0 4018 5406; ppageno 0'>
   <div class='ocr_carea' id='block_1_1' title="bbox 161 346 251 401">
    <p class='ocr_par' dir='ltr' id='par_1_1' title="bbox 161 346 251 401">
     <span class='ocr_line' id='line_1_1' title="bbox 161 346 251 401; baseline -0.022 0"><span class='ocrx_word' id='word_1_1' title='bbox 161 346 251 401; x_wconf 68' lang='grc' dir='ltr'><strong>Ιῦτ</strong></span> 
     </span>
    </p>
   </div>
   <div class='ocr_carea' id='block_1_2' title="bbox 1099 344 2466 414">
    <p class='ocr_par' dir='ltr' id='par_1_2' title="bbox 1099 344 2466 414">
     <span class='ocr_line' id='line_1_2' title="bbox 1099 344 2466 414; baseline 0.004 -16"><span class='ocrx_word' id='word_1_2' title='bbox 1099 344 1675 414; x_wconf 58' lang='lat' dir='ltr'><strong>PRELOQUIORL‘M</strong></span> <span class='ocrx_word' id='word_1_3' title='bbox 1716 346 1895 402; x_wconf 79' lang='lat' dir='ltr'><strong>LIBRI</strong></span> <span class='ocrx_word' id='word_1_4' title='bbox 1938 345 2092 404; x_wconf 68' lang='lat' dir='ltr'><strong>SEX.</strong></span> <span class='ocrx_word' id='word_1_5' title='bbox 2132 380 2199 387; x_wconf 88' lang='lat'><strong>-—</strong></span> <span class='ocrx_word' id='word_1_6' title='bbox 2237 347 2362 404; x_wconf 78' lang='lat' dir='ltr'><strong>LIB.</strong></span> <span class='ocrx_word' id='word_1_7' title='bbox 2406 348 2466 403; x_wconf 86' lang='lat' dir='ltr'><strong>ll.</strong></span> 
     </span>
    </p>
   </div>
   <div class='ocr_carea' id='block_1_3' title="bbox 3325 358 3428 416">
    <p class='ocr_par' dir='ltr' id='par_1_3' title="bbox 3325 358 3428 416">
     <span class='ocr_line' id='line_1_3' title="bbox 3325 358 3428 416; baseline 0.039 -4"><span class='ocrx_word' id='word_1_8' title='bbox 3325 358 3428 416; x_wconf 66' lang='grc'><strong>498</strong></span> 
     </span>
    </p>
   </div>
   <div class='ocr_carea' id='block_1_4' title="bbox 218 458 3426 541">
    <p class='ocr_par' dir='ltr' id='par_1_4' title="bbox 218 458 3426 541">
     <span class='ocr_line' id='line_1_4' title="bbox 218 458 3426 541; baseline 0.004 -26"><span class='ocrx_word' id='word_1_9' title='bbox 218 462 269 515; x_wconf 86' lang='grc'><strong>9.</strong></span> <span class='ocrx_word' id='word_1_10' title='bbox 293 460 453 527; x_wconf 84' lang='lat' dir='ltr'><strong>Quod</strong></span> <span class='ocrx_word' id='word_1_11' title='bbox 498 461 546 515; x_wconf 85' lang='lat' dir='ltr'><strong>si</strong></span> <span class='ocrx_word' id='word_1_12' title='bbox 584 469 816 530; x_wconf 84' lang='lat' dir='ltr'><strong>opponat</strong></span> <span class='ocrx_word' id='word_1_13' title='bbox 869 460 996 515; x_wconf 86' lang='lat' dir='ltr'><strong>mihi</strong></span> <span class='ocrx_word' id='word_1_14' title='bbox 1029 458 1193 515; x_wconf 83' lang='lat' dir='ltr'><strong>Jacob</strong></span> <span class='ocrx_word' id='word_1_15' title='bbox 1224 461 1356 515; x_wconf 89' lang='lat' dir='ltr'><strong>duas</strong></span> <span class='ocrx_word' id='word_1_16' title='bbox 1390 475 1605 523; x_wconf 76' lang='lat' dir='ltr'><strong>uxores,</strong></span> <span class='ocrx_word' id='word_1_17' title='bbox 1631 459 1728 514; x_wconf 84' lang='lat' dir='ltr'><strong>Da-</strong></span> <span class='ocrx_word' id='word_1_18' title='bbox 1762 464 1808 523; x_wconf 79' lang='grc' dir='ltr'>Α</span> <span class='ocrx_word' id='word_1_19' title='bbox 1837 459 1983 514; x_wconf 84' lang='lat' dir='ltr'><strong>illum</strong></span> <span class='ocrx_word' id='word_1_20' title='bbox 2010 477 2217 525; x_wconf 73' lang='lat' dir='ltr'><strong>vocans,</strong></span> <span class='ocrx_word' id='word_1_21' title='bbox 2241 462 2393 531; x_wconf 84' lang='lat' dir='ltr'><strong>cujus</strong></span> <span class='ocrx_word' id='word_1_22' title='bbox 2420 463 2540 516; x_wconf 85' lang='lat' dir='ltr'><strong>estis</strong></span> <span class='ocrx_word' id='word_1_23' title='bbox 2569 463 2697 530; x_wconf 75' lang='lat' dir='ltr'><strong>filice</strong></span> <span class='ocrx_word' id='word_1_24' title='bbox 2737 464 2863 519; x_wconf 83' lang='lat' dir='ltr'><strong>bene</strong></span> <span class='ocrx_word' id='word_1_25' title='bbox 2903 465 3152 533; x_wconf 78' lang='lat' dir='ltr'><strong>facientes</strong></span> <span class='ocrx_word' id='word_1_26' title='bbox 3183 469 3236 541; x_wconf 87' lang='grc'><strong>(1</strong></span> <span class='ocrx_word' id='word_1_27' title='bbox 3279 471 3426 531; x_wconf 82' lang='lat' dir='ltr'><strong>Petr.</strong></span> 
     </span>
    </p>
   </div>
   <div class='ocr_carea' id='block_1_5' title="bbox 156 552 1731 624">
    <p class='ocr_par' dir='ltr' id='par_1_5' title="bbox 156 552 1731 624">
     <span class='ocr_line' id='line_1_5' title="bbox 156 552 1731 624; baseline 0.001 -17"><span class='ocrx_word' id='word_1_28' title='bbox 156 555 235 608; x_wconf 85' lang='lat' dir='ltr'><strong>vid</strong></span> <span class='ocrx_word' id='word_1_29' title='bbox 260 566 480 623; x_wconf 85' lang='lat' dir='ltr'><strong>quoque</strong></span> <span class='ocrx_word' id='word_1_30' title='bbox 508 562 565 607; x_wconf 88' lang='lat' dir='ltr'><strong>et</strong></span> <span class='ocrx_word' id='word_1_31' title='bbox 613 552 912 608; x_wconf 86' lang='lat' dir='ltr'><strong>Salomonis</strong></span> <span class='ocrx_word' id='word_1_32' title='bbox 941 554 1101 607; x_wconf 72' lang='lat' dir='ltr'><strong>etiam</strong></span> <span class='ocrx_word' id='word_1_33' title='bbox 1126 554 1338 624; x_wconf 85' lang='lat' dir='ltr'><strong>plures;</strong></span> <span class='ocrx_word' id='word_1_34' title='bbox 1390 554 1559 608; x_wconf 81' lang='lat' dir='ltr'><strong>invito</strong></span> <span class='ocrx_word' id='word_1_35' title='bbox 1586 563 1636 608; x_wconf 89' lang='lat' dir='ltr'><strong>te</strong></span> <span class='ocrx_word' id='word_1_36' title='bbox 1665 554 1731 608; x_wconf 89' lang='lat' dir='ltr'><strong>ad</strong></span> 
     </span>
    </p>
   </div>
   <div class='ocr_carea' id='block_1_6' title="bbox 156 644 1732 715">
    <p class='ocr_par' dir='ltr' id='par_1_6' title="bbox 156 644 1732 715">
     <span class='ocr_line' id='line_1_6' title="bbox 156 644 1732 715; baseline 0.001 -18"><span class='ocrx_word' id='word_1_37' title='bbox 156 645 467 714; x_wconf 78' lang='lat' dir='ltr'><strong>mysterium</strong></span> <span class='ocrx_word' id='word_1_38' title='bbox 519 644 900 714; x_wconf 74' lang='lat' dir='ltr'><strong>indagandum,</strong></span> <span class='ocrx_word' id='word_1_39' title='bbox 938 645 1061 714; x_wconf 90' lang='lat' dir='ltr'><strong>quia</strong></span> <span class='ocrx_word' id='word_1_40' title='bbox 1114 647 1288 699; x_wconf 87' lang='lat' dir='ltr'><strong>omnia</strong></span> <span class='ocrx_word' id='word_1_41' title='bbox 1327 646 1437 699; x_wconf 67' lang='lat' dir='ltr'><strong>ha&#39;c</strong></span> <span class='ocrx_word' id='word_1_42' title='bbox 1467 647 1518 698; x_wconf 87' lang='lat' dir='ltr'><strong>in</strong></span> <span class='ocrx_word' id='word_1_43' title='bbox 1559 646 1732 715; x_wconf 74' lang='lat' dir='ltr'><strong>ﬁgura</strong></span> 
     </span>
    </p>
   </div>
   <div class='ocr_carea' id='block_1_7' title="bbox 158 735 1727 808">
    <p class='ocr_par' dir='ltr' id='par_1_7' title="bbox 158 735 1727 808">
     <span class='ocr_line' id='line_1_7' title="bbox 158 735 1727 808; baseline 0.001 -18"><span class='ocrx_word' id='word_1_44' title='bbox 158 737 513 806; x_wconf 70' lang='lat' dir='ltr'><strong>contingebant</strong></span> <span class='ocrx_word' id='word_1_45' title='bbox 546 736 592 806; x_wconf 89' lang='lat' dir='ltr'><strong>(l</strong></span> <span class='ocrx_word' id='word_1_46' title='bbox 635 735 756 791; x_wconf 86' lang='lat' dir='ltr'><strong>Cor.</strong></span> <span class='ocrx_word' id='word_1_47' title='bbox 792 755 845 802; x_wconf 71' lang='grc' dir='ltr'><strong>κ,</strong></span> <span class='ocrx_word' id='word_1_48' title='bbox 897 737 1016 805; x_wconf 79' lang='lat' dir='ltr'><strong>ll);</strong></span> <span class='ocrx_word' id='word_1_49' title='bbox 1069 749 1122 791; x_wconf 88' lang='lat' dir='ltr'><strong>et</strong></span> <span class='ocrx_word' id='word_1_50' title='bbox 1166 738 1421 792; x_wconf 89' lang='lat' dir='ltr'><strong>audacter</strong></span> <span class='ocrx_word' id='word_1_51' title='bbox 1449 736 1727 808; x_wconf 83' lang='lat' dir='ltr'><strong>proﬁteor,</strong></span> 
     </span>
    </p>
   </div>
   <div class='ocr_carea' id='block_1_8' title="bbox 155 827 1727 893">
    <p class='ocr_par' dir='ltr' id='par_1_8' title="bbox 155 827 1727 893">
     <span class='ocr_line' id='line_1_8' title="bbox 155 827 1727 893; baseline 0.001 -13"><span class='ocrx_word' id='word_1_52' title='bbox 155 827 303 880; x_wconf 84' lang='lat' dir='ltr'><strong>etiam</strong></span> <span class='ocrx_word' id='word_1_53' title='bbox 329 827 416 880; x_wconf 89' lang='lat' dir='ltr'><strong>hic</strong></span> <span class='ocrx_word' id='word_1_54' title='bbox 445 827 725 881; x_wconf 82' lang='lat' dir='ltr'><strong>civitatem</strong></span> <span class='ocrx_word' id='word_1_55' title='bbox 755 827 846 880; x_wconf 86' lang='lat' dir='ltr'><strong>Dei</strong></span> <span class='ocrx_word' id='word_1_56' title='bbox 879 827 1070 893; x_wconf 87' lang='lat' dir='ltr'><strong>nostri,</strong></span> <span class='ocrx_word' id='word_1_57' title='bbox 1100 836 1153 881; x_wconf 91' lang='lat' dir='ltr'><strong>et</strong></span> <span class='ocrx_word' id='word_1_58' title='bbox 1198 837 1433 881; x_wconf 90' lang='lat' dir='ltr'><strong>montem</strong></span> <span class='ocrx_word' id='word_1_59' title='bbox 1481 837 1727 882; x_wconf 88' lang='lat' dir='ltr'><strong>sanctum</strong></span> 
     </span>
    </p>
   </div>
   <div class='ocr_carea' id='block_1_9' title="bbox 157 918 1727 988">
    <p class='ocr_par' dir='ltr' id='par_1_9' title="bbox 157 918 1727 988">
     <span class='ocr_line' id='line_1_9' title="bbox 157 918 1727 988; baseline 0.002 -16"><span class='ocrx_word' id='word_1_60' title='bbox 157 918 259 988; x_wconf 82' lang='lat' dir='ltr'><strong>ejus</strong></span> <span class='ocrx_word' id='word_1_61' title='bbox 286 918 693 987; x_wconf 75' lang='lat' dir='ltr'><strong>prophetatum,</strong></span> <span class='ocrx_word' id='word_1_62' title='bbox 727 918 776 972; x_wconf 92' lang='lat' dir='ltr'><strong>in</strong></span> <span class='ocrx_word' id='word_1_63' title='bbox 811 934 919 988; x_wconf 89' lang='lat' dir='ltr'><strong>quo</strong></span> <span class='ocrx_word' id='word_1_64' title='bbox 950 935 1053 973; x_wconf 90' lang='lat' dir='ltr'><strong>non</strong></span> <span class='ocrx_word' id='word_1_65' title='bbox 1091 919 1215 973; x_wconf 86' lang='lat' dir='ltr'><strong>licet</strong></span> <span class='ocrx_word' id='word_1_66' title='bbox 1246 919 1362 972; x_wconf 90' lang='lat' dir='ltr'><strong>viro</strong></span> <span class='ocrx_word' id='word_1_67' title='bbox 1399 921 1597 975; x_wconf 85' lang='lat' dir='ltr'><strong>habere</strong></span> <span class='ocrx_word' id='word_1_68' title='bbox 1626 921 1727 975; x_wconf 86' lang='lat' dir='ltr'><strong>nisi</strong></span> 
     </span>
    </p>
   </div>
   <div class='ocr_carea' id='block_1_10' title="bbox 157 1008 1726 1075">
    <p class='ocr_par' dir='ltr' id='par_1_10' title="bbox 157 1008 1726 1075">
     <span class='ocr_line' id='line_1_10' title="bbox 157 1008 1726 1075; baseline 0.003 -15"><span class='ocrx_word' id='word_1_69' title='bbox 157 1023 300 1060; x_wconf 89' lang='lat' dir='ltr'><strong>unam</strong></span> <span class='ocrx_word' id='word_1_70' title='bbox 346 1023 616 1072; x_wconf 76' lang='lat' dir='ltr'><strong>uxorem,</strong></span> <span class='ocrx_word' id='word_1_71' title='bbox 675 1018 729 1062; x_wconf 87' lang='lat' dir='ltr'><strong>et</strong></span> <span class='ocrx_word' id='word_1_72' title='bbox 769 1009 920 1062; x_wconf 80' lang='lat' dir='ltr'><strong>uxori</strong></span> <span class='ocrx_word' id='word_1_73' title='bbox 971 1008 1072 1062; x_wconf 87' lang='lat' dir='ltr'><strong>nisi</strong></span> <span class='ocrx_word' id='word_1_74' title='bbox 1117 1025 1282 1062; x_wconf 91' lang='lat' dir='ltr'><strong>unum</strong></span> <span class='ocrx_word' id='word_1_75' title='bbox 1333 1009 1508 1063; x_wconf 86' lang='lat' dir='ltr'><strong>virum</strong></span> <span class='ocrx_word' id='word_1_76' title='bbox 1537 1051 1551 1075; x_wconf 95' lang='lat'><strong>,</strong></span> <span class='ocrx_word' id='word_1_77' title='bbox 1603 1026 1726 1065; x_wconf 87' lang='lat' dir='ltr'><strong>cum</strong></span> 
     </span>
    </p>
   </div>
   <div class='ocr_carea' id='block_1_11' title="bbox 157 1097 1727 1171">
    <p class='ocr_par' dir='ltr' id='par_1_11' title="bbox 157 1097 1727 1171">
     <span class='ocr_line' id='line_1_11' title="bbox 157 1097 1727 1171; baseline 0.007 -25"><span class='ocrx_word' id='word_1_78' title='bbox 157 1114 250 1168; x_wconf 80' lang='lat' dir='ltr'><strong>quo</strong></span> <span class='ocrx_word' id='word_1_79' title='bbox 271 1097 461 1167; x_wconf 84' lang='lat' dir='ltr'><strong>pudice</strong></span> <span class='ocrx_word' id='word_1_80' title='bbox 496 1100 681 1153; x_wconf 82' lang='lat' dir='ltr'><strong>vivens</strong></span> <span class='ocrx_word' id='word_1_81' title='bbox 708 1114 872 1153; x_wconf 87' lang='lat' dir='ltr'><strong>causa</strong></span> <span class='ocrx_word' id='word_1_82' title='bbox 928 1100 999 1154; x_wconf 92' lang='lat' dir='ltr'><strong>sit</strong></span> <span class='ocrx_word' id='word_1_83' title='bbox 1039 1099 1225 1171; x_wconf 85' lang='lat' dir='ltr'><strong>prolis,</strong></span> <span class='ocrx_word' id='word_1_84' title='bbox 1259 1110 1351 1155; x_wconf 91' lang='lat' dir='ltr'><strong>aut</strong></span> <span class='ocrx_word' id='word_1_85' title='bbox 1382 1112 1527 1156; x_wconf 90' lang='lat' dir='ltr'><strong>metu</strong></span> <span class='ocrx_word' id='word_1_86' title='bbox 1556 1101 1727 1157; x_wconf 77' lang='lat' dir='ltr'><strong>forni-</strong></span> 
     </span>
    </p>
   </div>
   <div class='ocr_carea' id='block_1_12' title="bbox 155 1186 1724 1260">
    <p class='ocr_par' dir='ltr' id='par_1_12' title="bbox 155 1186 1724 1260">
     <span class='ocr_line' id='line_1_12' title="bbox 155 1186 1724 1260; baseline 0.004 -20"><span class='ocrx_word' id='word_1_87' title='bbox 155 1187 382 1250; x_wconf 84' lang='lat' dir='ltr'><strong>cationis,</strong></span> <span class='ocrx_word' id='word_1_88' title='bbox 413 1186 580 1240; x_wconf 86' lang='lat' dir='ltr'><strong>tidem</strong></span> <span class='ocrx_word' id='word_1_89' title='bbox 607 1188 655 1242; x_wconf 91' lang='lat' dir='ltr'><strong>ei</strong></span> <span class='ocrx_word' id='word_1_90' title='bbox 680 1189 936 1242; x_wconf 80' lang='lat' dir='ltr'><strong>illibatam</strong></span> <span class='ocrx_word' id='word_1_91' title='bbox 959 1200 1215 1260; x_wconf 88' lang='lat' dir='ltr'><strong>perpetuo</strong></span> <span class='ocrx_word' id='word_1_92' title='bbox 1238 1191 1526 1256; x_wconf 84' lang='lat' dir='ltr'><strong>custodiat,</strong></span> <span class='ocrx_word' id='word_1_93' title='bbox 1551 1203 1605 1247; x_wconf 87' lang='lat' dir='ltr'><strong>et</strong></span> <span class='ocrx_word' id='word_1_94' title='bbox 1633 1207 1724 1247; x_wconf 91' lang='lat' dir='ltr'><strong>sa-</strong></span> 
     </span>
    </p>
   </div>
   <div class='ocr_carea' id='block_1_13' title="bbox 155 1281 1726 1355">
    <p class='ocr_par' dir='ltr' id='par_1_13' title="bbox 155 1281 1726 1355">
     <span class='ocr_line' id='line_1_13' title="bbox 155 1281 1726 1355; baseline 0.004 -23"><span class='ocrx_word' id='word_1_95' title='bbox 155 1289 496 1344; x_wconf 87' lang='lat' dir='ltr'><strong>cramentum,</strong></span> <span class='ocrx_word' id='word_1_96' title='bbox 556 1281 789 1334; x_wconf 77' lang='lat' dir='ltr'><strong>maxime</strong></span> <span class='ocrx_word' id='word_1_97' title='bbox 834 1296 955 1335; x_wconf 91' lang='lat' dir='ltr'><strong>cum</strong></span> <span class='ocrx_word' id='word_1_98' title='bbox 1010 1291 1066 1336; x_wconf 91' lang='lat' dir='ltr'><strong>et</strong></span> <span class='ocrx_word' id='word_1_99' title='bbox 1121 1282 1173 1336; x_wconf 89' lang='lat' dir='ltr'><strong>id</strong></span> <span class='ocrx_word' id='word_1_100' title='bbox 1231 1282 1298 1338; x_wconf 90' lang='lat' dir='ltr'><strong>ad</strong></span> <span class='ocrx_word' id='word_1_101' title='bbox 1351 1284 1526 1354; x_wconf 87' lang='lat' dir='ltr'><strong>majus</strong></span> <span class='ocrx_word' id='word_1_102' title='bbox 1555 1285 1726 1355; x_wconf 87' lang='lat' dir='ltr'><strong>perti-</strong></span> 
     </span>
    </p>
   </div>
   <div class='ocr_carea' id='block_1_14' title="bbox 157 1368 1723 1439">
    <p class='ocr_par' dir='ltr' id='par_1_14' title="bbox 157 1368 1723 1439">
     <span class='ocr_line' id='line_1_14' title="bbox 157 1368 1723 1439; baseline 0.006 -19"><span class='ocrx_word' id='word_1_103' title='bbox 157 1378 284 1435; x_wconf 80' lang='lat' dir='ltr'><strong>neat,</strong></span> <span class='ocrx_word' id='word_1_104' title='bbox 332 1368 434 1424; x_wconf 90' lang='lat' dir='ltr'><strong>hoc</strong></span> <span class='ocrx_word' id='word_1_105' title='bbox 477 1381 567 1424; x_wconf 90' lang='lat' dir='ltr'><strong>est</strong></span> <span class='ocrx_word' id='word_1_106' title='bbox 624 1370 916 1425; x_wconf 80' lang='lat' dir='ltr'><strong>Ecclesium</strong></span> <span class='ocrx_word' id='word_1_107' title='bbox 953 1379 1006 1426; x_wconf 93' lang='lat' dir='ltr'><strong>et</strong></span> <span class='ocrx_word' id='word_1_108' title='bbox 1049 1372 1358 1439; x_wconf 87' lang='lat' dir='ltr'><strong>Christum;</strong></span> <span class='ocrx_word' id='word_1_109' title='bbox 1395 1374 1527 1428; x_wconf 89' lang='lat' dir='ltr'><strong>dicit</strong></span> <span class='ocrx_word' id='word_1_110' title='bbox 1578 1375 1723 1429; x_wconf 91' lang='lat' dir='ltr'><strong>enim</strong></span> 
     </span>
    </p>
   </div>
   <div class='ocr_carea' id='block_1_15' title="bbox 156 1459 1724 1529">
    <p class='ocr_par' dir='ltr' id='par_1_15' title="bbox 156 1459 1724 1529">
     <span class='ocr_line' id='line_1_15' title="bbox 156 1459 1724 1529; baseline 0.005 -18"><span class='ocrx_word' id='word_1_111' title='bbox 156 1459 423 1527; x_wconf 73' lang='lat' dir='ltr'><strong>Apostolus</strong></span> <span class='ocrx_word' id='word_1_112' title='bbox 447 1460 518 1514; x_wconf 88' lang='lat' dir='ltr'><strong>de</strong></span> <span class='ocrx_word' id='word_1_113' title='bbox 548 1461 738 1515; x_wconf 86' lang='lat' dir='ltr'><strong>eadem</strong></span> <span class='ocrx_word' id='word_1_114' title='bbox 769 1463 1036 1516; x_wconf 84' lang='lat' dir='ltr'><strong>sententia</strong></span> <span class='ocrx_word' id='word_1_115' title='bbox 1067 1480 1079 1516; x_wconf 91' lang='lat'><strong>:</strong></span> <span class='ocrx_word' id='word_1_116' title='bbox 1115 1461 1535 1529; x_wconf 84' lang='lat' dir='ltr'><strong>Sacramentum,</strong></span> <span class='ocrx_word' id='word_1_117' title='bbox 1564 1465 1613 1520; x_wconf 91' lang='lat' dir='ltr'><strong>id</strong></span> <span class='ocrx_word' id='word_1_118' title='bbox 1640 1473 1724 1519; x_wconf 84' lang='lat' dir='ltr'><strong>est</strong></span> 
     </span>
    </p>
   </div>
   <div class='ocr_carea' id='block_1_16' title="bbox 155 1549 1722 1621">
    <p class='ocr_par' dir='ltr' id='par_1_16' title="bbox 155 1549 1722 1621">
     <span class='ocr_line' id='line_1_16' title="bbox 155 1549 1722 1621; baseline 0.004 -20"><span class='ocrx_word' id='word_1_119' title='bbox 155 1550 493 1617; x_wconf 76' lang='lat' dir='ltr'><strong>mysterium,</strong></span> <span class='ocrx_word' id='word_1_120' title='bbox 550 1549 648 1603; x_wconf 90' lang='lat' dir='ltr'><strong>hoc</strong></span> <span class='ocrx_word' id='word_1_121' title='bbox 699 1567 944 1619; x_wconf 86' lang='lat' dir='ltr'><strong>magnum</strong></span> <span class='ocrx_word' id='word_1_122' title='bbox 993 1561 1091 1617; x_wconf 78' lang='lat' dir='ltr'><strong>est,</strong></span> <span class='ocrx_word' id='word_1_123' title='bbox 1135 1569 1227 1621; x_wconf 86' lang='lat' dir='ltr'><strong>ego</strong></span> <span class='ocrx_word' id='word_1_124' title='bbox 1280 1563 1453 1606; x_wconf 83' lang='lat' dir='ltr'><strong>autem</strong></span> <span class='ocrx_word' id='word_1_125' title='bbox 1506 1554 1627 1608; x_wconf 86' lang='lat' dir='ltr'><strong>dico</strong></span> <span class='ocrx_word' id='word_1_126' title='bbox 1669 1555 1722 1608; x_wconf 90' lang='lat' dir='ltr'><strong>in</strong></span> 
     </span>
    </p>
   </div>
   <div class='ocr_carea' id='block_1_17' title="bbox 156 1639 1724 1715">
    <p class='ocr_par' dir='ltr' id='par_1_17' title="bbox 156 1639 1724 1715">
     <span class='ocr_line' id='line_1_17' title="bbox 156 1639 1724 1715; baseline 0.006 -23"><span class='ocrx_word' id='word_1_127' title='bbox 156 1639 342 1694; x_wconf 84' lang='lat' dir='ltr'><strong>Christo</strong></span> <span class='ocrx_word' id='word_1_128' title='bbox 393 1652 442 1696; x_wconf 88' lang='lat' dir='ltr'><strong>et</strong></span> <span class='ocrx_word' id='word_1_129' title='bbox 495 1644 552 1696; x_wconf 85' lang='lat' dir='ltr'><strong>in</strong></span> <span class='ocrx_word' id='word_1_130' title='bbox 602 1643 841 1697; x_wconf 80' lang='lat' dir='ltr'><strong>Ecclesia</strong></span> <span class='ocrx_word' id='word_1_131' title='bbox 886 1643 1082 1714; x_wconf 81' lang='lat' dir='ltr'><strong>(Ep/tes</strong></span> <span class='ocrx_word' id='word_1_132' title='bbox 1134 1660 1184 1697; x_wconf 89' lang='lat' dir='ltr'><strong>v.</strong></span> <span class='ocrx_word' id='word_1_133' title='bbox 1226 1645 1316 1715; x_wconf 70' lang='lat'><strong>52)</strong></span> <span class='ocrx_word' id='word_1_134' title='bbox 1348 1665 1360 1699; x_wconf 88' lang='lat'>:</span> <span class='ocrx_word' id='word_1_135' title='bbox 1393 1646 1635 1702; x_wconf 76' lang='lat' dir='ltr'><strong>videlicet</strong></span> <span class='ocrx_word' id='word_1_136' title='bbox 1666 1657 1724 1702; x_wconf 89' lang='lat' dir='ltr'><strong>ut</strong></span> 
     </span>
    </p>
   </div>
   <div class='ocr_carea' id='block_1_18' title="bbox 156 1734 1717 1810">
    <p class='ocr_par' dir='ltr' id='par_1_18' title="bbox 156 1734 1717 1810">
     <span class='ocr_line' id='line_1_18' title="bbox 156 1734 1717 1810; baseline 0.007 -25"><span class='ocrx_word' id='word_1_137' title='bbox 156 1734 246 1804; x_wconf 80' lang='lat'><strong>57</strong></span> <span class='ocrx_word' id='word_1_138' title='bbox 275 1735 669 1804; x_wconf 86' lang='lat' dir='ltr'><strong>aliquantulum</strong></span> <span class='ocrx_word' id='word_1_139' title='bbox 717 1751 783 1790; x_wconf 77' lang='lat' dir='ltr'><strong>ex</strong></span> <span class='ocrx_word' id='word_1_140' title='bbox 839 1738 939 1791; x_wconf 89' lang='lat' dir='ltr'><strong>hoc</strong></span> <span class='ocrx_word' id='word_1_141' title='bbox 983 1736 1226 1807; x_wconf 81' lang='lat' dir='ltr'><strong>proferre</strong></span> <span class='ocrx_word' id='word_1_142' title='bbox 1288 1739 1548 1804; x_wconf 81' lang='lat' dir='ltr'><strong>audeam,</strong></span> <span class='ocrx_word' id='word_1_143' title='bbox 1594 1741 1717 1810; x_wconf 82' lang='lat' dir='ltr'><strong>quia</strong></span> 
     </span>
    </p>
   </div>
   <div class='ocr_carea' id='block_1_19' title="bbox 1839 547 3423 624">
    <p class='ocr_par' dir='ltr' id='par_1_19' title="bbox 1839 547 3423 624">
     <span class='ocr_line' id='line_1_19' title="bbox 1839 547 3423 624; baseline 0.008 -22"><span class='ocrx_word' id='word_1_144' title='bbox 1839 565 1919 614; x_wconf 88' lang='grc' dir='ltr'>ιιι,</span> <span class='ocrx_word' id='word_1_145' title='bbox 1951 549 2024 620; x_wconf 84' lang='lat'><strong>6).</strong></span> <span class='ocrx_word' id='word_1_146' title='bbox 2073 547 2142 604; x_wconf 89' lang='lat' dir='ltr'><strong>Ut</strong></span> <span class='ocrx_word' id='word_1_147' title='bbox 2188 565 2316 620; x_wconf 78' lang='lat' dir='ltr'><strong>ergo</strong></span> <span class='ocrx_word' id='word_1_148' title='bbox 2368 550 2471 604; x_wconf 86' lang='lat' dir='ltr'><strong>lilia</strong></span> <span class='ocrx_word' id='word_1_149' title='bbox 2515 552 2775 607; x_wconf 87' lang='lat' dir='ltr'><strong>merearis</strong></span> <span class='ocrx_word' id='word_1_150' title='bbox 2829 552 2943 606; x_wconf 77' lang='lat' dir='ltr'><strong>fieri</strong></span> <span class='ocrx_word' id='word_1_151' title='bbox 2992 556 3423 624; x_wconf 83' lang='lat' dir='ltr'><strong>patriarcharqu</strong></span> 
     </span>
    </p>
   </div>
   <div class='ocr_carea' id='block_1_20' title="bbox 1835 640 3426 717">
    <p class='ocr_par' dir='ltr' id='par_1_20' title="bbox 1835 640 3426 717">
     <span class='ocr_line' id='line_1_20' title="bbox 1835 640 3426 717; baseline 0.006 -21"><span class='ocrx_word' id='word_1_152' title='bbox 1835 641 1972 696; x_wconf 89' lang='lat' dir='ltr'><strong>bene</strong></span> <span class='ocrx_word' id='word_1_153' title='bbox 2010 640 2236 704; x_wconf 76' lang='lat' dir='ltr'><strong>faciens,</strong></span> <span class='ocrx_word' id='word_1_154' title='bbox 2267 640 2487 696; x_wconf 88' lang='lat' dir='ltr'><strong>obedire</strong></span> <span class='ocrx_word' id='word_1_155' title='bbox 2525 641 2679 696; x_wconf 89' lang='lat' dir='ltr'><strong>stude</strong></span> <span class='ocrx_word' id='word_1_156' title='bbox 2719 643 2838 698; x_wconf 86' lang='lat' dir='ltr'><strong>viro</strong></span> <span class='ocrx_word' id='word_1_157' title='bbox 2873 645 3035 698; x_wconf 88' lang='lat' dir='ltr'><strong>etiam</strong></span> <span class='ocrx_word' id='word_1_158' title='bbox 3072 646 3125 699; x_wconf 88' lang='lat' dir='ltr'><strong>in</strong></span> <span class='ocrx_word' id='word_1_159' title='bbox 3166 647 3282 717; x_wconf 90' lang='lat' dir='ltr'><strong>ipso</strong></span> <span class='ocrx_word' id='word_1_160' title='bbox 3308 665 3426 704; x_wconf 86' lang='lat' dir='ltr'><strong>scr-</strong></span> 
     </span>
    </p>
   </div>
   <div class='ocr_carea' id='block_1_21' title="bbox 1835 732 3423 810">
    <p class='ocr_par' dir='ltr' id='par_1_21' title="bbox 1835 732 3423 810">
     <span class='ocr_line' id='line_1_21' title="bbox 1835 732 3423 810; baseline 0.006 -24"><span class='ocrx_word' id='word_1_161' title='bbox 1835 747 1992 786; x_wconf 87' lang='lat' dir='ltr'><strong>moue</strong></span> <span class='ocrx_word' id='word_1_162' title='bbox 2023 732 2358 796; x_wconf 82' lang='lat' dir='ltr'><strong>humilitatis,</strong></span> <span class='ocrx_word' id='word_1_163' title='bbox 2392 732 2784 800; x_wconf 85' lang='lat' dir='ltr'><strong>subjectioltem</strong></span> <span class='ocrx_word' id='word_1_164' title='bbox 2826 744 2881 789; x_wconf 88' lang='lat' dir='ltr'><strong>et</strong></span> <span class='ocrx_word' id='word_1_165' title='bbox 2916 739 3239 806; x_wconf 78' lang='lat' dir='ltr'><strong>gravitatem</strong></span> <span class='ocrx_word' id='word_1_166' title='bbox 3286 757 3423 810; x_wconf 82' lang='lat' dir='ltr'><strong>pra:-</strong></span> 
     </span>
    </p>
   </div>
   <div class='ocr_carea' id='block_1_22' title="bbox 1831 823 3421 892">
    <p class='ocr_par' dir='ltr' id='par_1_22' title="bbox 1831 823 3421 892">
     <span class='ocr_line' id='line_1_22' title="bbox 1831 823 3421 892; baseline 0.007 -18"><span class='ocrx_word' id='word_1_167' title='bbox 1831 823 2011 876; x_wconf 72' lang='lat' dir='ltr'><strong>l&#39;erens</strong></span> <span class='ocrx_word' id='word_1_168' title='bbox 2034 839 2261 886; x_wconf 86' lang='lat' dir='ltr'><strong>morum,</strong></span> <span class='ocrx_word' id='word_1_169' title='bbox 2287 833 2553 890; x_wconf 84' lang='lat' dir='ltr'><strong>quatenus</strong></span> <span class='ocrx_word' id='word_1_170' title='bbox 2584 825 2912 892; x_wconf 70' lang='lat' dir='ltr'><strong>praeconium</strong></span> <span class='ocrx_word' id='word_1_171' title='bbox 2959 828 3100 882; x_wconf 91' lang='lat' dir='ltr'><strong>illius</strong></span> <span class='ocrx_word' id='word_1_172' title='bbox 3130 833 3421 886; x_wconf 80' lang='lat' dir='ltr'><strong>conveniat</strong></span> 
     </span>
    </p>
   </div>
   <div class='ocr_carea' id='block_1_23' title="bbox 1832 913 3420 986">
    <p class='ocr_par' dir='ltr' id='par_1_23' title="bbox 1832 913 3420 986">
     <span class='ocr_line' id='line_1_23' title="bbox 1832 913 3420 986; baseline 0.007 -21"><span class='ocrx_word' id='word_1_173' title='bbox 1832 913 2104 982; x_wconf 88' lang='lat' dir='ltr'><strong>Sapientis</strong></span> <span class='ocrx_word' id='word_1_174' title='bbox 2133 913 2362 967; x_wconf 88' lang='lat' dir='ltr'><strong>dicentis</strong></span> <span class='ocrx_word' id='word_1_175' title='bbox 2389 931 2402 966; x_wconf 92' lang='lat'>:</span> <span class='ocrx_word' id='word_1_176' title='bbox 2451 914 2688 968; x_wconf 77' lang='lat' dir='ltr'><strong>Mulieris</strong></span> <span class='ocrx_word' id='word_1_177' title='bbox 2717 915 2864 970; x_wconf 67' lang='lat' dir='ltr'><strong>bona:</strong></span> <span class='ocrx_word' id='word_1_178' title='bbox 2907 917 3088 972; x_wconf 86' lang='lat' dir='ltr'><strong>beatus</strong></span> <span class='ocrx_word' id='word_1_179' title='bbox 3116 922 3216 986; x_wconf 82' lang='lat' dir='ltr'><strong>rir,</strong></span> <span class='ocrx_word' id='word_1_180' title='bbox 3243 938 3420 976; x_wconf 83' lang='lat' dir='ltr'><strong>nume—</strong></span> 
     </span>
    </p>
   </div>
   <div class='ocr_carea' id='block_1_24' title="bbox 1831 1005 3420 1078">
    <p class='ocr_par' dir='ltr' id='par_1_24' title="bbox 1831 1005 3420 1078">
     <span class='ocr_line' id='line_1_24' title="bbox 1831 1005 3420 1078; baseline 0.008 -22"><span class='ocrx_word' id='word_1_181' title='bbox 1831 1019 1919 1057; x_wconf 89' lang='lat' dir='ltr'><strong>rus</strong></span> <span class='ocrx_word' id='word_1_182' title='bbox 1947 1021 2205 1058; x_wconf 89' lang='lat' dir='ltr'><strong>annorum</strong></span> <span class='ocrx_word' id='word_1_183' title='bbox 2237 1005 2379 1059; x_wconf 86' lang='lat' dir='ltr'><strong>illius</strong></span> <span class='ocrx_word' id='word_1_184' title='bbox 2408 1006 2601 1074; x_wconf 73' lang='lat' dir='ltr'><strong>duplex</strong></span> <span class='ocrx_word' id='word_1_185' title='bbox 2639 1007 2830 1077; x_wconf 78' lang='lat' dir='ltr'><strong>(Eccli.</strong></span> <span class='ocrx_word' id='word_1_186' title='bbox 2872 1024 3023 1073; x_wconf 77' lang='lat' dir='ltr'><strong>xxvi,</strong></span> <span class='ocrx_word' id='word_1_187' title='bbox 3056 1012 3128 1078; x_wconf 81' lang='grc'><strong>1),</strong></span> <span class='ocrx_word' id='word_1_188' title='bbox 3167 1013 3218 1065; x_wconf 94' lang='lat' dir='ltr'><strong>id</strong></span> <span class='ocrx_word' id='word_1_189' title='bbox 3254 1022 3336 1068; x_wconf 84' lang='lat' dir='ltr'><strong>est</strong></span> <span class='ocrx_word' id='word_1_190' title='bbox 3365 1021 3420 1068; x_wconf 83' lang='lat' dir='ltr'><strong>et</strong></span> 
     </span>
    </p>
   </div>
   <div class='ocr_carea' id='block_1_25' title="bbox 1827 1097 3382 1174">
    <p class='ocr_par' dir='ltr' id='par_1_25' title="bbox 1827 1097 3382 1174">
     <span class='ocr_line' id='line_1_25' title="bbox 1827 1097 3382 1174; baseline 0.008 -27"><span class='ocrx_word' id='word_1_191' title='bbox 1827 1097 2110 1165; x_wconf 68' lang='lat' dir='ltr'><strong>praesentis</strong></span> <span class='ocrx_word' id='word_1_192' title='bbox 2138 1097 2321 1151; x_wconf 72' lang='lat' dir='ltr'><strong>smcnli</strong></span> <span class='ocrx_word' id='word_1_193' title='bbox 2345 1106 2398 1151; x_wconf 91' lang='lat' dir='ltr'><strong>et</strong></span> <span class='ocrx_word' id='word_1_194' title='bbox 2424 1097 2940 1168; x_wconf 71' lang='lat' dir='ltr'><strong>futurijueuuduale</strong></span> <span class='ocrx_word' id='word_1_195' title='bbox 2963 1099 3112 1155; x_wconf 79' lang='lat' dir='ltr'><strong>felix.</strong></span> <span class='ocrx_word' id='word_1_196' title='bbox 3139 1101 3382 1174; x_wconf 89' lang='lat' dir='ltr'><strong>Itemque</strong></span> 
     </span>
    </p>
   </div>
   <div class='ocr_carea' id='block_1_26' title="bbox 1829 1184 3417 1256">
    <p class='ocr_par' dir='ltr' id='par_1_26' title="bbox 1829 1184 3417 1256">
     <span class='ocr_line' id='line_1_26' title="bbox 1829 1184 3417 1256; baseline 0.007 -17"><span class='ocrx_word' id='word_1_197' title='bbox 1829 1184 2023 1240; x_wconf 77' lang='lat' dir='ltr'><strong>Mulier</strong></span> <span class='ocrx_word' id='word_1_198' title='bbox 2071 1187 2222 1256; x_wconf 82' lang='lat' dir='ltr'><strong>fortis</strong></span> <span class='ocrx_word' id='word_1_199' title='bbox 2273 1188 2494 1242; x_wconf 85' lang='lat' dir='ltr'><strong>oblectat</strong></span> <span class='ocrx_word' id='word_1_200' title='bbox 2550 1189 2716 1242; x_wconf 72' lang='lat' dir='ltr'><strong>uirum</strong></span> <span class='ocrx_word' id='word_1_201' title='bbox 2765 1206 2940 1256; x_wconf 87' lang='lat' dir='ltr'><strong>suum,</strong></span> <span class='ocrx_word' id='word_1_202' title='bbox 2997 1202 3044 1245; x_wconf 88' lang='lat' dir='ltr'><strong>et</strong></span> <span class='ocrx_word' id='word_1_203' title='bbox 3080 1210 3248 1247; x_wconf 88' lang='lat' dir='ltr'><strong>annos</strong></span> <span class='ocrx_word' id='word_1_204' title='bbox 3298 1196 3417 1250; x_wconf 72' lang='lat' dir='ltr'><strong>vita!</strong></span> 
     </span>
    </p>
   </div>
   <div class='ocr_carea' id='block_1_27' title="bbox 1826 1276 3415 1348">
    <p class='ocr_par' dir='ltr' id='par_1_27' title="bbox 1826 1276 3415 1348">
     <span class='ocr_line' id='line_1_27' title="bbox 1826 1276 3415 1348; baseline 0.009 -21"><span class='ocrx_word' id='word_1_205' title='bbox 1826 1276 1970 1330; x_wconf 84' lang='lat' dir='ltr'><strong>illius</strong></span> <span class='ocrx_word' id='word_1_206' title='bbox 2013 1278 2066 1330; x_wconf 88' lang='lat' dir='ltr'><strong>in</strong></span> <span class='ocrx_word' id='word_1_207' title='bbox 2099 1295 2225 1346; x_wconf 82' lang='lat' dir='ltr'><strong>pace</strong></span> <span class='ocrx_word' id='word_1_208' title='bbox 2282 1279 2530 1348; x_wconf 83' lang='lat' dir='ltr'><strong>implebit.</strong></span> <span class='ocrx_word' id='word_1_209' title='bbox 2592 1279 2730 1334; x_wconf 85' lang='lat' dir='ltr'><strong>Pars</strong></span> <span class='ocrx_word' id='word_1_210' title='bbox 2783 1282 2938 1346; x_wconf 87' lang='lat' dir='ltr'><strong>bona,</strong></span> <span class='ocrx_word' id='word_1_211' title='bbox 2968 1283 3160 1338; x_wconf 79' lang='lat' dir='ltr'><strong>mulier</strong></span> <span class='ocrx_word' id='word_1_212' title='bbox 3194 1287 3328 1340; x_wconf 88' lang='lat' dir='ltr'><strong>bona</strong></span> <span class='ocrx_word' id='word_1_213' title='bbox 3361 1287 3415 1341; x_wconf 88' lang='lat' dir='ltr'><strong>in</strong></span> 
     </span>
    </p>
   </div>
   <div class='ocr_carea' id='block_1_28' title="bbox 1825 1369 3414 1447">
    <p class='ocr_par' dir='ltr' id='par_1_28' title="bbox 1825 1369 3414 1447">
     <span class='ocr_line' id='line_1_28' title="bbox 1825 1369 3414 1447; baseline 0.008 -29"><span class='ocrx_word' id='word_1_214' title='bbox 1825 1381 1972 1435; x_wconf 87' lang='lat' dir='ltr'><strong>parte</strong></span> <span class='ocrx_word' id='word_1_215' title='bbox 1997 1369 2131 1421; x_wconf 90' lang='lat' dir='ltr'><strong>bona</strong></span> <span class='ocrx_word' id='word_1_216' title='bbox 2161 1369 2373 1421; x_wconf 88' lang='lat' dir='ltr'><strong>dabitur</strong></span> <span class='ocrx_word' id='word_1_217' title='bbox 2392 1369 2499 1423; x_wconf 81' lang='lat' dir='ltr'><strong>viro</strong></span> <span class='ocrx_word' id='word_1_218' title='bbox 2521 1386 2614 1439; x_wconf 84' lang='lat' dir='ltr'><strong>pro</strong></span> <span class='ocrx_word' id='word_1_219' title='bbox 2645 1371 2790 1424; x_wconf 83' lang='lat' dir='ltr'><strong>bonis</strong></span> <span class='ocrx_word' id='word_1_220' title='bbox 2816 1372 2975 1440; x_wconf 83' lang='lat' dir='ltr'><strong>factis</strong></span> <span class='ocrx_word' id='word_1_221' title='bbox 3006 1373 3196 1444; x_wconf 83' lang='lat' dir='ltr'><strong>(lbid.,</strong></span> <span class='ocrx_word' id='word_1_222' title='bbox 3229 1376 3309 1447; x_wconf 71' lang='grc' dir='ltr'><strong>Ξ).</strong></span> <span class='ocrx_word' id='word_1_223' title='bbox 3347 1377 3414 1430; x_wconf 81' lang='lat' dir='ltr'><strong>Et</strong></span> 
     </span>
    </p>
   </div>
   <div class='ocr_carea' id='block_1_29' title="bbox 1827 1457 3416 1530">
    <p class='ocr_par' dir='ltr' id='par_1_29' title="bbox 1827 1457 3416 1530">
     <span class='ocr_line' id='line_1_29' title="bbox 1827 1457 3416 1530; baseline 0.007 -21"><span class='ocrx_word' id='word_1_224' title='bbox 1827 1471 1994 1512; x_wconf 84' lang='lat' dir='ltr'><strong>vere:</strong></span> <span class='ocrx_word' id='word_1_225' title='bbox 2050 1457 2350 1512; x_wconf 78' lang='lat' dir='ltr'><strong>Saluabitur</strong></span> <span class='ocrx_word' id='word_1_226' title='bbox 2396 1462 2555 1523; x_wconf 87' lang='lat' dir='ltr'><strong>enim,</strong></span> <span class='ocrx_word' id='word_1_227' title='bbox 2608 1469 2743 1514; x_wconf 89' lang='lat' dir='ltr'><strong>teste</strong></span> <span class='ocrx_word' id='word_1_228' title='bbox 2789 1462 3072 1530; x_wconf 85' lang='lat' dir='ltr'><strong>Apostolo,</strong></span> <span class='ocrx_word' id='word_1_229' title='bbox 3123 1468 3280 1518; x_wconf 87' lang='lat' dir='ltr'><strong>etiam</strong></span> <span class='ocrx_word' id='word_1_230' title='bbox 3333 1469 3416 1520; x_wconf 75' lang='lat' dir='ltr'><strong>uir</strong></span> 
     </span>
    </p>
   </div>
   <div class='ocr_carea' id='block_1_30' title="bbox 1825 1549 3414 1628">
    <p class='ocr_par' dir='ltr' id='par_1_30' title="bbox 1825 1549 3414 1628">
     <span class='ocr_line' id='line_1_30' title="bbox 1825 1549 3414 1628; baseline 0.008 -27"><span class='ocrx_word' id='word_1_231' title='bbox 1825 1549 2050 1618; x_wconf 83' lang='lat' dir='ltr'><strong>inﬁdelis</strong></span> <span class='ocrx_word' id='word_1_232' title='bbox 2080 1567 2170 1620; x_wconf 78' lang='lat' dir='ltr'><strong>per</strong></span> <span class='ocrx_word' id='word_1_233' title='bbox 2192 1552 2458 1604; x_wconf 76' lang='lat' dir='ltr'><strong>mulierem</strong></span> <span class='ocrx_word' id='word_1_234' title='bbox 2488 1551 2692 1620; x_wconf 85' lang='lat' dir='ltr'><strong>ﬁdelem</strong></span> <span class='ocrx_word' id='word_1_235' title='bbox 2718 1552 2766 1623; x_wconf 89' lang='grc' dir='ltr'><strong>(Ι</strong></span> <span class='ocrx_word' id='word_1_236' title='bbox 2799 1553 2924 1606; x_wconf 85' lang='lat' dir='ltr'><strong>Cor.</strong></span> <span class='ocrx_word' id='word_1_237' title='bbox 2950 1572 3048 1620; x_wconf 81' lang='lat' dir='ltr'><strong>vn,</strong></span> <span class='ocrx_word' id='word_1_238' title='bbox 3074 1557 3181 1628; x_wconf 76' lang='lat' dir='ltr'><strong>M).</strong></span> <span class='ocrx_word' id='word_1_239' title='bbox 3213 1558 3414 1614; x_wconf 80' lang='lat' dir='ltr'><strong>Contra</strong></span> 
     </span>
    </p>
   </div>
   <div class='ocr_carea' id='block_1_31' title="bbox 1827 1644 3414 1716">
    <p class='ocr_par' dir='ltr' id='par_1_31' title="bbox 1827 1644 3414 1716">
     <span class='ocr_line' id='line_1_31' title="bbox 1827 1644 3414 1716; baseline 0.005 -20"><span class='ocrx_word' id='word_1_240' title='bbox 1827 1659 1954 1698; x_wconf 88' lang='lat' dir='ltr'><strong>vero</strong></span> <span class='ocrx_word' id='word_1_241' title='bbox 1985 1644 2275 1699; x_wconf 87' lang='lat' dir='ltr'><strong>secundum</strong></span> <span class='ocrx_word' id='word_1_242' title='bbox 2306 1647 2553 1699; x_wconf 89' lang='lat' dir='ltr'><strong>eumdem</strong></span> <span class='ocrx_word' id='word_1_243' title='bbox 2595 1646 2682 1714; x_wconf 91' lang='lat' dir='ltr'><strong>qui</strong></span> <span class='ocrx_word' id='word_1_244' title='bbox 2721 1661 2882 1716; x_wconf 89' lang='lat' dir='ltr'><strong>supra</strong></span> <span class='ocrx_word' id='word_1_245' title='bbox 2915 1663 2927 1700; x_wconf 89' lang='lat'>:</span> <span class='ocrx_word' id='word_1_246' title='bbox 2963 1646 3130 1700; x_wconf 87' lang='lat' dir='ltr'><strong>Dolor</strong></span> <span class='ocrx_word' id='word_1_247' title='bbox 3167 1651 3338 1703; x_wconf 87' lang='lat' dir='ltr'><strong>cordis</strong></span> <span class='ocrx_word' id='word_1_248' title='bbox 3365 1660 3414 1704; x_wconf 85' lang='lat' dir='ltr'><strong>ct</strong></span> 
     </span>
    </p>
   </div>
   <div class='ocr_carea' id='block_1_32' title="bbox 1827 1733 3416 1808">
    <p class='ocr_par' dir='ltr' id='par_1_32' title="bbox 1827 1733 3416 1808">
     <span class='ocr_line' id='line_1_32' title="bbox 1827 1733 3416 1808; baseline 0.005 -22"><span class='ocrx_word' id='word_1_249' title='bbox 1827 1733 1995 1788; x_wconf 86' lang='lat' dir='ltr'><strong>luctus</strong></span> <span class='ocrx_word' id='word_1_250' title='bbox 2022 1735 2210 1788; x_wconf 82' lang='lat' dir='ltr'><strong>mulier</strong></span> <span class='ocrx_word' id='word_1_251' title='bbox 2246 1735 2480 1804; x_wconf 78' lang='lat' dir='ltr'><strong>zelotypa</strong></span> <span class='ocrx_word' id='word_1_252' title='bbox 2523 1735 2710 1807; x_wconf 76' lang='lat' dir='ltr'><strong>(Eccli.</strong></span> <span class='ocrx_word' id='word_1_253' title='bbox 2750 1753 2897 1802; x_wconf 70' lang='lat' dir='ltr'><strong>xxt&#39;t,</strong></span> <span class='ocrx_word' id='word_1_254' title='bbox 2931 1738 3018 1808; x_wconf 79' lang='lat'><strong>8);</strong></span> <span class='ocrx_word' id='word_1_255' title='bbox 3051 1747 3106 1794; x_wconf 90' lang='lat' dir='ltr'><strong>et</strong></span> <span class='ocrx_word' id='word_1_256' title='bbox 3138 1757 3151 1792; x_wconf 90' lang='lat'><strong>:</strong></span> <span class='ocrx_word' id='word_1_257' title='bbox 3199 1740 3265 1794; x_wconf 88' lang='lat' dir='ltr'><strong>In</strong></span> <span class='ocrx_word' id='word_1_258' title='bbox 3298 1757 3416 1794; x_wconf 86' lang='lat' dir='ltr'><strong>mn-</strong></span> 
     </span>
    </p>
   </div>
   <div class='ocr_carea' id='block_1_33' title="bbox 156 1818 3412 1907">
    <p class='ocr_par' dir='ltr' id='par_1_33' title="bbox 156 1818 3412 1907">
     <span class='ocr_line' id='line_1_33' title="bbox 156 1818 3412 1907; baseline 0.007 -30"><span class='ocrx_word' id='word_1_259' title='bbox 156 1825 274 1878; x_wconf 88' lang='lat' dir='ltr'><strong>sicut</strong></span> <span class='ocrx_word' id='word_1_260' title='bbox 295 1825 363 1878; x_wconf 91' lang='lat' dir='ltr'><strong>illi</strong></span> <span class='ocrx_word' id='word_1_261' title='bbox 387 1827 494 1880; x_wconf 90' lang='lat' dir='ltr'><strong>duo</strong></span> <span class='ocrx_word' id='word_1_262' title='bbox 529 1827 585 1880; x_wconf 93' lang='lat' dir='ltr'><strong>in</strong></span> <span class='ocrx_word' id='word_1_263' title='bbox 614 1841 778 1880; x_wconf 89' lang='lat' dir='ltr'><strong>carne</strong></span> <span class='ocrx_word' id='word_1_264' title='bbox 807 1839 934 1880; x_wconf 87' lang='lat' dir='ltr'><strong>sunt</strong></span> <span class='ocrx_word' id='word_1_265' title='bbox 958 1844 1086 1892; x_wconf 89' lang='lat' dir='ltr'><strong>una,</strong></span> <span class='ocrx_word' id='word_1_266' title='bbox 1119 1828 1190 1882; x_wconf 89' lang='lat' dir='ltr'><strong>ita</strong></span> <span class='ocrx_word' id='word_1_267' title='bbox 1219 1828 1466 1884; x_wconf 87' lang='lat' dir='ltr'><strong>Christus</strong></span> <span class='ocrx_word' id='word_1_268' title='bbox 1491 1845 1611 1884; x_wconf 91' lang='lat' dir='ltr'><strong>cum</strong></span> <span class='ocrx_word' id='word_1_269' title='bbox 1651 1833 1720 1886; x_wconf 89' lang='lat' dir='ltr'><strong>sit</strong></span> <span class='ocrx_word' id='word_1_270' title='bbox 1752 1818 1794 1878; x_wconf 80' lang='grc' dir='ltr'>Β</span> <span class='ocrx_word' id='word_1_271' title='bbox 1823 1828 1948 1882; x_wconf 81' lang='lat' dir='ltr'><strong>liere</strong></span> <span class='ocrx_word' id='word_1_272' title='bbox 1982 1828 2216 1897; x_wconf 75' lang='lat' dir='ltr'><strong>zelotypa</strong></span> <span class='ocrx_word' id='word_1_273' title='bbox 2249 1827 2514 1897; x_wconf 68' lang='lat' dir='ltr'><strong>ﬂagellum</strong></span> <span class='ocrx_word' id='word_1_274' title='bbox 2562 1828 2756 1898; x_wconf 69' lang='lat' dir='ltr'><strong>“&quot;ng</strong></span> <span class='ocrx_word' id='word_1_275' title='bbox 2806 1830 2993 1901; x_wconf 67' lang='grc' dir='ltr'><strong>(Ῐθὲίλο,</strong></span> <span class='ocrx_word' id='word_1_276' title='bbox 3045 1833 3120 1901; x_wconf 85' lang='grc'><strong>9)-</strong></span> <span class='ocrx_word' id='word_1_277' title='bbox 3155 1834 3412 1907; x_wconf 67' lang='grc' dir='ltr'>Ζειοιιικι</span> 
     </span>
    </p>
   </div>
   <div class='ocr_carea' id='block_1_34' title="bbox 157 1915 1719 1992">
    <p class='ocr_par' dir='ltr' id='par_1_34' title="bbox 157 1915 1719 1992">
     <span class='ocr_line' id='line_1_34' title="bbox 157 1915 1719 1992; baseline 0.009 -28"><span class='ocrx_word' id='word_1_278' title='bbox 157 1930 297 1970; x_wconf 75' lang='lat' dir='ltr'><strong>verus</strong></span> <span class='ocrx_word' id='word_1_279' title='bbox 330 1915 492 1981; x_wconf 88' lang='lat' dir='ltr'><strong>Deus,</strong></span> <span class='ocrx_word' id='word_1_280' title='bbox 532 1927 590 1972; x_wconf 90' lang='lat' dir='ltr'><strong>et</strong></span> <span class='ocrx_word' id='word_1_281' title='bbox 616 1934 776 1972; x_wconf 83' lang='lat' dir='ltr'><strong>verus</strong></span> <span class='ocrx_word' id='word_1_282' title='bbox 800 1920 961 1972; x_wconf 91' lang='lat' dir='ltr'><strong>homo</strong></span> <span class='ocrx_word' id='word_1_283' title='bbox 989 1919 1044 1972; x_wconf 91' lang='lat' dir='ltr'><strong>in</strong></span> <span class='ocrx_word' id='word_1_284' title='bbox 1071 1935 1297 1989; x_wconf 91' lang='lat' dir='ltr'><strong>corpore</strong></span> <span class='ocrx_word' id='word_1_285' title='bbox 1325 1936 1444 1984; x_wconf 83' lang='lat' dir='ltr'><strong>suo,</strong></span> <span class='ocrx_word' id='word_1_286' title='bbox 1478 1922 1719 1992; x_wconf 84' lang='lat' dir='ltr'><strong>quodest</strong></span> 
     </span>
    </p>
   </div>
   <div class='ocr_carea' id='block_1_35' title="bbox 157 2003 1716 2076">
    <p class='ocr_par' dir='ltr' id='par_1_35' title="bbox 157 2003 1716 2076">
     <span class='ocr_line' id='line_1_35' title="bbox 157 2003 1716 2076; baseline 0.006 -18"><span class='ocrx_word' id='word_1_287' title='bbox 157 2003 368 2059; x_wconf 79' lang='lat' dir='ltr'><strong>Ecclesia</strong></span> <span class='ocrx_word' id='word_1_288' title='bbox 393 2006 626 2071; x_wconf 82' lang='lat' dir='ltr'><strong>(Coloss.</strong></span> <span class='ocrx_word' id='word_1_289' title='bbox 660 2023 698 2072; x_wconf 90' lang='grc' dir='ltr'>ι,</span> <span class='ocrx_word' id='word_1_290' title='bbox 723 2008 850 2076; x_wconf 70' lang='grc'><strong>24);</strong></span> <span class='ocrx_word' id='word_1_291' title='bbox 885 2025 1048 2062; x_wconf 85' lang='grc' dir='ltr'>ιιιιιιιη</span> <span class='ocrx_word' id='word_1_292' title='bbox 1077 2025 1142 2063; x_wconf 78' lang='lat' dir='ltr'><strong>ex</strong></span> <span class='ocrx_word' id='word_1_293' title='bbox 1167 2010 1378 2066; x_wconf 88' lang='lat' dir='ltr'><strong>duabus</strong></span> <span class='ocrx_word' id='word_1_294' title='bbox 1419 2022 1716 2068; x_wconf 83' lang='lat' dir='ltr'><strong>manetna-</strong></span> 
     </span>
    </p>
   </div>
   <div class='ocr_carea' id='block_1_36' title="bbox 159 2097 1715 2172">
    <p class='ocr_par' dir='ltr' id='par_1_36' title="bbox 159 2097 1715 2172">
     <span class='ocr_line' id='line_1_36' title="bbox 159 2097 1715 2172; baseline 0.007 -25"><span class='ocrx_word' id='word_1_295' title='bbox 159 2097 292 2157; x_wconf 91' lang='lat' dir='ltr'><strong>turis,</strong></span> <span class='ocrx_word' id='word_1_296' title='bbox 321 2113 417 2152; x_wconf 89' lang='lat' dir='ltr'><strong>nec</strong></span> <span class='ocrx_word' id='word_1_297' title='bbox 440 2099 611 2152; x_wconf 84' lang='lat' dir='ltr'><strong>dividi</strong></span> <span class='ocrx_word' id='word_1_298' title='bbox 645 2099 712 2153; x_wconf 91' lang='lat' dir='ltr'><strong>ab</strong></span> <span class='ocrx_word' id='word_1_299' title='bbox 735 2115 798 2154; x_wconf 90' lang='lat' dir='ltr'><strong>ca</strong></span> <span class='ocrx_word' id='word_1_300' title='bbox 844 2110 1021 2168; x_wconf 87' lang='lat' dir='ltr'><strong>potest</strong></span> <span class='ocrx_word' id='word_1_301' title='bbox 1068 2100 1119 2154; x_wconf 90' lang='lat' dir='ltr'><strong>in</strong></span> <span class='ocrx_word' id='word_1_302' title='bbox 1163 2111 1450 2166; x_wconf 55' lang='lat' dir='ltr'><strong>arternum,</strong></span> <span class='ocrx_word' id='word_1_303' title='bbox 1481 2119 1577 2172; x_wconf 90' lang='lat' dir='ltr'><strong>pro</strong></span> <span class='ocrx_word' id='word_1_304' title='bbox 1609 2120 1715 2168; x_wconf 81' lang='lat' dir='ltr'><strong>qua</strong></span> 
     </span>
    </p>
   </div>
   <div class='ocr_carea' id='block_1_37' title="bbox 159 2185 1713 2262">
    <p class='ocr_par' dir='ltr' id='par_1_37' title="bbox 159 2185 1713 2262">
     <span class='ocr_line' id='line_1_37' title="bbox 159 2185 1713 2262; baseline 0.006 -23"><span class='ocrx_word' id='word_1_305' title='bbox 159 2185 271 2240; x_wconf 82' lang='lat' dir='ltr'><strong>ludit</strong></span> <span class='ocrx_word' id='word_1_306' title='bbox 295 2187 344 2241; x_wconf 89' lang='lat' dir='ltr'><strong>in</strong></span> <span class='ocrx_word' id='word_1_307' title='bbox 374 2189 724 2258; x_wconf 87' lang='lat' dir='ltr'><strong>sponsalibus</strong></span> <span class='ocrx_word' id='word_1_308' title='bbox 747 2192 1064 2257; x_wconf 77' lang='lat' dir='ltr'><strong>sanguinem</strong></span> <span class='ocrx_word' id='word_1_309' title='bbox 1107 2194 1405 2262; x_wconf 88' lang='lat' dir='ltr'><strong>proprium,</strong></span> <span class='ocrx_word' id='word_1_310' title='bbox 1432 2195 1592 2249; x_wconf 87' lang='lat' dir='ltr'><strong>sicuti</strong></span> <span class='ocrx_word' id='word_1_311' title='bbox 1617 2211 1713 2250; x_wconf 90' lang='lat' dir='ltr'><strong>nec</strong></span> 
     </span>
    </p>
   </div>
   <div class='ocr_carea' id='block_1_38' title="bbox 159 2277 1715 2353">
    <p class='ocr_par' dir='ltr' id='par_1_38' title="bbox 159 2277 1715 2353">
     <span class='ocr_line' id='line_1_38' title="bbox 159 2277 1715 2353; baseline 0.01 -29"><span class='ocrx_word' id='word_1_312' title='bbox 159 2277 256 2330; x_wconf 80' lang='lat' dir='ltr'><strong>viro</strong></span> <span class='ocrx_word' id='word_1_313' title='bbox 275 2292 514 2343; x_wconf 80' lang='lat' dir='ltr'><strong>uxorem,</strong></span> <span class='ocrx_word' id='word_1_314' title='bbox 549 2295 652 2334; x_wconf 89' lang='lat' dir='ltr'><strong>nec</strong></span> <span class='ocrx_word' id='word_1_315' title='bbox 688 2281 842 2334; x_wconf 73' lang='lat' dir='ltr'><strong>uxori</strong></span> <span class='ocrx_word' id='word_1_316' title='bbox 880 2281 1124 2350; x_wconf 84' lang='lat' dir='ltr'><strong>linquere</strong></span> <span class='ocrx_word' id='word_1_317' title='bbox 1147 2285 1420 2353; x_wconf 88' lang='lat' dir='ltr'><strong>proprium</strong></span> <span class='ocrx_word' id='word_1_318' title='bbox 1445 2283 1569 2339; x_wconf 90' lang='lat' dir='ltr'><strong>licet</strong></span> <span class='ocrx_word' id='word_1_319' title='bbox 1603 2302 1715 2340; x_wconf 79' lang='lat' dir='ltr'><strong>lua—</strong></span> 
     </span>
    </p>
   </div>
   <div class='ocr_carea' id='block_1_39' title="bbox 163 2368 1710 2431">
    <p class='ocr_par' dir='ltr' id='par_1_39' title="bbox 163 2368 1710 2431">
     <span class='ocr_line' id='line_1_39' title="bbox 163 2368 1710 2431; baseline 0.008 -12"><span class='ocrx_word' id='word_1_320' title='bbox 163 2368 319 2422; x_wconf 90' lang='lat' dir='ltr'><strong>ritum.</strong></span> <span class='ocrx_word' id='word_1_321' title='bbox 346 2368 497 2424; x_wconf 88' lang='lat' dir='ltr'><strong>Sicut</strong></span> <span class='ocrx_word' id='word_1_322' title='bbox 525 2381 712 2424; x_wconf 88' lang='lat' dir='ltr'><strong>autem</strong></span> <span class='ocrx_word' id='word_1_323' title='bbox 740 2387 899 2426; x_wconf 89' lang='lat' dir='ltr'><strong>causa</strong></span> <span class='ocrx_word' id='word_1_324' title='bbox 932 2370 1304 2427; x_wconf 81' lang='lat' dir='ltr'><strong>fornicationis</strong></span> <span class='ocrx_word' id='word_1_325' title='bbox 1349 2375 1418 2428; x_wconf 88' lang='lat' dir='ltr'><strong>ab</strong></span> <span class='ocrx_word' id='word_1_326' title='bbox 1448 2374 1710 2431; x_wconf 89' lang='lat' dir='ltr'><strong>alterutro</strong></span> 
     </span>
    </p>
   </div>
   <div class='ocr_carea' id='block_1_40' title="bbox 161 2459 1716 2532">
    <p class='ocr_par' dir='ltr' id='par_1_40' title="bbox 161 2459 1716 2532">
     <span class='ocr_line' id='line_1_40' title="bbox 161 2459 1716 2532; baseline 0.007 -22"><span class='ocrx_word' id='word_1_327' title='bbox 161 2459 422 2526; x_wconf 73' lang='lat' dir='ltr'><strong>legitimum</strong></span> <span class='ocrx_word' id='word_1_328' title='bbox 445 2462 766 2532; x_wconf 78' lang='lat' dir='ltr'><strong>contingere</strong></span> <span class='ocrx_word' id='word_1_329' title='bbox 790 2472 964 2532; x_wconf 90' lang='lat' dir='ltr'><strong>potest</strong></span> <span class='ocrx_word' id='word_1_330' title='bbox 985 2463 1273 2518; x_wconf 85' lang='lat' dir='ltr'><strong>divortium</strong></span> <span class='ocrx_word' id='word_1_331' title='bbox 1294 2503 1310 2529; x_wconf 91' lang='lat'><strong>,</strong></span> <span class='ocrx_word' id='word_1_332' title='bbox 1344 2465 1413 2517; x_wconf 90' lang='lat' dir='ltr'><strong>ita</strong></span> <span class='ocrx_word' id='word_1_333' title='bbox 1436 2476 1490 2520; x_wconf 89' lang='lat' dir='ltr'><strong>et</strong></span> <span class='ocrx_word' id='word_1_334' title='bbox 1514 2481 1542 2519; x_wconf 92' lang='lat' dir='ltr'><strong>a</strong></span> <span class='ocrx_word' id='word_1_335' title='bbox 1562 2465 1716 2520; x_wconf 82' lang='lat' dir='ltr'><strong>Citri-</strong></span> 
     </span>
    </p>
   </div>
   <div class='ocr_carea' id='block_1_41' title="bbox 161 2553 1712 2623">
    <p class='ocr_par' dir='ltr' id='par_1_41' title="bbox 161 2553 1712 2623">
     <span class='ocr_line' id='line_1_41' title="bbox 161 2553 1712 2623; baseline 0.006 -20"><span class='ocrx_word' id='word_1_336' title='bbox 161 2559 228 2603; x_wconf 86' lang='lat' dir='ltr'><strong>sto</strong></span> <span class='ocrx_word' id='word_1_337' title='bbox 260 2567 587 2622; x_wconf 62' lang='lat' dir='ltr'><strong>unaquaeque</strong></span> <span class='ocrx_word' id='word_1_338' title='bbox 615 2553 793 2607; x_wconf 89' lang='lat' dir='ltr'><strong>anima</strong></span> <span class='ocrx_word' id='word_1_339' title='bbox 819 2564 940 2623; x_wconf 92' lang='lat' dir='ltr'><strong>post</strong></span> <span class='ocrx_word' id='word_1_340' title='bbox 967 2564 1242 2610; x_wconf 86' lang='lat' dir='ltr'><strong>amatores</strong></span> <span class='ocrx_word' id='word_1_341' title='bbox 1272 2555 1496 2621; x_wconf 85' lang='lat' dir='ltr'><strong>alienos,</strong></span> <span class='ocrx_word' id='word_1_342' title='bbox 1531 2557 1584 2611; x_wconf 91' lang='lat' dir='ltr'><strong>id</strong></span> <span class='ocrx_word' id='word_1_343' title='bbox 1629 2568 1712 2613; x_wconf 86' lang='lat' dir='ltr'><strong>est</strong></span> 
     </span>
    </p>
   </div>
   <div class='ocr_carea' id='block_1_42' title="bbox 160 2645 1709 2721">
    <p class='ocr_par' dir='ltr' id='par_1_42' title="bbox 160 2645 1709 2721">
     <span class='ocr_line' id='line_1_42' title="bbox 160 2645 1709 2721; baseline 0.003 -23"><span class='ocrx_word' id='word_1_344' title='bbox 160 2645 353 2698; x_wconf 87' lang='lat' dir='ltr'><strong>crimina</strong></span> <span class='ocrx_word' id='word_1_345' title='bbox 381 2647 623 2710; x_wconf 84' lang='lat' dir='ltr'><strong>diversa,</strong></span> <span class='ocrx_word' id='word_1_346' title='bbox 657 2647 738 2700; x_wconf 91' lang='lat' dir='ltr'><strong>vel</strong></span> <span class='ocrx_word' id='word_1_347' title='bbox 796 2648 1078 2717; x_wconf 90' lang='lat' dir='ltr'><strong>spirituum</strong></span> <span class='ocrx_word' id='word_1_348' title='bbox 1128 2649 1530 2703; x_wconf 90' lang='lat' dir='ltr'><strong>immundorum</strong></span> <span class='ocrx_word' id='word_1_349' title='bbox 1583 2666 1709 2721; x_wconf 80' lang='lat' dir='ltr'><strong>sug-</strong></span> 
     </span>
    </p>
   </div>
   <div class='ocr_carea' id='block_1_43' title="bbox 162 2737 1714 2810">
    <p class='ocr_par' dir='ltr' id='par_1_43' title="bbox 162 2737 1714 2810">
     <span class='ocr_line' id='line_1_43' title="bbox 162 2737 1714 2810; baseline 0.007 -23"><span class='ocrx_word' id='word_1_350' title='bbox 162 2738 398 2804; x_wconf 79' lang='lat' dir='ltr'><strong>gestiones</strong></span> <span class='ocrx_word' id='word_1_351' title='bbox 421 2737 723 2800; x_wconf 83' lang='lat' dir='ltr'><strong>fornicans,</strong></span> <span class='ocrx_word' id='word_1_352' title='bbox 755 2740 821 2794; x_wconf 90' lang='lat' dir='ltr'><strong>ab</strong></span> <span class='ocrx_word' id='word_1_353' title='bbox 849 2754 913 2793; x_wconf 90' lang='lat' dir='ltr'><strong>eo</strong></span> <span class='ocrx_word' id='word_1_354' title='bbox 944 2740 1267 2810; x_wconf 88' lang='lat' dir='ltr'><strong>repudiatur,</strong></span> <span class='ocrx_word' id='word_1_355' title='bbox 1317 2742 1418 2797; x_wconf 91' lang='lat' dir='ltr'><strong>nisi</strong></span> <span class='ocrx_word' id='word_1_356' title='bbox 1449 2741 1586 2797; x_wconf 81' lang='lat' dir='ltr'><strong>forte</strong></span> <span class='ocrx_word' id='word_1_357' title='bbox 1612 2743 1714 2798; x_wconf 90' lang='lat' dir='ltr'><strong>ite-</strong></span> 
     </span>
    </p>
   </div>
   <div class='ocr_carea' id='block_1_44' title="bbox 163 2829 1706 2904">
    <p class='ocr_par' dir='ltr' id='par_1_44' title="bbox 163 2829 1706 2904">
     <span class='ocr_line' id='line_1_44' title="bbox 163 2829 1706 2904; baseline 0.01 -29"><span class='ocrx_word' id='word_1_358' title='bbox 163 2842 259 2881; x_wconf 89' lang='lat' dir='ltr'><strong>rum</strong></span> <span class='ocrx_word' id='word_1_359' title='bbox 306 2829 351 2882; x_wconf 87' lang='lat' dir='ltr'><strong>ei</strong></span> <span class='ocrx_word' id='word_1_360' title='bbox 393 2844 490 2899; x_wconf 86' lang='lat' dir='ltr'><strong>per</strong></span> <span class='ocrx_word' id='word_1_361' title='bbox 543 2831 922 2898; x_wconf 70' lang='lat' dir='ltr'><strong>pmuitentiam</strong></span> <span class='ocrx_word' id='word_1_362' title='bbox 974 2833 1353 2888; x_wconf 88' lang='lat' dir='ltr'><strong>reconcilietur</strong></span> <span class='ocrx_word' id='word_1_363' title='bbox 1383 2833 1434 2904; x_wconf 91' lang='grc'><strong>(1</strong></span> <span class='ocrx_word' id='word_1_364' title='bbox 1460 2834 1582 2888; x_wconf 89' lang='lat' dir='ltr'><strong>Cor.</strong></span> <span class='ocrx_word' id='word_1_365' title='bbox 1610 2852 1706 2902; x_wconf 85' lang='lat' dir='ltr'><strong>vn,</strong></span> 
     </span>
    </p>
   </div>
   <div class='ocr_carea' id='block_1_45' title="bbox 161 2919 1708 2996">
    <p class='ocr_par' dir='ltr' id='par_1_45' title="bbox 161 2919 1708 2996">
     <span class='ocr_line' id='line_1_45' title="bbox 161 2919 1708 2996; baseline 0.008 -26"><span class='ocrx_word' id='word_1_366' title='bbox 161 2919 252 2988; x_wconf 89' lang='lat' dir='ltr'><strong>ll),</strong></span> <span class='ocrx_word' id='word_1_367' title='bbox 279 2920 408 2975; x_wconf 89' lang='lat' dir='ltr'><strong>sicut</strong></span> <span class='ocrx_word' id='word_1_368' title='bbox 445 2931 498 2976; x_wconf 91' lang='lat' dir='ltr'><strong>et</strong></span> <span class='ocrx_word' id='word_1_369' title='bbox 523 2936 753 2976; x_wconf 71' lang='lat' dir='ltr'><strong>uxorem</strong></span> <span class='ocrx_word' id='word_1_370' title='bbox 787 2922 901 2977; x_wconf 83' lang='lat' dir='ltr'><strong>viro</strong></span> <span class='ocrx_word' id='word_1_371' title='bbox 927 2923 1040 2977; x_wconf 81' lang='lat' dir='ltr'><strong>ﬁeri</strong></span> <span class='ocrx_word' id='word_1_372' title='bbox 1075 2939 1231 2994; x_wconf 87' lang='lat' dir='ltr'><strong>posse</strong></span> <span class='ocrx_word' id='word_1_373' title='bbox 1259 2940 1354 2996; x_wconf 88' lang='lat' dir='ltr'><strong>per</strong></span> <span class='ocrx_word' id='word_1_374' title='bbox 1389 2925 1708 2996; x_wconf 86' lang='lat' dir='ltr'><strong>Apostolum</strong></span> 
     </span>
    </p>
   </div>
   <div class='ocr_carea' id='block_1_46' title="bbox 161 3010 401 3066">
    <p class='ocr_par' dir='ltr' id='par_1_46' title="bbox 161 3010 401 3066">
     <span class='ocr_line' id='line_1_46' title="bbox 161 3010 401 3066; baseline 0.021 -4"><span class='ocrx_word' id='word_1_375' title='bbox 161 3010 401 3066; x_wconf 82' lang='lat' dir='ltr'><strong>docemur.</strong></span> 
     </span>
    </p>
   </div>
   <div class='ocr_carea' id='block_1_47' title="bbox 217 3103 1704 3178">
    <p class='ocr_par' dir='ltr' id='par_1_47' title="bbox 217 3103 1704 3178">
     <span class='ocr_line' id='line_1_47' title="bbox 217 3103 1704 3178; baseline 0.007 -23"><span class='ocrx_word' id='word_1_376' title='bbox 217 3103 292 3156; x_wconf 68' lang='lat'><strong>10.</strong></span> <span class='ocrx_word' id='word_1_377' title='bbox 322 3105 468 3170; x_wconf 83' lang='lat' dir='ltr'><strong>Quod</strong></span> <span class='ocrx_word' id='word_1_378' title='bbox 497 3115 680 3160; x_wconf 89' lang='lat' dir='ltr'><strong>autem</strong></span> <span class='ocrx_word' id='word_1_379' title='bbox 721 3107 882 3160; x_wconf 88' lang='lat' dir='ltr'><strong>etiam</strong></span> <span class='ocrx_word' id='word_1_380' title='bbox 910 3122 1005 3177; x_wconf 88' lang='lat' dir='ltr'><strong>per</strong></span> <span class='ocrx_word' id='word_1_381' title='bbox 1044 3107 1356 3178; x_wconf 80' lang='lat' dir='ltr'><strong>Apostolum</strong></span> <span class='ocrx_word' id='word_1_382' title='bbox 1389 3124 1554 3164; x_wconf 90' lang='lat' dir='ltr'><strong>carne</strong></span> <span class='ocrx_word' id='word_1_383' title='bbox 1578 3109 1704 3175; x_wconf 89' lang='lat' dir='ltr'><strong>duo,</strong></span> 
     </span>
    </p>
   </div>
   <div class='ocr_carea' id='block_1_48' title="bbox 1822 1919 3412 1992">
    <p class='ocr_par' dir='ltr' id='par_1_48' title="bbox 1822 1919 3412 1992">
     <span class='ocr_line' id='line_1_48' title="bbox 1822 1919 3412 1992; baseline 0.008 -22"><span class='ocrx_word' id='word_1_384' title='bbox 1822 1933 1950 1973; x_wconf 90' lang='lat' dir='ltr'><strong>vero</strong></span> <span class='ocrx_word' id='word_1_385' title='bbox 1995 1919 2188 1972; x_wconf 86' lang='lat' dir='ltr'><strong>mulier</strong></span> <span class='ocrx_word' id='word_1_386' title='bbox 2233 1929 2315 1972; x_wconf 90' lang='lat' dir='ltr'><strong>est</strong></span> <span class='ocrx_word' id='word_1_387' title='bbox 2345 1919 2544 1980; x_wconf 80' lang='lat' dir='ltr'><strong>rixosa,</strong></span> <span class='ocrx_word' id='word_1_388' title='bbox 2596 1920 2675 1974; x_wconf 83' lang='lat' dir='ltr'><strong>vel</strong></span> <span class='ocrx_word' id='word_1_389' title='bbox 2706 1937 2767 1974; x_wconf 90' lang='lat' dir='ltr'><strong>ea</strong></span> <span class='ocrx_word' id='word_1_390' title='bbox 2805 1937 2926 1992; x_wconf 67' lang='lat' dir='ltr'><strong>quae</strong></span> <span class='ocrx_word' id='word_1_391' title='bbox 2961 1925 3190 1980; x_wconf 89' lang='lat' dir='ltr'><strong>zelotem</strong></span> <span class='ocrx_word' id='word_1_392' title='bbox 3235 1928 3412 1983; x_wconf 87' lang='lat' dir='ltr'><strong>virum</strong></span> 
     </span>
    </p>
   </div>
   <div class='ocr_carea' id='block_1_49' title="bbox 1819 2011 3410 2081">
    <p class='ocr_par' dir='ltr' id='par_1_49' title="bbox 1819 2011 3410 2081">
     <span class='ocr_line' id='line_1_49' title="bbox 1819 2011 3410 2081; baseline 0.005 -15"><span class='ocrx_word' id='word_1_393' title='bbox 1819 2011 2000 2067; x_wconf 85' lang='lat' dir='ltr'><strong>eﬂicit.</strong></span> <span class='ocrx_word' id='word_1_394' title='bbox 2031 2013 2241 2066; x_wconf 85' lang='lat' dir='ltr'><strong>Zelotes</strong></span> <span class='ocrx_word' id='word_1_395' title='bbox 2271 2021 2447 2067; x_wconf 87' lang='lat' dir='ltr'><strong>autem</strong></span> <span class='ocrx_word' id='word_1_396' title='bbox 2481 2013 2562 2066; x_wconf 88' lang='lat' dir='ltr'><strong>vir</strong></span> <span class='ocrx_word' id='word_1_397' title='bbox 2592 2027 2697 2077; x_wconf 89' lang='lat' dir='ltr'><strong>cst,</strong></span> <span class='ocrx_word' id='word_1_398' title='bbox 2729 2014 2817 2081; x_wconf 90' lang='lat' dir='ltr'><strong>qui</strong></span> <span class='ocrx_word' id='word_1_399' title='bbox 2849 2030 2972 2068; x_wconf 85' lang='lat' dir='ltr'><strong>cum</strong></span> <span class='ocrx_word' id='word_1_400' title='bbox 2996 2032 3124 2070; x_wconf 91' lang='lat' dir='ltr'><strong>cura</strong></span> <span class='ocrx_word' id='word_1_401' title='bbox 3153 2027 3208 2072; x_wconf 90' lang='lat' dir='ltr'><strong>el</strong></span> <span class='ocrx_word' id='word_1_402' title='bbox 3229 2021 3410 2075; x_wconf 80' lang='lat' dir='ltr'><strong>cordis</strong></span> 
     </span>
    </p>
   </div>
   <div class='ocr_carea' id='block_1_50' title="bbox 1818 2103 3407 2164">
    <p class='ocr_par' dir='ltr' id='par_1_50' title="bbox 1818 2103 3407 2164">
     <span class='ocr_line' id='line_1_50' title="bbox 1818 2103 3407 2164; baseline 0.003 -5"><span class='ocrx_word' id='word_1_403' title='bbox 1818 2105 2059 2159; x_wconf 88' lang='lat' dir='ltr'><strong>cruciatu</strong></span> <span class='ocrx_word' id='word_1_404' title='bbox 2089 2104 2392 2158; x_wconf 85' lang='lat' dir='ltr'><strong>castitatem</strong></span> <span class='ocrx_word' id='word_1_405' title='bbox 2433 2104 2669 2158; x_wconf 88' lang='lat' dir='ltr'><strong>custodit</strong></span> <span class='ocrx_word' id='word_1_406' title='bbox 2699 2104 2905 2157; x_wconf 73' lang='lat' dir='ltr'><strong>uxoris.</strong></span> <span class='ocrx_word' id='word_1_407' title='bbox 2942 2103 3098 2159; x_wconf 88' lang='lat' dir='ltr'><strong>Unde</strong></span> <span class='ocrx_word' id='word_1_408' title='bbox 3123 2117 3178 2161; x_wconf 90' lang='lat' dir='ltr'><strong>et</strong></span> <span class='ocrx_word' id='word_1_409' title='bbox 3225 2108 3407 2164; x_wconf 84' lang='lat' dir='ltr'><strong>Domi-</strong></span> 
     </span>
    </p>
   </div>
   <div class='ocr_carea' id='block_1_51' title="bbox 1818 2191 3408 2264">
    <p class='ocr_par' dir='ltr' id='par_1_51' title="bbox 1818 2191 3408 2264">
     <span class='ocr_line' id='line_1_51' title="bbox 1818 2191 3408 2264; baseline 0.003 -16"><span class='ocrx_word' id='word_1_410' title='bbox 1818 2209 1920 2248; x_wconf 91' lang='lat' dir='ltr'><strong>nus</strong></span> <span class='ocrx_word' id='word_1_411' title='bbox 1965 2193 2166 2248; x_wconf 82' lang='lat' dir='ltr'><strong>zelotcs</strong></span> <span class='ocrx_word' id='word_1_412' title='bbox 2211 2193 2405 2264; x_wconf 71' lang='lat' dir='ltr'><strong>(Exod.</strong></span> <span class='ocrx_word' id='word_1_413' title='bbox 2454 2207 2640 2256; x_wconf 74' lang='lat' dir='ltr'><strong>xxxiv,</strong></span> <span class='ocrx_word' id='word_1_414' title='bbox 2691 2191 2778 2260; x_wconf 74' lang='grc'>14)</span> <span class='ocrx_word' id='word_1_415' title='bbox 2806 2208 2904 2260; x_wconf 88' lang='lat' dir='ltr'><strong>per</strong></span> <span class='ocrx_word' id='word_1_416' title='bbox 2935 2192 3150 2263; x_wconf 82' lang='lat' dir='ltr'><strong>Moysen</strong></span> <span class='ocrx_word' id='word_1_417' title='bbox 3189 2197 3408 2262; x_wconf 85' lang='lat' dir='ltr'><strong>dicitur,</strong></span> 
     </span>
    </p>
   </div>
   <div class='ocr_carea' id='block_1_52' title="bbox 1818 2285 3404 2359">
    <p class='ocr_par' dir='ltr' id='par_1_52' title="bbox 1818 2285 3404 2359">
     <span class='ocr_line' id='line_1_52' title="bbox 1818 2285 3404 2359; baseline 0.003 -19"><span class='ocrx_word' id='word_1_418' title='bbox 1818 2288 1943 2359; x_wconf 88' lang='lat' dir='ltr'><strong>quia</strong></span> <span class='ocrx_word' id='word_1_419' title='bbox 1968 2288 2125 2342; x_wconf 85' lang='lat' dir='ltr'><strong>sicuti</strong></span> <span class='ocrx_word' id='word_1_420' title='bbox 2158 2289 2384 2341; x_wconf 87' lang='lat' dir='ltr'><strong>maritus</strong></span> <span class='ocrx_word' id='word_1_421' title='bbox 2414 2302 2536 2340; x_wconf 89' lang='lat' dir='ltr'><strong>cum</strong></span> <span class='ocrx_word' id='word_1_422' title='bbox 2583 2299 2712 2337; x_wconf 91' lang='lat' dir='ltr'><strong>cura</strong></span> <span class='ocrx_word' id='word_1_423' title='bbox 2745 2285 3054 2339; x_wconf 89' lang='lat' dir='ltr'><strong>castitatem</strong></span> <span class='ocrx_word' id='word_1_424' title='bbox 3088 2289 3292 2352; x_wconf 78' lang='lat' dir='ltr'><strong>uxoris,</strong></span> <span class='ocrx_word' id='word_1_425' title='bbox 3332 2291 3404 2344; x_wconf 88' lang='lat' dir='ltr'><strong>ita</strong></span> 
     </span>
    </p>
   </div>
   <div class='ocr_carea' id='block_1_53' title="bbox 1817 2373 3409 2448">
    <p class='ocr_par' dir='ltr' id='par_1_53' title="bbox 1817 2373 3409 2448">
     <span class='ocr_line' id='line_1_53' title="bbox 1817 2373 3409 2448; baseline 0.001 -16"><span class='ocrx_word' id='word_1_426' title='bbox 1817 2388 1870 2433; x_wconf 82' lang='lat' dir='ltr'><strong>et</strong></span> <span class='ocrx_word' id='word_1_427' title='bbox 1925 2377 2036 2448; x_wconf 88' lang='lat' dir='ltr'><strong>ipse</strong></span> <span class='ocrx_word' id='word_1_428' title='bbox 2085 2376 2246 2431; x_wconf 90' lang='lat' dir='ltr'><strong>modo</strong></span> <span class='ocrx_word' id='word_1_429' title='bbox 2278 2385 2487 2430; x_wconf 90' lang='lat' dir='ltr'><strong>terrore</strong></span> <span class='ocrx_word' id='word_1_430' title='bbox 2517 2373 2785 2444; x_wconf 89' lang='lat' dir='ltr'><strong>supplicii,</strong></span> <span class='ocrx_word' id='word_1_431' title='bbox 2836 2375 2998 2428; x_wconf 87' lang='lat' dir='ltr'><strong>modo</strong></span> <span class='ocrx_word' id='word_1_432' title='bbox 3047 2378 3409 2445; x_wconf 85' lang='lat' dir='ltr'><strong>promissione</strong></span> 
     </span>
    </p>
   </div>
   <div class='ocr_carea' id='block_1_54' title="bbox 1815 2462 3410 2538">
    <p class='ocr_par' dir='ltr' id='par_1_54' title="bbox 1815 2462 3410 2538">
     <span class='ocr_line' id='line_1_54' title="bbox 1815 2462 3410 2538; baseline 0.003 -19"><span class='ocrx_word' id='word_1_433' title='bbox 1815 2467 1965 2538; x_wconf 80' lang='lat' dir='ltr'><strong>regni</strong></span> <span class='ocrx_word' id='word_1_434' title='bbox 2021 2482 2137 2531; x_wconf 87' lang='lat' dir='ltr'><strong>nos,</strong></span> <span class='ocrx_word' id='word_1_435' title='bbox 2199 2481 2266 2521; x_wconf 90' lang='lat' dir='ltr'><strong>ne</strong></span> <span class='ocrx_word' id='word_1_436' title='bbox 2318 2466 2386 2520; x_wconf 88' lang='lat' dir='ltr'><strong>ab</strong></span> <span class='ocrx_word' id='word_1_437' title='bbox 2450 2466 2569 2534; x_wconf 89' lang='lat' dir='ltr'><strong>ipso</strong></span> <span class='ocrx_word' id='word_1_438' title='bbox 2627 2462 2983 2530; x_wconf 80' lang='lat' dir='ltr'><strong>loruicemur,</strong></span> <span class='ocrx_word' id='word_1_439' title='bbox 3051 2469 3410 2523; x_wconf 84' lang='lat' dir='ltr'><strong>custodiendo</strong></span> 
     </span>
    </p>
   </div>
   <div class='ocr_carea' id='block_1_55' title="bbox 1816 2553 3400 2628">
    <p class='ocr_par' dir='ltr' id='par_1_55' title="bbox 1816 2553 3400 2628">
     <span class='ocr_line' id='line_1_55' title="bbox 1816 2553 3400 2628; baseline -0.001 -15"><span class='ocrx_word' id='word_1_440' title='bbox 1816 2558 2113 2628; x_wconf 82' lang='lat' dir='ltr'><strong>restriugtt.</strong></span> <span class='ocrx_word' id='word_1_441' title='bbox 2147 2556 2387 2626; x_wconf 83' lang='lat' dir='ltr'><strong>Itemque</strong></span> <span class='ocrx_word' id='word_1_442' title='bbox 2425 2573 2437 2608; x_wconf 91' lang='lat'><strong>:</strong></span> <span class='ocrx_word' id='word_1_443' title='bbox 2476 2553 2669 2608; x_wconf 79' lang='lat' dir='ltr'><strong>Mulier</strong></span> <span class='ocrx_word' id='word_1_444' title='bbox 2718 2555 2894 2608; x_wconf 66' lang='lat' dir='ltr'><strong>rimosa</strong></span> <span class='ocrx_word' id='word_1_445' title='bbox 2924 2556 3005 2607; x_wconf 86' lang='lat' dir='ltr'><strong>ira</strong></span> <span class='ocrx_word' id='word_1_446' title='bbox 3045 2571 3235 2626; x_wconf 79' lang='lat' dir='ltr'><strong>magna</strong></span> <span class='ocrx_word' id='word_1_447' title='bbox 3287 2570 3305 2608; x_wconf 90' lang='lat'><strong><em>:</em></strong></span> <span class='ocrx_word' id='word_1_448' title='bbox 3349 2569 3400 2611; x_wconf 87' lang='lat' dir='ltr'><strong>et</strong></span> 
     </span>
    </p>
   </div>
   <div class='ocr_carea' id='block_1_56' title="bbox 1815 2645 3408 2717">
    <p class='ocr_par' dir='ltr' id='par_1_56' title="bbox 1815 2645 3408 2717">
     <span class='ocr_line' id='line_1_56' title="bbox 1815 2645 3408 2717; baseline 0 -15"><span class='ocrx_word' id='word_1_449' title='bbox 1815 2648 2151 2712; x_wconf 82' lang='lat' dir='ltr'><strong>contumelia,</strong></span> <span class='ocrx_word' id='word_1_450' title='bbox 2196 2657 2245 2700; x_wconf 87' lang='lat' dir='ltr'><strong>et</strong></span> <span class='ocrx_word' id='word_1_451' title='bbox 2287 2645 2557 2715; x_wconf 84' lang='lat' dir='ltr'><strong>turpitudo</strong></span> <span class='ocrx_word' id='word_1_452' title='bbox 2602 2645 2746 2698; x_wconf 87' lang='lat' dir='ltr'><strong>illius</strong></span> <span class='ocrx_word' id='word_1_453' title='bbox 2799 2661 2901 2698; x_wconf 86' lang='lat' dir='ltr'><strong>non</strong></span> <span class='ocrx_word' id='word_1_454' title='bbox 2945 2655 3183 2716; x_wconf 76' lang='lat' dir='ltr'><strong>legetur;</strong></span> <span class='ocrx_word' id='word_1_455' title='bbox 3233 2650 3408 2717; x_wconf 84' lang='lat' dir='ltr'><strong>gratia</strong></span> 
     </span>
    </p>
   </div>
   <div class='ocr_carea' id='block_1_57' title="bbox 1813 2737 3408 2810">
    <p class='ocr_par' dir='ltr' id='par_1_57' title="bbox 1813 2737 3408 2810">
     <span class='ocr_line' id='line_1_57' title="bbox 1813 2737 3408 2810; baseline -0.003 -13"><span class='ocrx_word' id='word_1_456' title='bbox 1813 2758 1930 2797; x_wconf 80' lang='lat' dir='ltr'><strong>vero</strong></span> <span class='ocrx_word' id='word_1_457' title='bbox 1953 2757 2108 2810; x_wconf 84' lang='lat' dir='ltr'><strong>super</strong></span> <span class='ocrx_word' id='word_1_458' title='bbox 2153 2740 2378 2810; x_wconf 85' lang='lat' dir='ltr'><strong>gratiam</strong></span> <span class='ocrx_word' id='word_1_459' title='bbox 2430 2738 2631 2804; x_wconf 76' lang='lat' dir='ltr'><strong>mulier</strong></span> <span class='ocrx_word' id='word_1_460' title='bbox 2675 2737 2785 2809; x_wconf 74' lang='lat'><strong>58</strong></span> <span class='ocrx_word' id='word_1_461' title='bbox 2839 2749 3024 2792; x_wconf 87' lang='lat' dir='ltr'><strong>sancta</strong></span> <span class='ocrx_word' id='word_1_462' title='bbox 3065 2748 3113 2792; x_wconf 83' lang='lat' dir='ltr'><strong>et</strong></span> <span class='ocrx_word' id='word_1_463' title='bbox 3147 2739 3408 2808; x_wconf 86' lang='lat' dir='ltr'><strong>pudorata</strong></span> 
     </span>
    </p>
   </div>
   <div class='ocr_carea' id='block_1_58' title="bbox 1815 2827 3407 2903">
    <p class='ocr_par' dir='ltr' id='par_1_58' title="bbox 1815 2827 3407 2903">
     <span class='ocr_line' id='line_1_58' title="bbox 1815 2827 3407 2903; baseline -0.001 -17"><span class='ocrx_word' id='word_1_464' title='bbox 1815 2831 2002 2903; x_wconf 86' lang='lat' dir='ltr'><strong>(Eccli.</strong></span> <span class='ocrx_word' id='word_1_465' title='bbox 2029 2847 2176 2895; x_wconf 64' lang='grc' dir='ltr'>χχιι,</span> <span class='ocrx_word' id='word_1_466' title='bbox 2211 2830 2321 2897; x_wconf 83' lang='lat' dir='ltr'><strong>ll).</strong></span> <span class='ocrx_word' id='word_1_467' title='bbox 2363 2827 2652 2898; x_wconf 84' lang='lat' dir='ltr'><strong>Apostolus</strong></span> <span class='ocrx_word' id='word_1_468' title='bbox 2677 2843 2894 2899; x_wconf 85' lang='lat' dir='ltr'><strong>quoque</strong></span> <span class='ocrx_word' id='word_1_469' title='bbox 2934 2829 3120 2883; x_wconf 87' lang='lat' dir='ltr'><strong>Titum</strong></span> <span class='ocrx_word' id='word_1_470' title='bbox 3149 2831 3216 2884; x_wconf 88' lang='lat' dir='ltr'><strong>de</strong></span> <span class='ocrx_word' id='word_1_471' title='bbox 3245 2831 3407 2885; x_wconf 84' lang='lat' dir='ltr'><strong>rebus</strong></span> 
     </span>
    </p>
   </div>
   <div class='ocr_carea' id='block_1_59' title="bbox 1812 2923 3404 2991">
    <p class='ocr_par' dir='ltr' id='par_1_59' title="bbox 1812 2923 3404 2991">
     <span class='ocr_line' id='line_1_59' title="bbox 1812 2923 3404 2991; baseline -0.002 -11"><span class='ocrx_word' id='word_1_472' title='bbox 1812 2923 2190 2980; x_wconf 83' lang='lat' dir='ltr'><strong>ecclesiasticis</strong></span> <span class='ocrx_word' id='word_1_473' title='bbox 2215 2923 2508 2985; x_wconf 89' lang='lat' dir='ltr'><strong>instruens,</strong></span> <span class='ocrx_word' id='word_1_474' title='bbox 2538 2930 2588 2975; x_wconf 90' lang='lat' dir='ltr'><strong>te</strong></span> <span class='ocrx_word' id='word_1_475' title='bbox 2617 2937 2834 2991; x_wconf 89' lang='lat' dir='ltr'><strong>quoque</strong></span> <span class='ocrx_word' id='word_1_476' title='bbox 2862 2923 3134 2991; x_wconf 88' lang='lat' dir='ltr'><strong>quomodo</strong></span> <span class='ocrx_word' id='word_1_477' title='bbox 3163 2938 3404 2977; x_wconf 83' lang='lat' dir='ltr'><strong>commo-</strong></span> 
     </span>
    </p>
   </div>
   <div class='ocr_carea' id='block_1_60' title="bbox 1813 3011 3392 3084">
    <p class='ocr_par' dir='ltr' id='par_1_60' title="bbox 1813 3011 3392 3084">
     <span class='ocr_line' id='line_1_60' title="bbox 1813 3011 3392 3084; baseline -0.001 -14"><span class='ocrx_word' id='word_1_478' title='bbox 1813 3015 2066 3081; x_wconf 81' lang='lat' dir='ltr'><strong>nefaciat,</strong></span> <span class='ocrx_word' id='word_1_479' title='bbox 2098 3015 2278 3077; x_wconf 86' lang='lat' dir='ltr'><strong>docet,</strong></span> <span class='ocrx_word' id='word_1_480' title='bbox 2306 3011 2534 3067; x_wconf 89' lang='lat' dir='ltr'><strong>dicendo</strong></span> <span class='ocrx_word' id='word_1_481' title='bbox 2561 3012 2705 3066; x_wconf 86' lang='lat' dir='ltr'><strong>inter</strong></span> <span class='ocrx_word' id='word_1_482' title='bbox 2730 3021 2923 3066; x_wconf 73' lang='lat' dir='ltr'><strong>cmtera</strong></span> <span class='ocrx_word' id='word_1_483' title='bbox 2971 3028 2984 3066; x_wconf 92' lang='lat'><strong>:</strong></span> <span class='ocrx_word' id='word_1_484' title='bbox 3015 3011 3250 3084; x_wconf 84' lang='lat' dir='ltr'><strong>Loquere</strong></span> <span class='ocrx_word' id='word_1_485' title='bbox 3273 3031 3392 3083; x_wconf 78' lang='lat' dir='ltr'><strong>qua:</strong></span> 
     </span>
    </p>
   </div>
   <div class='ocr_carea' id='block_1_61' title="bbox 1811 3104 3389 3174">
    <p class='ocr_par' dir='ltr' id='par_1_61' title="bbox 1811 3104 3389 3174">
     <span class='ocr_line' id='line_1_61' title="bbox 1811 3104 3389 3174; baseline -0.004 -11"><span class='ocrx_word' id='word_1_486' title='bbox 1811 3109 1990 3162; x_wconf 86' lang='lat' dir='ltr'><strong>decent</strong></span> <span class='ocrx_word' id='word_1_487' title='bbox 2019 3124 2203 3160; x_wconf 88' lang='lat' dir='ltr'><strong>sanam</strong></span> <span class='ocrx_word' id='word_1_488' title='bbox 2235 3106 2549 3169; x_wconf 84' lang='lat' dir='ltr'><strong>doctrinam,</strong></span> <span class='ocrx_word' id='word_1_489' title='bbox 2571 3121 2715 3158; x_wconf 86' lang='lat' dir='ltr'><strong>senes</strong></span> <span class='ocrx_word' id='word_1_490' title='bbox 2744 3113 2799 3156; x_wconf 90' lang='lat' dir='ltr'><strong>ut</strong></span> <span class='ocrx_word' id='word_1_491' title='bbox 2829 3104 2992 3157; x_wconf 84' lang='lat' dir='ltr'><strong>sobrii</strong></span> <span class='ocrx_word' id='word_1_492' title='bbox 3033 3105 3160 3169; x_wconf 88' lang='lat' dir='ltr'><strong>sint,</strong></span> <span class='ocrx_word' id='word_1_493' title='bbox 3184 3105 3389 3174; x_wconf 82' lang='lat' dir='ltr'><strong>pudici,</strong></span> 
     </span>
    </p>
   </div>
   <div class='ocr_carea' id='block_1_62' title="bbox 160 3190 3406 3269">
    <p class='ocr_par' dir='ltr' id='par_1_62' title="bbox 160 3190 3406 3269">
     <span class='ocr_line' id='line_1_62' title="bbox 160 3190 3406 3269; baseline 0.002 -25"><span class='ocrx_word' id='word_1_494' title='bbox 160 3193 203 3245; x_wconf 89' lang='lat' dir='ltr'><strong>in</strong></span> <span class='ocrx_word' id='word_1_495' title='bbox 229 3208 372 3248; x_wconf 86' lang='lat' dir='ltr'><strong>carne</strong></span> <span class='ocrx_word' id='word_1_496' title='bbox 395 3205 518 3250; x_wconf 87' lang='lat' dir='ltr'><strong>sunt</strong></span> <span class='ocrx_word' id='word_1_497' title='bbox 549 3212 658 3249; x_wconf 90' lang='lat' dir='ltr'><strong>una</strong></span> <span class='ocrx_word' id='word_1_498' title='bbox 685 3197 899 3267; x_wconf 73' lang='lat' dir='ltr'><strong>(Ephes.</strong></span> <span class='ocrx_word' id='word_1_499' title='bbox 934 3213 987 3262; x_wconf 89' lang='lat' dir='ltr'><strong>v,</strong></span> <span class='ocrx_word' id='word_1_500' title='bbox 1013 3198 1124 3268; x_wconf 77' lang='lat' dir='ltr'><strong>5i),</strong></span> <span class='ocrx_word' id='word_1_501' title='bbox 1158 3213 1256 3253; x_wconf 92' lang='lat' dir='ltr'><strong>nec</strong></span> <span class='ocrx_word' id='word_1_502' title='bbox 1286 3199 1388 3253; x_wconf 88' lang='lat' dir='ltr'><strong>hoc</strong></span> <span class='ocrx_word' id='word_1_503' title='bbox 1417 3209 1706 3254; x_wconf 84' lang='lat' dir='ltr'><strong>trauseun—</strong></span> <span class='ocrx_word' id='word_1_504' title='bbox 1736 3190 1780 3252; x_wconf 88' lang='lat' dir='ltr'><strong>C</strong></span> <span class='ocrx_word' id='word_1_505' title='bbox 1811 3199 2112 3269; x_wconf 84' lang='lat' dir='ltr'><strong>prudentes,</strong></span> <span class='ocrx_word' id='word_1_506' title='bbox 2161 3197 2278 3250; x_wconf 89' lang='lat' dir='ltr'><strong>sani</strong></span> <span class='ocrx_word' id='word_1_507' title='bbox 2324 3196 2378 3248; x_wconf 91' lang='lat' dir='ltr'><strong>in</strong></span> <span class='ocrx_word' id='word_1_508' title='bbox 2418 3195 2543 3263; x_wconf 84' lang='lat' dir='ltr'><strong>ﬁde,</strong></span> <span class='ocrx_word' id='word_1_509' title='bbox 2597 3195 2654 3248; x_wconf 83' lang='lat' dir='ltr'><strong>in</strong></span> <span class='ocrx_word' id='word_1_510' title='bbox 2701 3192 2998 3260; x_wconf 84' lang='lat' dir='ltr'><strong>dilectione,</strong></span> <span class='ocrx_word' id='word_1_511' title='bbox 3037 3195 3090 3248; x_wconf 85' lang='lat' dir='ltr'><strong>in</strong></span> <span class='ocrx_word' id='word_1_512' title='bbox 3127 3196 3406 3264; x_wconf 76' lang='lat' dir='ltr'><strong>patientia.</strong></span> 
     </span>
    </p>
   </div>
   <div class='ocr_carea' id='block_1_63' title="bbox 159 3287 1711 3362">
    <p class='ocr_par' dir='ltr' id='par_1_63' title="bbox 159 3287 1711 3362">
     <span class='ocr_line' id='line_1_63' title="bbox 159 3287 1711 3362; baseline 0.007 -25"><span class='ocrx_word' id='word_1_513' title='bbox 159 3295 227 3337; x_wconf 80' lang='lat' dir='ltr'><strong>ter</strong></span> <span class='ocrx_word' id='word_1_514' title='bbox 250 3287 646 3356; x_wconf 73' lang='lat' dir='ltr'><strong>accipit-udum;</strong></span> <span class='ocrx_word' id='word_1_515' title='bbox 681 3289 772 3343; x_wconf 87' lang='lat' dir='ltr'><strong>sed</strong></span> <span class='ocrx_word' id='word_1_516' title='bbox 803 3290 1088 3344; x_wconf 87' lang='lat' dir='ltr'><strong>dicendum</strong></span> <span class='ocrx_word' id='word_1_517' title='bbox 1115 3291 1239 3359; x_wconf 88' lang='lat' dir='ltr'><strong>quia</strong></span> <span class='ocrx_word' id='word_1_518' title='bbox 1273 3301 1328 3345; x_wconf 92' lang='lat' dir='ltr'><strong>et</strong></span> <span class='ocrx_word' id='word_1_519' title='bbox 1364 3291 1415 3344; x_wconf 92' lang='lat' dir='ltr'><strong>in</strong></span> <span class='ocrx_word' id='word_1_520' title='bbox 1446 3291 1711 3362; x_wconf 74' lang='lat' dir='ltr'><strong>principio</strong></span> 
     </span>
    </p>
   </div>
   <div class='ocr_carea' id='block_1_64' title="bbox 159 3373 1708 3447">
    <p class='ocr_par' dir='ltr' id='par_1_64' title="bbox 159 3373 1708 3447">
     <span class='ocr_line' id='line_1_64' title="bbox 159 3373 1708 3447; baseline 0.008 -23"><span class='ocrx_word' id='word_1_521' title='bbox 159 3373 246 3426; x_wconf 80' lang='lat' dir='ltr'><strong>duo</strong></span> <span class='ocrx_word' id='word_1_522' title='bbox 273 3373 496 3441; x_wconf 86' lang='lat' dir='ltr'><strong>luerunt,</strong></span> <span class='ocrx_word' id='word_1_523' title='bbox 522 3377 655 3447; x_wconf 88' lang='lat' dir='ltr'><strong>quia</strong></span> <span class='ocrx_word' id='word_1_524' title='bbox 680 3377 746 3431; x_wconf 89' lang='lat' dir='ltr'><strong>de</strong></span> <span class='ocrx_word' id='word_1_525' title='bbox 776 3394 884 3433; x_wconf 90' lang='lat' dir='ltr'><strong>uno</strong></span> <span class='ocrx_word' id='word_1_526' title='bbox 909 3379 1148 3434; x_wconf 87' lang='lat' dir='ltr'><strong>detracta</strong></span> <span class='ocrx_word' id='word_1_527' title='bbox 1177 3388 1259 3434; x_wconf 90' lang='lat' dir='ltr'><strong>est</strong></span> <span class='ocrx_word' id='word_1_528' title='bbox 1287 3379 1491 3446; x_wconf 87' lang='lat' dir='ltr'><strong>altera;</strong></span> <span class='ocrx_word' id='word_1_529' title='bbox 1522 3390 1575 3435; x_wconf 93' lang='lat' dir='ltr'><strong>et</strong></span> <span class='ocrx_word' id='word_1_530' title='bbox 1604 3397 1708 3437; x_wconf 86' lang='lat' dir='ltr'><strong>una</strong></span> 
     </span>
    </p>
   </div>
   <div class='ocr_carea' id='block_1_65' title="bbox 158 3467 1707 3539">
    <p class='ocr_par' dir='ltr' id='par_1_65' title="bbox 158 3467 1707 3539">
     <span class='ocr_line' id='line_1_65' title="bbox 158 3467 1707 3539; baseline 0.008 -24"><span class='ocrx_word' id='word_1_531' title='bbox 158 3476 264 3519; x_wconf 87' lang='lat' dir='ltr'><strong>caro</strong></span> <span class='ocrx_word' id='word_1_532' title='bbox 292 3467 516 3533; x_wconf 88' lang='lat' dir='ltr'><strong>luerunt,</strong></span> <span class='ocrx_word' id='word_1_533' title='bbox 557 3469 689 3538; x_wconf 86' lang='lat' dir='ltr'><strong>quia</strong></span> <span class='ocrx_word' id='word_1_534' title='bbox 723 3485 886 3522; x_wconf 90' lang='lat' dir='ltr'><strong>unum</strong></span> <span class='ocrx_word' id='word_1_535' title='bbox 919 3471 1072 3539; x_wconf 86' lang='lat' dir='ltr'><strong>quasi</strong></span> <span class='ocrx_word' id='word_1_536' title='bbox 1106 3485 1302 3539; x_wconf 86' lang='lat' dir='ltr'><strong>corpus</strong></span> <span class='ocrx_word' id='word_1_537' title='bbox 1325 3471 1554 3526; x_wconf 83' lang='lat' dir='ltr'><strong>invicem</strong></span> <span class='ocrx_word' id='word_1_538' title='bbox 1588 3473 1707 3526; x_wconf 74' lang='grc' dir='ltr'><strong>Γηρ-</strong></span> 
     </span>
    </p>
   </div>
   <div class='ocr_carea' id='block_1_66' title="bbox 159 3555 1707 3628">
    <p class='ocr_par' dir='ltr' id='par_1_66' title="bbox 159 3555 1707 3628">
     <span class='ocr_line' id='line_1_66' title="bbox 159 3555 1707 3628; baseline 0.008 -25"><span class='ocrx_word' id='word_1_539' title='bbox 159 3563 275 3615; x_wconf 88' lang='lat' dir='ltr'><strong>runt,</strong></span> <span class='ocrx_word' id='word_1_540' title='bbox 307 3555 412 3624; x_wconf 89' lang='lat' dir='ltr'><strong>ipse</strong></span> <span class='ocrx_word' id='word_1_541' title='bbox 450 3557 502 3611; x_wconf 93' lang='lat' dir='ltr'><strong>in</strong></span> <span class='ocrx_word' id='word_1_542' title='bbox 536 3573 606 3612; x_wconf 86' lang='lat' dir='ltr'><strong>ea</strong></span> <span class='ocrx_word' id='word_1_543' title='bbox 638 3567 808 3621; x_wconf 88' lang='lat' dir='ltr'><strong>costa,</strong></span> <span class='ocrx_word' id='word_1_544' title='bbox 839 3573 960 3628; x_wconf 66' lang='lat' dir='ltr'><strong>qua:</strong></span> <span class='ocrx_word' id='word_1_545' title='bbox 987 3559 1230 3614; x_wconf 87' lang='lat' dir='ltr'><strong>detracta</strong></span> <span class='ocrx_word' id='word_1_546' title='bbox 1258 3569 1342 3614; x_wconf 86' lang='lat' dir='ltr'><strong>est</strong></span> <span class='ocrx_word' id='word_1_547' title='bbox 1376 3561 1501 3626; x_wconf 90' lang='lat' dir='ltr'><strong>sibi,</strong></span> <span class='ocrx_word' id='word_1_548' title='bbox 1537 3561 1624 3614; x_wconf 90' lang='lat' dir='ltr'><strong>illa</strong></span> <span class='ocrx_word' id='word_1_549' title='bbox 1655 3562 1707 3615; x_wconf 94' lang='lat' dir='ltr'><strong>in</strong></span> 
     </span>
    </p>
   </div>
   <div class='ocr_carea' id='block_1_67' title="bbox 159 3640 1705 3718">
    <p class='ocr_par' dir='ltr' id='par_1_67' title="bbox 159 3640 1705 3718">
     <span class='ocr_line' id='line_1_67' title="bbox 159 3640 1705 3718; baseline 0.008 -26"><span class='ocrx_word' id='word_1_550' title='bbox 159 3640 254 3707; x_wconf 88' lang='lat' dir='ltr'><strong>ipso</strong></span> <span class='ocrx_word' id='word_1_551' title='bbox 287 3653 450 3698; x_wconf 91' lang='lat' dir='ltr'><strong>totum</strong></span> <span class='ocrx_word' id='word_1_552' title='bbox 490 3663 694 3716; x_wconf 89' lang='lat' dir='ltr'><strong>corpus</strong></span> <span class='ocrx_word' id='word_1_553' title='bbox 726 3648 950 3713; x_wconf 90' lang='lat' dir='ltr'><strong>habens,</strong></span> <span class='ocrx_word' id='word_1_554' title='bbox 988 3665 1051 3703; x_wconf 81' lang='lat' dir='ltr'><strong>ex</strong></span> <span class='ocrx_word' id='word_1_555' title='bbox 1104 3665 1212 3718; x_wconf 89' lang='lat' dir='ltr'><strong>quo</strong></span> <span class='ocrx_word' id='word_1_556' title='bbox 1242 3658 1390 3703; x_wconf 88' lang='lat' dir='ltr'><strong>costa</strong></span> <span class='ocrx_word' id='word_1_557' title='bbox 1441 3649 1705 3716; x_wconf 86' lang='lat' dir='ltr'><strong>detracta,</strong></span> 
     </span>
    </p>
   </div>
   <div class='ocr_carea' id='block_1_68' title="bbox 157 3736 1706 3797">
    <p class='ocr_par' dir='ltr' id='par_1_68' title="bbox 157 3736 1706 3797">
     <span class='ocr_line' id='line_1_68' title="bbox 157 3736 1706 3797; baseline 0.01 -15"><span class='ocrx_word' id='word_1_558' title='bbox 157 3743 309 3787; x_wconf 77' lang='lat' dir='ltr'><strong>creata</strong></span> <span class='ocrx_word' id='word_1_559' title='bbox 349 3746 426 3790; x_wconf 86' lang='lat' dir='ltr'><strong>est</strong></span> <span class='ocrx_word' id='word_1_560' title='bbox 463 3738 558 3792; x_wconf 90' lang='lat' dir='ltr'><strong>illi.</strong></span> <span class='ocrx_word' id='word_1_561' title='bbox 610 3736 873 3793; x_wconf 90' lang='lat' dir='ltr'><strong>Similiter</strong></span> <span class='ocrx_word' id='word_1_562' title='bbox 915 3747 967 3794; x_wconf 90' lang='lat' dir='ltr'><strong>et</strong></span> <span class='ocrx_word' id='word_1_563' title='bbox 1004 3740 1250 3795; x_wconf 89' lang='lat' dir='ltr'><strong>Christus</strong></span> <span class='ocrx_word' id='word_1_564' title='bbox 1277 3757 1440 3795; x_wconf 91' lang='lat' dir='ltr'><strong>unum</strong></span> <span class='ocrx_word' id='word_1_565' title='bbox 1471 3753 1555 3795; x_wconf 84' lang='lat' dir='ltr'><strong>est</strong></span> <span class='ocrx_word' id='word_1_566' title='bbox 1585 3757 1706 3797; x_wconf 71' lang='lat' dir='ltr'><strong>cura</strong></span> 
     </span>
    </p>
   </div>
   <div class='ocr_carea' id='block_1_69' title="bbox 159 3819 1703 3899">
    <p class='ocr_par' dir='ltr' id='par_1_69' title="bbox 159 3819 1703 3899">
     <span class='ocr_line' id='line_1_69' title="bbox 159 3819 1703 3899; baseline 0.009 -25"><span class='ocrx_word' id='word_1_567' title='bbox 159 3819 383 3891; x_wconf 77' lang='lat' dir='ltr'><strong>Ecclesia,</strong></span> <span class='ocrx_word' id='word_1_568' title='bbox 419 3829 471 3881; x_wconf 89' lang='lat' dir='ltr'><strong>in</strong></span> <span class='ocrx_word' id='word_1_569' title='bbox 511 3838 779 3898; x_wconf 86' lang='lat' dir='ltr'><strong>quantum</strong></span> <span class='ocrx_word' id='word_1_570' title='bbox 828 3839 988 3899; x_wconf 87' lang='lat' dir='ltr'><strong>caput</strong></span> <span class='ocrx_word' id='word_1_571' title='bbox 1016 3829 1254 3899; x_wconf 83' lang='lat' dir='ltr'><strong>ejusdem</strong></span> <span class='ocrx_word' id='word_1_572' title='bbox 1299 3841 1381 3887; x_wconf 88' lang='lat' dir='ltr'><strong>est</strong></span> <span class='ocrx_word' id='word_1_573' title='bbox 1431 3831 1703 3898; x_wconf 64' lang='lat' dir='ltr'><strong>Ecclesiae,</strong></span> 
     </span>
    </p>
   </div>
   <div class='ocr_carea' id='block_1_70' title="bbox 156 3912 1702 3993">
    <p class='ocr_par' dir='ltr' id='par_1_70' title="bbox 156 3912 1702 3993">
     <span class='ocr_line' id='line_1_70' title="bbox 156 3912 1702 3993; baseline 0.011 -28"><span class='ocrx_word' id='word_1_574' title='bbox 156 3912 273 3968; x_wconf 84' lang='lat' dir='ltr'><strong>sicut</strong></span> <span class='ocrx_word' id='word_1_575' title='bbox 305 3917 409 3987; x_wconf 90' lang='lat' dir='ltr'><strong>ipse</strong></span> <span class='ocrx_word' id='word_1_576' title='bbox 464 3936 686 3990; x_wconf 89' lang='lat' dir='ltr'><strong>quoque</strong></span> <span class='ocrx_word' id='word_1_577' title='bbox 741 3923 796 3975; x_wconf 89' lang='lat' dir='ltr'><strong>in</strong></span> <span class='ocrx_word' id='word_1_578' title='bbox 845 3922 1130 3993; x_wconf 82' lang='lat' dir='ltr'><strong>Evangelio</strong></span> <span class='ocrx_word' id='word_1_579' title='bbox 1184 3933 1436 3991; x_wconf 87' lang='lat' dir='ltr'><strong>testatur,</strong></span> <span class='ocrx_word' id='word_1_580' title='bbox 1471 3926 1702 3982; x_wconf 89' lang='lat' dir='ltr'><strong>dicens:</strong></span> 
     </span>
    </p>
   </div>
   <div class='ocr_carea' id='block_1_71' title="bbox 159 4001 1703 4088">
    <p class='ocr_par' dir='ltr' id='par_1_71' title="bbox 159 4001 1703 4088">
     <span class='ocr_line' id='line_1_71' title="bbox 159 4001 1703 4088; baseline 0.013 -33"><span class='ocrx_word' id='word_1_581' title='bbox 159 4001 300 4059; x_wconf 78' lang='lat' dir='ltr'><strong>Nemo</strong></span> <span class='ocrx_word' id='word_1_582' title='bbox 321 4013 544 4064; x_wconf 78' lang='lat' dir='ltr'><strong>ascendit</strong></span> <span class='ocrx_word' id='word_1_583' title='bbox 586 4014 642 4065; x_wconf 86' lang='lat' dir='ltr'><strong>in</strong></span> <span class='ocrx_word' id='word_1_584' title='bbox 688 4014 892 4079; x_wconf 63' lang='lat' dir='ltr'><strong>malum,</strong></span> <span class='ocrx_word' id='word_1_585' title='bbox 927 4016 1027 4068; x_wconf 82' lang='lat' dir='ltr'><strong>nisi</strong></span> <span class='ocrx_word' id='word_1_586' title='bbox 1051 4017 1140 4086; x_wconf 88' lang='lat' dir='ltr'><strong>qui</strong></span> <span class='ocrx_word' id='word_1_587' title='bbox 1163 4017 1430 4071; x_wconf 82' lang='lat' dir='ltr'><strong>descendit</strong></span> <span class='ocrx_word' id='word_1_588' title='bbox 1460 4018 1524 4073; x_wconf 87' lang='lat' dir='ltr'><strong>de</strong></span> <span class='ocrx_word' id='word_1_589' title='bbox 1554 4019 1703 4088; x_wconf 63' lang='lat' dir='ltr'><strong>caelo,</strong></span> 
     </span>
    </p>
   </div>
   <div class='ocr_carea' id='block_1_72' title="bbox 159 4091 1705 4181">
    <p class='ocr_par' dir='ltr' id='par_1_72' title="bbox 159 4091 1705 4181">
     <span class='ocr_line' id='line_1_72' title="bbox 159 4091 1705 4181; baseline 0.013 -35"><span class='ocrx_word' id='word_1_590' title='bbox 159 4091 304 4153; x_wconf 76' lang='lat' dir='ltr'><strong>Filius</strong></span> <span class='ocrx_word' id='word_1_591' title='bbox 331 4103 573 4169; x_wconf 83' lang='lat' dir='ltr'><strong>hominis,</strong></span> <span class='ocrx_word' id='word_1_592' title='bbox 611 4106 702 4175; x_wconf 81' lang='lat' dir='ltr'><strong>qui</strong></span> <span class='ocrx_word' id='word_1_593' title='bbox 742 4117 814 4159; x_wconf 88' lang='lat' dir='ltr'><strong>est</strong></span> <span class='ocrx_word' id='word_1_594' title='bbox 841 4107 896 4160; x_wconf 88' lang='lat' dir='ltr'><strong>in</strong></span> <span class='ocrx_word' id='word_1_595' title='bbox 926 4107 1050 4160; x_wconf 70' lang='lat' dir='ltr'><strong>cado</strong></span> <span class='ocrx_word' id='word_1_596' title='bbox 1074 4107 1256 4178; x_wconf 84' lang='lat' dir='ltr'><strong>(Joan.</strong></span> <span class='ocrx_word' id='word_1_597' title='bbox 1288 4125 1366 4174; x_wconf 91' lang='grc' dir='ltr'>ιιι,</span> <span class='ocrx_word' id='word_1_598' title='bbox 1407 4110 1515 4181; x_wconf 73' lang='lat' dir='ltr'><strong>l5).</strong></span> <span class='ocrx_word' id='word_1_599' title='bbox 1541 4110 1705 4178; x_wconf 84' lang='lat' dir='ltr'><strong>Quasi</strong></span> 
     </span>
    </p>
   </div>
   <div class='ocr_carea' id='block_1_73' title="bbox 160 4189 1701 4270">
    <p class='ocr_par' dir='ltr' id='par_1_73' title="bbox 160 4189 1701 4270">
     <span class='ocr_line' id='line_1_73' title="bbox 160 4189 1701 4270; baseline 0.011 -29"><span class='ocrx_word' id='word_1_600' title='bbox 160 4189 368 4258; x_wconf 83' lang='lat' dir='ltr'><strong>dixisset,</strong></span> <span class='ocrx_word' id='word_1_601' title='bbox 401 4198 582 4267; x_wconf 82' lang='lat' dir='ltr'><strong>aptius</strong></span> <span class='ocrx_word' id='word_1_602' title='bbox 607 4213 768 4253; x_wconf 89' lang='lat' dir='ltr'><strong>nemo</strong></span> <span class='ocrx_word' id='word_1_603' title='bbox 791 4201 1015 4254; x_wconf 85' lang='lat' dir='ltr'><strong>intrabit</strong></span> <span class='ocrx_word' id='word_1_604' title='bbox 1064 4201 1115 4254; x_wconf 90' lang='lat' dir='ltr'><strong>in</strong></span> <span class='ocrx_word' id='word_1_605' title='bbox 1159 4217 1382 4270; x_wconf 80' lang='lat' dir='ltr'><strong>regnum</strong></span> <span class='ocrx_word' id='word_1_606' title='bbox 1420 4203 1701 4269; x_wconf 63' lang='lat' dir='ltr'><strong>caelorum,</strong></span> 
     </span>
    </p>
   </div>
   <div class='ocr_carea' id='block_1_74' title="bbox 161 4279 1703 4362">
    <p class='ocr_par' dir='ltr' id='par_1_74' title="bbox 161 4279 1703 4362">
     <span class='ocr_line' id='line_1_74' title="bbox 161 4279 1703 4362; baseline 0.014 -32"><span class='ocrx_word' id='word_1_607' title='bbox 161 4279 242 4333; x_wconf 85' lang='lat' dir='ltr'><strong>nisi</strong></span> <span class='ocrx_word' id='word_1_608' title='bbox 265 4285 450 4351; x_wconf 81' lang='lat' dir='ltr'><strong>unitus,</strong></span> <span class='ocrx_word' id='word_1_609' title='bbox 474 4298 529 4341; x_wconf 89' lang='lat' dir='ltr'><strong>ct</strong></span> <span class='ocrx_word' id='word_1_610' title='bbox 553 4289 712 4359; x_wconf 85' lang='lat' dir='ltr'><strong>quasi</strong></span> <span class='ocrx_word' id='word_1_611' title='bbox 735 4303 1159 4360; x_wconf 86' lang='lat' dir='ltr'><strong>eoncorporatus</strong></span> <span class='ocrx_word' id='word_1_612' title='bbox 1181 4295 1249 4359; x_wconf 89' lang='lat' dir='ltr'><strong>ei,</strong></span> <span class='ocrx_word' id='word_1_613' title='bbox 1275 4295 1363 4362; x_wconf 90' lang='lat' dir='ltr'><strong>qui</strong></span> <span class='ocrx_word' id='word_1_614' title='bbox 1383 4296 1460 4350; x_wconf 91' lang='lat' dir='ltr'><strong>sic</strong></span> <span class='ocrx_word' id='word_1_615' title='bbox 1482 4297 1703 4350; x_wconf 84' lang='lat' dir='ltr'><strong>descen-</strong></span> 
     </span>
    </p>
   </div>
   <div class='ocr_carea' id='block_1_75' title="bbox 160 4367 1699 4455">
    <p class='ocr_par' dir='ltr' id='par_1_75' title="bbox 160 4367 1699 4455">
     <span class='ocr_line' id='line_1_75' title="bbox 160 4367 1699 4455; baseline 0.014 -35"><span class='ocrx_word' id='word_1_616' title='bbox 160 4367 220 4422; x_wconf 89' lang='lat' dir='ltr'><strong>dit</strong></span> <span class='ocrx_word' id='word_1_617' title='bbox 244 4372 387 4429; x_wconf 87' lang='lat' dir='ltr'><strong>homo</strong></span> <span class='ocrx_word' id='word_1_618' title='bbox 414 4373 588 4433; x_wconf 77' lang='lat' dir='ltr'><strong>lactus</strong></span> <span class='ocrx_word' id='word_1_619' title='bbox 633 4379 702 4433; x_wconf 89' lang='lat' dir='ltr'><strong>de</strong></span> <span class='ocrx_word' id='word_1_620' title='bbox 731 4379 886 4446; x_wconf 80' lang='lat' dir='ltr'><strong>coelo,</strong></span> <span class='ocrx_word' id='word_1_621' title='bbox 936 4389 993 4434; x_wconf 90' lang='lat' dir='ltr'><strong>ut</strong></span> <span class='ocrx_word' id='word_1_622' title='bbox 1039 4397 1136 4450; x_wconf 85' lang='lat' dir='ltr'><strong>per</strong></span> <span class='ocrx_word' id='word_1_623' title='bbox 1182 4383 1480 4438; x_wconf 82' lang='lat' dir='ltr'><strong>divinitatis</strong></span> <span class='ocrx_word' id='word_1_624' title='bbox 1508 4395 1699 4455; x_wconf 84' lang='lat' dir='ltr'><strong>poten-</strong></span> 
     </span>
    </p>
   </div>
   <div class='ocr_carea' id='block_1_76' title="bbox 161 4457 1699 4543">
    <p class='ocr_par' dir='ltr' id='par_1_76' title="bbox 161 4457 1699 4543">
     <span class='ocr_line' id='line_1_76' title="bbox 161 4457 1699 4543; baseline 0.014 -34"><span class='ocrx_word' id='word_1_625' title='bbox 161 4457 265 4512; x_wconf 77' lang='lat' dir='ltr'><strong>tiam</strong></span> <span class='ocrx_word' id='word_1_626' title='bbox 296 4465 359 4517; x_wconf 87' lang='lat' dir='ltr'><strong>sit</strong></span> <span class='ocrx_word' id='word_1_627' title='bbox 383 4466 433 4520; x_wconf 89' lang='lat' dir='ltr'><strong>iu</strong></span> <span class='ocrx_word' id='word_1_628' title='bbox 463 4469 623 4534; x_wconf 72' lang='lat' dir='ltr'><strong>ecclo,</strong></span> <span class='ocrx_word' id='word_1_629' title='bbox 681 4478 884 4524; x_wconf 89' lang='lat' dir='ltr'><strong>terram</strong></span> <span class='ocrx_word' id='word_1_630' title='bbox 933 4472 1141 4526; x_wconf 79' lang='lat' dir='ltr'><strong>scilicet</strong></span> <span class='ocrx_word' id='word_1_631' title='bbox 1171 4474 1447 4543; x_wconf 73' lang='lat' dir='ltr'><strong>couiplens</strong></span> <span class='ocrx_word' id='word_1_632' title='bbox 1488 4483 1542 4528; x_wconf 89' lang='lat' dir='ltr'><strong>et</strong></span> <span class='ocrx_word' id='word_1_633' title='bbox 1587 4489 1699 4530; x_wconf 71' lang='lat' dir='ltr'><strong>ca:-</strong></span> 
     </span>
    </p>
   </div>
   <div class='ocr_carea' id='block_1_77' title="bbox 1816 3285 3405 3349">
    <p class='ocr_par' dir='ltr' id='par_1_77' title="bbox 1816 3285 3405 3349">
     <span class='ocr_line' id='line_1_77' title="bbox 1816 3285 3405 3349; baseline -0.003 -6"><span class='ocrx_word' id='word_1_634' title='bbox 1816 3291 1962 3344; x_wconf 79' lang='lat' dir='ltr'><strong>Anus</strong></span> <span class='ocrx_word' id='word_1_635' title='bbox 2002 3289 2245 3343; x_wconf 83' lang='lat' dir='ltr'><strong>similiter</strong></span> <span class='ocrx_word' id='word_1_636' title='bbox 2274 3287 2327 3340; x_wconf 91' lang='lat' dir='ltr'><strong>in</strong></span> <span class='ocrx_word' id='word_1_637' title='bbox 2365 3286 2545 3338; x_wconf 88' lang='lat' dir='ltr'><strong>habitu</strong></span> <span class='ocrx_word' id='word_1_638' title='bbox 2589 3295 2795 3349; x_wconf 86' lang='lat' dir='ltr'><strong>sancto,</strong></span> <span class='ocrx_word' id='word_1_639' title='bbox 2846 3301 2951 3339; x_wconf 88' lang='lat' dir='ltr'><strong>non</strong></span> <span class='ocrx_word' id='word_1_640' title='bbox 2998 3285 3405 3347; x_wconf 79' lang='lat' dir='ltr'><strong>criminatrices,</strong></span> 
     </span>
    </p>
   </div>
   <div class='ocr_carea' id='block_1_78' title="bbox 1816 3378 3401 3447">
    <p class='ocr_par' dir='ltr' id='par_1_78' title="bbox 1816 3378 3401 3447">
     <span class='ocr_line' id='line_1_78' title="bbox 1816 3378 3401 3447; baseline -0.005 -9"><span class='ocrx_word' id='word_1_641' title='bbox 1816 3401 1917 3438; x_wconf 87' lang='lat' dir='ltr'><strong>non</strong></span> <span class='ocrx_word' id='word_1_642' title='bbox 1945 3383 2059 3437; x_wconf 80' lang='lat' dir='ltr'><strong>vino</strong></span> <span class='ocrx_word' id='word_1_643' title='bbox 2085 3379 2246 3434; x_wconf 87' lang='lat' dir='ltr'><strong>multo</strong></span> <span class='ocrx_word' id='word_1_644' title='bbox 2286 3380 2583 3442; x_wconf 82' lang='lat' dir='ltr'><strong>servientes,</strong></span> <span class='ocrx_word' id='word_1_645' title='bbox 2617 3378 2741 3431; x_wconf 86' lang='lat' dir='ltr'><strong>bene</strong></span> <span class='ocrx_word' id='word_1_646' title='bbox 2783 3378 3048 3443; x_wconf 87' lang='lat' dir='ltr'><strong>docentes,</strong></span> <span class='ocrx_word' id='word_1_647' title='bbox 3081 3388 3137 3430; x_wconf 88' lang='lat' dir='ltr'><strong>ut</strong></span> <span class='ocrx_word' id='word_1_648' title='bbox 3166 3378 3401 3447; x_wconf 62' lang='lat' dir='ltr'><strong>pruden.</strong></span> 
     </span>
    </p>
   </div>
   <div class='ocr_carea' id='block_1_79' title="bbox 1814 3469 3402 3538">
    <p class='ocr_par' dir='ltr' id='par_1_79' title="bbox 1814 3469 3402 3538">
     <span class='ocr_line' id='line_1_79' title="bbox 1814 3469 3402 3538; baseline -0.006 -9"><span class='ocrx_word' id='word_1_649' title='bbox 1814 3477 1939 3530; x_wconf 89' lang='lat' dir='ltr'><strong>tiam</strong></span> <span class='ocrx_word' id='word_1_650' title='bbox 1992 3475 2208 3528; x_wconf 85' lang='lat' dir='ltr'><strong>doceant</strong></span> <span class='ocrx_word' id='word_1_651' title='bbox 2258 3471 2631 3535; x_wconf 84' lang='lat' dir='ltr'><strong>adolescentes,</strong></span> <span class='ocrx_word' id='word_1_652' title='bbox 2684 3479 2738 3522; x_wconf 87' lang='lat' dir='ltr'><strong>ut</strong></span> <span class='ocrx_word' id='word_1_653' title='bbox 2797 3471 2934 3523; x_wconf 81' lang='lat' dir='ltr'><strong>uiros</strong></span> <span class='ocrx_word' id='word_1_654' title='bbox 2979 3485 3103 3522; x_wconf 86' lang='lat' dir='ltr'><strong>suos</strong></span> <span class='ocrx_word' id='word_1_655' title='bbox 3154 3469 3402 3538; x_wconf 79' lang='lat' dir='ltr'><strong>diligant,</strong></span> 
     </span>
    </p>
   </div>
   <div class='ocr_carea' id='block_1_80' title="bbox 1813 3558 3409 3636">
    <p class='ocr_par' dir='ltr' id='par_1_80' title="bbox 1813 3558 3409 3636">
     <span class='ocr_line' id='line_1_80' title="bbox 1813 3558 3409 3636; baseline -0.006 -17"><span class='ocrx_word' id='word_1_656' title='bbox 1813 3565 2111 3636; x_wconf 84' lang='lat' dir='ltr'><strong>prudentes,</strong></span> <span class='ocrx_word' id='word_1_657' title='bbox 2168 3573 2365 3626; x_wconf 86' lang='lat' dir='ltr'><strong>castas,</strong></span> <span class='ocrx_word' id='word_1_658' title='bbox 2410 3561 2634 3622; x_wconf 89' lang='lat' dir='ltr'><strong>sobrias,</strong></span> <span class='ocrx_word' id='word_1_659' title='bbox 2673 3559 2858 3612; x_wconf 83' lang='lat' dir='ltr'><strong>domus</strong></span> <span class='ocrx_word' id='word_1_660' title='bbox 2905 3575 3088 3612; x_wconf 88' lang='lat' dir='ltr'><strong>curam</strong></span> <span class='ocrx_word' id='word_1_661' title='bbox 3131 3558 3409 3634; x_wconf 59' lang='lat' dir='ltr'><strong>habentes,</strong></span> 
     </span>
    </p>
   </div>
   <div class='ocr_carea' id='block_1_81' title="bbox 1813 3647 3400 3724">
    <p class='ocr_par' dir='ltr' id='par_1_81' title="bbox 1813 3647 3400 3724">
     <span class='ocr_line' id='line_1_81' title="bbox 1813 3647 3400 3724; baseline -0.005 -16"><span class='ocrx_word' id='word_1_662' title='bbox 1813 3655 2078 3724; x_wconf 77' lang='lat' dir='ltr'><strong>benignas,</strong></span> <span class='ocrx_word' id='word_1_663' title='bbox 2113 3651 2345 3705; x_wconf 87' lang='lat' dir='ltr'><strong>subditas</strong></span> <span class='ocrx_word' id='word_1_664' title='bbox 2396 3651 2518 3704; x_wconf 85' lang='lat' dir='ltr'><strong>riris</strong></span> <span class='ocrx_word' id='word_1_665' title='bbox 2564 3651 2694 3713; x_wconf 86' lang='lat' dir='ltr'><strong>suis,</strong></span> <span class='ocrx_word' id='word_1_666' title='bbox 2747 3659 2802 3701; x_wconf 85' lang='lat' dir='ltr'><strong>ut</strong></span> <span class='ocrx_word' id='word_1_667' title='bbox 2849 3665 2952 3702; x_wconf 89' lang='lat' dir='ltr'><strong>non</strong></span> <span class='ocrx_word' id='word_1_668' title='bbox 3007 3647 3400 3717; x_wconf 80' lang='lat' dir='ltr'><strong>blasphemetur</strong></span> 
     </span>
    </p>
   </div>
   <div class='ocr_carea' id='block_1_82' title="bbox 1810 3735 3402 3814">
    <p class='ocr_par' dir='ltr' id='par_1_82' title="bbox 1810 3735 3402 3814">
     <span class='ocr_line' id='line_1_82' title="bbox 1810 3735 3402 3814; baseline -0.006 -17"><span class='ocrx_word' id='word_1_669' title='bbox 1810 3744 2019 3798; x_wconf 77' lang='lat' dir='ltr'><strong>verbum</strong></span> <span class='ocrx_word' id='word_1_670' title='bbox 2060 3741 2158 3794; x_wconf 88' lang='lat' dir='ltr'><strong>Dei</strong></span> <span class='ocrx_word' id='word_1_671' title='bbox 2198 3739 2324 3806; x_wconf 82' lang='lat' dir='ltr'><strong>(Tit.</strong></span> <span class='ocrx_word' id='word_1_672' title='bbox 2363 3755 2423 3804; x_wconf 89' lang='lat' dir='ltr'><strong>ll,</strong></span> <span class='ocrx_word' id='word_1_673' title='bbox 2462 3737 2546 3807; x_wconf 84' lang='lat' dir='ltr'><strong>l);</strong></span> <span class='ocrx_word' id='word_1_674' title='bbox 2582 3739 2648 3792; x_wconf 88' lang='lat' dir='ltr'><strong>ad</strong></span> <span class='ocrx_word' id='word_1_675' title='bbox 2687 3738 2947 3814; x_wconf 83' lang='lat' dir='ltr'><strong>Ephesios</strong></span> <span class='ocrx_word' id='word_1_676' title='bbox 2972 3751 3187 3807; x_wconf 86' lang='lat' dir='ltr'><strong>quoque</strong></span> <span class='ocrx_word' id='word_1_677' title='bbox 3234 3753 3247 3789; x_wconf 90' lang='lat'><strong>:</strong></span> <span class='ocrx_word' id='word_1_678' title='bbox 3284 3735 3402 3789; x_wconf 82' lang='lat' dir='ltr'><strong>Mu-</strong></span> 
     </span>
    </p>
   </div>
   <div class='ocr_carea' id='block_1_83' title="bbox 1809 3831 3402 3903">
    <p class='ocr_par' dir='ltr' id='par_1_83' title="bbox 1809 3831 3402 3903">
     <span class='ocr_line' id='line_1_83' title="bbox 1809 3831 3402 3903; baseline -0.003 -13"><span class='ocrx_word' id='word_1_679' title='bbox 1809 3836 1982 3900; x_wconf 85' lang='lat' dir='ltr'><strong>lieres,</strong></span> <span class='ocrx_word' id='word_1_680' title='bbox 2025 3836 2119 3898; x_wconf 86' lang='lat' dir='ltr'><strong>ail,</strong></span> <span class='ocrx_word' id='word_1_681' title='bbox 2153 3834 2376 3888; x_wconf 80' lang='lat' dir='ltr'><strong>subdita:</strong></span> <span class='ocrx_word' id='word_1_682' title='bbox 2403 3834 2504 3887; x_wconf 88' lang='lat' dir='ltr'><strong>sint</strong></span> <span class='ocrx_word' id='word_1_683' title='bbox 2529 3835 2652 3888; x_wconf 87' lang='lat' dir='ltr'><strong>viris</strong></span> <span class='ocrx_word' id='word_1_684' title='bbox 2673 3834 2800 3897; x_wconf 88' lang='lat' dir='ltr'><strong>suis,</strong></span> <span class='ocrx_word' id='word_1_685' title='bbox 2828 3833 2960 3886; x_wconf 88' lang='lat' dir='ltr'><strong>sicut</strong></span> <span class='ocrx_word' id='word_1_686' title='bbox 2990 3831 3250 3897; x_wconf 85' lang='lat' dir='ltr'><strong>Domino;</strong></span> <span class='ocrx_word' id='word_1_687' title='bbox 3277 3849 3402 3903; x_wconf 81' lang='lat' dir='ltr'><strong>quo-</strong></span> 
     </span>
    </p>
   </div>
   <div class='ocr_carea' id='block_1_84' title="bbox 1810 3923 3395 3994">
    <p class='ocr_par' dir='ltr' id='par_1_84' title="bbox 1810 3923 3395 3994">
     <span class='ocr_line' id='line_1_84' title="bbox 1810 3923 3395 3994; baseline -0.003 -13"><span class='ocrx_word' id='word_1_688' title='bbox 1810 3928 1951 3982; x_wconf 89' lang='lat' dir='ltr'><strong>niam</strong></span> <span class='ocrx_word' id='word_1_689' title='bbox 1984 3927 2060 3980; x_wconf 81' lang='lat' dir='ltr'><strong>vir</strong></span> <span class='ocrx_word' id='word_1_690' title='bbox 2080 3936 2233 3994; x_wconf 84' lang='lat' dir='ltr'><strong>caput</strong></span> <span class='ocrx_word' id='word_1_691' title='bbox 2264 3935 2337 3979; x_wconf 89' lang='lat' dir='ltr'><strong>est</strong></span> <span class='ocrx_word' id='word_1_692' title='bbox 2369 3925 2628 3989; x_wconf 86' lang='lat' dir='ltr'><strong>mulieris,</strong></span> <span class='ocrx_word' id='word_1_693' title='bbox 2663 3925 2793 3977; x_wconf 86' lang='lat' dir='ltr'><strong>sicut</strong></span> <span class='ocrx_word' id='word_1_694' title='bbox 2834 3923 3074 3977; x_wconf 88' lang='lat' dir='ltr'><strong>Christus</strong></span> <span class='ocrx_word' id='word_1_695' title='bbox 3124 3923 3395 3986; x_wconf 72' lang='lat' dir='ltr'><strong>Ecclesia&#39;,</strong></span> 
     </span>
    </p>
   </div>
   <div class='ocr_carea' id='block_1_85' title="bbox 1809 4013 3395 4090">
    <p class='ocr_par' dir='ltr' id='par_1_85' title="bbox 1809 4013 3395 4090">
     <span class='ocr_line' id='line_1_85' title="bbox 1809 4013 3395 4090; baseline -0.004 -16"><span class='ocrx_word' id='word_1_696' title='bbox 1809 4021 1917 4090; x_wconf 87' lang='lat' dir='ltr'><strong>ipse</strong></span> <span class='ocrx_word' id='word_1_697' title='bbox 1946 4017 2178 4074; x_wconf 88' lang='lat' dir='ltr'><strong>salvator</strong></span> <span class='ocrx_word' id='word_1_698' title='bbox 2203 4018 2438 4088; x_wconf 84' lang='lat' dir='ltr'><strong>corporis</strong></span> <span class='ocrx_word' id='word_1_699' title='bbox 2468 4015 2582 4086; x_wconf 85' lang='lat' dir='ltr'><strong>ejus</strong></span> <span class='ocrx_word' id='word_1_700' title='bbox 2623 4029 2641 4067; x_wconf 88' lang='lat'><strong><em>:</em></strong></span> <span class='ocrx_word' id='word_1_701' title='bbox 2688 4017 2778 4069; x_wconf 86' lang='lat' dir='ltr'><strong>sed</strong></span> <span class='ocrx_word' id='word_1_702' title='bbox 2804 4025 2858 4068; x_wconf 89' lang='lat' dir='ltr'><strong>ut</strong></span> <span class='ocrx_word' id='word_1_703' title='bbox 2900 4013 3134 4068; x_wconf 76' lang='lat' dir='ltr'><strong>Ecclesia</strong></span> <span class='ocrx_word' id='word_1_704' title='bbox 3164 4014 3395 4082; x_wconf 85' lang='lat' dir='ltr'><strong>subjecta</strong></span> 
     </span>
    </p>
   </div>
   <div class='ocr_carea' id='block_1_86' title="bbox 1808 4107 3400 4172">
    <p class='ocr_par' dir='ltr' id='par_1_86' title="bbox 1808 4107 3400 4172">
     <span class='ocr_line' id='line_1_86' title="bbox 1808 4107 3400 4172; baseline -0.004 -6"><span class='ocrx_word' id='word_1_705' title='bbox 1808 4123 1878 4166; x_wconf 85' lang='lat' dir='ltr'><strong>est</strong></span> <span class='ocrx_word' id='word_1_706' title='bbox 1931 4110 2156 4172; x_wconf 82' lang='lat' dir='ltr'><strong>Christo,</strong></span> <span class='ocrx_word' id='word_1_707' title='bbox 2204 4110 2277 4162; x_wconf 86' lang='lat' dir='ltr'><strong>ita</strong></span> <span class='ocrx_word' id='word_1_708' title='bbox 2317 4118 2364 4162; x_wconf 86' lang='lat' dir='ltr'><strong>et</strong></span> <span class='ocrx_word' id='word_1_709' title='bbox 2430 4107 2673 4160; x_wconf 85' lang='lat' dir='ltr'><strong>mulieres</strong></span> <span class='ocrx_word' id='word_1_710' title='bbox 2726 4107 2851 4161; x_wconf 78' lang='lat' dir='ltr'><strong>ciris</strong></span> <span class='ocrx_word' id='word_1_711' title='bbox 2906 4107 3016 4160; x_wconf 85' lang='lat' dir='ltr'><strong>suis</strong></span> <span class='ocrx_word' id='word_1_712' title='bbox 3055 4107 3108 4160; x_wconf 86' lang='lat' dir='ltr'><strong>in</strong></span> <span class='ocrx_word' id='word_1_713' title='bbox 3158 4107 3400 4161; x_wconf 82' lang='lat' dir='ltr'><strong>omnibus</strong></span> 
     </span>
    </p>
   </div>
   <div class='ocr_carea' id='block_1_87' title="bbox 1810 4196 3394 4274">
    <p class='ocr_par' dir='ltr' id='par_1_87' title="bbox 1810 4196 3394 4274">
     <span class='ocr_line' id='line_1_87' title="bbox 1810 4196 3394 4274; baseline -0.004 -16"><span class='ocrx_word' id='word_1_714' title='bbox 1810 4203 2023 4274; x_wconf 74' lang='lat' dir='ltr'><strong>(Ep/tes.</strong></span> <span class='ocrx_word' id='word_1_715' title='bbox 2058 4219 2111 4264; x_wconf 85' lang='lat' dir='ltr'><strong>v,</strong></span> <span class='ocrx_word' id='word_1_716' title='bbox 2136 4201 2249 4272; x_wconf 63' lang='grc' dir='ltr'><strong>ζἐξ).</strong></span> <span class='ocrx_word' id='word_1_717' title='bbox 2307 4200 2448 4254; x_wconf 79' lang='lat' dir='ltr'><strong>Viris</strong></span> <span class='ocrx_word' id='word_1_718' title='bbox 2483 4214 2698 4268; x_wconf 88' lang='lat' dir='ltr'><strong>quoque</strong></span> <span class='ocrx_word' id='word_1_719' title='bbox 2743 4197 3063 4267; x_wconf 64' lang='lat' dir='ltr'><strong>praecipiens</strong></span> <span class='ocrx_word' id='word_1_720' title='bbox 3095 4216 3108 4252; x_wconf 88' lang='lat'><strong>:</strong></span> <span class='ocrx_word' id='word_1_721' title='bbox 3155 4196 3394 4268; x_wconf 80' lang='lat' dir='ltr'><strong>Diligite,</strong></span> 
     </span>
    </p>
   </div>
   <div class='ocr_carea' id='block_1_88' title="bbox 1808 4286 3398 4363">
    <p class='ocr_par' dir='ltr' id='par_1_88' title="bbox 1808 4286 3398 4363">
     <span class='ocr_line' id='line_1_88' title="bbox 1808 4286 3398 4363; baseline -0.003 -16"><span class='ocrx_word' id='word_1_722' title='bbox 1808 4295 2001 4363; x_wconf 83' lang='lat' dir='ltr'><strong>inquit,</strong></span> <span class='ocrx_word' id='word_1_723' title='bbox 2027 4308 2213 4346; x_wconf 73' lang='lat' dir='ltr'><strong>uxores</strong></span> <span class='ocrx_word' id='word_1_724' title='bbox 2248 4301 2464 4354; x_wconf 79' lang='lat' dir='ltr'><strong>vestras,</strong></span> <span class='ocrx_word' id='word_1_725' title='bbox 2487 4289 2620 4342; x_wconf 86' lang='lat' dir='ltr'><strong>sicut</strong></span> <span class='ocrx_word' id='word_1_726' title='bbox 2647 4299 2694 4341; x_wconf 87' lang='lat' dir='ltr'><strong>et</strong></span> <span class='ocrx_word' id='word_1_727' title='bbox 2723 4286 2964 4342; x_wconf 87' lang='lat' dir='ltr'><strong>Christus</strong></span> <span class='ocrx_word' id='word_1_728' title='bbox 2995 4289 3176 4343; x_wconf 72' lang='lat' dir='ltr'><strong>dilexit</strong></span> <span class='ocrx_word' id='word_1_729' title='bbox 3214 4289 3398 4343; x_wconf 76' lang='lat' dir='ltr'><strong>Eccle-</strong></span> 
     </span>
    </p>
   </div>
   <div class='ocr_carea' id='block_1_89' title="bbox 1807 4382 3399 4454">
    <p class='ocr_par' dir='ltr' id='par_1_89' title="bbox 1807 4382 3399 4454">
     <span class='ocr_line' id='line_1_89' title="bbox 1807 4382 3399 4454; baseline -0.003 -13"><span class='ocrx_word' id='word_1_730' title='bbox 1807 4389 1960 4451; x_wconf 87' lang='lat' dir='ltr'><strong>siam,</strong></span> <span class='ocrx_word' id='word_1_731' title='bbox 1990 4395 2035 4440; x_wconf 87' lang='lat' dir='ltr'><strong>et</strong></span> <span class='ocrx_word' id='word_1_732' title='bbox 2057 4386 2281 4454; x_wconf 80' lang='lat' dir='ltr'><strong>seipsum</strong></span> <span class='ocrx_word' id='word_1_733' title='bbox 2311 4383 2527 4436; x_wconf 83' lang='lat' dir='ltr'><strong>tradidit</strong></span> <span class='ocrx_word' id='word_1_734' title='bbox 2569 4399 2664 4452; x_wconf 85' lang='lat' dir='ltr'><strong>pro</strong></span> <span class='ocrx_word' id='word_1_735' title='bbox 2690 4400 2772 4445; x_wconf 89' lang='lat' dir='ltr'><strong>ea,</strong></span> <span class='ocrx_word' id='word_1_736' title='bbox 2822 4391 2878 4436; x_wconf 86' lang='lat' dir='ltr'><strong>ut</strong></span> <span class='ocrx_word' id='word_1_737' title='bbox 2911 4382 3058 4436; x_wconf 84' lang='lat' dir='ltr'><strong>illaut</strong></span> <span class='ocrx_word' id='word_1_738' title='bbox 3095 4382 3399 4451; x_wconf 78' lang='lat' dir='ltr'><strong>sanctiﬁca-</strong></span> 
     </span>
    </p>
   </div>
   <div class='ocr_carea' id='block_1_90' title="bbox 1809 4472 3392 4543">
    <p class='ocr_par' dir='ltr' id='par_1_90' title="bbox 1809 4472 3392 4543">
     <span class='ocr_line' id='line_1_90' title="bbox 1809 4472 3392 4543; baseline -0.002 -14"><span class='ocrx_word' id='word_1_739' title='bbox 1809 4487 1902 4532; x_wconf 87' lang='lat' dir='ltr'><strong>ret.</strong></span> <span class='ocrx_word' id='word_1_740' title='bbox 1941 4475 2027 4530; x_wconf 85' lang='lat' dir='ltr'><strong>Ita</strong></span> <span class='ocrx_word' id='word_1_741' title='bbox 2062 4486 2110 4530; x_wconf 87' lang='lat' dir='ltr'><strong>et</strong></span> <span class='ocrx_word' id='word_1_742' title='bbox 2136 4475 2232 4529; x_wconf 81' lang='lat' dir='ltr'><strong>eiri</strong></span> <span class='ocrx_word' id='word_1_743' title='bbox 2264 4474 2450 4528; x_wconf 85' lang='lat' dir='ltr'><strong>debent</strong></span> <span class='ocrx_word' id='word_1_744' title='bbox 2476 4472 2695 4543; x_wconf 86' lang='lat' dir='ltr'><strong>diligere</strong></span> <span class='ocrx_word' id='word_1_745' title='bbox 2722 4488 2910 4526; x_wconf 71' lang='lat' dir='ltr'><strong>uxores</strong></span> <span class='ocrx_word' id='word_1_746' title='bbox 2931 4489 3056 4526; x_wconf 88' lang='lat' dir='ltr'><strong>suas</strong></span> <span class='ocrx_word' id='word_1_747' title='bbox 3089 4485 3140 4525; x_wconf 89' lang='lat' dir='ltr'><strong>ut</strong></span> <span class='ocrx_word' id='word_1_748' title='bbox 3170 4489 3392 4542; x_wconf 87' lang='lat' dir='ltr'><strong>corpora</strong></span> 
     </span>
    </p>
   </div>
   <div class='ocr_carea' id='block_1_91' title="bbox 160 4540 3390 4636">
    <p class='ocr_par' dir='ltr' id='par_1_91' title="bbox 160 4540 3390 4636">
     <span class='ocr_line' id='line_1_91' title="bbox 160 4540 3390 4636; baseline 0.005 -37"><span class='ocrx_word' id='word_1_749' title='bbox 160 4544 264 4603; x_wconf 85' lang='lat' dir='ltr'><strong>lum.</strong></span> <span class='ocrx_word' id='word_1_750' title='bbox 291 4551 395 4609; x_wconf 85' lang='lat' dir='ltr'><strong>Duo</strong></span> <span class='ocrx_word' id='word_1_751' title='bbox 419 4571 548 4612; x_wconf 78' lang='lat' dir='ltr'><strong>vero</strong></span> <span class='ocrx_word' id='word_1_752' title='bbox 571 4568 701 4614; x_wconf 89' lang='lat' dir='ltr'><strong>sunt</strong></span> <span class='ocrx_word' id='word_1_753' title='bbox 722 4558 970 4614; x_wconf 87' lang='lat' dir='ltr'><strong>Christus</strong></span> <span class='ocrx_word' id='word_1_754' title='bbox 986 4569 1040 4615; x_wconf 90' lang='lat' dir='ltr'><strong>et</strong></span> <span class='ocrx_word' id='word_1_755' title='bbox 1061 4561 1322 4627; x_wconf 80' lang='lat' dir='ltr'><strong>Ecclesia,</strong></span> <span class='ocrx_word' id='word_1_756' title='bbox 1351 4563 1403 4616; x_wconf 92' lang='lat' dir='ltr'><strong>in</strong></span> <span class='ocrx_word' id='word_1_757' title='bbox 1436 4573 1696 4634; x_wconf 90' lang='lat' dir='ltr'><strong>quantum</strong></span> <span class='ocrx_word' id='word_1_758' title='bbox 1726 4540 1779 4600; x_wconf 78' lang='lat' dir='ltr'><strong>D</strong></span> <span class='ocrx_word' id='word_1_759' title='bbox 1803 4588 1934 4636; x_wconf 84' lang='lat' dir='ltr'><strong>sua;</strong></span> <span class='ocrx_word' id='word_1_760' title='bbox 1964 4585 2112 4624; x_wconf 89' lang='lat' dir='ltr'><strong>nemo</strong></span> <span class='ocrx_word' id='word_1_761' title='bbox 2137 4569 2272 4622; x_wconf 86' lang='lat' dir='ltr'><strong>enim</strong></span> <span class='ocrx_word' id='word_1_762' title='bbox 2313 4581 2543 4634; x_wconf 85' lang='lat' dir='ltr'><strong>unquam</strong></span> <span class='ocrx_word' id='word_1_763' title='bbox 2585 4581 2795 4619; x_wconf 87' lang='lat' dir='ltr'><strong>carnem</strong></span> <span class='ocrx_word' id='word_1_764' title='bbox 2840 4580 2991 4619; x_wconf 86' lang='lat' dir='ltr'><strong>suam</strong></span> <span class='ocrx_word' id='word_1_765' title='bbox 3035 4563 3158 4617; x_wconf 90' lang='lat' dir='ltr'><strong>odio</strong></span> <span class='ocrx_word' id='word_1_766' title='bbox 3186 4564 3390 4626; x_wconf 69' lang='lat' dir='ltr'><strong>lubuit,</strong></span> 
     </span>
    </p>
   </div>
   <div class='ocr_carea' id='block_1_92' title="bbox 163 4638 1699 4728">
    <p class='ocr_par' dir='ltr' id='par_1_92' title="bbox 163 4638 1699 4728">
     <span class='ocr_line' id='line_1_92' title="bbox 163 4638 1699 4728; baseline 0.013 -36"><span class='ocrx_word' id='word_1_767' title='bbox 163 4638 252 4704; x_wconf 81' lang='lat' dir='ltr'><strong>ipsa</strong></span> <span class='ocrx_word' id='word_1_768' title='bbox 278 4657 336 4698; x_wconf 81' lang='lat' dir='ltr'><strong>ex</strong></span> <span class='ocrx_word' id='word_1_769' title='bbox 365 4647 690 4715; x_wconf 78' lang='lat' dir='ltr'><strong>hominibus,</strong></span> <span class='ocrx_word' id='word_1_770' title='bbox 722 4659 777 4706; x_wconf 88' lang='lat' dir='ltr'><strong>et</strong></span> <span class='ocrx_word' id='word_1_771' title='bbox 798 4653 948 4721; x_wconf 89' lang='lat' dir='ltr'><strong>puris</strong></span> <span class='ocrx_word' id='word_1_772' title='bbox 978 4662 1193 4708; x_wconf 84' lang='lat' dir='ltr'><strong>constat</strong></span> <span class='ocrx_word' id='word_1_773' title='bbox 1224 4654 1554 4723; x_wconf 88' lang='lat' dir='ltr'><strong>hominibus,</strong></span> <span class='ocrx_word' id='word_1_774' title='bbox 1585 4657 1699 4728; x_wconf 90' lang='lat' dir='ltr'><strong>ipse</strong></span> 
     </span>
    </p>
   </div>
   <div class='ocr_carea' id='block_1_93' title="bbox 162 4742 1693 4808">
    <p class='ocr_par' dir='ltr' id='par_1_93' title="bbox 162 4742 1693 4808">
     <span class='ocr_line' id='line_1_93' title="bbox 162 4742 1693 4808; baseline 0.015 -25"><span class='ocrx_word' id='word_1_775' title='bbox 162 4744 262 4788; x_wconf 77' lang='lat' dir='ltr'><strong>vero</strong></span> <span class='ocrx_word' id='word_1_776' title='bbox 285 4751 430 4792; x_wconf 79' lang='lat' dir='ltr'><strong>verus</strong></span> <span class='ocrx_word' id='word_1_777' title='bbox 456 4742 641 4808; x_wconf 86' lang='lat' dir='ltr'><strong>homo,</strong></span> <span class='ocrx_word' id='word_1_778' title='bbox 680 4757 844 4799; x_wconf 84' lang='lat' dir='ltr'><strong>verus</strong></span> <span class='ocrx_word' id='word_1_779' title='bbox 871 4755 1048 4802; x_wconf 79' lang='lat' dir='ltr'><strong>exstat</strong></span> <span class='ocrx_word' id='word_1_780' title='bbox 1076 4757 1130 4803; x_wconf 86' lang='lat' dir='ltr'><strong>et</strong></span> <span class='ocrx_word' id='word_1_781' title='bbox 1165 4746 1325 4804; x_wconf 86' lang='lat' dir='ltr'><strong>Deus.</strong></span> <span class='ocrx_word' id='word_1_782' title='bbox 1373 4748 1476 4804; x_wconf 90' lang='lat' dir='ltr'><strong>Ista</strong></span> <span class='ocrx_word' id='word_1_783' title='bbox 1510 4751 1693 4806; x_wconf 84' lang='lat' dir='ltr'><strong>hacte-</strong></span> 
     </span>
    </p>
   </div>
   <div class='ocr_carea' id='block_1_94' title="bbox 162 4835 1145 4907">
    <p class='ocr_par' dir='ltr' id='par_1_94' title="bbox 162 4835 1145 4907">
     <span class='ocr_line' id='line_1_94' title="bbox 162 4835 1145 4907; baseline 0.02 -34"><span class='ocrx_word' id='word_1_784' title='bbox 162 4836 259 4888; x_wconf 75' lang='lat' dir='ltr'><strong>nus,</strong></span> <span class='ocrx_word' id='word_1_785' title='bbox 283 4843 411 4883; x_wconf 82' lang='lat' dir='ltr'><strong>nllllc</strong></span> <span class='ocrx_word' id='word_1_786' title='bbox 438 4835 504 4886; x_wconf 89' lang='lat' dir='ltr'><strong>ad</strong></span> <span class='ocrx_word' id='word_1_787' title='bbox 534 4835 738 4905; x_wconf 84' lang='lat' dir='ltr'><strong>reliqua</strong></span> <span class='ocrx_word' id='word_1_788' title='bbox 771 4850 1145 4907; x_wconf 82' lang='lat' dir='ltr'><strong>properemus.</strong></span> 
     </span>
    </p>
   </div>
   <div class='ocr_carea' id='block_1_95' title="bbox 538 4931 1268 4993">
    <p class='ocr_par' dir='ltr' id='par_1_95' title="bbox 538 4931 1268 4993">
     <span class='ocr_line' id='line_1_95' title="bbox 538 4931 1268 4993; baseline 0.011 -9"><span class='ocrx_word' id='word_1_789' title='bbox 538 4931 659 4987; x_wconf 85' lang='grc' dir='ltr'><strong>Τιτ.</strong></span> <span class='ocrx_word' id='word_1_790' title='bbox 688 4933 776 4986; x_wconf 76' lang='grc' dir='ltr'><strong>ιν.</strong></span> <span class='ocrx_word' id='word_1_791' title='bbox 800 4965 869 4972; x_wconf 92' lang='grc'><strong>-</strong></span> <span class='ocrx_word' id='word_1_792' title='bbox 897 4933 972 4988; x_wconf 87' lang='lat' dir='ltr'><strong>De</strong></span> <span class='ocrx_word' id='word_1_793' title='bbox 1000 4938 1268 4993; x_wconf 63' lang='lat' dir='ltr'><strong>uxoribus.</strong></span> 
     </span>
    </p>
   </div>
   <div class='ocr_carea' id='block_1_96' title="bbox 209 5010 1695 5104">
    <p class='ocr_par' dir='ltr' id='par_1_96' title="bbox 209 5010 1695 5104">
     <span class='ocr_line' id='line_1_96' title="bbox 209 5010 1695 5104; baseline 0.015 -38"><span class='ocrx_word' id='word_1_794' title='bbox 209 5010 289 5067; x_wconf 82' lang='lat' dir='ltr'><strong>ll.</strong></span> <span class='ocrx_word' id='word_1_795' title='bbox 317 5015 458 5073; x_wconf 74' lang='lat' dir='ltr'><strong>Uxor</strong></span> <span class='ocrx_word' id='word_1_796' title='bbox 499 5026 595 5076; x_wconf 84' lang='lat' dir='ltr'><strong>es?</strong></span> <span class='ocrx_word' id='word_1_797' title='bbox 632 5023 829 5080; x_wconf 84' lang='lat' dir='ltr'><strong>Omnia</strong></span> <span class='ocrx_word' id='word_1_798' title='bbox 880 5025 972 5080; x_wconf 89' lang='lat' dir='ltr'><strong>tibi</strong></span> <span class='ocrx_word' id='word_1_799' title='bbox 1014 5032 1308 5087; x_wconf 78' lang='lat' dir='ltr'><strong>convenire</strong></span> <span class='ocrx_word' id='word_1_800' title='bbox 1350 5033 1544 5104; x_wconf 76' lang='lat' dir='ltr'><strong>cogita,</strong></span> <span class='ocrx_word' id='word_1_801' title='bbox 1576 5050 1695 5104; x_wconf 73' lang='lat' dir='ltr'><strong>qua:</strong></span> 
     </span>
    </p>
   </div>
   <div class='ocr_carea' id='block_1_97' title="bbox 164 5103 1663 5144">
    <p class='ocr_par' dir='ltr' id='par_1_97' title="bbox 164 5103 1663 5144">
     <span class='ocr_line' id='line_1_97' title="bbox 164 5103 1663 5144; baseline 0 0"><span class='ocrx_word' id='word_1_802' title='bbox 164 5103 508 5144; x_wconf 64' lang='grc' dir='ltr'><strong>ητφῑίῑινη-ἶ.ηηο</strong></span> <span class='ocrx_word' id='word_1_803' title='bbox 559 5116 922 5144; x_wconf 61' lang='grc' dir='ltr'><strong>οηηηκηλδτιει.</strong></span> <span class='ocrx_word' id='word_1_804' title='bbox 959 5119 1040 5144; x_wconf 55' lang='grc' dir='ltr'><strong>ιλ-</strong></span> <span class='ocrx_word' id='word_1_805' title='bbox 1117 5137 1229 5144; x_wconf 80' lang='lat'><strong>..-...</strong></span> <span class='ocrx_word' id='word_1_806' title='bbox 1356 5103 1450 5144; x_wconf 39' lang='grc' dir='ltr'><strong>...μζ</strong></span> <span class='ocrx_word' id='word_1_807' title='bbox 1506 5142 1516 5143; x_wconf 31' lang='grc' dir='ltr'><em>γ</em></span> <span class='ocrx_word' id='word_1_808' title='bbox 1575 5103 1607 5143; x_wconf 59' lang='grc' dir='ltr'><strong>Ϊ</strong></span> <span class='ocrx_word' id='word_1_809' title='bbox 1651 5135 1663 5144; x_wconf 92' lang='grc'><em>.</em></span> 
     </span>
    </p>
   </div>
   <div class='ocr_carea' id='block_1_98' title="bbox 559 5116 1040 5144">
    <p class='ocr_par' dir='ltr' id='par_1_98' title="bbox 559 5116 1040 5144">
     <span class='ocr_line' id='line_1_98' title="bbox 559 5116 1040 5144; baseline 0 0"><span class='ocrx_word' id='word_1_810' title='bbox 559 5116 922 5144; x_wconf 59' lang='grc' dir='ltr'><strong>Ωιιηηκηλο³τιξη</strong></span> <span class='ocrx_word' id='word_1_811' title='bbox 959 5119 1040 5144; x_wconf 61' lang='grc' dir='ltr'>ιε..</span> 
     </span>
    </p>
   </div>
   <div class='ocr_carea' id='block_1_99' title="bbox 1803 4654 3392 4730">
    <p class='ocr_par' dir='ltr' id='par_1_99' title="bbox 1803 4654 3392 4730">
     <span class='ocr_line' id='line_1_99' title="bbox 1803 4654 3392 4730; baseline -0.007 -13"><span class='ocrx_word' id='word_1_812' title='bbox 1803 4662 1892 4718; x_wconf 86' lang='lat' dir='ltr'><strong>sed</strong></span> <span class='ocrx_word' id='word_1_813' title='bbox 1916 4661 2078 4716; x_wconf 85' lang='lat' dir='ltr'><strong>nutrit</strong></span> <span class='ocrx_word' id='word_1_814' title='bbox 2104 4671 2152 4713; x_wconf 89' lang='lat' dir='ltr'><strong>et</strong></span> <span class='ocrx_word' id='word_1_815' title='bbox 2182 4659 2316 4730; x_wconf 76' lang='lat' dir='ltr'><strong>{oret</strong></span> <span class='ocrx_word' id='word_1_816' title='bbox 2367 4674 2502 4725; x_wconf 89' lang='lat' dir='ltr'><strong>eam,</strong></span> <span class='ocrx_word' id='word_1_817' title='bbox 2534 4658 2668 4712; x_wconf 84' lang='lat' dir='ltr'><strong>sicut</strong></span> <span class='ocrx_word' id='word_1_818' title='bbox 2712 4669 2760 4711; x_wconf 78' lang='lat' dir='ltr'><strong>et</strong></span> <span class='ocrx_word' id='word_1_819' title='bbox 2794 4655 3034 4711; x_wconf 84' lang='lat' dir='ltr'><strong>Christus</strong></span> <span class='ocrx_word' id='word_1_820' title='bbox 3075 4654 3392 4720; x_wconf 80' lang='lat' dir='ltr'><strong>Ecclesium,</strong></span> 
     </span>
    </p>
   </div>
   <div class='ocr_carea' id='block_1_100' title="bbox 1801 4745 3391 4826">
    <p class='ocr_par' dir='ltr' id='par_1_100' title="bbox 1801 4745 3391 4826">
     <span class='ocr_line' id='line_1_100' title="bbox 1801 4745 3391 4826; baseline -0.007 -18"><span class='ocrx_word' id='word_1_821' title='bbox 1801 4755 1926 4826; x_wconf 88' lang='lat' dir='ltr'><strong>quia</strong></span> <span class='ocrx_word' id='word_1_822' title='bbox 1961 4752 2192 4806; x_wconf 81' lang='lat' dir='ltr'><strong>membra</strong></span> <span class='ocrx_word' id='word_1_823' title='bbox 2236 4766 2416 4805; x_wconf 86' lang='lat' dir='ltr'><strong>sumus</strong></span> <span class='ocrx_word' id='word_1_824' title='bbox 2462 4748 2576 4821; x_wconf 84' lang='lat' dir='ltr'><strong>ejus</strong></span> <span class='ocrx_word' id='word_1_825' title='bbox 2619 4749 2852 4818; x_wconf 87' lang='lat' dir='ltr'><strong>corporis</strong></span> <span class='ocrx_word' id='word_1_826' title='bbox 2881 4749 2946 4802; x_wconf 89' lang='lat' dir='ltr'><strong>de</strong></span> <span class='ocrx_word' id='word_1_827' title='bbox 2976 4764 3135 4801; x_wconf 84' lang='lat' dir='ltr'><strong>carne</strong></span> <span class='ocrx_word' id='word_1_828' title='bbox 3163 4745 3300 4816; x_wconf 82' lang='lat' dir='ltr'><strong>ejus,</strong></span> <span class='ocrx_word' id='word_1_829' title='bbox 3344 4756 3391 4797; x_wconf 87' lang='lat' dir='ltr'><strong>et</strong></span> 
     </span>
    </p>
   </div>
   <div class='ocr_carea' id='block_1_101' title="bbox 1800 4838 3396 4914">
    <p class='ocr_par' dir='ltr' id='par_1_101' title="bbox 1800 4838 3396 4914">
     <span class='ocr_line' id='line_1_101' title="bbox 1800 4838 3396 4914; baseline -0.007 -14"><span class='ocrx_word' id='word_1_830' title='bbox 1800 4846 1864 4900; x_wconf 84' lang='lat' dir='ltr'><strong>de</strong></span> <span class='ocrx_word' id='word_1_831' title='bbox 1892 4846 2092 4899; x_wconf 88' lang='lat' dir='ltr'><strong>ossibus</strong></span> <span class='ocrx_word' id='word_1_832' title='bbox 2122 4843 2257 4914; x_wconf 86' lang='lat' dir='ltr'><strong>ejus.</strong></span> <span class='ocrx_word' id='word_1_833' title='bbox 2291 4838 2517 4910; x_wconf 85' lang='lat' dir='ltr'><strong>Propter</strong></span> <span class='ocrx_word' id='word_1_834' title='bbox 2536 4843 2656 4906; x_wconf 78' lang='lat' dir='ltr'><strong>hoc,</strong></span> <span class='ocrx_word' id='word_1_835' title='bbox 2705 4841 2903 4910; x_wconf 89' lang='lat' dir='ltr'><strong>inquit,</strong></span> <span class='ocrx_word' id='word_1_836' title='bbox 2941 4839 3194 4909; x_wconf 84' lang='lat' dir='ltr'><strong>relinquet</strong></span> <span class='ocrx_word' id='word_1_837' title='bbox 3237 4838 3396 4890; x_wconf 79' lang='lat' dir='ltr'><strong>homo</strong></span> 
     </span>
    </p>
   </div>
   <div class='ocr_carea' id='block_1_102' title="bbox 1800 4929 3396 5007">
    <p class='ocr_par' dir='ltr' id='par_1_102' title="bbox 1800 4929 3396 5007">
     <span class='ocr_line' id='line_1_102' title="bbox 1800 4929 3396 5007; baseline -0.008 -17"><span class='ocrx_word' id='word_1_838' title='bbox 1800 4948 2001 5007; x_wconf 87' lang='lat' dir='ltr'><strong>patrem</strong></span> <span class='ocrx_word' id='word_1_839' title='bbox 2027 4945 2074 4988; x_wconf 87' lang='lat' dir='ltr'><strong>et</strong></span> <span class='ocrx_word' id='word_1_840' title='bbox 2097 4943 2317 4988; x_wconf 85' lang='lat' dir='ltr'><strong>nmtrem</strong></span> <span class='ocrx_word' id='word_1_841' title='bbox 2361 4949 2538 4997; x_wconf 82' lang='lat' dir='ltr'><strong>suam,</strong></span> <span class='ocrx_word' id='word_1_842' title='bbox 2587 4943 2634 4986; x_wconf 89' lang='lat' dir='ltr'><strong>et</strong></span> <span class='ocrx_word' id='word_1_843' title='bbox 2673 4930 2958 4985; x_wconf 79' lang='lat' dir='ltr'><strong>adhwrebit</strong></span> <span class='ocrx_word' id='word_1_844' title='bbox 2997 4929 3152 4983; x_wconf 70' lang='lat' dir='ltr'><strong>uxori</strong></span> <span class='ocrx_word' id='word_1_845' title='bbox 3181 4942 3311 4988; x_wconf 65' lang='lat' dir='ltr'><strong>suat,</strong></span> <span class='ocrx_word' id='word_1_846' title='bbox 3345 4936 3396 4979; x_wconf 85' lang='lat' dir='ltr'><strong>et</strong></span> 
     </span>
    </p>
   </div>
   <div class='ocr_carea' id='block_1_103' title="bbox 1802 5022 3392 5086">
    <p class='ocr_par' dir='ltr' id='par_1_103' title="bbox 1802 5022 3392 5086">
     <span class='ocr_line' id='line_1_103' title="bbox 1802 5022 3392 5086; baseline -0.009 -3"><span class='ocrx_word' id='word_1_847' title='bbox 1802 5039 1951 5083; x_wconf 85' lang='lat' dir='ltr'><strong>erunt</strong></span> <span class='ocrx_word' id='word_1_848' title='bbox 1974 5028 2078 5082; x_wconf 88' lang='lat' dir='ltr'><strong>duo</strong></span> <span class='ocrx_word' id='word_1_849' title='bbox 2107 5027 2163 5081; x_wconf 87' lang='lat' dir='ltr'><strong>in</strong></span> <span class='ocrx_word' id='word_1_850' title='bbox 2212 5042 2370 5081; x_wconf 87' lang='lat' dir='ltr'><strong>carne</strong></span> <span class='ocrx_word' id='word_1_851' title='bbox 2419 5041 2546 5078; x_wconf 89' lang='lat' dir='ltr'><strong>una.</strong></span> <span class='ocrx_word' id='word_1_852' title='bbox 2582 5024 2983 5081; x_wconf 86' lang='lat' dir='ltr'><strong>Sacramentum</strong></span> <span class='ocrx_word' id='word_1_853' title='bbox 3018 5022 3114 5075; x_wconf 86' lang='lat' dir='ltr'><strong>hcc</strong></span> <span class='ocrx_word' id='word_1_854' title='bbox 3145 5033 3392 5086; x_wconf 80' lang='lat' dir='ltr'><strong>maguum</strong></span> 
     </span>
    </p>
   </div>
   <div class='ocr_carea' id='block_1_104' title="bbox 1996 5108 3347 5144">
    <p class='ocr_par' dir='ltr' id='par_1_104' title="bbox 1996 5108 3347 5144">
     <span class='ocr_line' id='line_1_104' title="bbox 1996 5108 3347 5144; baseline 0 0"><span class='ocrx_word' id='word_1_855' title='bbox 1996 5137 2016 5144; x_wconf 86' lang='lat'><em>_</em></span> <span class='ocrx_word' id='word_1_856' title='bbox 2070 5131 2231 5144; x_wconf 71' lang='lat'><strong>--..--..</strong></span> <span class='ocrx_word' id='word_1_857' title='bbox 2291 5119 2401 5144; x_wconf 69' lang='grc' dir='ltr'><strong>,κη</strong></span> <span class='ocrx_word' id='word_1_858' title='bbox 2429 5117 2482 5144; x_wconf 83' lang='lat'><strong>:..</strong></span> <span class='ocrx_word' id='word_1_859' title='bbox 2511 5116 2720 5144; x_wconf 72' lang='lat' dir='ltr'><strong>I&#39;r...:-.,.</strong></span> <span class='ocrx_word' id='word_1_860' title='bbox 2755 5126 2798 5144; x_wconf 78' lang='grc' dir='ltr'><strong>..ο</strong></span> <span class='ocrx_word' id='word_1_861' title='bbox 2828 5117 2881 5144; x_wconf 84' lang='lat'><strong>:...</strong></span> <span class='ocrx_word' id='word_1_862' title='bbox 2929 5113 3160 5144; x_wconf 62' lang='grc' dir='ltr'><strong>ι’-.Ιηὸη</strong></span> <span class='ocrx_word' id='word_1_863' title='bbox 3200 5108 3347 5144; x_wconf 45' lang='lat' dir='ltr'><strong>(“id</strong></span> 
     </span>
    </p>
   </div>
  </div>
