4018 5406
571 321 708 382 199.

1497 319 1829 376 ηΑτΗΕιιιι
1870 319 2086 376 EPlSC.
2132 318 2383 376 VERON.
2425 319 2576 379 OPP.
2618 322 2798 381 PARS
2836 324 2877 380 Ι.

3727 334 3841 391 200

565 439 740 486 tamen
776 439 824 484 et
868 446 954 485 vos
980 429 1174 502 singuli
1220 432 1575 501 unusquisque
1603 447 1819 514 Morem
1851 448 2002 486 suam
2031 430 2154 485 dili-
2180 441 2227 498 Α
2260 448 2362 488 non
2394 450 2607 503 omnem
2647 437 2739 506 qui
2789 437 2925 503 vult,
2964 438 3059 506 sed
3099 439 3186 496 cui
3241 439 3382 498 Deus
3421 444 3841 514 possibilitatem

564 528 652 590 gat
677 519 811 573 sicut
851 520 1076 589 seipsum
1107 519 1323 589 (Ephes.
1371 536 1426 586 v,
1470 520 1594 586 5'5);
1640 509 1764 591 quia
1807 521 2055 578 videlicet
2096 530 2152 577 et

567 608 817 677 Christus
844 609 1097 665 similiter
1146 610 1274 665 fecit
1324 626 1423 682 pro
1473 611 1716 667 Ecclesia
1757 612 2018 667 tradendo
2065 628 2152 669 se-

565 699 739 769 ipsum
769 712 784 754 :
828 698 1263 770 subjungensque
1289 717 1304 756 :
1334 699 1502 767 Uxor,
1535 701 1730 772 inquit,
1770 702 1961 772 timeat
1983 704 2150 771 virum

565 807 741 845 suum.

638 882 727 936 12.
764 881 916 961 Ecce
950 882 1126 952 qualis
1152 897 1281 954 erga
1325 883 1501 937 virum
1544 897 1664 938 esse
1693 883 1912 950 debeas,
1951 899 2152 956 prince-

567 972 676 1041 ptis
706 964 1242 1043 audisti'apostolicis
1276 991 1288 1027 :
1322 989 1468 1028 nunc
1496 973 1711 1042 qualem
1750 990 1877 1045 erga
1905 985 1957 1030 te
1980 962 2150 1045 ipsam

567 1079 688 1120 esse
713 1067 1017 1129 conveniat,
1049 1082 1116 1122 ex
1148 1066 1310 1121 dictis
1356 1066 1549 1137 collige
1578 1066 1717 1121 beati
1747 1067 2004 1137 Cypriani
2033 1068 2152 1138 epi-

568 1157 716 1226 scopi
750 1165 808 1211 et
858 1158 1152 1234 martyris:
1185 1176 1203 1209 ί
1256 1158 1540 1223 Pudicitia,
1567 1158 1760 1227 inquit,
1788 1159 2033 1230 corporis
2069 1168 2154 1215 est

566 1247 771 1302 alienas
799 1263 886 1304 res
914 1264 1020 1303 non
1058 1258 1335 1319 appetere,
1373 1263 1588 1313 omnem
1626 1249 2023 1325 immunditiam
2049 1249 2153 1316 de:

563 1340 758 1405 vitare,
811 1350 940 1397 ante
990 1342 1178 1397 horam
1236 1357 1526 1412 congruam
1565 1358 1670 1396 non
1717 1350 1937 1413 gustare
1990 1341 2150 1409 velle,

565 1432 868 1495 risumnon
896 1434 1157 1505 excitare,
1190 1434 1356 1489 verba
1402 1449 1538 1487 vana
1570 1442 1625 1487 et
1654 1433 1790 1487 falsa
1835 1449 1940 1488 non
1981 1433 2148 1503 loqui,

563 1523 807 1579 habitum
835 1539 932 1595 per
960 1524 1148 1579 omnia
1171 1524 1505 1588 ordinatum,
1529 1525 1916 1594 propositoque
1940 1538 2152 1590 ,conve-_

563 1616 823 1680 trientem,
851 1624 958 1670 tant
989 1615 1306 1686 capillorum
1331 1631 1491 1686 quam
1517 1616 1769 1682 vestium,
1796 1615 1938 1671 sicut
1971 1599 2151 1681 decet,-

561 1705 784 1770 habere,
819 1722 942 1761 cum
970 1707 1208 1785 indignis
1249 1700 1602 1762 contubernia
1634 1721 1741 1760 non
1767 1707 1926 1771 inire,
1956 1721 2147 1775 super-

2257 526 2466 591 tribuit,
2495 534 2601 581 tam
2625 529 2821 583 summi
2846 528 3045 600 fastigii
3066 545 3247 586 arcem
3272 537 3665 591 conscendere.
3694 536 3838 604 Quo-

2253 613 2399 667 circa
2448 614 2523 668 nil
2551 613 2618 669 de
2658 627 2732 681 te,
2769 617 2863 672 sed
2895 620 2960 674 de
2992 620 3132 688 ipso,
3184 623 3300 678 sine
3335 625 3625 693 quonihil
3661 636 3837 694 potes,

2254 700 2606 773 prtesumens,
2635 708 2930 763 secundum
2964 710 3308 786 Prophetam,
3334 730 3436 784 quo
3464 714 3738 784 pulchrior
3758 733 3842 781 es,

2253 795 2526 859 descende,
2554 807 2601 850 et
2628 798 2806 852 habita
2833 816 2951 854 eum
2975 786 3363 873 incircumcisis
3407 803 3625 875 (Ezech.
3659 822 3842 872 xxx",

2255 883 2363 961 l9),
2402 885 2456 964 id
2493 894 2573 940 est
2618 886 2895 943 humiliter
2940 893 3311 965 condescende
3352 894 3685 963 quibuslibet
3732 911 3843 950 non

2254 975 2426 1047 solum
2469 979 2813 1051 matrimonio
2851 981 3075 1051 junctis,
3106 984 3199 1039 sed
3237 993 3293 1039 et
3333 984 3513 1039 carnis
3557 974 3750 1039 curam
3784 986 3844 1040 in

2255 1068 2709 1143 concupiscentia.
2736 1070 3077 1140 facientibus,
3117 1076 3488 1147 aestimatione
3535 1077 3759 1147 propria
3793 1086 3846 1131 te

2254 1158 2458 1212 nemini
2486 1159 2798 1229 praeferens,
2830 1148 2985 1232 quasi
3025 1166 3205 1220 caeteri
3246 1176 3577 1236 peceatores,
3623 1175 3684 1221 tu
3709 1160 3846 1237 proo

2253 1255 2374 1315 pter
2392 1249 2656 1304 castitatis
2677 1251 2876 1327 donum
2899 1253 2975 1308 sis
3004 1255 3350 1327 smgulariter
3372 1266 3591 1312 sanctus
3615 1274 3629 1309 :
3659 1257 3845 1312 sciens

2254 1336 2572 1405 quibusdam
2600 1341 2728 1396 vitia
2770 1345 3014 1412 qumdam
3062 1345 3397 1419 plerumque,
3449 1348 3559 1402 Deo
3611 1349 3840 1421 permit-

2256 1434 2419 1493 tente,
2450 1428 2517 1482 ad
2548 1438 2755 1500 tempus
2781 1433 3070 1503 dominari,
3098 1445 3156 1490 ut
3178 1437 3426 1507 conversi
3449 1446 3572 1507 post
3598 1437 3845 1504 discant,

2252 1515 2405 1585 cujus
2434 1520 2633 1590 pietate
2661 1522 2726 1578 de
2769 1526 3080 1594 captivitate
3110 1527 3391 1597 redempti,
3442 1536 3496 1582 ct
3544 1527 3704 1598 cujus
3731 1528 3846 1583 vir-

2254 1618 2367 1686 tute
2396 1611 2462 1666 de
2508 1620 2771 1683 potestate
2800 1617 2929 1689 osint
2977 1618 3211 1675 crudelis
3257 1620 3472 1691 tyranni
3522 1620 3735 1690 erepti;
3787 1628 3845 1674 et

2252 1711 2402 1758 tanto
2428 1705 2662 1776 majores
2687 1710 2892 1781 gratias
2941 1710 3178 1765 referant
3206 1711 3504 1776 liberatori,
3537 1710 3843 1781 quanto-de

528 1868 541 1874 ἢ
562 1795 751 1851 cilioso
778 1796 974 1851 intuitu
1004 1798 1275 1852 neminem
1306 1796 1575 1866 aspicere,
1602 1797 1787 1877 vagari
1828 1796 2015 1867 oculos
2037 1812 2145 1851 non
2180 1798 2222 1857 Β
2250 1795 2441 1866 majori
2480 1797 2719 1865 periculo
2746 1809 2872 1872 sunt
2904 1800 3116 1855 liberati
3155 1818 3168 1872 ;
3201 1810 3259 1856 at
3287 1790 3843 1874 contraquibusdant

561 1879 914 1956 permittere,
977 1888 1282 1957 pompatico
1333 1896 1389 1943 et
1437 1879 1755 1955 illecebroso
1806 1903 1994 1959 gressu
2041 1903 2149 1941 non

561 1974 832 2043 incedere,
864 1977 992 2032 nulli
1025 1976 1250 2033 inferior
1272 1980 1325 2031 in
1351 1977 1588 2048 inctepto
1619 1976 1761 2033 bono
1792 1991 1957 2046 opere
1984 1992 2157 2048 appa-.

564 2083 707 2135 rere,
758 2071 885 2125 nulli
916 2072 1440 2138 contumeliamaut
1470 2071 1722 2142 ruborem
1751 2071 2017 2137 incutere,
2054 2087 2150 2126 ne-

560 2157 762 2213 minem
815 2159 1213 2230 blasphemare,
1267 2176 1427 2215 senes
1477 2175 1599 2215 non-
1635 2156 1885 2231 irridere,
1936 2160 2153 2237 meliori

559 2266 666 2321 non
682 2255 1113 2335 ‘controversari,
1133 2255 1199 2310 de
1223 2256 1307 2310 his
1330 2270 1447 2324 qua:
1470 2254 1686 2326 ignoras
1729 2271 1836 2310 non
1866 2264 2103 2323 tractare
2126 2295 2142 2323 ,

558 2338 873 2417 etiamrqua'a
900 2347 1009 2424 scis
1039 2362 1145 2401 non
1170 2347 1352 2409 omnia
1401 2345 1664 2416 proferre.
1708 2345 1833 2402 Ηωο
1869 2362 1993 2402 cum
2021 2362 2147 2418 pro-

554 2434 721 2491 ximis
743 2422 1029 2492 amabilem
1055 2422 1677 2503 ltominemjreddunt,.et
1709 2435 1821 2505 Deo
1840 2436 2145 2515 acceptabi-

558 2529 664 2584 lem
692 2529 915 2585 faciunt.
948 2550 968 2583 ι
1002 2529 1209 2583 Bonum
1250 2531 1453 2598 itaque,
1491 2536 1550 2582 ut
1590 2533 1658 2582 ad
1685 2537 1881 2596 nostra,
1902 2529 2142 2594 redeam,

559 2618 605 2672 si
642 2618 844 2695 habeas
872 2618 1068 2683 virum,
1120 2617 1333 2683 Saram,
1382 2617 1707 2683 Rebeccam,
1752 2616 2045 2671 [lachetem
2091 2624 2155 2689 et,

559 2707 831 2767 Elisabeth
860 2708 1074 2763 imitare
1118 2725 1131 2770 ;
1180 2708 1322 2777 quod
1367 2707 1426 2773 si
1460 2708 1703 2776 iniquum
1748 2715 1804 2761 et
1846 2706 2143 2772 crudelem,

564 2799 733 2855 habes
752 2815 968 2871 quoque
990 2816 1125 2871 quas
1148 2800 1398 2865 imiteris,
1428 2800 1479 2854 in
1504 2799 1655 2854 Novo
1680 2799 1897 2868 quidem
1917 2799 2140 2853 Anasta~

560 2893 697 2948 siam
731 2900 788 2965 et
837 2893 1216 2969 Theodoram;
1250 2893 1303 2947 in
1328 2964 1331 2969 λ
1354 2890 1532 2946 Veteri
1577 2900 1756 2944 autem
1795 2890 2155 2963 Testamento

555 2964 773 3054 Abigail
809 2964 1030 3039 uxorem
1069 2964 1238 3038 Nabal
1286 2964 1632 3046 Carnwli,-et
1656 2981 1873 3050 Esther
1898 2980 2156 3051 Assueri...

555 3074 694 3128 Audi
725 3073 958 3143 denique
983 3071 1296 3142 Apostolum
1325 3072 1594 3126 dicentem
1647 3087 1663 3125 ς
1715 3069 2019 3126 Saluabitur
2063 3071 2142 3124 vir

2254 1887 2498 1963 reprobis
2528 1890 2772 1958 quaedam
2799 1891 3109 1946 sublimium
3136 1892 3401 1965 virtutum.
3423 1892 3565 1971 dona
3587 1907 3844 1946 nonnum-

2230 1991 2413 2055 quam
2440 1971 2743 2047 provenire,
2768 1981 2963 2054 quibus
2990 1981 3116 2038 elati
3146 1984 3366 2054 gravius
3393 1990 3679 2046 corruant,
3708 1996 3844 2051 qua-

2251 2074 2408 2123 tenus
2436 2084 2622 2124 eorum
2669 2086 2811 2142 casu.
2843 2073 3016 2146 territi
3069 2074 3249 2141 electi,
3280 2075 3345 2130 de
3391 2089 3453 2130 se
3476 2089 3585 2129 non
3625 2088 3840 2144 priuso-

2251 2166 2420 2239 mant,
2478 2158 2581 2239 sed
2624 2159 2677 2238 in
2744 2159 2836 2214 Dei
2894 2158 3262 2239 miser-icerdia
3328 2162 3538 2239 ﬁrmius
3585 2176 3839 2232 gressum

2233 2231 2446 2313 utentis
2474 2232 2674 2317 eligant.
2709 2242 2867 2305 Unde
2907 2235 3200 2321 Apostolus
3245 2234 3509 2323 pulchre:
3546 2231 3658 2318 Qui
3708 2262 3836 2319 stat,

2249 2336 2443 2408 inquit,
2471 2339 2641 2393 videat
2673 2358 2736 2394 ne
2762 2341 2914 2395 cadat
2937 2341 2986 2413 (1
3019 2342 3141 2397 Cor.
3174 2360 3230 2410 ι,
3262 2344 3375 2416 η).

2320 2429 2405 2483 14.
2436 2429 2585 2485 Unde
2628 2440 2808 2505 autem
2850 2447 3011 2508 casus
3057 2434 3159 2490 iste
3200 2436 3504 2507 specialiter
3526 2437 3833 2507 contingat,

2225 2515 2527 2597 Psalmista
2575 2520 2846 2589 precando
2897 2523 3278 2580 demonstrat:
3326 2523 3450 2580 Non
3494 2528 3670 2581 veniat
3706 2528 3836 2581 mihi

2248 2626 2336 2680 pes
2355 2611 2629 2679 superbire,
2658 2622 2705 2666 et
2730 2632 2915 2693 manus
2939 2602 3356 2694 peccatorisnon
3384 2628 3581 2671 ntoreat
3612 2634 3715 2672 me.
3747 2617 3836 2671 lbi

2247 2702 2564 2768 ceciderunt,
2584 2705 2671 2774 qui
2690 2718 2969 2786 operantur
2988 2708 3311 2785 iniquitatem
3332 2707 3502 2782 (Psal.
3522 2725 3690 2774 xxxv,
3717 2709 3829 2778 l2).

2246 2791 2357 2848 Nec
2397 2793 2625 2863 injuria;
2667 2782 2792 2866 quia
2839 2798 2983 2852 enim
3033 2782 3311 2869 Scriptura
3363 2806 3594 2853 testante
3637 2813 3653 2852 :
3695 2798 3832 2852 Ante

2247 2885 2450 2967 ruinam
2480 2887 2742 2942 exaltatur
2770 2906 2861 2942 cor
2892 2888 3074 2959 (Prov.
3103 2906 3211 2957 xw,
3246 2891 3332 2958 l8)
3360 2907 3374 2956 ;
3417 2890 3698 2946 sciendum
3729 2905 3828 2943 ne-

2232 2972 2446 3028 minem
2474 2977 2539 3030 de
2571 2977 2768 3031 virtute
2793 2979 2858 3032 ad
2898 2980 3083 3034 vitium
3109 2981 3389 3050 quodlibet
3436 2980 3669 3052 prolabi,
3719 2980 3827 3037 nisi

2246 3066 2396 3135 prius
2428 3067 2495 3121 ab
2545 3068 2864 3125 humilitatis
2898 3080 3051 3140 petra
3090 3071 3142 3126 in
3188 3086 3411 3127 arenam
3462 3071 3730 3141 superbia:
3774 3070 3827 3125 ei

563 3164 792 3233 inﬁdelis
845 3180 939 3233 per
993 3163 1262 3219 mulierem
1311 3163 1514 3232 fidelem
1580 3162 1643 3233 (1~
1691 3160 1813 3216 Cor.
1860 3179 1957 3241 vlt,
2012 3162 2132 3230 14),
2167 3149 2212 3209 C
2244 3159 2687 3241 contingat-saltu
2717 3160 2969 3241 vanitatis
3012 3169 3068 3216 et
3099 3161 3472 3217 inconstantia:
3516 3162 3820 3225 demutari;

559 3257 796 3326 itemque
850 3275 887 3313 :7
919 3258 1223 3313 Saluabitur
1266 3272 1358 3327 per
1392 3257 1625 3325 ﬁliorum
1670 3256 2051 3325 generationem
2087 3254 2140 3325 (Ι

561 3332 700 3402 Tim.
741 3347 1616 3421 tt,15),:ubi-n0nAfilios'carnis,
1648 3346 1741 3401 sed
1769 3345 1909 3399 ﬁlios
1943 3346 2139 3401 mentis

557 3440 743 3507 accipe
791 3454 1099 3509 expressos,
1146 3452 1284 3507 quos
1339 3437 1524 3506 utique
1577 3442 1869 3515 tenereget
1918 3434 2138 3490 allidere

548 3528 759 3599 juberis
786 3532 852 3590 ad
884 3544 1091 3601 petram
1123 3529 1295 3602 (Psal.
1348 3545 1568 3593 cxxxvt,
1617 3530 1691 3601 9),
1733 3530 1785 3585 id
1830 3538 1914 3586 est
1956 3531 2138 3603 omnia

554 3636 720 3691 opera
746 3631 803 3677 et
840 3623 1194 3694 cogitationes
1223 3621 1331 3692 59
1364 3620 1610 3690 attollere
1653 3622 1718 3675 ad
1752 3620 2052 3687 Christum,
2080 3629 2139 3676 ut

555 3710 815 3780 quidquid
844 3711 1134 3785 boniagis,
1168 3726 1274 3765 non
1310 3696 1429 3787 tibi,
1460 3710 1690 3781 scdipsi
1720 3710 1986 3781 imputare
2022 3719 2137 3765 stu-

555 3801 705 3868 deas,
729 3802 848 3857 sine
870 3817 979 3871 quo
1009 3803 1083 3855 nil
1114 3804 1236 3867 boni
1268 3818 1433 3872 agere.
1456 3801 1717 3871 pervales.

978 3889 1102 3944 Τιτ.
1132 3891 1196 3945 V.
1222 3921 1297 3951 -,
1321 3890 1396 3944 De
1421 3889 1704 3943 ca'liliilms.
1734 3928 1769 3956 η
1876 3960 1879 3963 Α

627 3980 715 4035 l3.
752 3978 958 4034 Caelehs
991 3980 1087 4034 es?
1115 3980 1406 4049 Considera
1444 3993 1605 4048 quam
1635 3973 1916 4036 summum.
1938 3980 2135 4057 sancti-

559 4073 689 4127 tatis
710 4056 1095 4137 conscendcris
1122 4071 1367 4141 culmen,
1404 4064 1549 4124 eteo
1573 4068 1852 4146 sollicitius
1894 4056 2153 4149 praecipia‘

558 4172 665 4217 tem
715 4176 845 4217 cave
899 4161 1134 4227 ruinam,
1195 4177 1302 4231 quo
1355 4161 1515 4215 altius
1566 4170 1699 4215 stas.
1751 4159 2136 4238 Animadverte

555 4255 755 4323 itaque,
785 4269 905 4323 quin
946 4237 1109 4309 causa
1139 4242 1219 4309 dei
1243 4253 1433 4323 angelo
1476 4252 1604 4307 fecit
1629 4237 1932 4322 diabolum;
1965 4264 2023 4332 et
2052 4273 2136 4312 re-

555 4343 843 4411 miniscens
885 4343 1153 4415 Dominici
1181 4342 1362 4413 illius:
1398 4340 1535 4407 Quia
1570 4344 1681 4419 sine
1710 4360 1791 4420 me
1834 4344 1966 4399 nihil
1991 4359 2135 4415 pcre-

552 4435 648 4488 stis
686 4433 857 4503 facere
903 4434 1080 4505 (Jonn.
1121 4451 1210 4500 xv,
1258 4434 1335 4504 5),
1373 4434 1513 4489 scias
1565 4435 1618 4489 in
1671 4436 1773 4509 hoc
1813 4422 2146 4514 negotio

2244 3267 2367 3324 nam
2400 3252 2499 3306 nisi
2528 3238 2893 3329 praecessisset
2920 3253 3392 3331 latenssuperbia,
3424 3268 3530 3308 non
3567 3269 3823 3324 sequere-

2242 3351 2330 3420 tur
2375 3341 2948 3422 libidinisntanifesta
2988 3344 3164 3399 ruina.
3213 3343 3363 3399 Unde
3410 3352 3465 3398 et
3512 3343 3754 3415 Prosper
3804 3361 3820 3398 :

2247 3451 2273 3501 i_
2303 3432 2783 3504 Concupiscentim,
2823 3435 2918 3500 ait,
2951 3436 3130 3490 carnis
3162 3435 3426 3499 addictus,
3459 3435 3678 3490 videtur
3700 3435 3822 3506 qni-

2240 3525 2361 3579 dem
2383 3524 2456 3578 nil
2485 3510 2684 3579 habere
2704 3526 2988 3596 superbiae,
3019 3541 3141 3580 cum
3172 3510 3471 3595 prmsertim
3492 3528 3677 3596 passio
3704 3527 3824 3587 ipsa

2239 3628 2361 3693 eum
2389 3600 2634 3669 videatur
2664 3616 2948 3693 humiliare
2973 3616 3230 3681 luxurite;
3254 3626 3309 3672 et
3337 3630 3515 3672 tamen
3541 3617 3645 3673 nisi
3668 3619 3822 3688 prius

2240 3706 2454 3761 rebellis
2484 3706 2595 3761 Deo
2630 3707 2903 3785 existeret,
2943 3704 3096 3780 cujus
3133 3706 3351 3762 salubre
3380 3718 3716 3777 prazcepzum
3752 3708 3822 3762 de

2237 3796 2605 3877 conservanda
2626 3798 2881 3870 pudicitia
2905 3799 3119 3868 superbi
3143 3799 3364 3868 spiritus
3391 3801 3820 3870 przesumptioae

2237 3896 2625 3968 conten'tneret,
2660 3886 2803 3942 nulla
2833 3903 2955 3941 eum
2989 3888 3098 3959 (9i)
3131 3888 3365 3943 lascivia:
3391 3889 3662 3958 cupiditas
3689 3904 3819 3959 pro-

2236 3979 2560 4059 vocarct.ln
2612 3980 2792 4060 animo
2831 3978 2946 4048 ejus
2994 3980 3083 4060 diu
3115 3980 3417 4049 disceptant
3446 3979 3540 4035 Dei
3571 3990 3818 4035 contem-

2235 4081 2359 4140 ptus
2386 4079 2441 4124 et
2472 4054 2816 4139 metus;'sed
2845 4079 2939 4125 aut
2981 4054 3321 4141 contemptus
3367 4072 3458 4125 Dei
3498 4075 3821 4142 prteponde-

2237 4146 2337 4227 rat,
2368 4173 2423 4216 ct
2467 4161 2731 4232 superbus
2763 4162 2975 4215 animus
3023 4170 3237 4229 recepta
3268 4162 3561 4232 cupiditate
3608 4163 3823 4233 pulici-

2237 4237 2365 4321 tiam
2396 4251 2505 4323 δι)
2534 4240 2741 4321 perdit;
2773 4259 2863 4304 aut
2886 4250 3093 4304 obtinet
3122 4258 3318 4316 metus,
3364 4260 3420 4305 et
3462 4251 3683 4306 animus
3713 4251 3821 4306 Deo

2234 4330 2507 4408 subjectus
2528 4341 2805 4415 cupiditati
2823 4339 2981 4395 simul
3011 4348 3065 4393 ct
3095 4340 3361 4410 superbia:
3412 4342 3761 4397 contradicit.
3794 4362 3812 4395 ι

2236 4429 2362 4486 ll:ec
2398 4431 2613 4500 quidem
2643 4432 2709 4485 de
2738 4430 2958 4500 speciali
2980 4416 3151 4484 causa
3179 4430 3366 4484 ruinae.
3394 4428 3546 4485 Nunc
3566 4446 3677 4500 qua
3703 4449 3817 4486 ma-

555 4527 925 4595 ntisericordia
966 4535 1021 4599 et
1046 4528 1218 4598 gratia
1252 4516 1393 4600 illius
1423 4528 1654 4581 maxime
1685 4510 1947 4596 indigere,
1977 4510 2127 4599 quia,
2162 4503 2371 4579 Q‘teria
2394 4524 2581 4579 eadem
2621 4537 2859 4603 persaepe
2895 4522 3171 4591 contingat
3199 4522 3374 4587 ruina,
3394 4510 3658 4590 ejusdem
3689 4510 3820 4576 audi

554 4628 613 4673 ut
636 4621 876 4681 veridice
912 4622 989 4676 ait
1016 4621 1393 4690 Hieronymus,
1421 4618 1475 4671 in
1514 4635 1669 4673 carne
1692 4629 1882 4688 praeter
1910 4608 2153 4679 carnem

550 4704 720 4764 vivere
760 4728 866 4793 non
904 4710 1119 4765 humani
1144 4709 1356 4783 meriti,
1409 4710 1499 4764 sed
1534 4711 1765 4763 muneris
1819 4696 1897 4763 est.
1922 4710 2128 4775 .divini.

553 4800 709 4857 Unde
734 4780 789 4856 et
819 4811 955 4877 teste
983 4780 1265 4870 Gregorio,
1303 4780 1416 4875 ipse
1453 4800 1727 4877 cwlibatus
1752 4814 1856 4855 non
1885 4780 2156 4870 praecipi-l

553 4899 663 4958 tur,
690 4891 785 4946 sed
812 4872 1090 4962 laudatur;
1122 4890 1269 4965 quia
1287 4872 1532 4967 videlicet
1558 4872 1802 4956 stultum,
1835 4890 1942 4943 imo
1976 4889 2156 4955 valde~

553 4980 841 5049 superbum
868 4988 970 5046 est,
1005 4989 1066 5035 ut
1113 4979 1438 5057 hoc-pulvis
1467 4989 1521 5035 et
1549 4981 1686 5035 cinis
1734 4995 1792 5057 se
1840 4970 2132 5050 prtesumat

553 5070 774 5124 exsequi
823 5085 981 5124 nosse
1030 5071 1228 5124 virtute
1276 5069 1515 5124 nrooria.
1556 5068 1698 5124 quod
1733 5083 1839 5122 non
1872 5067 1996 5124 sibi.
2034 5067 2131 5123 sed

2236 4616 2536 4683 doctrinam
2564 4631 2577 4666 :
2611 4632 2629 4663 ι
2660 4613 2971 4683 Plerosque,
3014 4615 3112 4678 ait,
3142 4614 3263 4683 gula
3297 4624 3351 4667 et
3376 4616 3817 4682 concupiscentia

2234 4691 2343 4780 vini
2375 4705 2601 4773 turpiter
2641 4704 2692 4757 in
2737 4704 3006 4758 luxuriam
3036 4704 3224 4769 solvit;
3279 4703 3415 4759 alios
3465 4705 3516 4757 in
3558 4704 3816 4772 injuriam

2237 4786 2508 4866 pudicitiae
2533 4786 2760 4851 sordidae
2787 4797 3142 4866 cogitationes
3169 4784 3497 4862 incendunt;
3526 4796 3823 4851 nonnullos

2237 4887 2304 4941 de
2333 4887 2606 4956 proposito
2636 4876 2899 4955 castitatis
2946 4888 3258 4942 occasiones
3296 4888 3493 4942 oblata:
3525 4887 3819 4954 deﬁciunt;

2236 4978 2495 5048 quosdam
2536 4979 2635 5032 sub
2663 4978 3008 5047 impudicitiae
3038 4976 3167 5047 jugo
3192 4976 3437 5046 exempla
3485 4977 3698 5046 perdite
3742 4977 3823 5029 vi-

2235 5070 2474 5123 ventium
2526 5068 2764 5122 mittunt.
2825 5067 2962 5122 Sunt
3008 5067 3096 5122 alii
3137 5082 3366 5124 auorum
3417 5067 3583 5120 vitam
3635 5066 3820 5124 lingua
