4018 5406
185 260 277 313 21H

1137 252 1704 322 Ριιλειορυιοιιωι
1746 250 1919 305 LIBRI
1955 248 2107 305 SEX.
2130 248 2343 315 --,LlB.
2380 246 2444 302 ll.

3316 244 3425 299 20%

140 444 141 449 η
190 380 379 437 nnxus,
411 378 509 444 qui
558 372 618 426 lit
646 371 698 426 in
729 355 1117 426 dormientibus
1145 368 1261 423 sine
1291 367 1468 436 culpa,
1499 364 1765 420 interdum
1797 366 1842 423 Λ
1872 361 2024 416 subdi
2056 375 2160 415 non
2186 360 2501 429 dedignatus
2531 357 2600 413 sit
2626 366 2819 414 cuncta
2860 372 3081 425 creans,
3112 367 3163 413 et
3191 359 3432 415 nutriens

184 463 536 535 vigilantibus
564 461 827 532 contingit
856 476 922 514 ex
968 458 1156 528 culpa;
1202 458 1294 511 sed
1326 456 1468 511 aliud
1516 453 1763 522 estquod

186 554 234 606 iu
271 553 581 608 dormiente
608 552 689 614 lit,
713 550 854 604 aliud
879 549 1020 619 quod
1056 548 1282 617 vigilans
1315 546 1473 609 facit;
1505 546 1574 599 ibi
1604 551 1765 597 natu-

188 645 374 701 raliter
399 643 680 715 plenitudo
708 641 946 696 humoris
970 638 1279 707 expellitur,
1312 636 1400 690 hic
1444 635 1616 704 turpis
1640 647 1768 687 con-

191 737 524 797 cuoiscentia
564 734 887 803 publicatur.
939 751 957 784 ι
992 729 1068 783 Ne
1098 730 1262 799 igitur
1310 726 1499 782 czelebs
1522 726 1769 779 amittere

188 828 462 885 raStitatis
502 824 806 896 vilipendas
852 822 1069 882 donum,
1102 808 1444 874 recoleﬂillud
1496 817 1770 887 prophetre

186 920 479 991 gmperium
513 936 525 970 :
573 914 866 982 Quomodo,
896 911 1089 980 inquit,
1122 910 1348 964 cecidisti
1377 908 1441 961 de
1468 906 1592 960 calo
1617 904 1771 957 Luci-

187 980 290 1083 }‘erl,
323 1014 415 1077 qui
442 980 905 1062 manevoriebaris?
932 1002 1084 1072 (Isai.
1112 1017 1220 1064 xiv,
1274 999 1361 1067 l2)
1396 998 1447 1051 id
1479 1005 1563 1052 est
1608 995 1770 1065 virgi-

194 1084 387 1152 nitatis
420 1095 711 1169 splendore
735 1094 942 1148 cunctis
973 1092 1199 1160 parebas
1239 1090 1471 1144 decorus
1505 1095 1561 1142 et
1597 1083 1771 1140 admi-

192 1192 406 1246 rabilis.
440 1187 742 1242 Admiratio
770 1186 913 1238 enim
952 1184 1051 1237 ista
1084 1196 1188 1236 non
1215 1189 1298 1234 est
1325 1194 1485 1233 causa
1517 1178 1774 1246 ignoran-

194 1285 302 1345 tize,
336 1280 431 1335 sed
460 1286 585 1332 nota
643 1273 925 1331 calumniae
968 1289 982 1326 :
1031 1288 1098 1327 ex
1152 1269 1306 1338 culpa
1346 1268 1514 1325 enim.
1565 1276 1622 1320 ut
1661 1264 1775 1334 jam

194 1374 456 1433 diximus,
515 1366 804 1437 superbizc,
858 1362 1073 1417 miseria
1144 1359 1446 1429 huiusmodi
1514 1355 1778 1425 contingit

194 1463 400 1525 ruinae;
436 1459 559 1527 quia
590 1454 840 1510 videlicet
860 1468 980 1508 cum
1010 1450 1092 1505 his
1129 1450 1337 1503 duobus
1359 1446 1506 1502 vitiis
1535 1444 1778 1500 diabolus

196 1552 508 1605 universum
530 1561 701 1619 genus
722 1542 1079 1614 pereuntium,
1109 1539 1361 1603 maxime,
1386 1538 1493 1592 imo
1517 1536 1779 1591 omnimo-

196 1644 281 1697 dis
339 1639 663 1709 supplantet,
716 1633 951 1689 libidinis
1005 1631 1210 1687 scilicet
1265 1638 1427 1698 atque
1480 1626 1775 1697 superbiae;

1871 451 2162 505 Dominus?
2194 451 2251 504 Et
2289 465 2430 519 saepe
2457 450 2743 519 contingit,
2784 459 2841 504 ut
2867 464 3103 520 paupere
3133 460 3286 521 patre
3323 453 3436 506 exi-

1868 549 2061 603 stente,
2090 541 2238 594 dives
2287 540 2357 593 sit
2387 538 2546 593 lilius.
2583 538 2721 605 Quid
2751 554 2879 609 rogo
2936 540 2987 592 in
3030 554 3210 594 rerum
3240 549 3433 605 natura

1870 629 2097 684 foedius?
2146 629 2212 682 Et
2256 645 2376 683 cum
2426 628 2518 682 alii
2554 629 2621 682 de
2662 627 2801 683 fastu
2854 638 3092 698 paterna:
3136 629 3438 685 nobilitatis

1870 721 2075 774 soleant
2103 719 2400 789 superbire,
2448 728 2502 772 tu
2537 719 2603 771 ad
2636 719 2980 787 ignominiam
3007 718 3081 772 tui
3126 720 3313 788 ipsius,
3342 735 3433 788 pa-

1873 821 2012 867 trem
2044 823 2167 868 nota
2203 816 2534 884 paupertatis
2569 815 2841 877 adustum,
2871 829 2966 883 per
2987 814 3191 882 plateas
3216 814 3441 869 dimittis

1872 904 2226 960 mendicando
2242 906 2511 961 incedere.
2529 906 2665 972 Quid
2685 906 2825 960 enim
2848 906 3158 961 mendicans
3177 907 3439 967 clamitat.

1873 994 1977 1048 nisi
2009 1002 2059 1048 te
2084 995 2363 1059 nevitium,
2407 1003 2457 1049 te
2498 1004 2851 1064 assumptum,
2884 1003 2935 1049 te
2980 996 3132 1060 illud,
3169 995 3310 1065 quod
3338 1011 3441 1053 utt-v

1874 1099 1969 1153 per
1994 1087 2060 1138 ab
2107 1085 2190 1139 his
2218 1085 2492 1139 inventum
2523 1094 2626 1147 est,
2656 1086 2748 1154 qui
2792 1101 2849 1138 se
2880 1086 3123 1140 homines
3164 1086 3444 1155 facereja-

1875 1185 2043 1241 ctant,
2078 1175 2128 1231 id
2157 1186 2240 1231 est
2286 1176 2551 1232 factitium
2581 1177 2714 1247 (95),
2746 1186 2796 1231 te
2848 1177 3219 1242 allevatitium,
3254 1188 3302 1232 te
3341 1196 3441 1233 no-
3492 1192 3497 1213 ι

1879 1267 2050 1331 thum,
2082 1267 2430 1336 spuriumque
2460 1266 2830 1321 demonstrat?
2854 1268 2951 1321 Cui
2985 1269 3028 1322 si
3062 1268 3255 1338 aliquis
3280 1270 3331 1323 id
3360 1270 3446 1323 vel

1880 1361 2145 1415 mentiens
2191 1360 2604 1429 improperarct,
2648 1375 2827 1415 nonne
2876 1375 3038 1414 causa
3068 1362 3447 1416 commotionis

1878 1451 1992 1507 lucc
2015 1466 2205 1521 magna
2234 1466 2353 1506 esse
2382 1451 2677 1520 potuisset?
2712 1451 2778 1505 Et
2809 1450 2920 1505 haec
2952 1452 3164 1521 quidem
3186 1462 3445 1521 quantum

1881 1544 1945 1597 ad
1996 1543 2271 1611 saeculum.
2316 1542 2622 1598 Secundum
2675 1558 2803 1598 vero
2840 1543 3027 1607 Deum,
3066 1558 3185 1598 cum
3236 1544 3349 1613 ipse
3394 1545 3446 1597 in

1881 1633 2093 1689 Psalmo
2125 1634 2303 1689 dicat:
2332 1634 2526 1688 Beatus
2564 1634 2653 1703 qui
2690 1632 2925 1703 intelligit
2976 1651 3130 1704 super
3164 1650 3377 1703 egenum
3400 1643 3448 1686 et

197 1747 367 1785 unum
408 1707 596 1783 tamen
628 1726 826 1795 pendet
870 1740 935 1777 ex
982 1722 1170 1777 altero.
1204 1720 1355 1774 Sicut
1382 1718 1524 1772 enim
1556 1732 1651 1787 per
1689 1732 1775 1771 su-

1887 1745 2150 1799 oauperem
2183 1726 2355 1799 (Psal.
2384 1745 2470 1790 χι,
2495 1729 2584 1798 2);
2616 1744 2777 1797 super
2804 1743 2962 1797 quem
2990 1736 3068 1792 tu,
3098 1742 3247 1797 rogo,
3289 1726 3449 1781 intel-

196 1819 445 1890 perbiam
485 1818 591 1871 itur
630 1815 684 1868 in
715 1812 1147 1884 prostitutionem
1180 1810 1435 1873 libidinis,
1484 1809 1556 1862 ita
1592 1823 1621 1860 a
1653 1806 1777 1862 libi-

199 1912 327 1965 dine
369 1907 679 1978 pervenitur
707 1905 775 1959 ad
806 1904 1058 1958 duritiam
1091 1902 1305 1964 mentis,
1336 1910 1409 1964 et,
1443 1900 1546 1953 heu
1588 1898 1774 1953 dolor!

200 2016 376 2069 usque
397 2000 463 2052 ad
480 2004 848 2065 contemptum
872 1994 1046 2049 ruitur
1068 1992 1373 2056 Creatoris;
1397 1999 1451 2045 et
1469 1991 1540 2044 ita
1564 1989 1778 2044 demum

200 2109 323 2156 cor,
357 2091 496 2162 quod
530 2089 626 2144 Dei
653 2088 912 2142 debuerat
937 2101 1031 2156 per
1056 2085 1410 2141 humilitatem
1438 2093 1598 2152 atque
1627 2097 1782 2136 mun-

203 2186 393 2240 ditiam
428 2197 547 2237 esse
596 2177 873 2249 templum,
925 2176 983 2230 lit
1035 2175 1421 2231 daemoniorum
1467 2188 1562 2244 per
1591 2187 1780 2242 super-

203 2274 352 2328 biam
395 2280 558 2341 atque
604 2267 996 2323 immunditiam
1041 2265 1345 2331 delubrum,
1399 2274 1474 2330 et,
1522 2272 1580 2318 ut
1608 2264 1784 2333 aptius

204 2365 404 2427 dicam,
434 2360 629 2415 diaboli
660 2366 1085 2413 monumentum.
1109 2356 1200 2412 Sic
1231 2358 1394 2422 enim,
1425 2356 1563 2425 quod
1589 2370 1785 2425 negare

208 2471 312 2509 non
358 2468 667 2522 possumus,
707 2452 820 2519 ipse
861 2450 927 2503 ad
968 2448 1185 2503 beatum
1230 2448 1329 2503 Job
1376 2448 1634 2503 Dominus
1664 2446 1781 2499 ait:

207 2544 318 2600 Sub
350 2545 533 2598 umbra
565 2541 755 2595 dormit
786 2542 837 2593 in
873 2550 1067 2594 secreto
1096 2538 1288 2593 calami
1309 2549 1355 2592 et
1376 2538 1503 2591 locis
1530 2536 1787 2590 Ittuneuti-

207 2638 303 2688 bus
361 2633 482 2705 (Job
534 2650 599 2686 ιιι.
636 2672 650 2696 ,
708 2630 815 2703 16).
856 2629 997 2686 Cave
1048 2630 1211 2701 igitur
1250 2629 1556 2699 quicunque
1614 2628 1789 2680 adhuc

210 2739 359 2783 tanta
389 2726 659 2782 castitatis
689 2724 883 2780 frueris
927 2723 1303 2793 praerogativa,
1338 2736 1403 2775 nc
1447 2722 1550 2774 tuis
1581 2719 1789 2773 meritis

207 2836 325 2874 eam
360 2819 666 2883 tribuendo,
700 2819 825 2874 dum
856 2818 1095 2873 decliuas
1136 2817 1433 2881 libidinem,
1485 2815 1689 2869 incidas
1736 2814 1786 2868 in

207 2911 531 2974 elationem;
581 2919 637 2963 et
665 2909 789 2963 dum
822 2926 981 2965 caves
1008 2910 1318 2974 elationem,
1366 2908 1527 2963 cadas
1555 2906 1790 2977 segniter

210 3003 262 3055 iu
312 3001 588 3056 libidinem
641 3019 653 3055 :
710 3002 850 3072 quod
897 3011 955 3055 ut
992 3016 1152 3073 agere
1184 3001 1384 3066 valeas,
1418 3000 1662 3055 timorem
1696 3011 1789 3067 ge-

1879 1819 2027 1888 liges,
2056 1818 2147 1888 qui
2192 1833 2290 1873 nec
2332 1819 2503 1887 ipsum
2547 1818 2845 1877 mendicum
2897 1818 3202 1873 miserando
3244 1825 3449 1887 patrem

1879 1907 2256 1977 recognoscis?
2294 1906 2410 1972 Cui,
2456 1922 2605 1977 rogo,
2650 1906 2880 1976 porrigis
2909 1905 3329 1977 eleemnsyuam,
3359 1904 3452 1974 qui

1880 2014 1979 2055 nec
2010 2002 2177 2070 ipsam
2206 2000 2258 2054 in
2296 2006 2449 2068 patre
2474 1999 2722 2067 agnoscis
2752 1998 3035 2051 naturam?
3061 1998 3172 2051 Etsi
3205 1997 3455 2051 omnibus

1883 2089 2251 2145 misericordia
2295 2088 2671 2157 impendenda.
2704 2090 2866 2142 etiam
2932 2102 2961 2141 a
3010 2088 3113 2143 lide
3157 2088 3451 2152 extraneis,

1886 2180 2121 2234 maxime
2156 2188 2354 2242 autem,
2387 2188 2444 2233 ut
2468 2178 2545 2232 ait
2589 2176 2896 2247 Apostolus,
2937 2178 3003 2231 ad
3032 2178 3360 2232 domesticos
3394 2178 3457 2231 li-

1884 2270 1966 2324 dei
1995 2267 2145 2338 (Gal.
2175 2285 2251 2333 vr,
2280 2268 2366 2340 10)
2388 2309 2402 2334 ,
2430 2269 2560 2337 quid
2589 2269 2696 2334 his,
2722 2269 2813 2338 qui
2840 2284 2945 2324 non
2970 2267 3142 2324 solum
3171 2269 3457 2325 domestici

1886 2358 2028 2425 ﬁdei,
2059 2358 2152 2414 sed
2192 2358 2359 2413 etiam
2391 2358 2671 2413 domestici
2699 2360 2999 2429 sanguinis,
3038 2360 3119 2415 vel
3153 2359 3306 2429 origo
3332 2370 3461 2415 sunt

1885 2450 2128 2519 generis,
2178 2449 2285 2514 vel,
2336 2450 2475 2503 sicut
2502 2449 2718 2519 quidam
2768 2450 2989 2519 pulchre
3024 2451 3076 2505 in
3124 2452 3460 2507 decachordo

1885 2544 1963 2595 ait
1994 2561 2005 2595 :
2037 2541 2135 2609 Qui
2178 2541 2291 2595 suis
2319 2541 2627 2610 parentibus
2671 2555 2774 2595 non
2811 2538 2984 2595 defert
3033 2542 3312 2606 honorem,
3340 2542 3464 2611 qui-

1884 2632 1983 2687 bus
2010 2647 2199 2703 parere
2226 2631 2461 2702 poterit?
2490 2630 2749 2686 Omnibus
2780 2631 2943 2701 igitur
2984 2632 3186 2702 aliquid
3225 2631 3458 2686 dandum

1885 2732 1984 2787 est,
2021 2724 2163 2792 patri
2196 2732 2362 2778 totum
2387 2723 2850 2787 committendum,
2879 2723 2995 2794 ejus
3023 2718 3260 2779 dominio
3288 2732 3460 2778 totum

1888 2814 2322 2884 mancipandam.
2370 2813 2529 2867 Pater
2569 2813 2752 2882 itaque
2790 2814 2888 2878 sis,
2922 2815 3061 2869 lilius
3109 2815 3202 2877 sis,
3238 2814 3464 2883 quilibet

1888 2906 2320 2977 consanguineus
2350 2905 2447 2968 sis,
2477 2904 2599 2959 audi
2626 2905 2939 2974 Apostolum
2965 2923 2977 2958 :
3015 2904 3115 2971 Qui
3147 2922 3386 2970 suorum,
3414 2915 3463 2958 et

1892 3001 2117 3053 maxime
2142 2999 2542 3053 domesticorum
2573 3015 2754 3052 curam
2799 2996 3087 3061 non/iubet,
3113 2996 3271 3065 ﬁdem
3307 3013 3464 3065 nega-

211 3093 401 3146 ltenna:
430 3092 601 3147 oculis
636 3107 873 3162 propone
906 3058 1120 3157 tuentis,
1167 3101 1221 3147 et
1269 3102 1329 3146 ut
1369 3090 1550 3146 clavus
1581 3089 1787 3145 clavum
1817 3058 1862 3119 Ο
1893 3092 1983 3158 rit,
2014 3102 2060 3145 et
2098 3104 2170 3147 est
2192 3091 2391 3161 infideli
2422 3092 2647 3145 deterior
2675 3090 2727 3163 (I
2759 3091 2890 3145 Tim.
2920 3106 2975 3154 v,
3004 3089 3081 3161 8).

211 3183 450 3254 expellit,
501 3183 576 3237 ita
633 3184 789 3251 hujus
838 3184 999 3238 timor
1049 3184 1279 3238 incendii
1329 3182 1577 3237 ardorem
1646 3180 1788 3234 illius

210 3275 443 3344 expellat
469 3274 606 3328 vitii.
637 3273 1009 3330 Consideratio
1036 3288 1248 3343 quoque
1275 3282 1502 3328 terrenae
1532 3271 1787 3341 fragilita-

217 3364 282 3417 tis
328 3364 577 3419 timorem
609 3364 848 3419 relrenet
878 3364 1144 3419 elationis.
1176 3363 1253 3417 Ita
1298 3363 1355 3418 lit
1398 3372 1456 3417 ut
1497 3373 1552 3418 et
1587 3365 1652 3417 ab
1682 3362 1792 3417 ela-

216 3456 374 3509 tionis
399 3470 629 3518 veneno,
659 3464 714 3510 et
746 3469 774 3508 a
812 3455 1048 3510 libidinis
1076 3454 1346 3520 incendio,
1376 3453 1592 3509 Christo
1635 3452 1788 3521 adju-

216 3555 403 3611 rante,
464 3546 758 3607 defensus,
805 3546 1007 3618 angelis
1064 3545 1325 3616 perpetim
1376 3544 1793 3613 conjucunderis

214 3641 576 3704 consortibus,
609 3640 907 3711 angelicam
952 3638 1004 3693 iu
1060 3638 1219 3694 terris
1246 3636 1677 3709 quandoquidem
1705 3636 1791 3691 yi-

218 3738 321 3783 tam
352 3745 413 3784 es
438 3730 704 3783 imitatus.

532 3820 659 3875 Τιτ.
693 3819 776 3872 Vl.
799 3850 869 3858 —
901 3819 972 3873 De
994 3829 1139 3888 patre
1181 3828 1227 3873 et
1258 3827 1441 3873 matre.
1628 3892 1633 3896 ἢ

284 3910 371 3961 l5.
420 3907 584 3963 Pater
612 3918 706 3962 aut
732 3920 904 3964 mater
926 3910 1020 3964 es?
1052 3909 1318 3963 Metuento
1355 3906 1693 3977 disciplinam
1745 3914 1795 3960 te

216 3996 412 4050 debere
436 3997 578 4062 Iiliis,
620 4006 675 4051 et
698 3998 779 4051 sic
809 3999 1023 4051 monitis
1046 3999 1356 4067 obtempera
1382 3997 1706 4066 apostolicis,
1736 4005 1795 4050 ut

216 4086 372 4139 simul
420 4095 475 4140 et
523 4087 803 4141 interitum
833 4103 1027 4142 caveas
1076 4087 1187 4141 lleli
1241 4086 1535 4142 sacerdotis
1582 4085 1630 4157 (I
1665 4084 1792 4156 Reg.

216 4192 276 4239 ll,
301 4177 377 4244 ιι).
411 4173 619 4241 Patres,
648 4178 821 4247 inquit
850 4177 1158 4247 Apostolus,
1186 4177 1344 4230 nolite
1369 4177 1437 4229 ad
1464 4176 1793 4229 iracundiam

216 4281 497 4334 provocare
537 4265 677 4333 ﬁlios
727 4276 940 4330 vestros,
992 4276 1044 4317 ut
1092 4281 1193 4318 non
1238 4264 1426 4318 vusillo
1458 4266 1632 4319 animo
1661 4264 1794 4331 [iant

218 4355 433 4424 (Ephes.
454 4371 528 4421 γι,
554 4354 632 4425 4).

700 4445 824 4501 Tt'r.
854 4445 962 4501 Vll.
983 4446 1146 4500 —De
1173 4446 1316 4514 ﬁliis.

287 4536 375 4589 16.
417 4535 585 4592 Filius
624 4535 711 4591 vel
758 4535 866 4590 lilia
908 4536 1005 4590 es?
1049 4535 1314 4590 Memento
1355 4542 1405 4589 te
1436 4534 1789 4591 reverentiam

217 4624 414 4681 debere
458 4626 805 4695 parentibus;
839 4626 951 4696 ipse
987 4626 1129 4680 enim
1164 4622 1499 4694 Unigenitus,
1549 4626 1637 4694 qui
1686 4642 1787 4677 nou

219 4730 282 4769 ex
311 4716 417 4786 61
449 4726 671 4786 peccato
706 4724 769 4771 ut
799 4724 876 4781 tu,
910 4717 1000 4770 sed
1029 4731 1094 4769 ex
1128 4714 1330 4784 Spiritu
1382 4726 1568 4769 sancto
1596 4732 1789 4770 conce-

219 4811 359 4873 plus,
383 4808 447 4860 de
478 4804 701 4877 Virgine
742 4813 902 4859 natus
931 4812 1039 4869 est;
1071 4813 1354 4875 postquam
1384 4804 1436 4857 in
1484 4804 1678 4874 templo
1708 4803 1788 4858 in-

223 4905 424 4958 ventus,
463 4905 741 4964 parentes,
776 4894 826 4947 id
868 4902 951 4948 est
996 4905 1225 4947 matrem
1259 4893 1550 4961 Virginem,
1580 4903 1634 4947 et
1686 4910 1783 4947 uu-

223 4986 420 5040 tritium
450 4987 846 5049 castissimum,
879 4993 933 5038 et
962 4985 1078 5039 ideo
1105 4994 1311 5056 patrem
1344 4984 1693 5049 nominatum,
1724 4987 1790 5041 de

220 5075 506 5130 divinitatis
531 5092 646 5132 sua:
694 5073 959 5145 potentia,
986 5090 1087 5143 qua
1114 5090 1235 5129 cum
1266 5073 1422 5127 Patre
1458 5074 1636 5127 omnia
1668 5091 1789 5144 pos-

219 5166 389 5221 sidens
430 5168 722 5231 inhabitat,
764 5163 1096 5221 edocuisset:
1128 5174 1181 5220 et
1218 5163 1290 5217 illi
1338 5176 1444 5216 non
1493 5162 1786 5221 intellexis-

217 5250 346 5308 sent.
377 5254 685 5318 Descendit,
735 5250 917 5319 inquit
941 5254 1279 5323 evangelista,
1312 5269 1430 5309 cum
1453 5255 1547 5319 eis,
1575 5266 1621 5310 et
1656 5257 1790 5312 venit

226 5340 472 5374 ηηοη-ΑΙΙ.
528 5354 571 5374 ΑΙ
601 5352 715 5374 an"!
742 5341 979 5374 ουΙυδίΙηο
1005 5342 1105 5374 illi»
1131 5344 1259 5374 ΙῘυη
1306 5360 1343 5374 σε
1401 5344 1485 5374 βξιὶ
1533 5346 1641 5374 Pun
1663 5363 1789 5374 -_~.\

1818 4404 1870 4465 D

2327 3184 2451 3239 Τιτ.
2488 3184 2619 3239 γιιι.
2643 3216 2713 3225 -
2743 3185 2815 3240 De
2842 3186 3029 3240 viduis.

1964 3274 2049 3329 i7.
2089 3273 2260 3329 Vidua
2299 3275 2394 3329 es?
2424 3275 2603 3331 [labes
2642 3275 2877 3341 Annam,
2906 3283 3073 3342 tuam,
3101 3284 3159 3331 ut
3188 3276 3261 3331 ita
3308 3275 3463 3332 dixe-

1892 3364 2016 3427 rim,
2050 3363 2286 3432 regulam
2318 3362 2469 3435 (Luc.
2504 3379 2568 3429 ιι,
2596 3365 2706 3434 57).
2735 3364 2884 3431 Quod
2907 3365 2950 3419 si
2969 3365 3127 3419 aliter
3151 3366 3333 3420 vivere
3361 3367 3464 3429 vis,

1894 3454 2014 3509 audi
2045 3455 2357 3524 Apostolum
2393 3474 2405 3507 :
2449 3454 2639 3520 Vidua,
2675 3456 2870 3524 inquit,
2908 3472 3025 3524 quae
3048 3456 3103 3509 in
3131 3457 3333 3511 deliciis
3365 3468 3465 3521 est,

1893 3548 2058 3602 virens
2084 3557 2290 3602 mortua
2318 3557 2392 3601 est
2415 3547 2468 3617 (1
2506 3547 2637 3600 Tim.
2671 3562 2723 3611 ν,
2749 3548 2825 3617 6).

2296 3636 2417 3689 Tt'r.
2448 3635 2533 3688 IX.
2566 3665 2637 3675 -—
2664 3634 2738 3688 De
2763 3635 3062 3705 virginibus.

1968 3729 2053 3786 18.
2098 3727 2262 3798 Virgo
2285 3727 2376 3780 cs?
2400 3726 2581 3782 Gaude
2609 3728 2658 3779 in
2684 3727 2910 3781 Domino
2934 3726 3230 3793 humiliter,
3257 3736 3310 3783 et
3332 3744 3465 3784 cave

1895 3835 1961 3875 ne
1986 3818 2179 3889 perdas
2221 3833 2362 3882 esse,
2394 3818 2534 3887 quod
2582 3832 2660 3872 es.
2706 3817 2880 3872 Habes
2920 3816 3161 3881 Mariam,
3191 3819 3464 3888 pudicitia:

1896 3908 2193 3980 speculum,
2240 3906 2568 3979 virginitatis
2618 3907 2845 3971 titulum,
2882 3908 3203 3964 humilitatis
3233 3910 3463 3979 insigne.

1896 3998 2060 4053 decus
2108 3998 2448 4052 innocentiae.
2500 3997 2755 4052 Scrutare
2796 3996 2912 4065 ejus
2957 3999 3248 4067 canticum,
3288 4011 3466 4070 potest

1897 4088 1991 4143 tibi
2016 4087 2260 4143 sullicere
2288 4087 2355 4141 ad
2378 4088 2817 4158 compositionem
2865 4103 3093 4143 morum.
3124 4090 3340 4147 Intuere
3361 4108 3465 4163 qua

1898 4180 2131 4234 maxima
2164 4179 2362 4233 virtute
2404 4179 2520 4234 nisa
2565 4188 2648 4233 est
2693 4179 2805 4244 illa,
2837 4186 2896 4231 ut
2944 4179 3101 4248 hujus
3134 4190 3239 4235 tam
3270 4185 3471 4239 excelsi

1899 4276 1954 4324 et
1991 4269 2253 4333 sublimis,
2285 4267 2413 4323 nulli
2441 4275 2580 4338 post,
2612 4283 2712 4323 nec
2742 4278 2898 4324 antea
2942 4271 3183 4325 concessi
3229 4275 3469 4328 muneris

1902 4362 2161 4415 meruerit
2191 4359 2543 4430 praerogativa
2568 4359 2748 4419 ditari,
2780 4367 2835 4413 et
2854 4361 3008 4415 stude
3032 4371 3288 4430 quantum
3318 4374 3470 4434 potes

1900 4461 1954 4507 et
1979 4460 2032 4506 tn
2059 4466 2176 4506 eam
2223 4451 2421 4504 imitari
2450 4468 2461 4502 :
2494 4449 2634 4518 quod
2665 4459 2722 4503 ut
2750 4451 3010 4518 quaerenti
3052 4451 3146 4505 tibi
3184 4451 3343 4509 facile
3376 4471 3469 4511 oc-

1899 4549 2101 4605 currat,
2154 4541 2481 4609 interrogata
2528 4538 2804 4593 humiliter
2852 4541 2964 4609 ipsa
3010 4544 3337 4611 respondeat
3384 4560 3472 4599 sa-

1900 4632 2126 4703 pienter,
2152 4628 2289 4695 Quia
2312 4632 2552 4699 respexit,
2587 4630 2850 4700 inquiens,
2877 4632 3221 4688 humilitatem
3254 4634 3461 4688 ancilla:

1899 4736 2010 4773 sua:
2042 4718 2189 4790 (Luc.
2220 4736 2258 4785 ι,
2288 4719 2399 4791 48).
2436 4720 2571 4773 Ecce
2605 4736 2791 4785 causa,
2824 4737 2945 4775 nam
2972 4731 3025 4776 et
3057 4723 3156 4777 hoc
3186 4725 3324 4779 idem
3349 4726 3463 4794 jam

1899 4809 2026 4865 onim
2056 4811 2374 4880 promiserat
2396 4825 2489 4879 per
2520 4812 2837 4886 prophetam
2864 4830 2875 4864 :
2904 4813 2982 4864 Ad
3002 4829 3151 4882 quem
3180 4813 3471 4884 respiciam,

1898 4902 2163 4968 tuquiens,
2198 4900 2299 4954 nisi
2336 4901 2403 4953 ad
2450 4900 2699 4955 humilem
2740 4913 2785 4956 et
2817 4902 3043 4971 quietum
3086 4912 3133 4955 et
3172 4911 3478 4960 trementem

1898 5006 2155 5044 sermones
2195 5006 2334 5044 meos
2360 4990 2558 5062 9(Isai.
2593 5009 2740 5059 val,
2784 4992 2866 5061 2.)
2896 4989 3031 5045 Tota
3078 4993 3258 5062 itaque
3310 5005 3479 5049 causa

1901 5080 2217 5148 perditionis
2242 5089 2436 5135 nostrae
2466 5083 2742 5149 superbia,
2777 5091 2884 5135 tota
2917 5080 3335 5149 recuperatiouis
3359 5081 3472 5153 62

1901 5169 2192 5228 humilitas.
2251 5172 2540 5227 liuiuilitas
2591 5184 2764 5230 mater
2803 5174 3077 5234 virtutum,
3130 5186 3342 5227 morum
3391 5184 3480 5229 est

1902 5264 2141 5317 omnium
2184 5272 2605 5327 ornamentum;
2643 5267 2757 5321 sine
2785 5266 2883 5317 bac
2916 5260 3086 5314 virtus
3119 5264 3301 5325 nulla;
3348 5264 3477 5317 abs.

1904 5364 2001 5374 ο...Α
2048 5367 2099 5374 ε.-
2148 5368 2324 5374 -Α-..--
2350 5354 2581 5374 --ἔμε-..Λα
2617 5369 2717 5374 M4,-
2758 5352 2977 5374 -.:-l.-Inu
3015 5360 3140 5374 anno
3192 5350 3283 5374 αΑσ.
3325 5350 3419 5374 ενῖιξ
