4018 5406
558 210 667 266 Ε.οό

1386 206 1714 262 RATIJERII
1753 205 1969 263 EPISC.
2012 206 2265 262 VEIiON.
2308 207 2461 263 OI’P.
2504 209 2688 266 PARS
2728 209 2772 265 Ι.

3709 213 3817 272 204

557 326 740 381 valeas
789 322 1058 389 dubitare,
1105 322 1324 393 utrique
1353 322 1604 378 doctores
1642 320 1884 386 mirifici,
1924 320 2141 390 utrique
2167 332 2217 385 Α
2245 338 2351 393 que
2382 332 2439 379 et
2476 333 2555 390 tu,
2586 324 3034 396 patremfamilias
3074 326 3286 394 adesse,
3327 336 3384 383 et
3424 336 3478 385 te
3526 329 3596 386 ad
3647 330 3821 388 vineae

484 416 485 419 “
556 417 842 488 pontifices
862 414 1081 479 summi,
1104 413 1322 482 utrique
1349 413 1446 468 toti
1483 413 1759 469 mirabiles
1787 412 1925 478 orbi,
1952 411 2140 468 Roma:

556 526 738 576 unus,
794 508 1078 565 Mediolani
1132 506 1288 573 alter,
1336 505 1596 578 Hippone:
1648 506 1868 578 prmfuit
1923 496 2135 562 tertius.

559 600 750 668 Nulla,
782 600 958 671 inquit
985 598 1136 669 prior
1169 597 1403 669 (Greg.),
1440 598 1712 668 virginitas
1757 596 1954 663 carnis,
1979 613 2137 668 quam

560 708 663 746 non
709 690 1039 746 commendat
1089 689 1321 744 suavitas
1374 689 1583 743 mentis.
1639 687 1799 742 Decet
1823 728 1838 753 ,
1888 687 1963 742 ait
1999 686 2138 743 alter

556 780 819 852 (ἐδωδῇ),
851 790 907 834 ut
930 796 1035 851 quo
1056 780 1251 834 castior
1269 779 1433 849 virgo,
1460 788 1609 832 tanto
1629 777 1880 832 humilior
1897 777 1988 833 sit.
2020 775 2135 832 Me-

553 872 677 935 lius,
740 872 915 941 inquit
963 871 1159 925 tertius
1198 869 1410 941 (Aug),
1453 880 1527 924 est
1568 868 1764 924 humile
1808 867 2134 939 conjugium,

557 977 712 1030 quam
746 961 969 1031 superba
995 960 1284 1030 virginitas.

994 1049 1119 1105 Τιτ.
1151 1050 1221 1104 Χ.
1247 1079 1317 1091 -
1338 1049 1418 1105 De
1441 1052 1694 1121 parvulis.

623 1144 709 1199 l9.
752 1143 1017 1199 Parvulus
1057 1142 1153 1199 es?
1181 1141 1396 1198 Nutriat
1440 1151 1494 1198 te
1537 1143 1626 1199 ille
1674 1144 1727 1198 in
1768 1143 1872 1199 hoc
1911 1142 2133 1209 steculo,

551 1235 640 1304 qui
674 1233 981 1290 Samuelem
1026 1232 1079 1288 in
1114 1232 1330 1303 templo.
1374 1232 1512 1289 Audi
1543 1233 1744 1304 itaque,
1775 1241 1837 1289 ut
1869 1212 2056 1306 potes;
2082 1240 2139 1289 et

550 1336 608 1381 tu
646 1335 852 1397 $31388,
885 1334 946 1380 ιιι
990 1333 1175 1395 potes;
1204 1333 1258 1380 et
1310 1333 1367 1380 tu
1395 1338 1618 1390 conare,
1652 1333 1713 1379 υι
1757 1332 1941 1395 ροιοε;
1974 1333 2032 1380 ει
2078 1332 2135 1378 ιιι

549 1419 744 1482 nitere,
781 1426 842 1473 ut
863 1425 1048 1489 potes;
1078 1425 1134 1473 et
1178 1427 1232 1472 tu
1256 1431 1508 1487 sequere,
1548 1426 1607 1472 ut
1629 1426 1804 1487 potes,
1838 1425 1912 1478 tu,
1943 1417 2139 1472 dicen-

551 1518 662 1565 tem
713 1509 1086 1579 Sapientiam:
1116 1507 1393 1579 Usquequo
1438 1508 1644 1579 parvuli
1691 1507 1910 1579 diligitis
1959 1507 2137 1577 infan-

548 1604 677 1656 tiam
702 1602 727 1653 τ’
760 1600 944 1672 (Prov.
976 1616 1018 1666 ι,
1048 1598 1164 1671 22.)
1185 1599 1333 1654 Scito
1358 1599 1806 1671 patremfamilias
1835 1597 2044 1663 adesse,
2082 1606 2136 1654 et

2246 412 2507 469 culturam
2568 423 2716 471 lauto
2760 416 3056 473 studiosius
3100 433 3314 486 vocare,
3363 427 3567 489 quanto
3599 419 3718 489 iam
3767 430 3825 478 et

2243 505 2487 560 membra
2524 506 2771 577 corporis
2803 507 2871 563 ad
2909 507 3261 563 laborandum
3295 517 3353 564 et
3388 524 3580 565 sensus
3607 510 3678 566 ad
3733 512 3821 566 in-

2244 595 2585 667 telligendum
2612 597 2863 653 videntur
2907 612 3154 655 crescere
3188 599 3404 655 mentis.
3436 598 3573 656 Cum
3614 600 3828 656 addita-

2243 695 2427 742 mento
2469 687 2614 743 enim
2661 686 3080 757 conjunctionis,
3126 698 3177 745 te
3207 698 3262 746 et
3308 697 3597 761 sequentes
3630 690 3830 747 invitat

2241 776 2466 833 dicens:
2499 776 2581 833 Ite
2619 788 2667 832 et
2708 796 2796 833 vos
2826 780 2882 833 in
2913 779 3115 834 vineam
3158 796 3326 835 meam
3350 780 3570 851 (Matth.
3614 799 3712 851 xx,
3735 781 3824 855 7);

2241 869 2386 938 quod
2416 868 2541 923 alibi
2570 868 2797 925 ciarebit
2824 884 2924 925 cur
2957 869 3141 925 faciat.
3175 870 3442 928 Memento
3466 874 3634 929 etiam
3678 888 3828 930 mor—

2244 969 2351 1015 tem
2401 960 2716 1028 infantibus,
2749 961 2930 1032 pueris
2963 972 3018 1017 ct
3053 960 3362 1031 juvenibus,
3395 964 3525 1019 licet
3568 965 3827 1020 immatno
3860 1038 3871 1047 ι

2240 1068 2378 1119 ram,
2414 1062 2590 1109 tamen
2630 1053 2921 1123 improvise
2946 1054 3214 1120 accidere,
3239 1054 3315 1109 uti
3339 1063 3396 1110 et
3420 1055 3642 1114 senibus
3683 1055 3829 1111 acci-

2242 1143 2323 1199 dit
2346 1144 2546 1200 debite.

2556 1234 2677 1290 'I‘I'r.
2721 1232 2831 1289 XII.
2861 1233 3031 1289 -—De
3072 1234 3501 1292 adolescentibus.

2309 1326 2397 1380 9|.
2438 1326 2766 1383 Adolescens
2791 1327 2889 1382 es?
2913 1325 3056 1381 Audi
3095 1327 3419 1382 Dominum:
3453 1313 3593 1395 Tibi,
3625 1328 3830 1400 inquit,

2233 1421 2344 1493 63
2371 1421 2509 1485 dico,
2544 1436 2698 1491 surge
2721 1418 2874 1491 (Luc.
2905 1434 3005 1486 VII,
3042 1419 3155 1489 14).
3201 1420 3424 1476 Audiet
3458 1421 3828 1491 Apostolutn:

2241 1512 2411 1583 Surge
2438 1512 2528 1583 qui
2552 1512 2774 1576 dormis,
2806 1519 2853 1565 et
2884 1524 3107 1583 exsurge
3133 1528 3164 1563 a
3205 1511 3445 1577 mortuis,
3475 1521 3525 1567 et
3552 1511 3835 1568 illuminaé

2240 1604 2308 1659 bit
2336 1582 2384 1658 te
2409 1582 2648 1658 Christus
2674 1599 2889 1673 (Ephes.
2922 1617 2978 1668 ν,
3001 1582 3114 1672 l4).
3158 1599 3269 1658 Nec
3292 1616 3640 1669 succenseas,
3681 1606 3830 1674 quod

550 1693 785 1763 teipsum
818 1693 916 1747 aevi
949 1692 1030 1747 tui
1079 1706 1233 1747 mane
1262 1692 1506 1763 quotidie
1535 1705 1752 1747 vocare.
1808 1690 1944 1745 Dum
1986 1689 2132 1745 enim
2162 1692 2209 1753 B
2238 1704 2348 1750 tam
2380 1694 2695 1751 terribiliter
2735 1703 2786 1749 te
2819 1693 2874 1749 in
2921 1692 3054 1765 ipsis
3105 1692 3295 1749 videor
3329 1692 3503 1748 initiis
3544 1694 3828 1760 excitare;

546 1784 866 1857 profeceris,
894 1784 1023 1841 dum
1062 1784 1261 1855 legere,
1292 1785 1419 1838 dum
1451 1783 1772 1855 intelligere,
1828 1783 1957 1838 dum
1986 1791 2134 1838 certe

550 1877 894 1944 interrogare
914 1875 1174 1940 volueris,
1202 1875 1446 1930 invenies
1466 1875 1728 1945 quosdam
1754 1874 1809 1929 in
1831 1874 2135 1944 quinquen-

546 1966 662 2034 nio,
690 1966 770 2032 et,
803 1966 946 2036 quod
983 1966 1206 2037 majoris
1242 1965 1418 2021 adhuc
1463 1963 1712 2021 miraculi
1741 1973 1845 2029 est,
1877 1965 2047 2021 etiam
2077 1966 2130 2020 in

547 2061 801 2127 triennio,
834 2057 902 2117 ad
938 2059 1259 2131 martyrium
1306 2068 1498 2129 sponte
1533 2057 1871 2129 prorupisse,
1916 2058 2132 2128 sapien-

547 2151 755 2207 tissime
808 2163 864 2206 et
907 2150 1285 2222 potentissime
1338 2148 1521 2205 saeculi
1572 2148 1931 2220 potestatibus
1976 2148 2131 2204 resti-

543 2241 695 2307 tisse,
741 2240 1003 2297 miraeula
1045 2242 1117 2295 in
1149 2240 1368 2297 nomine
1405 2240 1622 2295 Domini
1652 2240 1980 2307 ostendisse,
2021 2249 2130 2296 tor-

543 2340 726 2388 menta
778 2331 998 2388 fortiter
1049 2332 1308 2388 tolerasse
1334 2372 1349 2396 ,
1399 2339 1635 2388 tortores
1693 2331 2130 2387 constantissime

542 2426 818 2490 derisisse,
847 2433 1074 2480 mortem
1099 2439 1196 2494 pro
1224 2423 1455 2479 Domino
1481 2439 1586 2479 non
1618 2431 1731 2479 tam
1756 2424 2125 2489 immaturam,

543 2532 706 2588 quam
758 2517 1053 2588 pretiosam
1092 2515 1453 2571 libentissime
1488 2515 1814 2584 suscepisse,
1864 2522 1917 2570 et
1966 2528 2124 2570 coro-

544 2625 670 2664 nam
702 2606 1128 2664 immortalitatis
1168 2622 1290 2662 cum
1337 2605 1519 2677 palma
1561 2605 1825 2672 victoriae,
1871 2604 2043 2676 signis
2071 2614 2128 2661 et

544 2701 827 2758 miraculis
849 2701 916 2757 ad
938 2699 1207 2756 exstincta
1226 2713 1413 2754 eorum
1436 2712 1664 2768 corpora
1680 2696 2123 2763 clarescentibus,

544 2809 605 2849 se
647 2792 943 2863 accepisse,
1000 2788 1468 2861 perspicacissime
1516 2788 1916 2843 demonstrasse
1969 2784 2122 2857 (96);

544 2896 598 2943 et
641 2886 784 2958 quod
854 2884 1031 2940 adhuc
1086 2881 1505 2938 incredibilioris
1549 2881 1656 2937 erit
1688 2880 1951 2953 prodigii,
2006 2881 2126 2951 plu-

545 2996 633 3037 res
687 2979 1014 3035 fortissimas
1070 2977 1307 3048 virgines
1339 2977 1580 3047 ejusdem
1638 2976 1880 3031 invenies
1913 2976 2035 3041 aevi,
2066 2976 2122 3029 in

543 3070 798 3128 conflictu
822 3069 1077 3126 victrices
1106 3068 1328 3135 diaboli,
1356 3083 1455 3139 pro
1477 3081 1664 3123 amore
1694 3067 1990 3137 profecisse
2028 3082 2124 3123 no-
2152 3058 2197 3121 C

545 3163 706 3219 minis
732 3160 956 3217 Christi.
998 3159 1251 3216 Invenies
1272 3172 1487 3228 quoque
1524 3155 1764 3225 ejusdem
1806 3157 1982 3211 aetatis
2026 3156 2127 3212 mi-

544 3268 718 3320 seros,
745 3259 871 3324 post
914 3250 1202 3307 remissum
1246 3247 1511 3320 originale
1549 3254 1856 3317 peccatum,
1892 3246 2127 3317 propriis

547 3344 760 3400 meritis
786 3350 1058 3397 mercatos
1083 3337 1379 3402 infernum,
1407 3346 1463 3393 et
1489 3337 1593 3393 hoc
1617 3333 1942 3407 quibusdam
1968 3348 2127 3406 aper-

547 3435 618 3488 tis
636 3431 851 3487 indiciis
889 3431 954 3485 ad
1005 3428 1255 3485 notitiam
1298 3436 1632 3483 monstrasse
1675 3425 1979 3491 hominum,
2010 3426 2130 3496 ipso

544 3522 970 3580 misericorditer
1012 3518 1381 3592 permittente,
1419 3517 1509 3588 qui
1566 3517 1672 3573 hoc
1706 3517 1773 3572 ad
1805 3525 1908 3572 tua:
1944 3523 2128 3572 caute-

544 3617 611 3673 la:
633 3615 798 3673 scribi
834 3614 1003 3671 voluit
1029 3611 1358 3683 exetnplum.

998 3724 1122 3781 Τιτ.
1155 3723 1245 3779 XI.
1279 3755 1347 3764 —
1379 3722 1452 3778 De
1480 3722 1673 3793 pueris.

616 3820 706 3876 20.
770 3819 911 3876 Puer
970 3816 1071 3873 es?
1132 3815 1268 3871 Audi
1320 3813 1633 3885 Apostolum
1682 3832 1694 3866 :
1750 3809 1928 3866 Nolite
1980 3812 2135 3882 pueri

547 3911 677 3984 ιπερὶ
711 3907 969 3972 sensibus,
1020 3904 1110 3960 sed
1152 3904 1359 3959 malitia
1402 3900 1609 3973 parvuli
1651 3910 1809 3955 estote
1842 3941 1857 3967 ,
1896 3902 2129 3956 sensibus

548 4014 724 4071 autem
766 4001 978 4074 perfecti
1018 3998 1133 4053 sitis
1162 3996 1211 4070 (I
1244 3994 1367 4051 Cor.
1410 4010 1520 4061 xw,
1562 3993 1676 4066 20).
1710 3993 1928 4048 imitare
1981 3991 2128 4046 illum

551 4095 617 4151 de
643 4109 752 4165 quo
778 4091 995 4158 legitur,
1023 4088 1150 4159 quia
1191 4087 1492 4159 proﬁciebat
1536 4094 1690 4139 trtate
1721 4093 1768 4139 et
1795 4083 2051 4152 sapientia
2082 4093 2128 4136 et

549 4185 719 4257 gratia
760 4197 937 4236 coram
974 4178 1083 4233 Deo
1105 4187 1151 4233 et
1179 4176 1472 4231 hominibus
1493 4174 1645 4246 (Luc.
1673 4189 1736 4239 tt,
1769 4172 1880 4243 52).
1924 4171 2129 4226 Secun-

552 4272 678 4331 dum
698 4275 843 4329 enim
866 4270 1203 4327 divinitatem
1233 4275 1377 4324 totus
1398 4280 1619 4321 manens
1638 4263 1929 4336 perfectus,
1956 4276 2129 4332 neque

552 4370 604 4424 in
637 4381 744 4440 quo
766 4363 1059 4437 proficeret
1090 4361 1316 4425 habens,
1345 4358 1437 4430 qui
1467 4358 1546 4413 sic
1576 4357 1694 4411 sine
1739 4355 1892 4411 initio
1920 4355 2123 4418 existit,

551 4470 612 4517 ut
654 4473 830 4530 neque
877 4454 1173 4513 deficiendo
1214 4452 1376 4507 finem
1422 4449 1656 4521 aliquem
1691 4447 1878 4504 haberi
1921 4447 2127 4519 possit;

544 4556 701 4624 juxta
730 4548 1141 4612 humanitatem,
1172 4556 1335 4614 quam
1363 4541 1439 4596 tui
1476 4541 1649 4613 gratia
1693 4538 1923 4609 accepit,
1966 4537 2134 4609 proli—

550 4658 677 4700 cere
703 4639 890 4704 voluit,
924 4646 983 4693 ut
1010 4635 1131 4702 tibi,
1183 4634 1324 4690 unde
1369 4632 1634 4704 prolicere
1680 4630 1930 4696 deberes,
1972 4645 2128 4684 mon-

553 4716 775 4801 straret,
806 4733 915 4788 imo
946 4739 1001 4785 ut
1042 4726 1335 4794 proliceres
1366 4725 1479 4797 ipse
1504 4733 1807 4795 praestaret.
1849 4720 2000 4778 Scito
2029 4721 2133 4776 ita-

582 4898 595 4915 '
625 4889 738 4963 (96)
776 4885 1091 4963 Construe__:
1133 4893 1182 4963 et
1234 4880 1674 4963 perspicacissime
1719 4878 2119 4963 demonstrasse,

554 4948 732 5033 agis;
753 4968 802 5013 et
831 4957 1099 5033 miraculis
1131 4948 1532 5009 clarescentibus
1563 4950 1632 5003 ad
1660 4948 1917 5002 exstincta
1943 4962 2125 5001 eorum

554 5028 877 5101 carpat-gae
906 5028 1161 5101 accepisse
1191 5039 1458 5101 coronam.
1499 5088 1543 5101 υ
1790 5094 1802 5101 Δ
1892 5100 1895 5101 ν
1982 5085 2016 5101 η
2055 5086 2064 5096 ,

627 5085 740 5173 ('97)
778 5085 913 5173 Male
948 5098 1000 5151 iu
1026 5085 1178 5166 'vuig.
1224 5093 1455 5173 iniquus.
1497 5088 1949 5173 Moneonstruen;
1977 5085 2127 5173 Scias

556 5155 646 5225 me‘
669 5155 821 5238 odere
843 5169 938 5221 hoc
963 5177 1069 5220 tam
1095 5155 1524 5235 propter'a'tatem
1553 5156 1856 5238 hujusmodi
1881 5155 2129 5238 declivem

559 5224 629 5293 ad
658 5224 839 5306 lapsus
858 5224 1201 5306 multigenos,
1222 5244 1380 5311 quam
1408 5239 1455 5309 et
1487 5224 1698 5298 propier
1734 5224 1918 5278 callem
1951 5225 2132 5346 bicipyi'

563 5319 661 5346 um
684 5308 738 5346 in
761 5307 871 5346 inm
900 5306 1117 5346 introitu
1140 5300 1367 5346 uiuendi.
1400 5298 1602 5346 Littera
1624 5295 1940 5346 Pvthauora:
1956 5304 2040 5346 est
2115 5334 2129 5346 .

562 5319 665 5363 tem
684 5295 739 5361 iit
761 5307 871 5376 ipso
900 5295 1117 5360 introitu
1140 5295 1367 5358 vivendi.
1400 5295 1602 5352 Littera
1624 5295 1940 5364 Pythagora:
1956 5304 2040 5353 est
2063 5295 2129 5359 Y,

563 5392 668 5406 ..ιη-
707 5375 845 5406 muni
878 5391 992 5406 ηη...
1018 5374 1348 5406 οιςιιιηηηιπις
1379 5368 1638 5406 invnnm-il
1694 5363 1785 5406 sed
1826 5364 1969 5406 mrin.
2009 5379 2130 5406 mtm

563 5392 668 5406 nnn
707 5363 845 5406 nanan
878 5391 992 5406 nn“-
1018 5374 1348 5406 Dullsnﬂnl‘ﬂﬁ
1379 5368 1638 5406 invnnnt'il
1672 5363 1785 5406 feed
1826 5364 1969 5406 "Ilia.
2009 5379 2094 5406 ΩΙΙΙ

2237 1787 2377 1843 scias
2405 1802 2489 1841 me
2523 1785 2625 1841 hoc
2654 1796 2760 1840 tam
2787 1792 3006 1855 propter
3032 1781 3294 1839 declivem
3330 1781 3399 1838 ad
3426 1781 3611 1854 lapsus
3638 1782 3829 1839 multi-

2235 1892 2401 1951 genos
2448 1891 2608 1949 agere
2648 1874 2954 1947 huiusmodi
2993 1881 3226 1942 atatem,
3263 1888 3427 1944 quam
3469 1882 3526 1930 et
3570 1873 3829 1946 [subaudi

2234 1968 2481 2041 propter)
2495 1968 2765 2038 bicipitem
2784 1969 2836 2022 in
2861 1966 2979 2036 ipso
2995 1964 3444 2021 introituvivendi
3466 1963 3656 2020 callem
3674 1964 3825 2036 (97):

2238 2063 2383 2137 quod
2439 2062 2618 2117 littera
2680 2060 2776 2115 tibi
2827 2058 3146 2129 Pythagora:
3200 2055 3371 2112 Sa.nii
3435 2054 3580 2112 valet
3637 2070 3828 2111 recoro

2234 2157 2374 2223 dari,
2404 2156 2448 2212 si
2486 2154 2709 2226 quando
2753 2154 2883 2208 dare
2919 2151 2986 2223 [ί.
3028 2148 3287 2222 nolueris]
3335 2148 3572 2205 volueris
3599 2148 3822 2205 oblitui.

2234 2248 2339 2305 Sed
2379 2258 2434 2304 et
2473 2247 2596 2313 ille,
2635 2246 2727 2318 qui
2770 2253 3039 2309 nostrum,
3068 2241 3211 2313 quod
3258 2240 3589 2306 laboramus,
3614 2237 3734 2310 jam
3768 2239 3826 2294 in

2234 2343 2417 2398 multis
2440 2341 2579 2412 juvit
2605 2338 2740 2413 (98),
2770 2338 2938 2398 auxit,
2970 2336 3208 2399 ornavit,
3248 2343 3303 2390 et
3335 2334 3613 2389 roboravit
3650 2348 3819 2405 opus,

2234 2449 2302 2489 ne
2328 2432 2455 2502 quid
2482 2431 2660 2486 minus
2682 2438 2735 2486 et
2763 2431 2829 2483 ad
2857 2429 2910 2483 id
2935 2426 3315 2498 explicandum
3342 2426 3501 2496 posce
3539 2424 3826 2491 videatur,

2233 2525 2397 2592 adsit,
2429 2531 2579 2595 rogo,
2613 2520 2982 2593 quantocitius
3008 2518 3342 2589 Augustinus
3367 2516 3556 2588 utique
3584 2519 3786 2573 beatus
3804 2533 3823 2570 :

2230 2619 2509 2683 luventas,
2540 2615 2736 2685 inquit,
2766 2614 2837 2667 ad
2859 2627 3096 2667 antorem
3119 2609 3358 2675 liberior,
3395 2608 3465 2663 ad
3495 2607 3708 2680 lapsum
3736 2609 3826 2664 itt-

2232 2711 2459 2777 cautior,
2508 2708 2577 2763 ad
2614 2706 2976 2777 inﬁrmitatem
3019 2701 3284 2774 fragilior,
3325 2699 3395 2753 ad
3433 2700 3823 2770 correptionem

2230 2803 2429 2857 durior.
2481 2798 2839 2856 Eccleaiastes
2887 2795 3079 2861 etiam,-
3122 2791 3565 2858 Proverbiorum,
3616 2798 3674 2847 et
3719 2790 3826 2847 Sa-

2229 2894 2445 2964 pientia:
2467 2892 2613 2958 libri,
2642 2898 2922 2945 auctorum
2953 2886 3018 2961 [1.
3048 2888 3331 2962 auctores]
3350 2888 3519 2945 etiam
3540 2893 3648 2940 tam
3676 2882 3823 2941 Novi

2230 2999 2393 3056 quam
2432 2981 2641 3038 Veteris
2685 2980 3038 3047 Testameuti,
3081 2989 3190 3036 tam
3234 2982 3442 3037 umbra:
3490 2977 3603 3034 veri
3649 2991 3823 3048 quam

2232 3076 2400 3148 ipsius
2445 3072 2688 3130 veritatis
2717 3072 2823 3129 acti
2868 3072 3143 3143 prmsagiis
3176 3070 3274 3145 [αι.
3313 3068 3632 3143 prtesagus],
3681 3069 3823 3140 quid

2231 3167 2297 3222 de
2323 3175 2427 3220 tuae
2452 3163 2762 3235 exprimant
2786 3162 3119 3234 proprietate
3154 3162 3349 3227 tctatis,
3374 3162 3571 3232 quibus
3604 3168 3657 3215 te
3687 3172 3825 3214 con-

2233 3269 2323 3316 tra
2351 3260 2622 3314 instruant
2660 3265 2714 3313 et
2751 3255 3002 3312 muniant
3030 3255 3392 3321 documentis,
3437 3254 3657 3327 longum
3705 3252 3828 3309 edi-

2231 3369 2355 3410 cere
2400 3353 2579 3418 nimis,
2617 3367 2685 3407 ne
2728 3350 3173 3423 impedimentum
3203 3347 3274 3405 sit
3319 3347 3581 3420 propositi
3611 3346 3680 3403 ad
3714 3345 3829 3401 alia

2231 3444 2522 3499 tendentis.
2562 3440 2668 3498 Sed
2707 3455 2775 3497 ne
2820 3449 2892 3507 te,
2941 3440 3068 3497 dum
3104 3440 3294 3495 multis
3339 3439 3606 3510 indigeas,
3646 3438 3822 3494 etiam

2230 3536 2500 3607 aliquibus
2528 3534 2810 3589 videamur
2838 3530 3124 3599 fraudare;
3156 3532 3463 3596 hortamur,
3495 3532 3540 3587 si
3565 3531 3725 3596 velis,
3756 3542 3822 3587 ut

2235 3642 2422 3683 aurem
2449 3623 2631 3680 cordis
2655 3622 2959 3679 Psalmista
2992 3623 3252 3679 adhibeas
3279 3622 3459 3687 dictis,
3504 3624 3709 3693 quibus
3740 3621 3825 3677 in-

2236 3729 2521 3788 terregans
2568 3717 2778 3772 tibimet
2817 3728 3115 3787 congruum
3153 3716 3335 3771 statim
3380 3716 3593 3787 accepit
3640 3717 3824 3773 consi~

2232 3811 2360 3866 lium
2395 3827 2409 3863 :
2443 3808 2510 3863 In
2535 3824 2663 3879 quo,
2700 3805 2969 3877 inquiens,
2999 3806 3211 3877 corrigit
3255 3806 3643 3862 adolescentior
3675 3810 3819 3864 viam

2230 3900 2421 3955 suam?
2464 3901 2519 3954 in
2570 3896 2910 3953 custodienda
2956 3911 3218 3951 santiones
3252 3906 3370 3951 tuos
3400 3894 3577 3966 (Psal.
3608 3912 3783 3953 cum
3805 3939 3821 3963 ,

2230 3991 2307 4063 9).
2349 3989 2484 4046 Nota
2530 3989 2697 4060 igitur
2743 3996 2803 4043 ut
2856 3985 3037 4042 Verbis
3075 3986 3359 4057 Augustini
3415 4001 3564 4043 nunc
3596 4003 3820 4059 quoque

2232 4092 2469 4148 utamur,
2490 4080 2633 4153 quod
2662 4094 2767 4135 non
2790 4077 3210 4150 praesumptione
3238 4078 3473 4133 humana
3508 4078 3820 4145 inventum,

2233 4173 2325 4228 sed
2354 4170 2707 4243 inspiratione
2736 4168 2917 4224 divina
2960 4179 3263 4238 acceptum,
3298 4168 3392 4223 tibi
3425 4167 3606 4225 subito
3637 4170 3823 4241 propi-

2233 4275 2325 4320 net
2355 4263 2576 4320 remedii
2613 4259 2886 4331 poculum.
2913 4257 3063 4314 Mens
3097 4258 3239 4313 enim
3282 4268 3401 4324 tua,
3422 4274 3543 4330 qua:
3585 4260 3821 4333 degene-

2236 4365 2318 4409 rat
2346 4356 2399 4409 in
2447 4354 2727 4424 stirpibus,
2772 4350 3022 4406 meliores
3062 4350 3225 4406 edere
3266 4349 3475 4408 fructus
3513 4351 3729 4423 incipit,
3775 4352 3824 4408 si

2239 4449 2523 4503 verborum
2577 4444 2879 4501 caelestium
2923 4456 3216 4514 conspersa
3275 4443 3575 4500 seminibus
3626 4441 3812 4507 fuerit,

2238 4556 2359 4612 quae
2397 4550 2573 4594 tamen
2625 4537 2713 4592 ille
2754 4536 2993 4593 caelestis
3031 4534 3290 4607 agricola,
3321 4534 3426 4592 nisi
3478 4535 3533 4591 in
3578 4537 3818 4607 quodam

2238 4648 2398 4690 versu
2424 4630 2545 4701 (99)
2563 4644 2748 4685 serere
2774 4627 3074 4685 consuevit.
3108 4627 3247 4682 Audi
3277 4627 3513 4697 denique
3541 4626 3710 4698 hujus
3734 4642 3824 4683 sa-

2242 4723 2403 4779 tionis
2437 4719 2837 4776 fccundissimre
2877 4719 3185 4775 ministrum
3220 4736 3233 4797 ς
3264 4717 3475 4782 Omnia,
3505 4718 3701 4789 inquit,
3734 4734 3820 4775 ve-

2382 4899 2571 4947 Littera
2598 4895 2883 4959 Pythagora:
2904 4894 3185 4959 discrimine
3210 4896 3345 4959 secta
3372 4893 3563 4943 bicorni

2387 4961 2621 5011 Humana
2637 4955 2974 5021 vitaspeciem
2997 4955 3233 5020 praferre
3257 4956 3467 5015 videtur,
3485 4959 3584 5005 etc.

2309 5083 2422 5157 (98)
2460 5081 2597 5157 Male
2628 5082 2679 5157 in
2719 5078 2949 5157 vulgatis
2988 5078 3129 5157 vivit.
3160 5076 3425 5157 Construe
3460 5084 3644 5157 autem
3672 5092 3687 5129 :

2237 5146 2416 5220 etille,
2461 5146 3232 5223 Augustinusiittiquebeatus,
3261 5149 3351 5219 qui
3382 5147 3502 5218 jam
3545 5146 3603 5199 iit
3636 5146 3821 5223 multis

2235 5215 2414 5296 juvit,
2432 5215 2599 5286 auxit,
2632 5222 2833 5296 ornavit
2857 5215 2917 5296 ρι’
2938 5219 3198 5296 roboravit
3220 5215 3350 5289 opus
3384 5215 3653 5296 nostrum,
3680 5215 3822 5288 quod

2238 5284 2568 5355 laboramus,
2587 5284 2939 5361 quantocitius
2966 5289 3129 5361 adsit,
3151 5284 3385 5361 rogo,ue
3409 5284 3652 5361 videatur
3673 5284 3825 5361 paesti

2237 5364 2437 5406 nh‘mn'd
2476 5353 2665 5406 utin-is-
2713 5370 2760 5406 et
2792 5360 2863 5406 ad
2900 5353 3267 5406 explicandum:
3297 5357 3353 5406 id
3385 5369 3404 5406 .‘
3428 5353 3721 5406 Iuventus.
3740 5355 3825 5406 in-
