4018 5406
216 291 320 346 ’Ξυό

1118 292 1686 365 Ριιτειοριιιυιιωι
1730 300 1907 354 LlBltl
1944 300 2095 356 SEX.
2126 331 2189 341 -η
2214 301 2340 358 bII).
2386 302 2445 356 ll.

3376 308 3484 366 206

218 418 325 462 stra
369 408 590 461 honeste
613 424 727 461 cum
755 409 935 463 ordine
962 408 1090 476 fiant
1113 410 1167 481 (1
1195 411 1316 465 Cor.
1341 427 1452 475 xw,
1477 413 1588 481 40).
1622 413 1802 481 Dirige
1832 422 1876 478 Α
1911 413 2053 481 pisse
2082 413 2468 481 perfunctorie,
2499 412 2619 468 dico
2644 422 2801 481 prout
2828 414 3001 479 valeo,
3029 416 3134 472 etsi
3174 433 3281 472 non
3325 431 3484 488 prout

221 500 403 565 itaque
442 498 629 552 cordis
672 500 890 554 obtutus
922 500 985 552 ad
1022 500 1163 555 illius
1211 512 1391 565 nutus,
1443 518 1540 557 nec
1581 506 1809 559 tortuosi

222 590 494 658 serpentis
546 592 795 659 sequaris
843 590 1139 647 anfractus.
1200 594 1379 664 Dirige
1437 596 1578 649 viam
1636 597 1702 649 ad
1757 607 1809 651 te

225 680 492 735 venientis
524 682 763 745 Domini,
805 693 980 737 rectas
1024 682 1106 738 fac
1154 686 1374 740 semitas
1409 687 1501 740 Dei
1552 688 1623 741 tui
1655 687 1807 758 (Luc.

227 788 306 837 ιιι,
340 773 415 845 4).
445 774 564 843 lpse
594 776 737 830 enim
770 776 980 831 nonnisi
1011 777 1096 830 via
1149 777 1399 832 incedere
1427 779 1678 849 dignatur
1721 796 1807 835 re-

227 872 335 929 cta,
380 865 522 920 sicut
570 866 638 921 de
682 883 795 936 Ipsa
842 867 973 921 dicit
1012 868 1314 937 Scriptura,
1361 867 1491 933 γεω,
1542 870 1809 939 inquiens,

226 953 441 1009 Domini
493 956 815 1028 rectw(Dan.
868 973 949 1021 ιιι,
984 957 1109 1027 27);
1150 974 1419 1027 perversa:
1460 967 1637 1013 autem
1686 969 1813 1015 sunt

225 1046 431 1101 semita:
458 1049 811 1117 reprabornm
843 1047 1025 1119 (Prov.
1052 1064 1112 1113 ιι,
1158 1050 1263 1117 l5).
1302 1049 1356 1100 Si
1389 1063 1518 1117 ergo
1548 1050 1632 1105 vis
1656 1050 1813 1105 Chri-

224 1144 370 1190 stum
413 1139 585 1207 sequi,
618 1156 725 1208 qua
760 1139 846 1192 ille
889 1140 1112 1199 incedit,
1155 1138 1368 1193 ambula
1405 1140 1514 1202 via,
1564 1156 1632 1194 ne
1658 1142 1723 1193 de
1759 1152 1812 1195 te

222 1227 459 1291 dicatur,
485 1246 518 1282 υ
543 1230 636 1299 qui
655 1230 1057 1298 dereliquerunt
1085 1230 1306 1284 semitas
1333 1239 1507 1284 rectas
1527 1232 1538 1283 ι
1561 1231 1644 1301 (ll
1665 1230 1808 1286 l’etr.

223 1333 285 1381 ιι,
328 1319 439 1392 15.)

292 1415 384 1468 22.
424 1411 809 1467 Animadverte
849 1410 977 1480 quid
1012 1410 1107 1465 tibi
1146 1411 1357 1465 consilii
1409 1400 1649 1466 melioris
1688 1427 1815 1482 pro-

224 1508 387 1577 pheta
436 1503 703 1575 agcndum
750 1502 989 1556 decernit
1038 1502 1089 1555 in
1141 1500 1371 1556 Threnis
1405 1516 1419 1555 :
1454 1501 1679 1568 Bonum,
1732 1504 1811 1557 iu-

221 1596 360 1666 quit,
401 1606 475 1649 est
509 1595 637 1655 viro,
680 1608 798 1672 cum
826 1592 1109 1661 portaverit
1142 1592 1333 1661 iugum
1366 1594 1429 1645 ab
1458 1592 1809 1647 adolescentia

222 1703 321 1737 sua
356 1684 577 1754 (Thr-en.
609 1700 696 1748 ιιι,
736 1682 849 1751 27).
894 1682 961 1735 Et
988 1682 1141 1750 quasi
1190 1682 1510 1751 interroges,
1542 1698 1640 1737 cur
1674 1686 1810 1739 sua?

1914 503 2101 567 debeo,
2132 506 2184 558 in
2231 505 2424 559 bonam
2457 505 2644 574 magis,
2685 521 2844 574 quam
2879 506 2929 559 in
2979 508 3173 562 malam
3197 525 3356 579 posse
3402 528 3476 565 re-

1913 590 2042 646 ferri
2074 594 2503 660 intelligentiam,
2534 595 2739 650 scilicet
2773 605 2830 649 ut
2868 597 3107 653 elevatus
3140 600 3191 653 in
3220 600 3479 657 virtutum

1912 685 2165 750 eulmiuc,
2193 687 2429 742 allidaris
2457 690 2694 757 gratuito
2726 688 2775 742 in
2807 689 3139 755 humilitate;
3170 692 3276 746 imo
3298 692 3479 747 allidat

1916 783 1966 828 te
2020 775 2125 839 ille,
2177 792 2280 830 non
2330 785 2507 831 tamen
2549 778 2605 831 in
2651 779 2855 833 turbine
2897 790 2943 833 et
2998 779 3171 849 lapide
3210 782 3484 851 grandinis

1915 860 2068 931 (Lai.
2113 880 2241 928 xxx,
2278 864 2391 931 50),
2419 866 2510 919 sed
2539 868 2590 919 in
2619 867 2802 935 spiritu
2834 871 3251 924 mansuetudinis
3275 870 3324 941 (1
3358 870 3464 925 Cor

1915 967 1988 1017 tv,
2027 953 2141 1021 2t),
2180 955 2269 1023 qui
2303 955 2491 1010 elisum
2521 957 2730 1025 erigere
2772 957 2915 1011 valet
2954 959 3277 1015 omnimodis
3304 960 3481 1030 (Psal.

1912 1059 2071 1108 CXLV,
2098 1044 2173 1114 8),
2199 1046 2289 1115 qui
2324 1047 2493 1115 tangit
2535 1057 2741 1099 tuentes
2773 1057 2827 1100 et
2870 1048 3133 1119 fumigant
3164 1050 3334 1119 (Psal.
3372 1066 3486 1115 cm,

1914 1138 2025 1204 32),
2060 1138 2496 1206 mortiﬁcatisque
2537 1140 2769 1193 viviﬁcat
2809 1139 2859 1207 (Ι
2885 1139 3008 1210 Reg.
3041 1156 3097 1205 ιι,
3126 1140 3201 1210 6),
3233 1142 3475 1199 auferens

1915 1228 2161 1295 Spiritum
2191 1226 2296 1281 alta
2338 1228 2683 1297 sapientium,
2719 1237 2776 1282 ut
2813 1228 3087 1293 deliciam,
3119 1240 3173 1284 et
3218 1232 3269 1284 in
3301 1232 3485 1300 pulve—

1917 1328 2027 1366 rem
2054 1328 2210 1367 sumn
2240 1315 2459 1369 redeant
2483 1314 2655 1382 (Psal.
2679 1332 2797 1381 cm,
2820 1316 2935 1387 29),
2960 1318 3060 1372 hoc
3082 1326 3184 1384 est,
3210 1320 3488 1389 pulverem

1916 1415 1973 1454 se
2024 1416 2143 1457 esse
2193 1413 2615 1473 recognoscant;
2656 1406 2973 1475 praecipiens
3021 1407 3169 1478 (l0!)
3218 1409 3489 1463 dicendo:

1918 1489 2127 1555 Quanto
2170 1494 2339 1561 major
2378 1511 2449 1557 es,
2480 1496 2700 1548 humilia
2742 1506 2789 1549 te
2836 1496 2889 1549 in
2919 1499 3154 1551 omnibus
3182 1497 3370 1569 (Eccli.
3404 1514 3490 1567 ut,

1914 1581 2039 1651 20);
2068 1584 2141 1636 ita
2183 1585 2326 1637 enim
2372 1586 2570 1639 valebis
2620 1602 3025 1656 recognoscere,
3066 1590 3155 1659 qui
3202 1590 3316 1659 ipse
3346 1590 3492 1647 solus

1914 1674 2065 1741 ponit
2095 1675 2324 1730 humiles
2355 1678 2405 1729 iu
2451 1678 2687 1743 sublimi,
2716 1688 2771 1733 ct
2797 1688 3094 1734 ruasrcntes
3124 1681 3282 1750 erigit
3320 1683 3493 1752 sospi-

222 1775 426 1846 adjecit
451 1774 645 1828 sedebit
676 1772 1033 1842 singulariter,
1058 1780 1106 1825 et
1150 1772 1335 1827 tacebit
1367 1772 1552 1843 (lbid..
1575 1773 1687 1844 28).
1727 1775 1808 1830 Nil

1919 1772 2048 1829 tate,
2075 1774 2130 1819 et
2175 1766 2252 1819 nil
2298 1768 2503 1821 meritis
2533 1769 2639 1822 tuis
2689 1778 2741 1823 te
2786 1770 2983 1825 debrre
3014 1772 3273 1837 tribuere,
3319 1774 3413 1829 sed
3443 1774 3495 1829 ei

225 1867 399 1931 aliud,
447 1864 646 1935 inquis,
689 1864 973 1918 utilitatis?
1013 1863 1153 1917 Istud
1200 1864 1344 1918 enim
1376 1863 1524 1935 (100)
1565 1866 1811 1922 homines

224 1958 463 2012 maxime
524 1958 784 2027 deputant
840 1955 1079 2009 utilitati.
1142 1954 1382 2025 Denique
1449 1959 1808 2027 constipatum

224 2050 412 2104 multis
455 2048 611 2105 lateri
666 2049 1058 2104 adlucrentium
1090 2048 1341 2104 incedere
1385 2051 1579 2117 turbis,
1628 2053 1811 2109 multis

223 2142 640 2210 obsequentium
688 2140 968 2209 comprimi
999 2140 1207 2206 cuneis,
1240 2155 1449 2211 magna:
1486 2141 1646 2197 isthic
1678 2144 1809 2198 dici-

224 2242 311 2286 tur
345 2231 643 2287 felicitatis.
674 2229 786 2302 6h.
813 2230 892 2284 Tu
917 2230 1103 2301 jugum
1138 2229 1215 2301 [id
1240 2240 1315 2285 est
1360 2230 1663 2303 assumere]
1705 2231 1806 2285 tol-

220 2326 333 2378 lere
373 2325 596 2389 suades,
629 2333 690 2378 ut
731 2323 877 2377 solus
918 2323 1160 2386 sedeam,
1194 2337 1316 2377 cum
1366 2323 1564 2377 multos
1606 2324 1809 2377 idcirco

219 2415 432 2480 tollere,
456 2424 515 2469 ut
544 2414 730 2469 multis
778 2414 1127 2479 comitentur,
1158 2415 1436 2485 aspiciam.
1474 2415 1733 2485 Sequitur
1755 2428 1810 2472 et

209 2503 413 2575 jungit,
445 2506 574 2574 quid
621 2504 897 2559 solitarius
943 2504 1044 2560 iste
1101 2514 1378 2560 meretur:
1410 2505 1548 2571 Quia
1602 2508 1807 2573 levabit,

217 2595 416 2664 inquit,
440 2612 597 2665 super
638 2612 693 2649 se
726 2594 941 2665 (Tliren.
986 2610 1069 2660 ιιι,
1102 2593 1217 2665 28).
1249 2595 1388 2663 Quo,
1438 2597 1636 2667 inquis,
1667 2597 1809 2653 leva-

217 2686 351 2740 bor?
377 2699 548 2756 quare
573 2685 828 2741 levabor?
856 2686 1096 2756 nunquid
1127 2695 1185 2741 ut
1214 2687 1279 2741 de
1317 2703 1401 2743 me
1426 2689 1674 2743 dicatur:
1705 2689 1808 2755 Qui

215 2796 271 2833 se
309 2777 528 2843 exaltat,
555 2777 922 2831 humiliabitur
957 2776 1106 2849 (Luc.
1142 2794 1253 2842 xw,
1284 2780 1371 2849 ll)
1400 2797 1412 2831 :
1445 2795 1511 2833 an
1548 2790 1604 2835 ut
1626 2782 1806 2835 dicere

216 2870 464 2937 possim:
498 2866 725 2923 Elevans
771 2869 979 2923 allisisti
1012 2885 1094 2923 me
1138 2867 1311 2939 (Psal.
1360 2886 1431 2935 ει,
1482 2873 1608 2943 ll)?
1655 2872 1801 2937 Non;

213 2958 313 3013 sed
360 2967 422 3012 ut
466 2958 533 3013 de
562 2968 613 3012 te
658 2957 910 3013 dicatur:
945 2956 1050 3024 Qui
1088 2976 1142 3013 se
1182 2960 1449 3026 ltumiliat,
1490 2962 1809 3016 exaltabitur

217 3048 373 3118 (Luc.
408 3064 520 3113 xw,
563 3048 673 3118 ll).
716 3048 824 3102 Et:
860 3048 963 3113 Qui
1002 3048 1203 3103 habitat
1254 3052 1309 3103 in
1336 3052 1603 3121 adjutorio
1645 3054 1807 3107 Altis-

1914 1858 2037 1923 soli,
2080 1860 2171 1929 qui
2233 1869 2447 1924 auctor,
2504 1861 2659 1915 dator
2701 1870 2756 1917 et
2803 1872 3181 1919 remunerator
3225 1864 3491 1920 bonorum

1914 1952 2155 2004 noscitur
2189 1966 2328 2005 esse.
2359 1950 2473 2006 Uno
2503 1952 2720 2022 quippe,
2757 1961 2814 2006 ut
2840 1965 2966 2008 ante
3017 1970 3117 2010 nos
3152 1955 3355 2010 dictum
3383 1966 3489 2022 est,

1912 2042 2086 2095 manis
2112 2042 2295 2112 gloriae
2334 2043 2473 2095 unde
2501 2059 2528 2095 a
2569 2044 2795 2098 summis
2824 2044 2891 2099 ad
2939 2045 3145 2111 infima,
3180 2047 3287 2101 imo
3316 2048 3494 2102 humi-

1912 2133 2078 2188 litatis
2108 2134 2247 2188 bono
2288 2135 2356 2187 ab
2381 2134 2581 2189 infimis
2618 2136 2798 2190 revehi
2830 2137 2976 2191 vales
3003 2138 3071 2191 ad
3119 2154 3350 2193 summa.
3386 2139 3497 2197 Sed

1912 2228 1955 2281 si
1988 2228 2167 2281 adhuc
2193 2228 2448 2295 requiris,
2483 2242 2583 2281 nec
2615 2228 2709 2282 tibi
2753 2228 3089 2283 satisfactum
3121 2231 3319 2295 credis,
3350 2246 3492 2300 quo.

1914 2319 2071 2373 modo
2098 2334 2261 2388 super
2290 2328 2339 2371 te
2365 2318 2529 2373 levari
2555 2320 2749 2389 possis,
2787 2322 2949 2385 scias,
2989 2322 3213 2376 docente
3235 2322 3496 2392 Apostolc

1913 2409 2234 2480 (Sapientia)
2267 2429 2277 2461 :
2310 2409 2448 2475 Quia
2482 2427 2669 2480 corpus
2693 2412 2831 2481 quod
2871 2412 3266 2482 corrumpitur;
3305 2430 3498 2484 aggraa

1913 2512 1995 2555 vat
2038 2504 2270 2554 animum
2314 2502 2467 2571 (Sap.
2513 2517 2591 2567 Ix,
2643 2502 2753 2572 l5).
2796 2502 2907 2557 Nec
2949 2504 3159 2573 erigere
3206 2519 3325 2561 sese
3371 2506 3497 2575 quia‘

1912 2594 2025 2648 suis
2074 2595 2274 2648 viribus
2330 2595 2469 2649 valet
2510 2596 2579 2649 ad
2618 2611 2851 2661 summa,
2918 2596 3021 2651 nisi
3067 2598 3210 2653 illius
3254 2598 3494 2655 elevctur

1911 2686 2109 2756 gratia,
2153 2686 2240 2754 qui
2289 2687 2457 2739 nostri
2488 2700 2652 2741 causa
2685 2686 2960 2742 descendit
3007 2689 3073 2741 ad
3128 2688 3254 2744 ima.
3298 2690 3497 2749 Veruu'.

1912 2778 2035 2844 quia
2068 2778 2117 2830 in
2153 2777 2273 2841 hoc,
2320 2776 2462 2846 «ptod
2503 2776 2575 2829 tui
2623 2792 2785 2832 causa
2818 2778 2970 2848 posui
3024 2779 3356 2846 testimonio,
3386 2799 3490 2839 nou

1915 2876 2120 2921 tantum
2170 2868 2354 2921 levabit
2402 2885 2559 2936 super
2602 2885 2655 2922 se
2699 2870 2920 2936 dicitur,
2968 2873 3063 2925 sed
3111 2873 3300 2937 etiam,
3349 2875 3492 2943 quod

1912 2958 2183 3028 paululum
2231 2961 2470 3013 refutare
2498 2959 2607 3029 65
2645 2960 2787 3015 visus
2821 2970 2927 3025 est,
2963 2962 3157 3015 sedebit
3197 2964 3494 3030 solitarius,

1912 3059 1960 3102 et
1996 3050 2182 3103 tacebit
2218 3049 2436 3121 (Thren.
2484 3066 2565 3114 ιιι,
2610 3050 2725 3120 28),
2762 3066 2869 3105 non
2920 3060 3265 3107 transeunter
3295 3070 3494 3112 censeo

212 3142 356 3205 simi,
412 3142 467 3194 in
512 3141 838 3211 protectione
887 3138 983 3193 Dei
1014 3140 1127 3194 caeli
1172 3144 1581 3196 commorabitur
1627 3142 1800 3216 (l’sal.
1835 3130 1879 3190 (ἶ
1914 3139 2321 3208 accipiendum,
2377 3140 2470 3194 sed
2527 3154 2853 3209 magnopere
2906 3141 3315 3213 inquirendum,
3379 3145 3493 3214 ipsa

214 3247 304 3296 xc,
347 3232 400 3303 l)
428 3248 441 3285 :
473 3242 639 3301 tuque
672 3230 912 3303 gaudens
944 3230 1117 3301 possis
1143 3241 1399 3287 cantare:
1427 3232 1659 3289 Tenuisti
1696 3252 1810 3290 ma-

215 3342 344 3379 num
388 3324 659 3379 dexteram
687 3340 882 3390 meam,
920 3334 967 3377 et
1010 3324 1063 3377 in
1102 3323 1364 3379 voluntate
1406 3335 1497 3379 tua
1523 3327 1808 3395 _deduxisti

211 3437 319 3485 me,
351 3429 399 3474 et
430 3436 549 3473 cum
579 3420 749 3491 gloria
778 3420 1107 3489 assumpsiin
1157 3435 1237 3473 me
1273 3417 1445 3490 (Psal.
1477 3437 1647 3485 Lxxu,
1676 3421 1766 3491 Ἡ)
1794 3440 1806 3475 :

212 3512 485 3583 multique
514 3514 567 3567 in
599 3514 695 3577 tui,
731 3513 839 3567 imo
872 3512 963 3566 Dei
997 3511 1153 3567 laude
1179 3512 1397 3567 valeant
1422 3512 1601 3567 dicere
1637 3514 1810 3568 :Bea-

218 3614 304 3657 tus
333 3620 489 3673 quem
517 3603 718 3673 elegiin
746 3613 793 3656 et
820 3602 1171 3671 assumpsisti,
1212 3603 1521 3656 inhabitabit
1569 3605 1621 3657 in
1660 3604 1808 3658 atriis

221 3696 329 3749 tuis
360 3695 538 3767 (Psal.
589 3711 734 3761 utv,
768 3695 845 3765 ii).
868 3695 984 3762 Quo
1012 3706 1191 3749 autem
1226 3706 1276 3750 te
1302 3695 1496 3761 elevet,
1537 3696 1808 3765 interroga

218 3786 447 3842 Paulum
474 3805 487 3841 :
516 3785 621 3852 Qui
638 3804 750 3851 nos,
775 3787 965 3857 inquit,
989 3788 1438 3852 coniesuscitavit,
1463 3797 1511 3841 et
1534 3788 1811 3842 consedere

213 3879 338 3949 fecit
375 3897 431 3933 in
472 3880 761 3934 coelestibus
792 3880 1004 3949 (Eplres.
1055 3898 1111 3944 ιι,
1140 3882 1216 3948 li).
1250 3881 1470 3952 Ipseque
1500 3881 1761 3937 Dominus
1793 3900 1804 3935 :

218 3969 452 4025 Ubisnm
477 3988 591 4042 ego,
615 3972 725 4026 illic
742 3982 786 4026 et
815 3972 1056 4026 minister
1090 3990 1232 4027 meus
1262 3975 1359 4027 erit
1388 3974 1570 4044 (Joan.
1604 3991 1702 4041 xu,
1728 3975 1805 4045 6).

219 4062 472 4118 Ministra
515 4078 645 4133 ergo
681 4062 921 4128 Christo,
970 4073 1024 4117 et
1061 4064 1169 4117 eris
1219 4079 1339 4117 cum
1389 4065 1623 4122 Christo.
1670 4068 1809 4123 Ubi?

225 4153 559 4219 Videntibus,
599 4155 792 4224 inquit,
823 4155 951 4222 illis,
984 4156 1213 4210 elevatus
1237 4167 1332 4217 est,
1377 4167 1423 4209 et
1452 4160 1607 4213 nubes
1638 4177 1808 4214 susce-

211 4246 286 4312 pit
317 4262 437 4298 eum
469 4246 532 4298 ab
565 4246 728 4298 oculis
764 4263 942 4300 eorum
973 4246 1109 4317 (Act.
1140 4262 1177 4310 ι,
1204 4247 1281 4314 9),
1312 4247 1617 4301 dicentibus
1640 4264 1802 4319 ange-

213 4337 281 4391 lis
310 4356 321 4389 :
355 4337 458 4391 Hic
504 4338 658 4392 Iesus
700 4339 790 4410 qui
820 4349 1117 4409 assumptus
1168 4350 1241 4392 est
1267 4358 1297 4392 a
1346 4340 1484 4394 vobis
1528 4340 1581 4394 in
1624 4340 1805 4394 etclam

216 4427 412 4497 (lbid.,
448 4428 559 4500 ll),
586 4438 691 4483 etc.
728 4429 782 4484 Si
807 4444 938 4498 ergo
962 4430 1042 4484 vis
1073 4429 1137 4482 ad
1171 4429 1318 4483 illum
1345 4430 1807 4498 pertinere,stude

220 4529 426 4573 terram
470 4519 535 4574 de
567 4520 728 4576 corde
754 4535 1009 4592 purgare,
1044 4530 1101 4574 ut
1130 4522 1409 4589 expeditus
1433 4530 1487 4575 et
1514 4522 1669 4585 liber,
1701 4522 1807 4573 vir-

218 4617 397 4663 tutum
439 4609 650 4680 peunis,
714 4610 859 4665 nullo
915 4610 1123 4666 scilicet
1174 4612 1385 4677 horum,
1414 4612 1609 4681 quibus
1654 4626 1812 4681 supe-

218 4699 337 4756 rius
367 4710 416 4754 te
446 4700 655 4755 inhiare
692 4701 1033 4767 monstrasti,
1076 4702 1225 4756 visco
1260 4702 1569 4773 impeditus,
1606 4701 1657 4756 in
1701 4716 1809 4755 coe-

218 4791 355 4855 lum,
398 4790 491 4845 ubi
515 4791 602 4846 ille
629 4800 733 4858 est,
758 4791 935 4861 possis
975 4794 1359 4848 conscendere.

290 4881 382 4934 23.
425 4881 579 4949 Quod
623 4891 803 4937 autem
854 4882 1055 4947 dixisti,
1102 4882 1241 4937 nolle
1290 4891 1339 4936 te
1398 4882 1677 4952 conqueri,
1727 4881 1809 4935 di-

222 4971 394 5025 cendo
418 4970 623 5026 elevans
655 4971 865 5026 allisisti
906 4988 1007 5039 me,
1058 4989 1124 5028 ne
1167 4972 1302 5029 forte
1355 4988 1438 5027 me
1467 4982 1626 5043 putes
1654 4988 1809 5027 acce-

226 5177 259 5230 d
296 5106 466 5230 (100)t
498 5107 595 5162 llic
639 5108 776 5163 enim
825 5123 924 5179 pro
968 5110 1225 5165 enimvero
1283 5110 1489 5165 irouicc
1534 5110 1809 5179 accipien-

264 5192 352 5230 um
383 5191 442 5229 es
472 5216 483 5228 .

264 5192 352 5231 um
383 5191 483 5230 e51.

298 5246 445 5321 (
488 5246 641 5321 \A'ulg.
672 5249 927 5321 mendose
954 5253 1256 5321 percipiens.

301 5318 449 5370 "03.)
502 5318 573 5369 De
617 5320 848 5372 lecticae
876 5318 1131 5372 induitur.
1165 5339 1269 5372 alia
1316 5337 1382 5372 en
1424 5323 1529 5374 die.
1561 5338 1666 5374 nuo
1700 5322 1815 5374 haec

1837 4481 1886 4539 Ι)

1912 3231 2081 3286 sessio
2121 3239 2175 3285 et
2203 3232 2543 3285 taciturnitas
2573 3247 2693 3301 qum
2723 3232 2805 3285 vel
2851 3234 2939 3297 sit,
2970 3235 3166 3301 quidve
3210 3236 3311 3290 sibi
3340 3237 3490 3291 velit.

1911 3322 2180 3377 Fortassis
2229 3335 2622 3393 consequenter
2675 3323 2909 3387 lucebit,
2958 3324 3083 3393 quia
3135 3328 3398 3393 gravitate
3437 3335 3494 3382 et

1912 3414 2175 3467 munditia
2223 3416 2423 3478 cordis,
2452 3428 2613 3483 atque
2660 3415 2874 3469 silentio
2915 3416 3049 3479 oris,
3080 3416 3251 3471 virtus
3281 3420 3491 3487 paritur

1913 3505 2106 3559 divinae
2129 3506 2629 3573 contemplationis;
2664 3506 3115 3575 contemplatione
3144 3519 3325 3563 autem
3358 3526 3491 3564 con-

1912 3610 2098 3650 sessus
2129 3596 2430 3665 acquiritur
2457 3596 2591 3663 ipse,
2617 3596 2707 3665 qui
2734 3604 2790 3649 et
2816 3596 3063 3650 imitatur
3087 3598 3329 3667 (subaudi
3364 3615 3493 3653 con-

1913 3693 2142 3761 sessum)
2176 3691 2323 3761 regni
2357 3691 2597 3745 cmlestis
2636 3690 2704 3743 ah
2724 3691 2869 3743 omni
2904 3688 3114 3745 scilicet
3138 3691 3394 3760 cupiditia
3426 3708 3489 3746 ac

1915 3782 2044 3839 faece
2086 3799 2264 3837 rerum
2297 3782 2603 3837 mortalimn
2632 3781 2869 3836 cohibita
2910 3791 2965 3835 et
3006 3782 3242 3852 eliquata
3289 3784 3493 3854 cogita-

1915 3877 2056 3932 tione
2083 3877 2295 3930 mentis.

1979 3967 2070 4022 24.
2120 3966 2198 4020 Ne
2239 3966 2418 4034 itaque
2456 3966 2635 4035 vagari
2683 3965 2935 4035 incipiam
2979 3980 3076 4035 per
3108 3967 3273 4021 multa
3298 4008 3312 4033 ,
3341 3970 3498 4025 adest

1914 4059 2086 4112 adhuc
2118 4072 2303 4111 recens
2330 4056 2381 4108 in
2422 4057 2642 4111 auribus
2666 4071 2750 4120 ea,
2778 4071 2899 4125 qua:
2927 4057 3086 4110 modo
3117 4056 3170 4109 in
3211 4057 3499 4130 Evangelio

1912 4149 2113 4213 sonuit,
2151 4147 2359 4211 Maria;
2409 4156 2557 4201 sexta
2591 4149 2734 4200 enim
2785 4147 2997 4217 septimi
3034 4150 3237 4203 mensis
3275 4150 3343 4203 ab
3371 4152 3500 4206 anni

1914 4239 2244 4293 revolutionc
2275 4238 2423 4309 (109.)
2448 4280 2461 4303 ,
2508 4239 2683 4291 octavi
2718 4248 2895 4293 autem
2923 4240 2992 4294 ab
3026 4239 3217 4308 hujus,
3262 4257 3382 4311 quas
3412 4258 3498 4298 me

1913 4334 2185 4403 deprimit,
2218 4334 2325 4386 imo
2344 4333 2522 4385 erudit
2545 4331 2870 4385 calamitatis
2895 4335 3224 4397 accessione,
3254 4335 3369 4389 haec
3394 4334 3498 4389 rite

1911 4426 2151 4483 occurrit
2179 4426 2337 4480 lectio
2363 4424 2503 4479 seria
2538 4423 2589 4494 [f
2628 4423 2816 4495 feria],
2858 4439 2963 4477 non
2993 4439 3202 4493 parum,
3230 4435 3290 4481 ut
3316 4428 3499 4493 credo,

1916 4527 2137 4574 auctore
2169 4517 2301 4580 Deo,
2328 4515 2394 4570 ad
2431 4516 2481 4569 id
2512 4515 2653 4583 quod
2683 4514 3042 4583 indagandum
3076 4516 3309 4585 suscepi,
3336 4516 3503 4571 colla-

1920 4620 2055 4665 tura.
2098 4608 2392 4663 Videamns
2419 4608 2619 4676 itaque,
2650 4616 2707 4660 ut
2735 4607 3051 4671 credamus;
3100 4608 3413 4672 credamus,
3445 4616 3503 4662 ut

1916 4703 2214 4756 videamus.
2250 4698 2387 4767 Quid
2416 4708 2499 4753 est
2522 4697 2665 4767 quod
2691 4697 2856 4751 dico?
2890 4695 3182 4752 Videamus
3210 4698 3377 4752 Deum
3411 4712 3500 4752 so-

1914 4794 2024 4849 lum
2056 4810 2196 4858 esse,
2228 4795 2318 4863 qui
2349 4792 2552 4848 revelat
2594 4792 2854 4847 absconsa
2898 4790 2963 4844 de
3006 4789 3277 4855 tenebris,
3310 4789 3501 4844 creda-

1916 4900 2035 4939 mus
2058 4886 2231 4956 ipsum
2256 4898 2490 4955 semper,
2513 4883 2746 4937 maxime
2768 4890 2946 4936 autem
2969 4880 3037 4935 de
3058 4895 3116 4937 se
3138 4880 3503 4950 loquentibus,

1916 4986 2239 5046 praesentem
2286 4990 2405 5032 esse
2459 4974 2632 5030 nobis.
2665 4972 2960 5029 Credamus
3001 4986 3066 5026 ea
3117 4985 3237 5040 quae
3268 4969 3506 5025 nondum

1916 5110 2168 5186 pellatur.
2198 5112 2381 5186 Quare
2405 5120 2578 5186 sexta,
2614 5109 2663 5162 id
2691 5116 2773 5164 est
2800 5106 2961 5186 feria,
2983 5104 3187 5186 septimi
3222 5108 3412 5186 mensis
3442 5105 3506 5186 ab

1917 5177 2045 5254 anni
2073 5177 2387 5254 revolutionc
2405 5182 2503 5234 hoc
2522 5180 2638 5235 loco
2660 5188 2895 5254 notatur,
2916 5177 3371 5254 etpostnonnulla
3390 5177 3507 5246 qui-

1920 5252 2043 5307 dem
2064 5269 2209 5308 mnn.
2227 5253 2316 5317 '50,
2340 5266 2497 5325 (ptem
2522 5249 2782 5325 pusu‘i..ie
2795 5245 3024 5325 scripsit,
3042 5245 3513 5325 aliainvlectionem

1920 5324 2290 5376 evangelicum
2325 5318 2720 5376 latnlat'lrodie.
2771 5318 2961 5376 inquit,
2993 5318 3303 5376 recitatum,
3354 5318 3514 5371 nimi-
