4018 5406
484 190 587 245 ἳυῖ

487 312 554 360 de
581 298 672 355 illo
695 276 1059 363 intelligimus,
1085 292 1145 338 ut
1174 278 1440 337 credendo
1468 274 1650 329 videre
1680 281 1734 326 et
1757 265 2056 335 intelligere
2088 267 2133 325 Α

488 392 777 447 valeamus.
828 352 921 437 Sic
972 375 1114 432 enim
1168 370 1346 426 dixit:
1401 365 1458 420 Si
1505 361 1818 422 credideris,
1869 352 2060 408 uidebis

491 481 671 551 (Joan.
703 490 780 539 χιε
806 471 918 539 40).
942 467 1272 533 Quaeramus,
1288 453 1626 512 sanctissima
1649 450 1748 503 ista
1770 438 2061 516 peccatrix,

492 535 800 625 castiSSima
831 535 1119 619 meretrix,
1161 546 1427 620 quomodo
1448 545 1633 614 jugum
1670 535 1887 598 tulerit,
1931 543 2063 599 quo-

493 644 660 717 modo
678 651 923 711 Solitaria
948 645 1179 707 sederit,
1222 634 1489 710 quomodo
1527 642 1711 686 tacens
1739 642 1797 681 se
1824 635 1981 693 super
2009 632 2067 674 se

494 750 790 812 levaverit;
833 752 887 798 et
911 742 953 797 si
990 739 1247 793 hodierna
1285 743 1390 784 non
1431 723 1752 793 suffragatur
1781 715 1969 778 lectio,
2001 710 2069 765 ad

498 847 613 900 hinc
640 799 822 895 omnia
845 833 1107 889 habemus
1131 821 1355 878 alterius
1372 819 1438 872 de
1468 831 1530 877 ea
1552 809 1815 871 lectionis,
1849 805 1892 859 si
1922 799 2072 876 (105)

499 930 677 986 tamen
702 940 815 982 naec
840 920 1025 975 eadem
1054 912 1173 969 esse
1201 912 1271 967 sit
1297 905 1586 968 credenda;
1610 893 2072 971 perspicacissima

502 1030 662 1089 atque
696 1011 974 1085 aptissima
996 1007 1333 1062 documenta.
1368 996 1480 1064 Age
1516 1006 1693 1047 nunc:
1734 984 1949 1055 Rogavit
1981 980 2076 1035 Je-

501 1075 615 1166 sum
635 1075 849 1174 quidam
869 1100 1181 1173 plturisteus,
1198 1102 1253 1147 ut
1277 1087 1553 1161 pranderet
1573 1081 1711 1153 apud
1731 1094 1784 1132 se
1806 1075 1956 1147 (Luc.
1975 1086 2076 1137 vn,

502 1165 570 1257 36
586 1201 626 1274 ),
649 1165 799 1269 quod
827 1165 881 1249 et
904 1191 1052 1255 fecit,
1073 1196 1129 1243 et
1155 1186 1296 1239 inter
1316 1177 1598 1250 agendum,
1628 1170 1821 1226 Mulier
1838 1165 2078 1240 quedam

505 1258 624 1364 quia
654 1258 823 1359 fuerat
846 1284 899 1337 in
925 1280 1127 1336 civitate
1150 1271 1411 1346 peccatrix
1438 1267 1624 1340 (Ibid.,
1654 1263 1760 1335 57).
1781 1261 1881 1316 Hic
1909 1258 2082 1313 subsié-

507 1359 588 1439 ste
616 1378 922 1451 paululum,
967 1374 1021 1428 et
1058 1377 1210 1431 nota,
1246 1365 1415 1434 fuerat
1451 1359 1603 1421 dicit,
1637 1370 1805 1426 quare
1830 1360 1940 1406 erat
1975 1363 2080 1402 non

507 1446 671 1531 dicii?
692 1466 939 1538 Nunquid
967 1464 1139 1519 adhuc
1167 1458 1407 1514 audierat
1430 1471 1445 1507 :
1477 1451 1608 1506 Dico
1632 1448 1722 1502 tibi
1753 1446 2086 1499 remittuntur

509 1529 554 1620 .1.
580 1572 788 1637 peccata
811 1529 1001 1622 iiii-itm,
1033 1551 1277 1624 quoniam
1298 1544 1477 1601 dilexit
1502 1538 1764 1595 inultum?
1785 1532 1945 1608 (Ibid.
1968 1529 2083 1601 t8.)

1303 160 1629 224 RATHEB“
1673 154 1887 214 EPtSC.
1932 146 2187 205 VERON.
2225 142 2372 200 OI’P.
2417 138 2596 194 PARS
2634 133 2675 190 1.

3625 106 3730 171 208

2160 257 2303 320 sola;
2335 262 2389 308 et
2416 253 2610 308 merito
2642 254 2813 309 tacet,
2854 257 2973 312 qum
3013 238 3172 293 talem
3204 249 3301 305 pro
3331 248 3386 288 sc
3422 230 3731 302 loquentem

2164 346 2480 401 advocatum
2511 338 2689 394 habet.
2726 335 2826 396 En,
2859 341 2916 386 ut
2937 330 3117 391 credo,
3149 341 3248 380 nec
3274 325 3339 378 de
3364 322 3609 385 sedente,
3633 333 3733 374 nec

2165 435 2232 490 de
2271 439 2484 487 tacente
2525 424 2725 496 aliquid
2759 431 2926 478 restat
2952 416 3205 487 ambigui.
3237 413 3389 467 Nunc
3412 410 3732 466 sublevatio-

2167 540 2289 581 nem
2318 522 2522 593 pariter
2551 518 2861 578 videamus,
2886 512 3127 566 videntes
3168 504 3578 575 amplectantur,
3617 515 3736 553 am-

2165 590 2465 688 plectentes
2500 609 2654 664 nobis
2682 616 2946 676 optemus.
2974 600 3208 663 Martha,
3250 595 3483 659 Martha,
3512 590 3741 647 sollicita

2167 685 2347 772 ἔδει(
2393 702 2619 757 turbaris
2665 715 2799 768 erga~
2832 695 3059 765 plurima
3102 689 3288 761 (Ibid.,
3329 687 3463 756 Li);
3506 685 3745 748 ideo,ut

2170 797 2363 861 credo,
2395 792 2678 863 dupliciter
2714 786 3001 859 appellata,-
3045 784 3158 838 sive
3201 788 3421 851 propter
3461 789 3746 838 amorem,

2171 891 2286 945 sive
2311 887 2435 958 quia
2458 899 2566 939 non
2596 881 2768 936 adhuc
2790 877 2883 932 uni
2904 873 3174 931 assidebat
3197 879 3257 924 ut
3282 868 3471 932 Maria,
3496 866 3591 921 sed
3615 865 3748 919 duo-

2174 982 2273 1036 bus
2299 956 2597 1037 serviebat,
2622 967 2909 1040 quaerendo
2933 963 3175 1021 cretes'tia
3191 992 3209 1027 ,
3244 956 3600 1015 ministrando
3632 961 3750 1008 ter-

2175 1082 2325 1126 rena.
2374 1065 2528 1134 Quod
2574 1070 2629 1116 et
2671 1040 2875 1135 fecerat
2919 1053 3188 1124 quondam
3233 1049 3397 1104 etiam
3443 1046 3553 1112 illa,
3606 1044 3751 1098 sicut

2179 1164 2440 1215 monstrat
2466 1152 2624 1207 lectio
2651 1136 2900 1219 superius
2926 1145 3153 1199 decursa
3180 1157 3195 1205 ;
3236 1139 3328 1193 sed
3367 1138 3436 1192 ab
3472 1136 3559 1190 his
3586 1147 3757 1203 expe—

2179 1246 2550 1325 dita.‘abjccto
2568 1244 2699 1315 jugo
2720 1240 2832 1311 jam
2858 1238 3050 1303 libera,
3075 1241 3268 1317 sponte
3293 1228 3519 1300 pedibus
3554 1223 3757 1280 divinis

2181 1312 2376 1398 cuncta
2397 1312 2748 1393 submittebat
2772 1328 3031 1386 membra.
3064 1312 3271 1380 hiantia
3301 1323 3481 1390 itaque
3502 1317 3617 1373 sola
3647 1329 3760 1370 non

2183 1432 2324 1497 sola;
2358 1428 2524 1483 Maria
2560 1424 2690 1482 sola.
2738 1421 2869 1497 Sola
2903 1419 2991 1475 illa
3031 1416 3156 1486 quia
3196 1412 3412 1479 multis;
3451 1411 3589 1473 ista,
3628 1406 3760 1475 quia

2186 1523 2299 1577 uni.
2330 1517 2502 1573 Unum
2531 1524 2606 1570 est
2634 1513 2772 1568 enim
2794 1510 3139 1581 necessarium
3174 1502 3368 1576 (lbid.,
3399 1499 3536 1570 49.);
3589 1496 3765 1552 multa

512 1590 552 1620 t’l
615 1590 788 1619 eccum
813 1590 1001 1622 unum,
1033 1590 1277 1624 ιμιυιιοι-η-
1298 1590 1474 1601 ..ην-.--
1789 1590 1804 1608 ι
2062 1590 2075 1601 1

512 1590 618 1712 Se’d
662 1651 812 1708 novit
848 1643 1177 1716 evangelista
1203 1652 1422 1694 causam
1453 1633 1714 1688 adventus
1743 1623 1983 1682 mulieris
2019 1619 2086 1674 de
2114 1604 2160 1662 Β
2186 1614 2329 1669 enim
2358 1610 2445 1666 illa
2477 1607 2680 1664 nullum
2707 1601 3012 1674 percipiunt
3030 1598 3288 1675 fructum,
3313 1594 3359 1648 si
3393 1591 3456 1647 ad
3486 1590 3631 1644 istud
3653 1603 3764 1641 non

1978 1712 1988 1716 λ
2389 1701 2400 1713 ’
2448 1707 2497 1716 γ-
2530 1708 2688 1716 --μ--.η
2768 1702 2812 1716 ,ι
2859 1690 2977 1716 ιλιι..
3023 1686 3110 1716 ιιι..
3140 1682 3306 1716 “sulm
3337 1680 3571 1716 indicant
3620 1689 3764 1716 nun-

514 1747 711 1817 pietate
738 1754 860 1796 esse
880 1712 1099 1792 Domini
1132 1726 1428 1789 trahentis;
1475 1724 1589 1792 ipse
1615 1719 1756 1773 enim
1785 1730 1885 1787 per
1919 1712 2086 1766 mise—

516 1801 808 1890 ricordiam
835 1824 1085 1882 trahebat
1122 1821 1301 1882 intus,
1342 1813 1434 1885 qui
1480 1824 1577 1881 per
1624 1801 2088 1863 mansuetudinem

515 1926 645 1981 foris
674 1930 790 1977 erat
815 1908 1183 1985 suscepturus;
1213 1909 1277 1963 Et
1301 1907 1423 1961 ideo
1443 1900 1657 1973 quando
1680 1894 1890 1967 aspexit
1911 1900 1965 1947 et
1981 1889 2091 1946 ele-

514 2016 592 2086 git
621 2021 676 2065 ut
704 1983 1248 2070 tralteretpconversa
1277 2009 1399 2050 esse
1423 1990 1582 2047 desiit
1622 1986 1762 2057 quod
1805 1983 2007 2046 fuerat,
2034 1985 2092 2033 et

518 2072 724 2174 accepit
751 2114 906 2165 esse,
942 2093 1085 2167 quod
1129 2106 1225 2162 per
1255 2089 1509 2160 pietatem
1540 2076 1882 2150 suscipientis
1910 2072 2093 2127 futura

517 2167 663 2256 erat:
687 2195 778 2251 Sic
806 2192 948 2249 enim
970 2186 1252 2259 pollicetur
1280 2195 1376 2252 per
1399 2174 1748 2249 prophetam:
1773 2167 2093 2234 Quacunque

518 2293 647 2343 liora
668 2294 906 2357 peccator
924 2290 1196 2333 conversus
1217 2264 1539 2340 ingemuerit,
1563 2260 1736 2316 saluus
1759 2257 1854 2312 erit
1877 2251 2093 2325 (Eiet-It.

521 2343 713 2441 χχχιιί,
744 2374 853 2444 12).
883 2371 1035 2425 Nunc
1064 2360 1340 2434 sequentia
1369 2364 1637 2412 tentemus
1661 2369 1674 2402 :
1701 2347 1887 2401 Attulit
1917 2343 2096 2397 alaba-

523 2480 687 2524 strum
722 2433 991 2535 unguenti,
1015 2466 1064 2511 et
1091 2433 1235 2510 stans
1259 2459 1397 2503 retro
1417 2461 1562 2501 secus
1587 2444 1740 2514 pedes
1767 2434 1991 2498 Domini,
2020 2433 2100 2486 la-

525 2560 717 2630 c'rgmis
752 2523 898 2625 erepit
934 2552 1104 2620 rigare
1129 2544 1280 2616 pedes
1318 2540 1431 2610 ejus
1450 2578 1466 2603 ,
1500 2545 1546 2591 et
1575 2531 1780 2604 capillis
1808 2525 1990 2596 capitis
2018 2523 2101 2577 sui

527 2626 775 2720 tergebat,
811 2655 859 2699 et
885 2638 1219 2697 Oseulabatur
1239 2632 1391 2704 pedes
1429 2629 1565 2699 ejus,
1591 2634 1636 2678 et
1664 2626 1924 2691 unguento
1948 2631 2104 2685 unge-

530 2706 790 2811 ιιαῖμιιέ.
818 2749 914 2799 vn,
943 2732 1032 2795 57,
1069 2727 1183 2796 58).
1230 2725 1367 2778 Ecce
1394 2720 1583 2790 jugum
1620 2714 1763 2784 quod
1789 2709 1928 2764 tulit.
1959 2706 2102 2772 Quot

529 2799 671 2887 enim
703 2830 755 2883 in
779 2838 837 2880 se
865 2822 1014 2894 prius
1037 2816 1223 2873 habuit
1249 2811 1666 2869 oblectamenta,
1693 2809 1775 2855 tot
1801 2799 1865 2855 de
1892 2812 1950 2853 se
1980 2810 2101 2866 pro-

533 2922 653 2976 tulit
679 2886 1025 2974 holocausta;
1073 2902 1377 2976 subiugavit
1410 2906 1602 2954 cuncta
1631 2906 1828 2964 genera
1871 2886 2109 2944 delecta-

536 3013 762 3071 tiouum,
789 3008 913 3060 dum
943 3001 1011 3055 d’e
1033 3013 1091 3053 se
1118 2994 1192 3049 nil
1220 2993 1319 3048 sibi
1359 2988 1699 3057 relinquens,

538 3104 806 3172 lacrymas
835 3091 1223 3150 desideriorum
1249 3081 1584 3144 caelestium;
1626 3075 1761 3130 arsit
1795 3074 1916 3144 igne
1943 3068 2111 3125 divini

538 3192 752 3252 amoris,
779 3202 898 3258 qua:
926 3183 1076 3255 prius
1111 3181 1233 3251 igne
1267 3184 1479 3230 arserat
1503 3166 1835 3239 voluptatis;
1876 3161 2007 3216 lavit
2033 3160 2111 3212 ta-

539 3282 736 3354 crymis
760 3276 997 3333 maculas
1016 3269 1278 3333 criminis,
1310 3280 1446 3337 quas
1473 3262 1584 3334 66
1614 3258 1808 3330 gaudio
1832 3241 2116 3310 contraxe-

462 3428 467 3433 .
543 3386 628 3432 rat
671 3373 846 3429 noxia:
889 3362 1290 3426 delectationis;
1344 3354 1599 3427 capillos,
1649 3348 1855 3412 oculos,
1900 3345 2120 3413 insuper

549 3734 777 3790 serviret
806 3730 858 3783 in
886 3722 1225 3797 pmnitentia,
1253 3714 1512 3788 quidquid
1535 3710 1757 3775 mundo,
1787 3709 1894 3761 into
1914 3702 2124 3760 diabolo

551 3825 815 3881 servierat
842 3820 894 3874 in
915 3816 1088 3885 culpa.
1123 3812 1260 3868 Ecce
1289 3823 1356 3864 ex
1378 3805 1611 3885 lectione
1635 3799 1891 3873 praesenti
1913 3798 2122 3869 jugnm,

552 3914 695 3985 quod
721 3913 824 3967 ista
856 3907 976 3962 tulit
1004 3880 1196 3965 Maria,
1220 3908 1279 3979 ut
1305 3911 1445 3961 reor,
1474 3880 1776 3964 cognoscis.

622 4004 713 4059 25.
742 3999 895 4054 Nunc
921 3995 1051 4059 alia,
1081 4001 1143 4047 ut
1173 3974 1431 4061 promisi,
1473 3999 1537 4039 ac
1579 3981 1776 4037 cadens
1798 4018 1813 4043 ,
1862 3974 2128 4055 quomodo

558 4092 670 4149 sola
702 4100 887 4145 tacens
932 4082 1161 4147 sederit,
1209 4075 1444 4134 sedendo
1472 4089 1530 4129 se
1561 4085 1723 4141 super
1769 4083 1827 4124 se
1870 4064 2131 4122 levaverit

559 4185 893 4239 demonstret
910 4182 1021 4242 ,,et
1064 4172 1117 4227 id
1164 4178 1356 4233 totum,
1391 4163 1531 4234 quod
1561 4158 1970 4233 proposuimus,
2022 4156 2130 4235 Deo

551 4278 815 4343 operante
844 4264 1131 4323 conliciat:
1166 4258 1387 4331 Intrauit
1408 4297 1423 4321 ,
1470 4228 1678 4322 inquit,
1706 4251 1860 4305 Jesus
1883 4250 1934 4302 in
1961 4228 2128 4319 quod.

562 4340 684 4421 dum
707 4360 1006 4424 castellum,
1042 4365 1090 4411 et
1116 4352 1302 4409 mulier
1326 4347 1606 4421 quaedam,
1643 4342 1853 4397 Martha
1892 4340 2131 4403 nomine,

563 4457 761 4526 excepit
782 4452 930 4507 illum
952 4449 1008 4503 in
1039 4447 1252 4500 domum
1279 4456 1453 4505 suam,
1478 4448 1525 4493 et
1555 4436 1676 4491 huic
1703 4444 1812 4489 erat
1833 4449 2001 4508 soror,
2036 4416 2131 4497 no-

564 4548 703 4602 mine
745 4543 952 4609 Maria,
983 4554 1101 4610 quia
1142 4538 1297 4591 etiam
1344 4531 1526 4587 sedens
1564 4545 1707 4583 secus
1734 4525 1885 4597 pedes
1926 4520 2135 4577 Domini

568 4636 811 4693 audiebat
842 4609 1004 4688 verba,
1030 4626 1175 4683 illius
1207 4623 1358 4696 (Luc.
1383 4638 1439 4686 ς,
1465 4620 1554 4686 ss,
1577 4617 1687 4688 59).
1717 4609 1914 4682 Accipe
1947 4611 2137 4696 seden-

570 4740 710 4794 tem,
737 4735 792 4781 et
834 4719 1063 4779 tacendo
1085 4686 1422 4777 audientem;
1455 4708 1548 4764 sed
1590 4686 1826 4775 nunquid
1863 4699 2012 4757 sola?
2050 4686 2136 4753 ln-

574 4788 752 4876 tende.
783 4814 943 4872 Stetit
969 4808 1200 4873 Martha,
1244 4814 1299 4860 et
1344 4803 1455 4857 ait:
1496 4797 1752 4860 Domine,
1795 4810 1897 4848 non
1932 4800 2007 4844 est
2049 4788 2141 4842 tibi

576 4926 736 4980 curae,
760 4904 897 4976 quod
932 4917 1083 4957 soror
1118 4914 1233 4952 mea
1272 4892 1478 4960 reliquit
1511 4903 1592 4940 me
1616 4884 1781 4940 solam
1803 4879 2144 4934 ministrare?

580 4970 905 5071 (ιδῖάζζιο.)
929 4993 1107 5049 tlabes
1131 4997 1186 5043 et
1216 4986 1301 5041 hic
1327 4989 1513 5071 solam,
1536 4978 1580 5033 si
1615 4976 1819 5046 placet;
1846 4972 1963 5026 duae
2000 4970 2145 5026 enim

583 5059 705 5142 ante
753 5059 968 5139 inerant
1013 5087 1319 5148 expressae,
1372 5067 1580 5122 Martha
1632 5072 1689 5119 et
1739 5074 1892 5116 soror
1938 5059 2143 5123 Maria;

583 5175 792 5231 Martha
820 5168 1163 5231 ministrabat
1184 5161 1327 5223 sola;
1353 5156 1518 5213 Maria
1540 5153 1714 5219 sedet,
1758 5157 1901 5205 tacet
1921 5156 1975 5205 et
1998 5148 2147 5204 audit

674 5348 819 5406 (103)
876 5343 1166 5398 Batlterius
1214 5334 1429 5406 quidem
1486 5327 1742 5406 credebat
1782 5323 2149 5406 peccatricem

2182 1701 2505 1776 perveniunt
2529 1708 2727 1759 unum,
2764 1702 2821 1749 et
2859 1690 2981 1746 ideo
3023 1686 3113 1741 illa
3140 1682 3313 1741 multa
3337 1680 3577 1750 indigent
3620 1689 3767 1736 uno,

2186 1765 2350 1850 unum
2376 1806 2485 1848 non
2510 1783 2937 1865 indiget-muttis.
2966 1780 3147 1843 Maria
3170 1776 3420 1847 optimam
3440 1779 3642 1841 portent
3663 1765 3767 1820 sibi

2186 1888 2360 1958 elegit,-
2377 1899 2493 1956 quae
2517 1856 2908 1949 nonvauieretur
2928 1873 2995 1929 ab
3019 1889 3081 1928 ea
3108 1866 3316 1941 (lbid.~).
3346 1856 3488 1939 Ecce
3508 1875 3619 1931 quo
3638 1859 3771 1913 sub-

2189 1954 2512 2042 iit'elevata,
2536 1988 2657 2044 qua:
2686 1978 2803 2041 post
2820 1967 3010 2038 iugum
3039 1969 3313 2034 portatum
3337 1954 3560 2012 ambivit
3581 1962 3775 2007 tacens

2189 2072 2378 2127 sedere
2402 2066 2545 2131 sola;
2577 2049 2675 2119 soli
2714 2062 2859 2116 enim
2890 2057 3002 2113 sola
3032 2055 3332 2117 inhaerens;
3363 2049 3536 2120 ipsum
3563 2058 3774 2107 unum,

2191 2164 2364 2234 ipsum
2389 2157 2561 2214 solum
2586 2162 2786 2225 partem
2810 2135 3007 2204 meruit
3035 2144 3224 2214 Deum.

2261 2250 2350 2306 26.
2385 2240 2492 2304 Sed
2518 2245 2671 2315 quid,
2693 2241 2896 2314 inquis,
2919 2248 3027 2294 tam
3052 2236 3375 2293 festinanter
3395 2239 3604 2302 partem
3629 2229 3776 2283 hanc

2194 2356 2315 2397 esse
2343 2338 2486 2394 dicis
2510 2336 2703 2400 Deum,
2723 2332 2815 2403 qui
2838 2330 3033 2393 adhoc
3053 2326 3341 2390 tenendum
3366 2321 3572 2377 nullum
3593 2319 3779 2374 adhuc

2196 2426 2468 2502 protulisti
2515 2420 2923 2481 testimonium?
2958 2418 3082 2475 Ideo
3126 2413 3324 2496 protuli
3373 2411 3608 2480 nullum,
3649 2409 3781 2478 quia

2200 2489 2448 2592 superius
2488 2517 2637 2572 adest
2670 2510 3129 2570 evidentissimum
3164 2525 3175 2559 :
3215 2489 3319 2571 Qui
3363 2502 3491 2557 mihi
3504 2542 3521 2565 ,
3568 2500 3788 2569 inquit,

2202 2615 2483 2679 ministrat,
2505 2626 2586 2667 me
2612 2616 2899 2679 sequatur;
2934 2613 2979 2660 et
3004 2603 3091 2657 ubi
3112 2614 3229 2656 sum
3260 2613 3352 2669 ego
3375 2637 3390 2663 ,
3419 2595 3527 2663 illic
3546 2603 3594 2648 et
3620 2592 3785 2647 mini-—

2204 2717 2310 2763 ster
2333 2719 2476 2760 meus
2509 2701 2605 2757 erit
2642 2699 2825 2770 (Joan.
2855 2712 2953 2759 xtl,
2982 2692 3097 2765 26).
3128 2691 3269 2760 Ergo
3297 2687 3502 2753 Martha
3527 2699 3652 2755 qua:
3676 2682 3784 2737 mi—

2207 2793 2477 2859 nistravit,
2523 2789 2735 2859 inquis,
2766 2802 2874 2842 non
2904 2783 3072 2839 Maria
3120 2780 3228 2835 illic
3271 2778 3408 2844 erit,
3452 2790 3574 2847 quae
3620 2773 3786 2830 sedit.

2214 2885 2408 2942 Verum
2433 2882 2662 2945 diceres,
2693 2876 2739 2933 si
2769 2874 2985 2947 pigritia
3020 2872 3282 2937 sedisset;
3321 2881 3508 2923 verum
3536 2865 3753 2921 diceres
3772 2904 3788 2927 ,

1748 2990 1824 3037 tot
1865 2976 2020 3033 ﬂuxit
2053 2977 2108 3030 in
2136 2952 2182 3014 C
2212 2977 2257 3033 si
2285 2985 2341 3032 et
2376 2974 2490 3044 ipsa
2525 2970 2639 3040 jam
2674 2984 2780 3024 non
2818 2966 3204 3022 ministrasset.
3230 2960 3605 3015 Ministrantur
3641 2958 3791 3012 enim

2212 3067 2401 3131 multa,
2430 3079 2555 3120 cum
2586 3059 2816 3117 sutiiciat
2843 3072 3040 3122 unum;
3071 3054 3164 3109 scd
3193 3052 3500 3125 pervenitur
3522 3052 3589 3106 ad
3621 3065 3793 3103 unum

2213 3154 2514 3223 ministerio
2559 3150 2869 3213 multorum,
2900 3146 3007 3218 67
3040 3142 3214 3199 Unum
3258 3132 3424 3213 ergo,
3475 3140 3618 3210 quod
3668 3138 3796 3192 est?

2216 3250 2357 3318 Deus
2393 3246 2597 3315 utique.
2647 3242 2715 3309 Et
2756 3238 2942 3306 multa,
2975 3236 3136 3307 quas?
3173 3248 3351 3305 opera,
3380 3228 3795 3286 misericordiae.

2216 3316 2481 3409 Operibus
2503 3329 2888 3389 misericordiae
2909 3323 3218 3397 pervebitur
3239 3324 3306 3379 ad
3327 3316 3527 3385 Deum;
3554 3319 3645 3374 ubi
3668 3332 3797 3372 cum

2114 3460 2120 3493 τ
2216 3428 2552 3501 pervcnitur,
2584 3432 2760 3479 cessat
2786 3434 2946 3476 omne
2975 3417 3115 3487 quod
3158 3415 3369 3487 agitur,
3416 3405 3682 3483 quianon
3700 3418 3802 3462 .est

2221 3520 2539 3585 necessitas,
2566 3531 2673 3587 qua
2697 3520 2906 3586 agatur.
2933 3510 3197 3565 Remauet
3220 3506 3427 3562 fructus
3454 3501 3611 3573 cujus
3632 3517 3803 3556 causa

2221 3614 2500 3685 agebatur,
2528 3614 2770 3664 remanet
2800 3603 2912 3659 sola
2943 3589 3182 3657 Charitas
3216 3613 3321 3668 qua
3351 3597 3609 3668 agebatur
3628 3634 3643 3659 ,
3683 3595 3802 3664 ipsa

2223 3719 2327 3759 una
2370 3703 2495 3763 uni,
2536 3700 2652 3770 ipsa
2696 3695 2809 3752 sola
2856 3693 2976 3758 soli,
3019 3694 3133 3762 ipsa
3172 3687 3723 3765 singularis'adhaeret
3749 3686 3804 3738 in

2224 3794 2478 3851 saeculum
2515 3785 2792 3859 singulari.
2840 3782 2956 3854 Ipsa
2987 3769 3188 3858 autem,
3216 3795 3326 3850 qua
3355 3786 3407 3831 tu
3445 3761 3672 3830 Mariam
3712 3789 3807 3829 ac-

2226 3897 2418 3963 cusare
2443 3879 2654 3957 niteris,
2685 3858 2929 3931 sessione
2968 3872 3233 3955 intantum
3272 3868 3349 3923 nit
3382 3875 3467 3923 est
3497 3864 3805 3937 operosius,

2225 3960 2438 4045 etiamsi
2490 3969 2566 4023 nil
2593 3954 2838 4022 rideatur
2878 3948 3167 4019 cessationi
3213 3958 3462 4024 similius,
3508 3965 3569 4012 ut
3613 3955 3808 4011 delini-

2229 4053 2373 4120 tioue
2395 4073 2629 4131 congrua
2650 4055 2813 4111 etiam
2842 4054 2896 4108 in
2929 4054 3033 4108 hoc
3060 4051 3258 4106 sincqu
3294 4050 3447 4121 quies
3472 4046 3651 4102 valeat
3679 4060 3809 4115 ope-

2230 4169 2354 4209 rosa
2385 4152 2588 4207 vocari.
2634 4147 2739 4204 Sed
2785 4160 2855 4201 ne
2900 4144 3039 4201 forte
3086 4143 3264 4212 inopia
3294 4139 3504 4196 dicendi
3536 4153 3621 4194 me
3653 4146 3811 4208 putes

2234 4243 2542 4314 suffragium
2571 4254 2673 4294 non
2706 4232 2994 4308 protulisse
3019 4233 3276 4304 exempli,
3297 4232 3461 4287 habes
3486 4231 3663 4300 ipsum
3682 4228 3814 4283 bea-

2238 4346 2350 4392 tum
2390 4333 2664 4403 iuvenem,
2697 4337 2944 4385 sanctum
2990 4312 3418 4388 adolescentem,
3460 4322 3570 4377 imo
3615 4320 3813 4384 ipsam,

2237 4444 2358 4500 quae
2392 4426 2514 4481 tulit
2531 4424 2748 4493 iugum,
2788 4419 3010 4474 Mariam
3038 4416 3090 4471 in
3121 4415 3309 4471 iisdem
3339 4413 3568 4469 Threnis
3596 4427 3694 4477 ιιι,
3721 4412 3814 4476 2t,

2240 4520 2545 4588 loquentem
2575 4532 2590 4566 :
2621 4511 2757 4564 Pars
2786 4526 2899 4563 mea
2928 4507 3093 4572 Deus,
3121 4507 3256 4560 dixit
3295 4507 3473 4560 anima
3516 4522 3667 4568 mea,
3697 4520 3817 4573 pro-

2240 4619 2413 4680 pterea
2433 4601 2735 4674 exspectabo
2761 4614 2898 4653 eum.
2935 4597 3002 4652 Et
3020 4595 3304 4651 Psalmista
3330 4614 3343 4649 :
3386 4592 3588 4660 Portio,
3619 4594 3817 4662 inquit,

2245 4668 2360 4750 utea
2380 4694 2434 4746 in
2455 4668 2594 4747 terra
2615 4684 2890 4744 viventium
2916 4683 3088 4758 (Psal.
3103 4700 3245 4748 cxu,
3260 4683 3441 4755 6,25).
3461 4681 3615 4750 Quod
3637 4668 3821 4736 autem

2248 4788 2316 4843 ab
2344 4801 2408 4840 ea
2451 4785 2723 4852 nunquam
2761 4779 3072 4845 auferatur,
3106 4777 3251 4833 audi.
3294 4775 3369 4831 Tu
3392 4818 3407 4843 ,
3450 4776 3653 4845 inquit,
3684 4778 3819 4830 idem

2247 4879 2356 4947 ipse
2381 4893 2434 4931 es
2466 4872 2634 4944 (HM),
2665 4882 2711 4926 et
2732 4871 2858 4925 anni
2881 4869 2957 4923 tui
2992 4885 3094 4922 non
3122 4868 3397 4936 deficient;
3437 4865 3536 4936 ﬁlii
3555 4882 3820 4920 servorum

2251 4976 2459 5019 tuorum
2497 4960 2801 5016 habitabunt
2841 4958 2949 5021 ibi,
2990 4967 3037 5010 et
3072 4971 3246 5010 semen
3282 4971 3463 5010 eorum
3487 4954 3544 5008 in
3569 4953 3820 5008 siccatum

2256 5057 2511 5126 dirigetur
2544 5050 2717 5124 (Psat.
2759 5066 2835 5116 cr,
2878 5047 3002 5119 28);
3033 5056 3123 5102 et:
3162 5046 3301 5101 Pars
3328 5062 3446 5100 mea
3483 5044 3746 5100 Dominus
3774 5045 3822 5096 in

2253 5156 2502 5201 teternum
2531 5141 2703 5197 (Psal.
2730 5155 2898 5204 ιιιιι,
2928 5137 3041 5208 26).
3072 5136 3185 5192 Deo
3214 5145 3394 5192 autem
3436 5135 3669 5207 gratias,
3701 5134 3824 5204 quia

2259 5394 2268 5404 .
2327 5321 2473 5406 (ιρι)
2505 5317 3290 5406 Ypigati_tnendose‘nunqugm
3320 5314 3598 5394 auferatur
3618 5311 3828 5374 auditu,

3608 5395 3771 5406 ’.Α-ιιι..
