4018 5406
229 267 331 326 3'30

1189 274 1757 345 PRA‘ILOQUIORUM
1797 277 1975 334 LIBRI
2000 279 2183 340 ..SEX.
2208 311 2279 324 -ι-
2301 279 2426 334 LIB.
2469 277 2531 334 II.

3379 278 3486 334 2H)

235 383 340 437 huc
370 396 567 438 sumus
593 382 960 468 ratiocinando
991 383 1230 462 adducti,
1259 398 1318 443 ut
1345 388 1457 457 ipsa
1493 387 1566 442 tui
1597 396 1812 468 cuncta-
1838 391 1889 452 Α
1918 391 2308 462 Interpellatus,
2337 406 2436 446 nec
2467 389 2795 445 stimulantis
2817 389 2999 456 carnis
3025 396 3196 446 tactus
3224 388 3485 448 titillatio~

233 474 414 536 tione,
443 462 1037 547 suadeamtibi'jugum
1065 477 1251 534 tollere
1278 494 1398 534 cum
1435 478 1624 544 Maria,
1653 463 1812 534 mini-

234 573 410 618 strare
433 579 559 619 cum
583 565 812 632 Martha,
839 574 897 620 ut
914 574 1095 637 postea
1120 568 1258 623 bene
1277 569 1465 624 sedere
1487 583 1607 622 eum
1627 568 1814 623 eadem

235 647 420 715 valeas
445 648 776 726 Maria,cum
808 676 912 730 qua
938 662 1102 716 etiam
1127 662 1326 732 optime
1355 661 1612 726 sedendo,
1637 661 1688 718 id
1713 671 1812 726 est,

234 751 664 821 contemplative
695 769 723 806 a
748 751 1096 808 saecularibus
1117 752 1376 817 vacando,
1405 761 1459 808 et
1479 753 1699 809 verbum
1721 753 1816 809 Dei

233 843 353 896 sine
380 842 614 912 strepitu
641 843 928 907 audiendo,
964 852 1170 913 partem
1199 844 1455 914 optimam
1481 831 1695 916 eligere,
1723 847 1819 902 ob-

233 935 412 988 tinere
437 935 622 989 valeas
646 933 872 990 feliciter
899 944 952 1012 et
974 937 1269 1005 possidere.
1583 929 1585 932 ⁴

301 1012 394 1079 27.
425 1025 541 1080 Hoc
572 1026 754 1097 itaque
775 1025 964 1096 jugum
992 1021 1177 1093 suave,
1227 1031 1329 1085 hoc
1370 1046 1506 1086 onus
1536 1039 1643 1098 tam
1671 1030 1817 1096 leve,

224 1115 379 1175 quod
413 1124 466 1169 te
499 1104 708 1170 tantum
753 1117 984 1183 elevare,
1026 1126 1234 1173 tantum
1276 1119 1414 1174 valet
1452 1120 1730 1185 attollere,
1763 1130 1818 1175 ut

222 1215 288 1266 pa
311 1197 447 1258 rtem
472 1204 647 1274 ipsum
674 1207 936 1263 merearis
959 1207 1127 1263 Deum
1158 1209 1378 1280 habere,
1401 1211 1540 1278 quod
1567 1226 1668 1264 non
1693 1226 1820 1265 con-

237 1289 366 1343 terit
391 1293 686 1362 cervicem,
715 1296 808 1350 sed
834 1305 1012 1364 ornat,
1040 1283 1291 1353 honestat
1319 1299 1536 1363 collum,
1563 1316 1668 1355 non
1695 1317 1820 1356 cru-

235 1382 381 1446 eiat;
418 1398 485 1438 ne
520 1387 813 1452 cuncteris,
846 1403 912 1442 ne
943 1389 1192 1454 moreris,
1221 1405 1431 1459 qtueso,
1465 1391 1517 1444 in
1538 1391 1820 1461 iuventute

233 1463 453 1536 tollere,
485 1488 554 1527 ne
585 1475 628 1527 si
657 1489 781 1530 sero
803 1477 932 1530 velis
957 1476 1172 1543 tollere,
1201 1479 1339 1534 desit
1364 1479 1500 1534 forte
1529 1461 1678 1536 locus
1697 1522 1711 1546 ,
1741 1475 1820 1554 di—

229 1572 502 1634 caturque
535 1566 631 1620 tibi
660 1585 673 1620 :
709 1565 840 1633 Qua:
866 1570 921 1622 in
939 1569 1209 1640 juventute
1238 1588 1339 1648 non
1371 1572 1618 1644 collegisti
1639 1613 1654 1639 ,
1692 1592 1821 1645 quo-

233 1653 394 1706 modo
422 1649 650 1711 invenies
675 1656 730 1711 in
757 1661 1052 1714 senectute?
1079 1658 1266 1731 (Ea-Ii.
1310 1678 1442 1722 xxv,
1473 1656 1550 1730 δέ)
1579 1653 1814 1732 Prae-veni

235 1739 379 1814 ergo
401 1736 889 1828 senectutis‘annos
917 1734 1227 1819 operatione
1253 1762 1305 1807 et
1333 1755 1666 1809 correctione
1692 1771 1819 1809 con-
1853 1732 1892 1791 Β

229 1851 395 1904 grtia,
426 1839 606 1894 sciens
639 1826 874 1912 optatius
916 1843 1008 1897 tibi
1036 1856 1184 1906 esse,
1235 1854 1293 1899 ut
1339 1845 1511 1916 possis
1557 1847 1821 1901 veracitcr

233 1927 460 1983 dicere:
507 1929 670 1993 Deus,
695 1932 783 2000 qui
812 1933 980 2000 pascis
1009 1949 1088 1986 me
1129 1951 1159 1985 α
1191 1933 1458 2002 juventute
1496 1951 1610 1988 mea
1657 1934 1818 2007 (Cen.

233 2033 408 2073 xum
433 2060 446 2083 ,
477 2020 606 2089 15);
642 2030 696 2076 ct
729 2039 741 2074 :
770 2022 906 2076 Deus
941 2024 1163 2076 docu'sti
1207 2040 1285 2076 me
1327 2040 1358 2076 a
1393 2025 1666 2094 juventute
1709 2043 1822 2081 mea

237 2106 419 2179 (Psal.
445 2127 572 2173 ιιι,
602 2112 886 2181 I7),quam
917 2114 1288 2168 recordatione
1315 2113 1555 2182 lapsuum
1577 2125 1824 2186 suspecto

236 2211 421 2262 orare,
451 2209 509 2254 et
538 2199 736 2255 deﬂere
765 2201 992 2257 dicendo
1022 2221 1034 2256 :
1074 2203 1275 2257 Delicta
1306 2202 1595 2272 jurentutis
1627 2217 1754 2259 mea:
1776 2215 1822 2258 et

236 2288 570 2357 ignorantia:
588 2307 729 2344 meas
748 2309 808 2344 ne
823 2289 1137 2354 memineris,
1153 2292 1375 2347 Domine
1391 2292 1562 2352 (Psal.
1582 2311 1728 2361 sxw,
1744 2296 1820 2367 'l).

235 2375 372 2431 Illud
400 2388 489 2432 est
511 2381 652 2434 enim
687 2382 851 2443 robur
875 2382 1082 2448 salutis,
1116 2383 1256 2438 islud
1297 2384 1562 2441 medicina
1607 2387 1824 2458 aegritu-

236 2465 416 2532 dinis;
445 2469 742 2522 remedium
769 2469 969 2525 vulneri
993 2473 1272 2542 qumritur,
1295 2473 1466 2542 gratia
1495 2472 1706 2529 sonanti
1736 2491 1823 2531 re-

237 2555 433 2613 fertur.
470 2558 604 2614 (ium
635 2560 778 2615 enim
809 2560 998 2615 militia
1028 2561 1099 2616 sit
1125 2562 1232 2617 vita
1267 2563 1500 2618 hominis
1526 2579 1688 2635 super
1714 2577 1823 2621 ter-

237 2665 356 2704 ram
391 2650 515 2715 (Job
543 2667 640 2715 vn,
668 2651 754 2723 1),;
785 2667 959 2708 nonne
985 2653 1179 2709 melius
1205 2665 1288 2710 est
1313 2655 1365 2709 in
1383 2654 1661 2725 juventute
1685 2655 1828 2728 ejus--

239 2742 364 2796 dem
399 2741 605 2810 militite
631 2745 890 2800 excubias
913 2744 1127 2802 fortiter
1147 2749 1355 2814 subire,
1391 2757 1448 2802 ut
1471 2748 1523 2802 in
1550 2758 1827 2804 senectute

240 2834 391 2888 inter
417 2836 680 2891 emeritos
704 2837 878 2892 locum
900 2839 1122 2910 majoris
1143 2841 1339 2910 gradus
1360 2841 1543 2897 valeas
1563 2843 1826 2908 obtinere,

239 2940 408 2994 quam
439 2924 683 3012 segnitiae
711 2929 761 2982 in
799 2928 1159 2985 adolescentia
1203 2947 1432 2994 vacans,
1474 2941 1600 2987 tunc
1628 2934 1829 2988 militia:

240 3031 437 3071 manus
477 3018 671 3086 nitaris
708 3018 862 3085 dare,
895 3035 1017 3075 cum
1043 3029 1095 3076 et
1127 3030 1374 3077 senectus
1396 3023 1634 3078 laborem
1662 3024 1829 3094 impc-

1915 483 2094 546 nibus,
2127 481 2528 553 solusquietus
2548 479 2684 535 liber
2706 480 2957 549 gaudebit
2982 489 3036 537 et
3062 495 3306 537 securus.

1983 570 2072 626 28.
2109 569 2363 640 Quisquis
2407 584 2535 640 ergo
2575 583 2666 635 es,
2699 569 2787 638 qui
2818 568 3017 625 adhoc
3064 577 3173 624 tam
3220 568 3477 641 singulare

1915 660 2105 716 niteris
2158 661 2467 731 fastigium,
2521 675 2775 716 exercere
2826 659 2976 731 prius
3024 660 3378 716 communiter
3435 660 3480 714 ir

1916 768 2106 830 campo
2137 753 2426 808 viventium
2450 795 2464 817 ,
2507 751 2684 808 asside
2709 751 3048 822 gravioribus
3077 740 3297 807 acclinis
3330 758 3387 806 et
3408 765 3489 806 se-

1917 846 2092 912 dulus,
2139 844 2284 901 disce
2329 846 2587 902 honorem
2627 845 2836 900 deferre
2875 844 3204 911 senioribus,
3251 857 3488 898 amorem

1917 936 2236 1008 tequalibus,
2258 935 2559 1005 exemplum
2581 934 2911 1002 junioribus,
2943 948 3172 1004 sequere
3199 931 3489 988 auctorita-

1920 1038 2026 1084 tem
2068 1036 2121 1084 et
2163 1036 2428 1097 prmcepta
2459 1025 2802 1096 sapientium,
2846 1032 2901 1079 et
2927 1038 3023 1093 per
3054 1025 3170 1079 haec
3197 1023 3293 1101 tibi
3323 1023 3491 1077 Deum

1919 1121 2061 1191 loqui
2093 1120 2298 1175 credito
2326 1119 2518 1189 ipsum.
2549 1115 2609 1172 In
2639 1116 2863 1173 consilio
2888 1116 3160 1172 seniorum
3185 1130 3309 1171 cum
3339 1113 3490 1169 sede-

1918 1213 2015 1277 ris,
2063 1225 2279 1264 manum
2326 1208 2406 1262 ori
2457 1207 2672 1273 adhibe,
2716 1206 2953 1260 intentus
2985 1204 3246 1270 ausculta,
3276 1202 3491 1258 sedulus

1920 1304 2088 1368 disce,
2119 1312 2176 1357 ut
2207 1301 2509 1372 percipiens
2533 1315 2720 1356 senum
2750 1300 3066 1366 sententias,
3093 1298 3311 1369 colligas
3342 1296 3492 1352 solli-

1919 1394 2046 1460 cite,
2079 1394 2220 1463 quod
2252 1393 2305 1447 in
2343 1391 2532 1466 majori
2562 1406 2748 1458 serves
2775 1400 2933 1446 aelate
2969 1390 3274 1460 aliquando.
3315 1377 3490 1442 Etiam

1921 1485 2041 1541 volo
2077 1494 2126 1539 te
2156 1499 2183 1537 a
2211 1467 2633 1552 cotequazvorum
2655 1482 2932 1538 continere
2961 1469 3205 1551 loquelis,
3233 1488 3292 1533 ut
3316 1477 3488 1546 parvi.

1920 1573 2100 1645 loquio
2123 1572 2398 1628 assuelieri
2431 1573 2545 1641 ipso
2574 1587 2672 1627 usu
2713 1570 3014 1636 instruaris,
3054 1559 3187 1624 neve
3214 1570 3362 1622 rudis
3395 1567 3492 1622 ad-

1922 1647 2027 1719 bue
2063 1663 2266 1730 aetatis,
2316 1660 2474 1716 facile
2502 1661 2568 1716 ad
2602 1661 2784 1716 illicita
2831 1658 3096 1730 loquendo
3125 1657 3360 1720 labaris;
3401 1656 3492 1710 sed

1924 1765 2160 1810 remotus
2196 1753 2465 1809 seniorum
2513 1752 2790 1807 intendere
2820 1750 3120 1822 praeceptis,
3153 1748 3493 1818 antiquorum

1924 1846 2082 1901 dictis
2101 1887 2114 1908 ,
2149 1845 2530 1915 prophetarum
2563 1841 2818 1907 oraculis,
2845 1848 2900 1894 et
2931 1839 3290 1912 apostolorum
3318 1835 3496 1891 valeas

1924 1935 2263 2007 magisteriis.
2292 1933 2616 1988 Laudandus
2643 1932 2785 1988 enim
2814 1939 2916 1996 est,
2937 1931 3028 2000 qui
3051 1929 3161 1984 vult
3185 1927 3247 1999 [ι’.
3276 1924 3498 1996 mavult}

1925 2027 2148 2081 tacendo
2179 2023 2439 2092 loquenda
2463 2023 2693 2085 discere,
2721 2036 2880 2090 quam
2908 2019 3149 2089 proferre
3174 2033 3291 2088 quae
3313 2016 3495 2089 sentit,

1925 2124 2212 2184 antequam
2243 2112 2387 2181 loqui
2421 2111 2610 2166 discat.
2643 2109 2738 2164 llis
2775 2109 2818 2163 si
2853 2119 2993 2162 tuam
3023 2107 3115 2162 Dei
3145 2107 3312 2177 gratia
3345 2095 3492 2181 inda?

1923 2207 2028 2262 lem
2049 2203 2374 2260 concesserit
2396 2200 2688 2265 munerari,
2708 2199 3063 2269 adjiciendum
3085 2198 3226 2268 quod
3247 2206 3300 2251 et
3322 2196 3495 2272 facete

1925 2298 1993 2352 ab
2015 2311 2080 2352 eo
2101 2296 2190 2365 qui
2228 2278 2410 2364 supra,
2444 2275 2859 2348 insolentissimo
2892 2287 3142 2360 quidem,
3169 2290 3260 2345 sed
3295 2289 3495 2343 diserto

1925 2392 2134 2448 cuidam
2153 2370 2490 2446 consiliatum
2514 2394 2595 2441 est
2609 2385 2814 2456 juveni,
2841 2397 2892 2439 ut
2915 2399 3012 2438 nec
3035 2383 3318 2453 plusquam
3343 2398 3494 2451 opor-

1927 2489 2002 2538 tet
2027 2465 2118 2536 tibi
2152 2479 2432 2535 tribuendo
2463 2491 2718 2532 vanescas
2737 2517 2751 2542 ,
2777 2489 2877 2530 nec
2906 2488 3089 2529 rursus
3120 2482 3170 2529 te
3200 2472 3497 2542 abjiciendo

1927 2586 1990 2626 ac
2019 2569 2354 2640 tleSperando
2391 2568 2667 2639 frigescas.
2699 2565 2844 2621 Inter
2869 2567 2982 2620 bace
3013 2564 3381 2640 animadverte
3409 2577 3496 2630 pa-

1929 2661 2302 2744 tremfamilias
2347 2654 2580 2716 otiosum
2623 2669 2706 2722 te,
2761 2675 2866 2714 non
2917 2657 3231 2744 simpliciter
3278 2666 3335 2709 ut
3383 2641 3502 2710 illos

1925 2735 2086 2811 uane
2123 2756 2331 2826 primo,
2377 2755 2468 2808 sed
2515 2768 2635 2807 cum
2668 2749 3035 2806 additamento
3079 2735 3499 2818 conjunctionis,

1927 2861 2030 2915 qua
2051 2825 2233 2899 notam
2260 2843 2526 2911 intelligas
2550 2839 2999 2911 reprehensionis,
3021 2838 3084 2893 ad
3112 2825 3278 2892 vineae
3299 2836 3498 2891 cultum

1927 2928 2120 2990 vocare
2147 2954 2159 2986 :
2189 2935 2289 2998 Ile,
2308 2925 2508 3004 inquit,
2543 2943 2590 2988 et
2617 2939 2701 2986 r‘os
2732 2932 2784 2987 in
2809 2933 3011 2986 vineam
3045 2930 3258 3001 (Matth.
3286 2945 3378 2991 xx,
3407 2927 3459 2995 '7)
3484 2943 3497 2990 ;

1928 3027 1980 3081 id
2008 3035 2108 3092 est,
2133 3036 2186 3080 et
2211 3026 2308 3096 ipsi
2351 3025 2441 3095 qui
2470 3040 2627 3079 mane
2654 3025 2894 3090 horaque
2923 3021 3083 3077 tertia
3109 3018 3367 3076 debuistis
3398 3018 3496 3071 ad-

240 3109 343 3172 dit,
366 3116 423 3163 et
451 3105 676 3172 enervat
700 3119 850 3164 artus
880 3111 1083 3168 viribus
1106 3113 1497 3178 delicientibus,
1522 3130 1614 3184 spe
1641 3131 1825 3186 capes-
1853 3105 1896 3167 C
1927 3133 2065 3181 esse,
2093 3116 2279 3170 saltem
2312 3115 2394 3170 vel
2428 3122 2576 3170 sexta
2624 3121 2938 3184 properate,
2985 3120 3041 3168 et
3083 3109 3314 3166 medium
3361 3105 3500 3178 quod

241 3195 712 3263 sendivictoriam
745 3199 1056 3259 certaminis
1077 3204 1222 3275 (I05)
1260 3204 1697 3260 dissolutioribus
1741 3206 1826 3260 in-

244 3292 492 3346 terdictis
514 3291 774 3358 lacertis;
815 3296 1113 3364 praesertim
1143 3311 1265 3350 cum
1306 3311 1404 3350 nec
1441 3303 1575 3352 tetas
1607 3284 1723 3367 ipsa
1751 3307 1830 3352 tot

242 3383 370 3437 vitae
396 3380 684 3452 promittat
709 3383 913 3454 spatia,
958 3384 1153 3453 quibus
1197 3384 1378 3439 labore
1405 3396 1644 3456 peracto,
1681 3387 1825 3441 mili--

241 3474 375 3528 tiam
421 3483 663 3540 mutare,
715 3483 775 3530 ut
817 3476 1023 3532 altioris
1064 3477 1262 3547 gradus
1287 3477 1500 3532 infulari
1534 3479 1828 3535 honoribus

243 3565 450 3631 possis;
506 3565 602 3619 sed
647 3565 825 3634 potius
869 3560 1025 3622 fessis
1073 3568 1312 3630 artubus,
1366 3566 1510 3621 nullo
1555 3577 1828 3636 prmeunle

243 3652 420 3713 laudis
445 3657 742 3724 praeconio,
767 3656 1026 3726 gaudeas,
1055 3658 1101 3712 si
1131 3656 1320 3712 saltem
1350 3657 1489 3712 inter
1512 3658 1628 3713 illos
1657 3674 1828 3714 annu-

245 3747 494 3813 mereris,
534 3748 626 3816 qui
671 3749 978 3804 donativum
999 3749 1112 3820 68
1135 3763 1232 3819 pro
1259 3749 1375 3819 ipso
1402 3758 1658 3819 expetunt
1682 3759 1828 3821 tyro-

245 3837 417 3902 cinio;
445 3847 542 3891 aut
561 3853 686 3892 cum
722 3839 1161 3909 provincialibus,
1191 3840 1280 3908 qui
1308 3855 1575 3898 annonam
1605 3840 1829 3894 tributa-

246 3924 370 3980 liter
397 3927 534 3996 ipsis
572 3927 816 3996 praebent
858 3928 1119 3984 militibus
1143 3929 1325 4000 (106);
1361 3929 1587 3999 ideoque
1629 3928 1827 3983 bonum

246 4031 366 4071 esse
387 4018 522 4072 dicit
547 4018 635 4074 ille
657 4019 1124 4091 superins,jugum
1152 4021 1205 4074 in
1233 4020 1594 4076 adolescentia
1620 4020 1824 4076 tollere.

248 4106 456 4162 Etenim
480 4108 554 4173 ei,
583 4109 675 4178 qui
699 4116 822 4179 post
845 4109 1130 4165 decursum
1150 4110 1401 4180 juvenilis
1423 4111 1599 4165 :etatis
1619 4121 1828 4181 tempus

249 4194 372 4250 illud
401 4198 564 4263 tollit,
613 4198 782 4255 multa
820 4199 1076 4254 eveniunt
1116 4214 1311 4270 genera
1339 4201 1823 4264 contrarietatum;

251 4287 530 4344 stimulant
557 4289 705 4344 enim
747 4299 962 4345 assueta
989 4290 1152 4354 vitia,
1197 4291 1527 4351 consuetudo
1577 4289 1830 4359 deprimit

250 4393 432 4446 prava,
459 4380 707 4451 exagitat
729 4381 1058 4436 censcientia
1091 4380 1201 4449 ipsa
1227 4397 1240 4434 :
1279 4395 1407 4435 usus
1432 4380 1631 4435 erroris
1658 4380 1826 4435 insta-

252 4469 407 4526 bilem
447 4470 598 4536 facit,
630 4479 862 4526 conatur
889 4481 1075 4526 contra
1113 4486 1206 4535 sc,
1245 4480 1302 4525 et
1345 4470 1542 4524 labitur
1583 4470 1685 4524 sub
1729 4485 1828 4534 se;

253 4562 586 4619 abolefacere
612 4563 730 4619 vult
751 4571 958 4630 vetera,
986 4563 1082 4619 sed
1113 4562 1442 4619 voluntatem
1462 4577 1566 4618 non
1587 4561 1829 4631 sequitur

255 4650 508 4718 efﬁcacia,
534 4654 826 4723 captisque
849 4653 903 4706 in
935 4665 1049 4708 rete
1073 4653 1262 4708 avibus
1285 4665 1391 4707 non
1413 4651 1708 4716 dissimilis,
1735 4650 1828 4707 ubi

256 4745 500 4812 expedire
524 4745 642 4800 vult
676 4745 873 4816 pedem
914 4745 1123 4814 operis,
1164 4743 1389 4799 maculis
1430 4743 1691 4798 retinetur
1715 4742 1825 4798 usi-

261 4845 380 4890 tata:
403 4837 830 4894 consuetudinis.
861 4835 994 4891 Tota
1024 4838 1203 4906 itaque
1231 4836 1356 4891 huic
1388 4851 1473 4890 res
1497 4845 1580 4892 est
1603 4835 1652 4888 in
1685 4834 1828 4905 peri-

258 4927 395 4992 culo,
437 4930 508 4984 illi
547 4931 602 4984 in
646 4931 817 4985 bono.
866 4926 1086 4984 Sedebit
1111 4929 1344 4997 denique
1387 4927 1486 4981 iste
1514 4925 1823 4994 singularis,

259 5031 436 5072 rarum
461 5030 551 5075 aut
578 5019 720 5075 forte
756 5017 960 5073 nullum
991 5019 1102 5086 suis
1131 5020 1351 5088 dignum
1390 5017 1666 5072 inveniens
1697 5030 1825 5070 con-

261 5108 467 5172 sortiis,
508 5111 727 5179 quietus
758 5117 817 5163 et
847 5107 1068 5164 feriatus
1112 5108 1309 5165 divinis
1351 5107 1562 5162 vacabit
1603 5105 1826 5167 oliioiis,

261 5197 505 5265 angelicis
523 5201 728 5254 ditatus
753 5195 1167 5257 revelationibus
1187 5209 1241 5256 et
1260 5199 1521 5271 praemiis,
1548 5197 1708 5253 nullis
1731 5211 1830 5251 nec

261 5289 508 5342 anteactis
532 5305 629 5344 nec
657 5285 1022 5358 praesentibus
1061 5291 1436 5346 illecebrarum
1464 5287 1828 5355 voluptatibus

1931 3216 2098 3263 restat
2124 3207 2229 3262 diei
2252 3205 2568 3262 lucrifacite.

2357 3297 2478 3351 Τιτ.
2505 3296 2637 3351 XIII.
2668 3327 2734 3336 —
2765 3295 2836 3350 De
2858 3296 3083 3350 senibus.

1998 3389 2084 3444 Q9.
2113 3388 2288 3443 Senex
2311 3388 2408 3442 es?
2445 3387 2629 3443 Gaude
2653 3387 2704 3441 in
2741 3385 2964 3440 Domino
2993 3385 3083 3455 qui
3115 3385 3178 3439 ad
3208 3384 3309 3437 hoc
3333 3396 3504 3456 usque.

1929 3481 2140 3546 ductus,
2163 3495 2268 3534 non
2309 3478 2478 3533 solum
2507 3479 2629 3547 quia
2662 3477 3023 3548 quammultos
3049 3476 3283 3548 Syrtium
3311 3489 3502 3551 scopug

1929 3572 2007 3625 los
2039 3571 2282 3634 evasisti,
2315 3568 2706 3639 naufragosque
2750 3582 2940 3635 casus;
2987 3567 3080 3621 sed
3121 3575 3176 3622 et
3218 3565 3342 3635 quia
3385 3562 3498 3632 jam

1928 3678 2091 3735 prope
2117 3671 2216 3724 est,
2253 3676 2358 3730 quo
2404 3661 2622 3714 tendere
2658 3660 2874 3728 videris,
2923 3667 3130 3735 portus,
3159 3659 3204 3714 si
3237 3666 3413 3711 tamen
3442 3671 3503 3711 es

1929 3741 2124 3818 serius,
2143 3753 2186 3808 si
2212 3751 2429 3823 probus,
2462 3750 2504 3804 si
2529 3751 2728 3820 gravis,
2753 3750 2796 3805 si
2821 3750 2975 3804 bonis
2999 3749 3237 3804 moribus
3259 3755 3501 3810 ornatus,

1931 3847 1974 3903 si
2007 3847 2292 3900 virtutibus
2325 3853 2600 3913 comptus,
2632 3842 2674 3897 si
2706 3842 2899 3897 canitie
2925 3829 3246 3898 venerabilis
3277 3839 3503 3902 mentis,

1929 3938 1973 3992 si
1998 3944 2278 3992 venustate
2296 3926 2584 3988 Vmelliﬂuus
2606 3934 2739 3996 oris,
2766 3931 2812 3986 si
2840 3933 3017 3986 dicere
3042 3931 3189 3984 vales
3210 3946 3334 3984 cum
3356 3928 3508 3982 Psal-

1930 4029 2087 4085 mista
2113 4045 2127 4084 :
2171 4025 2416 4082 Senectus
2435 4025 2546 4096 69
2563 4041 2676 4078 mea
2705 4027 2758 4077 in
2783 4023 3141 4078 misericordia
3162 4022 3309 4075 uberi
3332 4019 3503 4091 (Psal.

1930 4136 2040 4182 xei,
2065 4120 2174 4188 II).
2205 4117 2301 4172 Sin
2329 4131 2505 4181 secus,
2535 4115 2676 4186 quod
2706 4115 2867 4180 absit,
2893 4129 2959 4168 ne
2984 4129 3325 4179 succenseas,
3356 4127 3504 4181 rogo,

1931 4211 1976 4266 si
2017 4218 2072 4264 et
2118 4217 2168 4264 te
2214 4223 2434 4263 monere
2473 4207 2699 4261 audeam
2739 4205 2924 4275 junior
2954 4221 3052 4276 ego
3080 4206 3241 4275 (scias
3273 4219 3358 4260 me
3388 4204 3507 4275 ipso

1931 4299 2032 4354 hoc
2056 4311 2384 4368 praesumere
2408 4294 2600 4366 oﬂicio)
2637 4305 2893 4364 quantum
2920 4296 3081 4349 etiam
3120 4305 3170 4348 te
3202 4294 3356 4349 video
3379 4295 3505 4348 alli-

1931 4401 2078 4441 nere.
2110 4385 2266 4440 Nulla
2293 4394 2424 4440 :etas
2451 4384 2517 4438 ad
2560 4385 2610 4439 id
2631 4425 2647 4450 ,
2688 4385 2829 4453 quod
2872 4399 3008 4453 opus
3045 4393 3161 4447 est,
3195 4383 3504 4440 discendum

1856 4455 1905 4515 Ῑ)
1931 4491 2050 4531 sera
2095 4475 2255 4529 debet
2298 4489 2523 4545 parere:
2557 4483 2613 4529 et
2655 4473 2796 4537 licet,
2832 4483 2890 4528 ut
2927 4474 3143 4544 quidam
3185 4473 3315 4528 satis
3344 4473 3510 4543 probe

1931 4575 2055 4622 ante
2081 4582 2179 4622 nos
2203 4567 2350 4623 visus
2373 4575 2456 4622 est
2483 4567 2682 4631 dicere,
2701 4581 2856 4621 senes
2880 4567 3049 4637 magis
3075 4567 3264 4620 deceat
3288 4565 3504 4626 docere,

1929 4671 2089 4726 quam
2117 4657 2324 4713 discere
2350 4673 2364 4722 ;
2405 4656 2580 4726 magis
2611 4665 2788 4710 tamen
2813 4657 3065 4710 condecet
3092 4655 3320 4719 discere,
3344 4667 3508 4723 quam

1930 4749 2057 4818 quid
2080 4750 2329 4815 doceant,
2356 4749 2464 4802 imo
2489 4747 2620 4816 quid
2641 4755 2822 4815 agant,
2843 4747 2986 4815 quod
3015 4761 3120 4799 non
3151 4759 3215 4798 ex
3241 4742 3508 4814 superﬂuo

1931 4841 2130 4896 addere
2158 4839 2290 4896 satis
2329 4840 2626 4912 possimus,
2669 4840 2937 4909 ignorare.
2983 4837 3120 4892 Audi
3160 4836 3340 4904 itaque
3370 4844 3422 4890 et
3455 4844 3511 4889 tu

1927 4933 2056 5002 quid
2081 4933 2439 4990 Ecclesiastes
2469 4932 2621 4991 dicat
2645 4951 2658 4987 :
2683 4930 2739 4985 Si
2765 4930 2940 4982 multis
2963 4930 3111 4984 annis
3133 4927 3316 4980 vixerit
3340 4928 3513 4988 homo,

1929 5025 2224 5080 meminisse
2251 5026 2396 5081 debet
2429 5023 2698 5084 tenebrosi
2731 5021 2990 5088 temporis,
3024 5029 3068 5073 et
3093 5016 3299 5071 dierum
3322 5016 3519 5071 multo-

1931 5130 2080 5179 rum;
2103 5117 2191 5186 qui
2215 5132 2337 5170 cum
2367 5113 2642 5183 venerim,
2673 5109 2911 5166 vanitatis
2941 5112 3222 5176 arguuntur
3265 5106 3527 5174 praeterita

1934 5207 2129 5278 (Eccle.
2189 5224 2277 5273 χι,
2317 5209 2395 5278 8).
2433 5203 2548 5258 Et:
2611 5210 2753 5267 Puer
2781 5205 2976 5249 centum
3018 5208 3272 5247 annorum
3313 5193 3528 5250 maledi-

1935 5281 2045 5350 ctns
2071 5299 2168 5351 erit
2198 5296 2364 5369 (lsai.
2398 5307 2520 5358 va,
2563 5298 2705 5365 20).
2743 5285 3010 5351 Itemque:
3049 5283 3298 5338 Senectus
3333 5299 3536 5340 venera-
