4018 5406
469 255 570 311 2H

1436 249 1767 307 RATHERiI
1810 247 2021 304 EPISC.
2069 247 2317 315 VERON.
2359 251 2510 321 ΟΡΡ.
2553 254 2732 312 PARS
2770 254 2810 337 l.

3629 255 3735 332 ξιξ

471 370 588 427 b‘ilis
617 385 719 424 non
745 367 1015 433 diuturna,
1042 383 1201 439 neque
1223 383 1436 423 timuere
1463 385 1718 423 annorum
1749 378 2046 439 computata
2076 372 2123 432 Α
2154 375 2257 422 tres
2287 380 2427 437 sunt,
2472 387 2537 425 ea:
2584 388 2686 443 quo
2734 372 2880 427 venio
2900 387 3137 444 quarens
3164 373 3389 436 fructum
3410 371 3465 428 in
3509 371 3734 442 ﬁculnea

471 462 627 535 (Sep.
654 477 725 545 iv,
753 461 830 533 8).
867 460 1007 518 Audi
1044 461 1209 517 etiam
1237 462 1513 518 custodem
1544 463 1795 519 omnibus
1823 478 2050 541 genera-
2102 444 2108 451 ’

471 558 616 623 liter,
647 556 744 612 tibi
774 570 902 611 vero
940 556 1205 612 dicentem
1240 555 1587 626 specialiter:
1639 553 1788 613 Venit
1824 573 1977 623 mone
2002 568 2050 612 et

466 661 617 712 nox;
652 645 701 700 si
739 646 1001 717 quwritis,
1051 647 1311 718 quwrite;
1361 646 1749 714 convertimini,
1795 657 1844 703 et
1889 648 2052 703 venite

465 721 629 806 (I'sai.
659 751 773 803 xxx,
804 735 912 807 12).
937 735 1072 792 Audi
1102 745 1157 792 et
1183 735 1500 807 Apostolum
1525 754 1540 791 :
1576 735 1762 803 Omne,
1793 737 1890 805 ait,
1913 737 2050 809 quod

463 835 539 878 wt
551 835 731 883 eratur
745 836 793 881 et
807 827 1044 891 senescit,
1060 843 1217 897 prope
1228 827 1494 883 interitum
1508 838 1584 883 est
1599 829 1787 900 (Hebr.
1803 845 1921 896 vni,
1941 829 2048 902 15).

467 904 824 986 l'erspicienti
850 925 1027 972 autem
1056 917 1186 973 mihi
1217 919 1361 988 ipsos
1381 936 1515 992 quos
1546 921 1721 993 capite
1748 922 1889 993 geris
1912 922 2050 991 nivei

473 1020 641 1063 canos
671 1006 954 1075 candoris,
986 1006 1159 1065 fateor
1188 1025 1294 1066 non
1332 1011 1611 1067 minimum
1635 1014 1788 1069 adest
1812 1014 2053 1069 dubieta-

470 1097 562 1163 tis,
596 1099 739 1153 unde
770 1098 982 1155 initium
1014 1099 1237 1156 debeam
1264 1101 1430 1156 ordiri
1463 1104 1749 1159 sermonis.
1775 1101 2050 1175 Siquidem

469 1199 524 1245 et
548 1192 905 1247 reverentiam
932 1192 1099 1259 aztati,
1125 1200 1174 1248 et
1196 1192 1496 1258 doctrinam
1517 1194 1727 1261 vellem,
1744 1195 1788 1251 si
1812 1211 2051 1269 possem,

466 1280 720 1337 conferre
745 1280 1000 1336 latuitati.
1034 1279 1233 1337 Verum
1265 1271 1423 1361 adsit,
1461 1299 1609 1355 rogo,
1641 1284 1730 1341 ille
1753 1284 2051 1361 propitius,

465 1372 557 1443 qui
602 1372 909 1429 insensatos
947 1372 1013 1426 ad
1045 1373 1335 1428 humanam
1376 1373 1643 1444 loquelam
1685 1360 1853 1431 asinae
1882 1389 2054 1445 quon.

465 1463 589 1534 dam
618 1464 884 1520 convertit
916 1464 1124 1536 rugitus
1152 1464 1339 1537 (Num.
1372 1481 1504 1531 χχιι,
1533 1466 1648 1539 28).
1680 1466 1942 1523 Retexam
1968 1480 2052 1521 se-

465 1553 600 1609 riem
624 1553 873 1610 lectionis
889 1555 1211 1627 evangelicae
1234 1556 1392 1613 hodie
1413 1558 1688 1613 reeitatam
1708 1559 1896 1630 (Nunt.
1915 1576 2048 1628 sxn,

464 1644 595 1715 28);
634 1652 688 1700 et
722 1644 768 1700 si
801 1644 874 1699 ibi
900 1652 1048 1700 tuum
1076 1644 1218 1703 forte
1242 1632 1441 1718 aliquid
1464 1647 1763 1717 inveneris,
1794 1636 2047 1716 nemihi,

2153 460 2275 531 hac,
2309 470 2355 514 et
2398 478 2503 523 non
2545 460 2933 535 invenio-(Luc.
2970 478 3089 530 xm,
3119 463 3195 536 7).
3224 461 3373 520 Tene
3414 463 3599 533 igitur,
3630 472 3738 519 tres

2156 561 2286 606 sunt
2316 552 2466 608 anui.
2521 552 2680 607 Aliud
2726 553 3021 610 videamus.
3076 552 3153 609 Te
3189 553 3301 610 dixi
3352 553 3627 620 arborem,
3658 554 3738 607 vi-

2157 657 2313 695 neam
2352 641 2666 708 Ecclesium,
2697 643 2985 714 quemdam
3014 643 3186 711 illum,
3217 644 3325 701 imo
3361 644 3639 724 dominum
3662 643 3742 708 vi:

2154 747 2269 786 nea:
2300 732 2465 795 illum,
2493 732 2684 798 Deum,
2713 731 2978 808 cultorem
3003 733 3173 807 vinea:
3218 749 3379 806 quem
3425 734 3640 791 dicam?
3676 730 3739 813 Si

2155 823 2299 891 enim
2349 823 2483 880 licus
2531 814 2792 903 cultorem
2839 825 3088 903 dixisset,
3136 825 3274 901 forte
3314 826 3540 885 animus
3595 835 3740 892 tuus,

2154 914 2292 969 forte
2336 902 2719 986 attgelus,cui,
2774 926 2833 972 ut
2885 902 3208 987 quibusdam
3256 904 3477 986 videris,
3525 918 3637 972 imo
3684 928 3746 991 ut

2157 1014 2304 1063 recte
2330 1016 2486 1076 potes
2514 1008 2704 1076 videri,
2755 1023 2814 1065 es
2853 1009 3195 1075 commissus,
3233 1009 3412 1065 fuerat
3440 1008 3745 1081 intelligen:

2157 1098 2272 1154 dus.
2316 1097 2468 1173 Nunc
2514 1108 2691 1165 autem
2726 1116 2832 1180 non
2867 1101 3132 1168 cultorem
3183 1102 3412 1169 arboris,
3451 1103 3545 1158 sed
3573 1102 3747 1161 culto-

2155 1205 2271 1249 rem
2298 1190 2470 1247 vinete
2497 1189 2704 1257 dicens,
2729 1190 2905 1247 alium.
2934 1190 3181 1261 requirit,
3215 1192 3308 1263 qui
3347 1207 3453 1247 non
3484 1201 3539 1248 te
3564 1190 3743 1247 solum

2165 1279 2545 1346 excolendum,
2574 1282 2670 1337 sed
2699 1280 2833 1337 alias
2860 1280 3013 1347 licus,
3036 1281 3146 1336 imo
3173 1290 3338 1337 totam
3368 1296 3635 1337 summam
3662 1281 3746 1346 vi-,

2154 1386 2270 1427 nea:
2297 1370 2706 1427 custodiendam
2753 1372 3069 1442 susceperit.
3119 1370 3260 1439 Quid
3308 1386 3438 1442 ergo
3486 1381 3747 1443 angusta:

2156 1461 2320 1515 mur?
2346 1476 2453 1515 non
2485 1460 2628 1531 quod
2659 1461 2704 1516 si
2731 1454 2931 1532 aliquid
2954 1462 3090 1517 bene
3114 1460 3147 1527 ς’
3183 1448 3324 1531 quod
3350 1454 3502 1519 enim
3549 1445 3745 1536 (ιὶίῆἑὶτ

2154 1551 2259 1609 lius
2290 1553 2561 1609 invenitur
2592 1554 2761 1624 (ιυο),
2804 1554 3036 1620 dulcius,
3068 1561 3205 1609 teste
3241 1553 3549 1620 Ambrosio,
3595 1564 3748 1609 tene-

2156 1654 2264 1710 tur,
2291 1653 2345 1698 et
2374 1659 2485 1714 quo
2534 1645 2740 1700 tardior
2777 1645 3013 1714 adeptio,
3058 1658 3124 1700 eo
3159 1645 3365 1715 gratior
3413 1643 3742 1717 perfunctio.

464 1748 667 1803 quaeso,
711 1735 801 1805 qui
840 1734 1043 1802 recito,
1083 1736 1350 1806 imputes;
1388 1739 1481 1793 sed
1516 1748 1629 1803 tua,
1660 1749 1720 1794 ut
1752 1751 1840 1795 tua
1860 1785 1876 1809 ,
1908 1743 2047 1798 reci-
2077 1744 2125 1822 Β
2154 1734 2404 1791 Poteram
2435 1735 2602 1800 enim,
2641 1748 2902 1806 quantum
2933 1734 3043 1800 ille,
3085 1735 3178 1804 qui
3226 1736 3456 1807 desuper
3485 1736 3748 1804 magister

461 1823 620 1893 pias;
658 1834 712 1880 et
748 1826 843 1881 tibi
886 1827 953 1882 ad
990 1827 1300 1895 utilitatem,
1328 1830 1538 1885 etiamsi
1569 1831 1633 1886 ad
1663 1834 2045 1892 contumeliam

462 1924 619 1986 putes
648 1916 879 1987 prolata,
903 1927 1213 1974 convertas.

534 2009 623 2064 50.
650 2009 902 2065 Arborem
928 2010 1018 2079 ﬁci
1058 2010 1208 2080 (107)
1257 2012 1477 2066 habebat
1507 2014 1722 2084 quidam
1751 2015 2046 2087 plantatam

458 2100 516 2153 in
551 2099 697 2154 vinea
717 2118 816 2154 sua
843 2100 993 2172 (Luc.
1023 2117 1142 2167 xm,
1175 2100 1251 2173 6),
1283 2110 1392 2157 etc.
1426 2102 1724 2161 Arboribus
1751 2107 2043 2178 signiﬁcari

460 2190 728 2258 homines,
766 2193 809 2248 si
856 2192 950 2248 tibi
976 2192 1151 2248 adhuc
1185 2193 1284 2248 ista
1333 2209 1438 2249 non
1480 2196 1672 2250 suadet
1715 2196 1899 2264 lectio,
1927 2198 2044 2269 lege

463 2280 665 2352 aliquid
711 2282 954 2353 apertius
999 2284 1052 2338 in
1090 2283 1331 2350 Daniele,
1372 2285 1463 2341 ubi
1514 2286 1748 2342 refertur
1773 2289 2042 2360 somnium

463 2374 531 2427 de
569 2373 761 2429 arbore
792 2389 988 2447 magna
1015 2384 1069 2432 et
1099 2375 1311 2431 excelsa
1343 2374 1505 2448 (Dan.
1526 2393 1603 2442 tv,
1633 2378 1711 2449 7),
1739 2377 1890 2448 cujus
1918 2395 2043 2436 cum

464 2464 630 2518 multa
659 2465 927 2535 descripta
957 2474 1142 2521 essent
1189 2466 1508 2538 dignitatum
1538 2470 1829 2538 praeconia,
1859 2470 1926 2525 ad
1958 2471 2041 2526 nl-

461 2557 653 2610 timum
679 2558 881 2613 succidi
907 2558 1077 2629 jussa,
1106 2566 1161 2613 et
1186 2573 1348 2628 super
1383 2559 1525 2630 regis
1560 2559 1937 2616 celsitudinem
1964 2563 2043 2617 in-

463 2654 783 2716 terpretata,
815 2647 987 2718 ipsum
1015 2663 1175 2719 quem
1209 2648 1526 2705 excellentia
1553 2650 1806 2720 signavit,
1828 2649 2043 2720 jactura

464 2742 806 2796 monstravit.
842 2741 973 2797 Nam
998 2742 1087 2799 ille
1118 2743 1414 2799 innumeris
1437 2752 1788 2815 provectuum
1812 2740 2043 2816 dignita-

462 2833 629 2899 tibus,
667 2834 832 2890 veluti
862 2836 1179 2906 quibusdam
1230 2836 1621 2893 elementorum
1669 2846 2043 2908 contempera-

462 2928 722 2993 tionibus,
768 2929 924 2999 quasi
969 2944 1141 3000 usque
1171 2930 1238 2985 ad
1266 2930 1461 2986 coelum
1488 2939 1546 2985 ιιι
1592 2930 1757 2985 arbor
1782 2938 1866 2986 est
1909 2930 2041 2985 inal-

462 3027 607 3074 latus
634 3020 821 3091 (l08);
865 3021 1084 3076 excisus
1106 3036 1135 3074 a
1164 3020 1422 3086 culmine,
1471 3020 1664 3076 cecidit
1693 3019 1762 3075 ab
1808 3020 2040 3086 honore,

2153 1834 2238 1881 est
2276 1827 2540 1891 omnium,
2564 1827 2866 1899 convallem
2895 1825 3209 1899 exiguitatis
3249 1842 3385 1884 mea:
3429 1841 3527 1898 per
3573 1827 3743 1899 ipsos,

2151 1920 2241 1991 qui
2269 1920 2379 1991 jam
2402 1922 2533 1975 satis
2561 1906 2725 1990 super
2759 1920 2863 1977 hoc
2888 1929 3281 1986 tractaverunt,
3312 1929 3527 1977 montes
3548 1906 3747 1988 digna;

2152 2020 2239 2068 tur
2290 2012 2550 2082 irrorare,
2595 2013 2688 2069 tibi
2714 2012 2826 2083 jam
2854 2015 3115 2073 cultorem
3167 2016 3337 2071 vinea:
3383 2023 3741 2082 monstrare;

2150 2105 2246 2161 sed
2285 2104 2408 2161 volo
2455 2105 2605 2176 (llO)
2637 2114 2687 2161 te
2716 2092 3093 2163 eminentioris
3119 2105 3369 2177 exemplo
3399 2105 3745 2183 auctoritatis

2149 2197 2449 2264 attrahere,
2488 2213 2596 2268 quo
2618 2206 2670 2253 et
2710 2198 2776 2253 ad
2804 2200 3154 2269 quaerendum
3185 2199 3427 2271 paratior
3467 2197 3742 2265 ciliciaris,

2148 2295 2203 2355 et
2240 2303 2327 2343 me
2357 2303 2463 2367 non
2494 2304 2525 2343 a
2569 2303 2655 2344 me
2683 2289 2799 2351 haec
2849 2290 3140 2355 invenisse,
3178 2290 3272 2345 sed
3323 2289 3391 2345 de
3440 2282 3743 2367 Scripturis

2148 2380 2537 2452 comprobasse
2573 2380 2930 2452 perspiciens,
2988 2390 3140 2455 tanto
3180 2380 3433 2455 capacior
3473 2378 3742 2447 reddaris,

2146 2483 2350 2545 quanto
2367 2475 2592 2530 avidior.
3729 2463 3733 2469 V

2162 2547 2169 2554 ”
2220 2564 2308 2618 5i.
2346 2562 2519 2618 Homo
2544 2565 2783 2636 quidam,
2811 2565 2887 2619 ait
2917 2564 3019 2620 alia
3057 2563 3241 2630 lectio,
3274 2565 3371 2620 sed
3394 2571 3576 2621 tamen
3606 2570 3663 2619 et
3684 2569 3744 2629 ut

2147 2654 2263 2709 haec
2293 2652 2441 2724 (111)
2473 2652 2772 2726 Evangelii,
2795 2664 2907 2709 erat
2933 2655 3095 2720 dives,
3120 2656 3210 2726 qui
3236 2653 3489 2726 plantavit
3513 2654 3739 2717 vineam,

2145 2753 2194 2798 et
2223 2760 2394 2813 sepem
2423 2744 2771 2799 circumdedit
2823 2746 2895 2810 ei,
2923 2754 2973 2801 et
3016 2744 3205 2801 locavit
3255 2761 3369 2800 eam
3395 2744 3670 2816 agricolis,
3693 2751 3740 2797 et

2148 2833 2363 2913 (Manli.
2389 2850 2505 2902 χιιι,
2529 2835 2618 2908 55)
2642 2849 2814 2913 usque
2842 2838 2967 2910 dum
2991 2850 3245 2907 reversus
3267 2835 3435 2892 malos
3462 2823 3604 2890 male
3623 2825 3742 2913 per.

2145 2912 2250 2989 det,
2274 2935 2321 2979 et
2353 2925 2552 2980 vineam
2582 2942 2734 2981 suam
2755 2908 2947 2981 locabit
2969 2925 3090 2981 aliis
3114 2923 3360 2996 agricolis
3385 2923 3579 2997 (Ibid.,
3604 2908 3733 2997 «ιηέ

2152 3015 2296 3082 quod
2322 3015 2447 3085 quia
2478 3013 2759 3086 impletum
2797 3023 2901 3083 est,
2952 3016 3074 3073 ideo
3102 3016 3220 3086 ipso
3245 3014 3420 3070 relatu
3444 3006 3739 3072 multorum

463 3111 711 3189 desertus
736 3119 821 3167 est
845 3129 876 3167 a
906 3112 1009 3169 sibi
1033 3112 1548 3179 obsecundantibus,
1580 3112 1749 3167 veluti
1788 3115 1953 3168 arbor
1977 3114 2044 3170 ab
2077 3102 2123 3186 Ω
2147 3103 2259 3174 iam
2289 3107 2639 3177 patefactum.
2666 3108 3217 3189 perstﬁcacius'istud.
3239 3107 3381 3178 quod
3413 3106 3574 3163 modo
3590 3121 3740 3181 quae:

465 3200 654 3257 avibus
707 3201 1080 3271 fugientibus;
1145 3212 1350 3275 septem
1402 3200 1731 3274 temporibus
1780 3218 1945 3274 super
1980 3220 2046 3261 eo

466 3290 711 3354 mutatis,
741 3292 807 3347 ad
835 3292 1121 3363 pristinum
1167 3302 1369 3349 statum
1405 3309 1592 3349 rursus
1630 3292 1788 3348 rediit
1830 3292 2048 3349 celsitu-

469 3380 631 3435 dinis.
670 3380 807 3437 Sunt
835 3382 1004 3438 multa
1044 3391 1099 3439 et
1153 3384 1204 3438 in
1254 3382 1571 3453 Scripturis,
1627 3398 1747 3454 quae
1779 3382 1925 3440 aliud
1954 3398 2051 3454 per

464 3480 739 3540 naturam,
791 3474 1024 3532 alterum
1075 3476 1289 3548 signant
1321 3491 1420 3550 per
1448 3476 1901 3548 intelligentiam;
1951 3476 2045 3533 sed

471 3560 694 3620 lectoris
727 3566 1012 3636 requirunt
1037 3565 1390 3637 diligentiam.
1424 3566 1603 3622 Arbor
1624 3581 1752 3638 ergo
1779 3559 1902 3632 ista,
1931 3567 2046 3622 sive

465 3662 546 3717 tu,
585 3653 698 3710 sive
749 3669 872 3726 ego,
914 3655 1029 3711 sive
1068 3655 1304 3724 utrique,
1337 3655 1449 3709 sive
1476 3655 1722 3725 quilibet,
1769 3656 1854 3712 cui
1905 3655 2043 3727 ipsa,

457 3758 583 3815 qum
610 3744 678 3798 de
705 3759 769 3798 ea
801 3743 1132 3811 referuntur,
1151 3752 1475 3817 congruunt,
1504 3736 1595 3809 sit,
1620 3745 1896 3802 videamus
1917 3746 2049 3818 quid

461 3834 541 3890 illi
569 3836 877 3908 contigerit.
924 3837 1101 3904 Venit,
1135 3839 1328 3908 inquit,
1358 3856 1594 3908 qumrens
1629 3840 1857 3908 fructum
1883 3841 1939 3896 in
1959 3858 2045 3909 ea,

466 3934 517 3981 et
542 3942 646 3981 non
666 3927 856 3983 invenit
905 3927 1059 3999 (Luc.
1086 3945 1207 3995 xm,
1234 3928 1309 3999 6).
1353 3928 1486 3996 Quis
1516 3930 1702 3984 venit?
1730 3929 1844 3995 llle,
1892 3930 2047 4001 cujus

465 4027 583 4073 erat
612 4018 796 4085 vinea,
825 4019 977 4089 cujus
997 4030 1052 4075 et
1082 4010 1232 4077 tiens.
1265 4020 1321 4083 Si
1352 4031 1407 4076 tu
1444 4022 1596 4086 licus,
1645 4035 1778 4093 ergo
1815 4022 1924 4089 ille,
1952 4023 2046 4094 qui

463 4118 518 4166 te
550 4110 834 4180 plantavit,
864 4122 947 4168 est
976 4114 1085 4184 7o
1115 4113 1409 4170 Dominus:
1439 4115 1641 4170 etenim
1686 4115 1819 4185 ipse,
1856 4114 2042 4189 Vinea,

464 4201 667 4272 inquit,
691 4219 805 4258 mea
833 4202 1017 4271 electa,
1039 4220 1133 4275 ego
1158 4213 1207 4257 te
1224 4203 1457 4274 plantam“
1507 4203 1646 4272 (Jer.
1666 4220 1728 4271 ιι,
1757 4204 1869 4277 2i).
1892 4202 2047 4272 Quod

467 4293 513 4348 si
536 4308 643 4350 non
668 4295 869 4362 credis,
907 4297 1059 4352 adest
1078 4296 1353 4368 parabola,
1383 4311 1502 4367 qua:
1519 4296 1802 4368 approbet,
1825 4298 2047 4355 alterius

463 4384 733 4443 lectionis.
762 4387 954 4453 Vinea,
1007 4387 1063 4459 in
1103 4403 1207 4458 qua
1239 4398 1287 4443 te
1316 4388 1595 4460 plantavit,
1646 4397 1731 4446 est
1758 4388 2039 4456 Ecclesia;

463 4479 615 4535 venit
637 4494 888 4551 quatreus
923 4477 1159 4537 fructum
1191 4482 1245 4536 iu
1293 4449 1363 4546 te,
1396 4489 1452 4537 et
1479 4496 1586 4536 non
1617 4482 1823 4538 invenit
1854 4499 1867 4536 :
1910 4490 2043 4551 quot
2072 4449 2123 4510 υ

463 4571 676 4627 vicibus
708 4570 911 4644 [supple
941 4574 1197 4644 venerit],
1254 4573 1367 4644 ipse
1403 4574 1568 4628 dicat.
1614 4572 1730 4635 Non
1776 4573 1920 4628 enim
1959 4572 2049 4629 hic

460 4661 663 4733 aliquid
708 4663 975 4718 violenter
1002 4677 1071 4717 ex
1119 4677 1207 4719 me
1253 4662 1497 4734 proferre
1526 4673 1618 4717 aut
1655 4663 1857 4734 tingere
1902 4662 2044 4728 volo,

468 4768 537 4810 ne
577 4769 684 4808 nou
732 4763 912 4809 certus
958 4754 1280 4826 disputator,
1317 4755 1411 4810 sed
1452 4755 1662 4823 ineptus
1692 4770 1720 4807 a
1763 4753 2049 4822 tejudicer

464 4846 753 4904 fabulator.
779 4848 924 4903 Dixit
951 4855 1131 4902 autem
1153 4845 1219 4900 ad
1242 4847 1505 4901 cultorem
1534 4844 1736 4898 vinea):
1766 4843 1899 4896 Ecce
1919 4843 2045 4896 armi

539 5058 688 5130 (107)
723 5058 999 5116 Iudicatur
1023 5058 1318 5115 Sabbatum
1347 5068 1584 5129 quatuor
1616 5066 1925 5130 temporum
1957 5057 2047 5112 Se-

466 5127 753 5180 ptembris.
802 5146 909 5180 ano
961 5130 1296 5180 evangelium
1347 5127 1412 5180 de
1460 5130 1542 5180 ﬁci
1588 5129 1780 5180 arbore
1829 5127 2042 5180 lenitur.

2155 3192 2312 3262 ritur,
2345 3196 2691 3269 suifragando
2722 3196 2864 3254 valet
2892 3198 3123 3269 aperire.
3153 3196 3273 3254 Jam
3302 3196 3448 3252 enim
3469 3196 3546 3267 illi
3566 3197 3741 3270 Vinea

2154 3288 2281 3344 ntali
2312 3287 2566 3354 cultores,
2608 3288 2699 3359 qui
2731 3304 2838 3345 non
2884 3288 3059 3346 solum
3092 3288 3316 3344 reddere
3362 3285 3600 3343 fructum
3640 3276 3740 3342 no;-

2151 3379 2389 3445 lucrunt,
2421 3380 2514 3436 sed
2543 3380 2705 3436 etiam
2759 3394 2949 3457 servos
2985 3380 3217 3436 diversis
3264 3377 3474 3450 injuriis
3515 3376 3739 3435 allectos

2153 3470 2492 3536 occiderunt,
2526 3469 2743 3539 insuper
2766 3478 2822 3526 et
2854 3472 2921 3526 ab
2943 3470 3058 3540 ipso
3104 3470 3213 3525 lilio
3238 3485 3430 3526 manus
3457 3470 3738 3525 continere

2153 3565 2462 3627 noluerunt,
2496 3562 2636 3637 male
2673 3572 2799 3618 sunt
2826 3562 3042 3632 perditi.
3070 3560 3192 3616 Jam
3244 3560 3397 3616 vinea
3449 3560 3625 3617 locata
3650 3568 3741 3635 est

2155 3654 2434 3724 apostolis,
2461 3668 2756 3723 eorumque
2782 3650 3187 3725 successoribus
3203 3649 3493 3721 episcopis,
3515 3642 3738 3731 presby4

2155 3749 2309 3812 teris,
2347 3748 2668 3816 casterisque
2709 3735 2989 3802 ordinibus
3030 3744 3221 3809 sacris,
3250 3740 3341 3813 qui
3372 3741 3593 3814 singuli,
3637 3738 3736 3812 pro

2150 3854 2251 3896 suo
2274 3839 2502 3911 quisque
2546 3846 2706 3913 captu
2740 3836 2819 3893 vel
2849 3837 3174 3901 ministerio,
3197 3835 3371 3890 cidem
3401 3834 3733 3900 insistentes,

2151 3924 2432 3986 dominum
2473 3929 2666 3994 vineae,
2705 3938 2767 3982 ut
2813 3926 3017 3992 veniat,
3072 3924 3470 4003 prarstolantur,
3522 3940 3632 3981 non
3680 3934 3737 3983 ut

2152 4022 2327 4078 malos
2351 4020 2492 4075 male
2522 4020 2731 4092 perdat,
2765 4018 2859 4075 sed
2886 4027 2945 4087 ut
2966 4017 3202 4073 fructum
3223 4014 3624 4085 bcneplacitnm
3650 4004 3735 4071 reé

2153 4113 2380 4191 cipiens,
2412 4112 2585 4167 bonos
2608 4109 2888 4191 operarios
2930 4108 3161 4183 benigna
3188 4107 3435 4178 largitate
3478 4121 3732 4162 remune-

2095 4234 2108 4250 -
2153 4186 2260 4261 ret.
2306 4205 2507 4259 Horum
2537 4213 2719 4257 autem
2758 4186 3119 4272 aliquis'quis
3163 4192 3254 4265 sit,
3284 4200 3419 4270 sive.
3448 4198 3735 4268 episcopus

2152 4295 2385 4360 scilicet,
2411 4295 2525 4349 sive
2544 4294 2848 4365 presbyter,
2873 4293 2964 4362 qui
2996 4302 3047 4347 te
3071 4291 3422 4347 excolendum
3456 4282 3730 4359 suscepit,

2150 4402 2258 4443 non
2279 4388 2345 4441 ad
2368 4401 2454 4441 me
2481 4386 2730 4457 pertinet.
2766 4385 2881 4457 Ipse
2909 4385 3011 4454 71
3037 4388 3216 4439 autem
3244 4383 3313 4439 de
3339 4393 3391 4438 te
3411 4382 3726 4453 alloquitur,

2150 4488 2204 4536 et
2224 4488 2276 4534 te
2304 4477 2543 4534 fructum
2570 4472 2675 4533 non
2724 4477 2937 4532 dedisse
2989 4476 3361 4545 conqueritur,
3402 4489 3525 4529 cum
3554 4488 3732 4529 mores

2151 4580 2274 4627 tuos
2296 4571 2347 4625 ei
2390 4562 2789 4633 demonstrans,
2820 4579 2872 4622 te
2896 4566 3382 4640 inconvertibilcm,
3426 4567 3626 4636 diuque
3653 4566 3732 4621 inv

2155 4659 2492 4717 fructuosum
2517 4675 2639 4716 esse
2687 4659 2888 4714 fatetur
2913 4674 3017 4714 non
3065 4657 3238 4715 solum
3267 4673 3366 4711 suo
3394 4673 3514 4721 ore,
3556 4657 3607 4712 id
3649 4666 3730 4712 est

2157 4753 2562 4823 Scripturarutn
2612 4767 2764 4816 voce,
2811 4750 2902 4805 scd
2956 4760 3012 4806 et
3056 4760 3146 4805 tua
3196 4752 3529 4820 Operatione.
3575 4749 3727 4811 Ecce,

2152 4844 2351 4914 inquit,
2378 4853 2483 4899 tres
2503 4854 2620 4898 sunt
2647 4844 2792 4907 anni,
2820 4859 2887 4899 ea:
2927 4860 3030 4912 quo
3054 4843 3199 4898 venio
3227 4859 3465 4908 qua'rens
3504 4844 3725 4907 [ructant

2154 5057 2420 5127 sialiquid
2452 5057 2573 5110 bene
2604 5055 2844 5127 iurenim'
2867 5070 2910 5127 si.
2945 5051 3099 5120 Quod
3128 5056 3416 5127 enimtelc.

2229 5124 2378 5180 tllbl
2417 5128 2700 5180 Construe.
2752 5124 2957 5176 Etenim
3006 5135 3235 5180 uoteram
3291 5124 3396 5180 ian:
3442 5133 3725 5178 monstrare
