4018 5406
244 333 351 404 ειδ

1223 327 1789 398 ΡῐιᾹίίιΟΟυΙΟΒυΜ
1833 327 2008 382 LIBRI
2050 325 2445 381 SEX—LIB.
2487 323 2549 379 ll.

3402 317 3507 372 2M

243 449 298 500 in
326 445 556 515 ﬁculnea
581 445 702 509 hac,
729 456 775 500 et
799 463 898 501 non
935 448 1134 502 inreuio
1188 447 1337 518 (Luc.
1368 465 1465 512 vn,
1495 448 1570 516 7).
1602 445 1724 501 Haec
1749 445 1828 499 di-
1857 447 1905 507 Α
1933 460 2096 514 usque
2119 445 2243 498 dum
2289 444 2486 512 fodiam
2532 442 2670 495 circa
2707 438 2877 503 illam,
2911 447 2958 490 et
3006 436 3206 490 mittam
3237 441 3466 489 stercora
3492 452 3510 497 ;

246 545 466 600 emitur,
498 536 628 590 dum
650 535 825 591 cultor
853 538 926 591 lui
955 538 1136 593 cordis
1159 540 1210 592 in
1237 549 1285 593 te
1317 538 1579 608 conspicit
1601 554 1683 603 ea,
1709 553 1828 606 qua:

248 619 476 678 Domino
495 624 723 680 docente
740 627 1016 696 cognoscit
1041 627 1501 696 reprehensibilia.
1529 625 1678 680 Tunc
1701 641 1800 679 con
1815 655 1829 664 -

247 724 566 783 querentem
597 729 762 784 super
785 723 836 770 te
879 716 1029 770 audit
1062 717 1260 786 ipsum,
1290 717 1376 770 cui
1416 718 1687 771 detrectas
1717 714 1827 768 fru-

246 815 391 867 ctum
425 803 642 859 deferre
693 820 935 875 operum.
969 806 1134 860 Annis
1163 816 1342 861 autem
1379 816 1617 878 tempora
1654 805 1828 860 :etatis

247 896 571 967 signiﬁcari,
605 898 744 953 sicut
773 908 828 952 et
849 897 956 952 alio
985 898 1257 967 Evangelii
1289 898 1405 953 loco
1433 899 1577 952 horis
1608 896 1826 965 (Matth.

246 1005 334 1053 xx,
364 988 546 1057 δοιοὶ),
578 988 622 1043 si
665 989 921 1058 denegas,
951 999 1077 1043 sunt
1116 989 1282 1044 multa
1313 1005 1432 1058 quae
1484 989 1577 1043 tibi
1610 989 1829 1043 obvieut

244 1081 579 1134 testimonia.
612 1078 688 1135 Ne
718 1080 921 1151 itaque,
948 1082 1073 1135 dum
1119 1081 1267 1149 illud,
1299 1082 1438 1136 unde
1466 1081 1666 1136 nullum
1694 1095 1829 1148 opus

243 1179 325 1235 est
371 1183 565 1240 gerere
593 1169 929 1239 scrupulum,
988 1171 1314 1224 testimoniis
1351 1171 1567 1241 cingere
1606 1185 1828 1239 operam

243 1262 458 1325 damus,
495 1260 706 1315 tardius
747 1261 872 1318 illuc
927 1263 1206 1333 contingat
1249 1263 1487 1327 evenire,
1522 1277 1628 1332 quo
1681 1262 1829 1316 festi-

246 1367 456 1420 namus,
499 1353 643 1408 scias
677 1354 846 1407 tribus
881 1354 1210 1426 temporibus
1243 1364 1460 1410 aetatum
1492 1356 1826 1410 Dominicum

243 1444 345 1512 iam
377 1445 472 1498 tibi
505 1445 650 1498 θάτιιι
687 1461 745 1498 se
768 1447 1078 1501 adventum.
1109 1448 1267 1503 Venit
1308 1447 1452 1502 enim
1484 1449 1548 1501 ad
1583 1457 1632 1502 te
1661 1448 1710 1501 in
1750 1447 1830 1500 in-

244 1533 412 1587 fantia
443 1543 497 1588 et
524 1537 778 1604 pueritia,
834 1545 891 1597 ιιι
917 1552 1082 1591 unum
1128 1552 1226 1608 pro
1271 1537 1355 1592 sui
1384 1538 1663 1593 vicinitate
1689 1538 1831 1592 acci-

242 1623 382 1694 pias,
436 1624 616 1678 damlo
650 1624 977 1694 baptismum
1009 1635 1059 1681 et
1091 1626 1449 1682 ministrando
1479 1627 1826 1692 intellectum,

241 1703 534 1793 praebendo
567 1713 872 1784 magistros,
907 1725 962 1769 et
987 1715 1196 1770 fructus
1227 1718 1562 1788 exquirendo
1583 1717 1827 1772 collatos.

1931 545 1978 588 et
2025 537 2069 588 si
2097 534 2305 604 quidem
2336 533 2514 601 fecerit
2558 532 2821 601 fructum;
2866 530 2947 582 sin
2987 535 3184 591 autem,
3232 526 3286 578 in
3330 524 3510 594 futuro

1929 626 2162 680 surcidcs
2201 641 2316 678 eam
2365 623 2518 692 (Luc.
2550 621 2742 686 xln,8,
2778 620 2854 690 9).
2901 618 2944 673 Ο
2986 631 3149 687 quam
3180 614 3346 669 breve
3386 628 3507 684 spa-

1931 716 2099 769 tium!
2141 729 2174 768 ο
2216 728 2378 783 quam
2418 710 2708 776 sufficiens,
2752 711 2796 766 si
2847 706 3226 764 convertarisl
3263 721 3296 760 o
3345 719 3508 774 quam
3533 699 3544 742 '-

1929 807 2188 871 subitum,
2215 807 2259 862 si
2285 805 2569 870 avertaris,
2616 805 2724 859 imo
2769 805 2812 859 si
2858 803 3116 873 persistas
3165 799 3220 854 in
3258 798 3379 863 hac,
3403 813 3511 868 qua

1933 907 1984 951 te
2016 897 2240 963 invenit,
2273 899 2471 952 duritia
2501 897 2708 951 cordis!
2741 894 2845 950 Sed
2875 909 2940 949 ne
2960 895 3132 959 dicas,
3164 905 3251 948 me
3277 891 3367 946 hic
3391 891 3509 945 vio-

1929 988 2104 1044 lenter
2136 1005 2335 1044 annum
2363 1003 2460 1058 pro
2507 1002 2648 1041 anno
2679 985 2942 1054 accipere,
2975 999 3097 1038 cum
3145 980 3392 1052 superius
3420 995 3515 1033 an-

1932 1096 2056 1133 num
2095 1080 2325 1134 dixerim
2371 1095 2468 1150 pro
2499 1088 2658 1134 mtate
2695 1095 2709 1142 ;
2768 1077 3050 1132 considera
3097 1085 3152 1132 et
3203 1075 3314 1141 hic,
3362 1088 3511 1144 rogo,

1929 1182 2141 1226 atatem
2190 1181 2359 1236 tuam,
2410 1172 2586 1242 cogita
2639 1180 2898 1240 quantum
2945 1169 3165 1233 vixeris,
3197 1175 3251 1224 et
3295 1166 3438 1228 vide,
3467 1164 3515 1220 si

1930 1262 2106 1316 adhuc
2129 1271 2259 1317 actas
2291 1270 2367 1318 tot
2393 1261 2674 1331 promittat
2698 1261 2870 1332 spatia
2899 1259 3155 1329 temporis
3182 1275 3196 1322 ;
3224 1272 3348 1312 cum
3371 1271 3511 1327 prm-

1930 1354 2115 1408 scrtim
2145 1363 2198 1408 et
2228 1354 2280 1408 in
2323 1353 2453 1423 ipsis
2492 1353 2788 1409 infantibus
2817 1353 3057 1409 incertus
3084 1351 3175 1417 sit,
3203 1351 3325 1422 quia
3375 1363 3514 1418 saepe

1930 1447 2270 1511 immaturus,
2321 1447 2498 1501 exitus
2553 1447 2760 1501 mortis.
2809 1444 3017 1516 Cogita,
3071 1444 3194 1514 quia
3247 1458 3352 1497 non
3396 1441 3513 1494 sine

1931 1554 2093 1593 causa
2119 1548 2280 1593 certa:
2335 1539 2561 1601 rationis
2586 1539 2894 1593 silicernius
2925 1537 3072 1608 (“5)
3117 1537 3171 1589 in
3219 1536 3320 1588 ista
3357 1540 3515 1587 :etate

1931 1629 2162 1693 vocaris,
2191 1629 2287 1709 sed
2311 1640 2364 1684 ut
2389 1629 2734 1684 admonearis
2755 1628 2993 1683 debitum
3026 1629 3183 1680 linem
3215 1625 3510 1682 attendere.

1935 1728 2085 1773 tanto
2108 1718 2314 1776 scilicet
2345 1719 2626 1783 attentius,
2656 1727 2860 1788 quanto
2886 1719 3056 1789 magis
3084 1726 3168 1772 est
3205 1715 3512 1786 contiguus.

221 1801 384 1869 Quid
410 1804 684 1870 retuleris,
728 1805 842 1876 ipse
870 1807 1064 1862 melius
1094 1809 1253 1863 nosti.
1303 1810 1462 1864 Venit
1489 1811 1723 1866 secundo
1775 1811 1825 1865 iu
1861 1810 1903 1869 Β
1932 1809 2107 1863 [‘ouas
2131 1819 2254 1864 ante
2282 1809 2488 1874 oculos,
2514 1826 2620 1879 quo
2646 1811 2770 1865 hinc
2800 1809 3069 1864 excedens
3097 1807 3296 1878 suscipi
3320 1806 3517 1862 debeas

244 1893 608 1964 adolescentia
635 1907 689 1953 et
713 1897 998 1977 iuventute
1027 1901 1352 1958 cumulando
1402 1904 1827 1975 intelligentiam,

244 1987 494 2054 augendo
517 1988 677 2053 dona,
713 1989 1034 2059 requirendo
1073 1993 1304 2057 merita;
1333 2002 1385 2048 et
1435 2002 1558 2048 tunc
1585 1994 1713 2064 quid
1743 2012 1830 2049 τρο·

243 2079 515 2148 ponderis,
541 2080 726 2143 credo,
749 2082 875 2150 quia
903 2082 1114 2137 recolis.
1139 2081 1308 2138 Adest
1332 2100 1473 2139 mme
1495 2085 1641 2156 (112)
1669 2103 1682 2149 ;
1713 2086 1831 2140 vide

245 2169 371 2237 quid
409 2169 600 2226 fat-ias.
643 2170 770 2225 Vult
806 2173 951 2250 enim
983 2180 1036 2227 te
1072 2173 1372 2230 succidere.
1418 2175 1482 2228 Et
1534 2191 1601 2229 ne
1635 2176 1830 2230 lenoci-

243 2260 390 2315 neris
422 2261 540 2325 tibi,
570 2261 712 2332 quod
745 2263 789 2319 si
826 2264 1042 2330 excisus
1068 2262 1252 2326 fueris,
1295 2281 1480 2320 rursus
1499 2268 1748 2338 erigaris,
1773 2277 1830 2322 ut

245 2353 329 2406 illa
358 2353 507 2424 (“5)
542 2356 811 2426 superius,
842 2366 961 2426 post
986 2359 1352 2427 septennium;
1379 2358 1480 2412 alia
1508 2360 1606 2414 fuit
1632 2361 1718 2415 illa
1745 2378 1828 2414 ar-

242 2445 364 2509 bor,
397 2446 502 2499 alia
528 2455 607 2500 tu:
639 2447 754 2501 Non
786 2448 886 2502 fuit
918 2448 1004 2504 illa'
1038 2425 1194 2514 licug,
1221 2451 1316 2504 sed
1365 2451 1582 2515 cedrus,
1619 2468 1716 2507 nec.
1761 2455 1826 2509 de

243 2536 421 2590 cedris
464 2535 676 2600 Libani,
713 2554 846 2608 quas
892 2522 1153 2610 plantavit
1204 2540 1460 2596 Dominus
1515 2539 1686 2611 tiPsal.
1713 2559 1826 2611 cut,

246 2623 354 2695 16),
381 2625 474 2679 sed
505 2625 570 2680 de
604 2626 726 2693 illis,
769 2631 834 2694 de
872 2629 1068 2698 quibus
1110 2630 1312 2685 dictum
1353 2639 1434 2686 est
1468 2650 1479 2685 :
1524 2631 1827 2704 Confrmget

243 2717 500 2773 Dominus
531 2721 714 2774 cedros
744 2720 930 2776 Libani
978 2720 1151 2792 (Psal.
1202 2739 1393 2788 xxvul,
1420 2725 1509 2796 5};
1562 2726 1688 2794 quia
1727 2728 1827 2782 etsi

242 2806 480 2879 Libanus
507 2810 813 2864 candidatio
835 2811 1237 2882 interpretatur,
1265 2823 1388 2868 sunt
1413 2823 1588 2869 tamen
1612 2816 1827 2884 quidam

242 2902 388 2953 velut
440 2902 686 2972 sepulcra
742 2903 1008 2970 dealbata,
1057 2906 1254 2976 quibus
1317 2903 1407 2959 Va:
1438 2906 1567 2962 dicit
1617 2907 1828 2963 Veritas

241 2991 355 3059 ipsa
389 2991 606 3064 (Matth.
637 3010 798 3060 xxm,
824 2996 914 3066 27)
943 3015 954 3049 :
992 3012 1097 3051 non
1131 2999 1279 3053 stetit
1312 2998 1425 3054 haec
1447 3001 1642 3054 cedrus
1671 3000 1721 3054 in
1750 3001 1830 3056 vi-

242 3092 390 3152 neto,
418 3085 510 3139 sed
536 3085 588 3138 iu
613 3102 828 3156 campo.
869 3087 1041 3144 Crede
1066 3089 1196 3144 mihi
1235 3090 1320 3145 :si
1359 3090 1694 3146 incorrectus
1732 3107 1826 3146 ex-

1935 1905 2154 1974 taphum
2187 1903 2331 1974 (116)
2358 1921 2370 1968 ;
2411 1903 2478 1958 ab
2501 1904 2774 1957 obtutibus
2809 1918 2913 1958 non
2943 1901 3157 1957 recedat
3179 1899 3513 1970 sepulcrum;

1932 2012 1961 2049 a
1992 1997 2341 2050 meditatione
2379 2012 2444 2049 ne
2471 1995 2713 2066 aufugiat
2735 1995 2994 2049 memoria
3021 2002 3390 2064 peccatorum,
3410 1991 3518 2046 im-

1933 2087 2165 2141 manitas
2192 2103 2498 2157 pmnarum,
2552 2087 2781 2141 formido
2831 2088 3234 2156 suppliciorum,
3279 2093 3520 2140 contem-

1931 2175 2332 2246 platiojudicis,
2360 2178 2629 2232 sententia
2674 2178 2763 2231 illa
2808 2179 2992 2232 ultima
3021 2187 3238 2232 interna:
3261 2176 3518 2247 perditio-

1933 2268 2035 2322 nis.
2079 2268 2192 2322 Hoc
2243 2279 2330 2322 est
2374 2271 2516 2326 enim
2567 2278 2798 2335 stercus,
2847 2286 2952 2348 quo
3004 2271 3069 2323 ad
3125 2278 3324 2324 statum
3362 2277 3517 2340 potes

1934 2359 2117 2413 revehi
2146 2357 2488 2430 pinguedinis
2519 2375 2532 2424 ;
2564 2360 2677 2414 haec
2725 2358 2865 2416 fossa
2904 2359 3241 2425 humilitatis,
3268 2375 3372 2430 qua
3406 2359 3518 2412 fru-

1932 2461 2077 2506 ctum
2135 2451 2340 2506 referre
2391 2451 2574 2506 valeas
2623 2453 2726 2522 piae
2772 2452 3120 2521 operationis,
3155 2451 3407 2505 videlicet
3459 2460 3518 2504 ιιι

1931 2541 2264 2598 conscientia
2296 2543 2580 2612 pravitatis
2604 2550 2785 2613 tangat
2810 2543 3123 2597 memoriam
3153 2540 3514 2613 cogitationis,

1931 2641 1985 2688 et
2005 2634 2282 2703 plangens,
2309 2635 2450 2704 quod
2487 2644 2536 2688 te
2563 2634 2753 2690 iecisse
2777 2634 2986 2696 recolis,
3020 2633 3086 2688 ad
3127 2632 3512 2689 fecunditatem

1931 2724 2114 2795 operis
2160 2738 2258 2795 per
2279 2725 2638 2780 defossionem
2671 2725 3048 2788 confessionis,
3077 2735 3133 2780 et
3175 2723 3512 2794 coutempla~

1933 2815 2134 2869 tionem
2167 2813 2346 2870 fetida:
2384 2815 2713 2885 operationis
2737 2816 2888 2870 radix
2915 2816 2988 2870 tui
3015 2815 3200 2870 redeat
3229 2815 3426 2870 cordis.

2002 2908 2091 2962 55.
2125 2906 2189 2960 Ει
2237 2923 2303 2960 ne
2336 2915 2546 2976 tempus
2587 2915 2837 2961 exactura
2871 2907 3094 2960 nimium
3120 2905 3512 2976 longissimum,

1933 2997 2207 3052 residuum
2238 3006 2417 3051 autem
2454 2997 2519 3050 ad
2541 2997 2912 3067 pmnitentiam
2943 2997 3239 3060 :estimans,
3265 2997 3516 3064 desperes

1931 3087 2349 3153 brevissimum;
2389 3103 2582 3157 precor
2627 3097 2695 3150 te,
2727 3087 3008 3142 considera
3064 3085 3250 3150 David,
3307 3086 3517 3140 intuere

242 3177 461 3258 cidcris,
493 3161 676 3233 statim
709 3181 760 3233 in
791 3181 968 3252 ignem
1001 3182 1250 3238 mitteris.
1277 3183 1394 3237 .lam
1418 3185 1562 3239 enim
1589 3187 1827 3241 minatus
1855 3165 1899 3226 (ἶ
1931 3180 2236 3246 Ζειεὺωυῐην
2261 3188 2317 3235 ει
2351 3182 2395 3235 Si
2433 3192 2515 3236 εει
2542 3181 2682 3236 unde
2722 3179 2970 3252 [δαὺααάί
2999 3177 3277 3250 ΓθάίῐηεεῚν
3303 3177 3516 3233 Ῐῐῐιίίπο

241 3278 324 3325 est
361 3269 763 3328 Paterfamilias
815 3275 1046 3330 dicens:
1115 3275 1298 3331 Omnis
1352 3278 1528 3340 arbor,
1577 3297 1693 3350 quae
1725 3297 1825 3333 non

243 3358 385 3427 facit.
396 3359 628 3430 fructum
659 3363 872 3428 bonum,
911 3366 1182 3420 excidatur
1217 3377 1262 3420 et
1305 3370 1356 3421 in
1400 3370 1568 3438 ignem
1600 3369 1827 3424 mittetur

241 3449 456 3521 (Matth.
491 3469 578 3518 ιιι,
610 3454 720 3524 10).
779 3454 930 3510 Tunc
972 3458 1392 3526 exspectabatur
1438 3461 1630 3530 gratia,
1668 3461 1826 3516 modo

243 3543 590 3611 praestolatur
636 3544 922 3616 judicium.
960 3548 1052 3618 Ille
1075 3551 1199 3617 quia
1231 3567 1492 3622 paganus,
1521 3564 1698 3608 tamen
1733 3553 1826 3608 ali-

239 3633 363 3702 quid
388 3637 516 3690 boni
540 3636 748 3693 habens
774 3641 1219 3694 remunerabatur
1249 3642 1298 3694 in
1329 3644 1600 3712 pra-senti,
1627 3652 1684 3697 ut
1707 3660 1827 3698 cru-

239 3724 480 3793 ciaretur
509 3727 563 3781 in
601 3729 987 3798 sempiternum
1021 3747 1034 3793 ;
1070 3738 1123 3784 tu
1148 3733 1272 3801 quia
1308 3732 1668 3798 Christianus,
1703 3734 1828 3790 licet

237 3818 534 3889 negligens,
565 3820 829 3890 exigeris,
852 3830 910 3875 ιιι
941 3822 1029 3884 hic
1065 3832 1115 3878 te
1141 3832 1332 3892 sponte
1357 3825 1634 3894 corrigens
1676 3827 1826 3882 vivas

238 3912 290 3983 in
338 3921 627 3966 mternum.
686 3912 750 3968 Et
786 3913 900 3968 haec
931 3914 1147 3983 quidem
1183 3915 1361 3970 omnia
1411 3931 1477 3970 ex
1529 3917 1819 3987 superﬂuo,

237 4019 358 4058 cum
387 4003 479 4059 illa
504 4005 713 4061 excisio
733 4005 862 4060 nihil
893 4005 1056 4061 fuerit
1084 4008 1228 4063 aliud
1255 4009 1355 4064 nisi
1382 4010 1529 4081 regni
1552 4017 1606 4063 et
1633 4024 1825 4066 sensus

238 4095 508 4162 amissio;
546 4104 636 4151 tua
687 4103 868 4152 autem
911 4097 1046 4164 haec,
1095 4098 1160 4152 de
1202 4114 1310 4169 qua
1349 4099 1439 4155 hic
1487 4099 1702 4166 dicitur,
1753 4099 1823 4154 sit

237 4188 434 4242 anima:
461 4188 708 4253 amissio,
753 4196 809 4243 et
843 4188 1034 4244 mortis
1065 4189 1261 4244 subitio
1307 4189 1383 4262 [id
1409 4201 1482 4244 est
1539 4189 1821 4262 incursio],

236 4293 355 4347 qua:
382 4279 427 4332 si
458 4279 597 4334 bona
625 4277 815 4350 fuerit,
844 4294 950 4334 non
981 4287 1065 4334 est
1091 4296 1252 4342 mors,
1281 4281 1374 4336 sed
1413 4281 1608 4336 natalis
1637 4281 1818 4352 (liti);

235 4368 318 4423 sin
340 4368 506 4432 mala,
536 4369 643 4423 erit
671 4383 820 4423 mors
849 4370 1187 4433 immortalis,
1213 4369 1456 4425 defectus
1485 4370 1820 4436 indeliciens,

235 4458 466 4528 perditio
493 4475 712 4530 semper
759 4475 1002 4526 manens,
1033 4462 1306 4530 corruptio
1334 4462 1701 4525 immutabilis,
1740 4462 1821 4515 lu-

1931 3272 2104 3342 ipsum
2139 3289 2152 3335 ;
2187 3273 2327 3340 quod
2358 3273 2400 3326 si
2425 3283 2532 3326 tam
2563 3288 2766 3343 pauper
2791 3289 2869 3332 cs.
2915 3282 2971 3325 ut
3001 3271 3151 3334 nihil,
3188 3271 3329 3324 unde
3360 3278 3411 3323 te
3435 3284 3516 3321 re.

1929 3364 2124 3430 dimas,
2182 3364 2406 3428 habeas,
2445 3373 2500 3418 et
2547 3376 2655 3418 tam
2705 3366 2882 3420 subito
2913 3375 2962 3420 te
2996 3364 3270 3434 intercipit
3325 3364 3514 3417 mortis

1927 3471 2104 3519 casus,
2151 3455 2365 3510 imitare
2391 3456 2536 3509 illum
2570 3456 2783 3509 beatum
2808 3456 3095 3518 latronem,
3127 3455 3336 3509 diutino
3370 3454 3512 3525 [sub—

1927 3550 2056 3604 audi
2091 3548 2350 3620 tempore]
2384 3549 2673 3612 latronem,
2695 3548 2872 3603 subito
2896 3548 3288 3608 confessorem,
3335 3546 3512 3599 subito

1928 3648 2225 3710 martyrem
2263 3657 2277 3704 ;
2313 3639 2400 3692 diu
2435 3637 2782 3700 homicidam,
2821 3636 2962 3691 illico
2997 3637 3230 3705 paradisi
3257 3634 3508 3688 incolam.

1930 3729 2146 3783 Imitare
2172 3728 2438 3783 Ninivitas
2469 3739 2782 3784 veternosos
2828 3738 3009 3782 reatus
3051 3728 3294 3782 triduana
3343 3727 3514 3797 paeni-

1931 3820 2099 3874 tentia
2151 3819 2392 3874 delentes
2442 3818 2587 3888 (Jan.
2642 3835 2723 3879 ιιι,
2769 3818 2938 3889 4ο10).
2991 3816 3281 3872 Ιιιριῖιιιιὶιίδ
3343 3818 3508 3880 enim,

1929 3909 2354 3979 inexcogitabilis
2377 3920 2429 3964 et
2453 3910 3010 3978 incomprehensibilis
3036 3917 3119 3963 est
3151 3908 3364 3963 bonitas
3401 3923 3510 3961 mc~

1927 4001 2032 4054 dici
2063 4000 2320 4064 cmlestis,
2346 4016 2488 4056 nunc
2524 4000 2659 4054 alios
2685 4001 2859 4071 longa,
2891 4017 3032 4054 nunc
3063 4001 3197 4055 alios
3228 3999 3506 4065 mediocri,

1928 4108 2072 4148 nunc
2095 4091 2227 4145 alios
2254 4089 2570 4145 brevissima
2603 4089 2994 4152 satislactione,
3026 4105 3212 4144 omnes
3240 4104 3368 4144 vero
3395 4087 3506 4144 sola

1928 4200 2039 4238 suzc
2071 4184 2258 4253 gratia:
2308 4182 2655 4253 benignitate,
2702 4183 2903 4237 nullum
2938 4200 3032 4238 sua
3061 4183 3240 4252 aliqua
3289 4183 3506 4238 salvans

1927 4276 2258 4345 operatione,
2291 4274 2430 4328 sicut
2460 4274 2655 4328 audisti
2688 4275 2738 4328 in
2767 4274 3012 4344 psalmo:
3055 4274 3196 4339 Quia
3227 4274 3411 4329 melior
3434 4286 3509 4329 est

1927 4365 2282 4420 misericordia
2323 4376 2413 4418 tua
2443 4381 2597 4435 super
2624 4367 2752 4420 vitas
2790 4364 2962 4435 (Psal.
3005 4380 3134 4427 Lxu,
3164 4365 3238 4434 4).
3281 4364 3336 4419 Si
3365 4367 3505 4420 cnim

1930 4467 2141 4527 tempus
2164 4459 2420 4528 suppetit,
2452 4459 2560 4512 vult
2596 4467 2652 4512 ut
2676 4459 2863 4527 longos
2885 4467 3096 4512 erratus
3129 4457 3286 4529 longa
3329 4475 3508 4514 mace-

235 4559 354 4605 ctus
376 4550 493 4607 sine
521 4550 915 4618 consolatione,
954 4553 1184 4624 gemitus
1221 4554 1338 4607 sine
1371 4554 1695 4621 cessatione,
1723 4569 1815 4609 ca-
1851 4538 1895 4596 D
1930 4549 2134 4603 ratione
2155 4555 2401 4620 castiges,
2446 4550 2585 4604 sicut
2625 4551 2756 4604 dicit
2795 4550 2861 4603 ad
2904 4551 3176 4604 animam:
3224 4549 3334 4622 Ego
3371 4554 3507 4604 enim

235 4639 446 4696 lamitas
465 4642 580 4698 sine
602 4642 731 4698 fine.

303 4730 392 4785 32.
423 4731 693 4788 Memento
721 4732 923 4803 itaque,
955 4743 1014 4788 ut
1053 4735 1230 4792 adhuc
1271 4737 1338 4790 de
1361 4736 1477 4807 ipso
1508 4736 1815 4808 Evangelio,

239 4821 376 4889 quod
407 4823 501 4878 tibi
525 4832 720 4890 restat,
753 4823 996 4892 eloquar,
1026 4826 1153 4896 quid
1201 4826 1290 4880 ille
1338 4836 1461 4882 tuus
1483 4828 1680 4894 cultor,
1705 4829 1819 4884 sive

238 4913 306 4966 sit
336 4913 639 4984 episcopus,
670 4914 789 4969 sive
823 4912 1016 4982 aliquis
1042 4930 1138 4984 pro
1169 4924 1218 4970 te
1254 4916 1421 4970 Deum
1451 4917 1556 4987 72
1603 4932 1819 4988 rogans,

234 5003 373 5064 dicat
397 5019 698 5080 patronus:
750 5007 996 5076 Domine,
1021 5010 1224 5064 dimitte
1247 5009 1394 5064 illam
1438 5023 1484 5064 et
1534 5012 1630 5065 hoc
1655 5029 1817 5079 anno,

267 5201 443 5324 "(th2
483 5203 669 5265 Nunc.
706 5201 764 5257 id
799 5208 882 5256 est
908 5201 961 5256 in
987 5213 1307 5270 senectute;
1346 5206 1433 5262 hic
1484 5205 1629 5260 enim
1660 5219 1818 5262 senes

300 5289 416 5324 Oﬂlll
446 5292 528 5324 111⁵-

233 5284 547 5406 milliaria
579 5343 701 5403 illa,
734 5340 942 5395 scilicet
961 5345 1141 5406 arbor,
1166 5360 1328 5406 uitam
1350 5346 1599 5406 superius
1623 5362 1689 5402 ex
1717 5347 1818 5402 Da-

1927 4640 2196 4694 astendam
2227 4641 2298 4705 ei,
2348 4650 2543 4711 quanta
2575 4651 2804 4709 oporteat
2843 4657 2959 4695 eum
3004 4642 3114 4711 pati
3157 4658 3250 4712 pro
3303 4641 3507 4694 nomine

1928 4749 2041 4787 meo
2070 4732 2210 4804 (Act.
2246 4748 2320 4799 ιιι,
2351 4732 2437 4801 16)
2465 4753 2476 4787 ;
2504 4733 2646 4803 quod
2676 4742 2758 4788 est
2799 4732 2924 4798 tale,
2959 4733 3111 4802 (ιιιθεί
3153 4732 3375 4794 diceret,
3414 4732 3506 4796 qui

1925 4825 2014 4880 diu
2043 4832 2228 4880 contra
2259 4840 2344 4880 me
2369 4825 2647 4894 pugnavit,
2678 4825 2879 4879 diutius
2923 4824 3064 4888 volo,
3109 4831 3166 4876 ut
3211 4832 3260 4878 et
3296 4837 3392 4890 pro
3421 4835 3505 4873 me

1924 4917 2179 4970 decertet.
2218 4915 2461 4985 Denique
2485 4915 2594 4985 iam
2619 4915 2788 4971 David
2814 4927 3093 4984 peccatum
3124 4915 3422 4977 dimiserat,
3455 4920 3508 4963 et

1923 5016 2102 5064 tamen
2157 5007 2272 5076 ejus
2327 5008 2493 5063 tilium
2540 5018 2729 5066 contra
2785 5009 2953 5079 ipsius
2996 5015 3174 5061 votum
3232 5005 3504 5090 occidens,

1921 5209 1974 5264 in
1996 5209 2271 5279 exsequiis
2307 5209 2685 5266 celebrabatur
2719 5207 2879 5262 Festo
2919 5215 3074 5279 ueste.
3113 5201 3381 5279 Silicernii
3406 5217 3506 5279 an-

1921 5289 2029 5336 tem
2059 5273 2304 5351 appellati
2347 5296 2527 5347 senes,
2579 5287 2863 5351 propterea
2902 5275 3042 5351 quod
3090 5288 3189 5341 pro
3230 5273 3505 5342 decrepita

1920 5344 2104 5406 eorum
2129 5344 2295 5406 Eetate
2324 5351 2472 5404 brevi
2505 5344 2826 5406 silicernium
2848 5344 3111 5406 agendum
3148 5355 3287 5399 erat.
