4018 5406
554 251 660 308 215

1484 258 1815 317 RATHEBll
1854 257 2068 317 EPISC.
2110 259 2365 318 VERON.
2401 260 2552 318 OPP.
2593 262 2772 321 PARS
2809 263 2850 322 Ι.

3700 267 3797 329 216

555 377 715 415 auum
768 370 948 418 autem
990 372 1247 421 adversus
1283 379 1406 421 eum
1450 366 1585 441 erigi
1628 385 1832 437 smens,
1876 363 2205 443 populum]
2233 388 2411 442 Ignem
2440 389 2547 430 non
2578 357 2836 431 continuo
2873 374 3155 433 mittuntur
3192 392 3208 432 :
3251 373 3596 437 infructuosae
3619 390 3794 438 autem

555 464 822 520 sternens,
857 471 1069 525 poenam
1117 459 1292 514 adhuc
1321 475 1419 531 pro
1445 471 1668 530 peccato
1691 463 1939 521 intentat.
1975 461 2129 529 Quod

555 545 607 619 si
629 544 969 601 mediocritas
1016 547 1139 602 vitae
1173 551 1434 615 occurrit,
1484 552 1911 608 mediocritatem
1955 553 2135 623 pmni-p

555 636 740 692 tentia:
786 653 892 692 non
946 641 1124 695 renuit
1168 639 1417 713 [subaudi
1463 642 1652 716 Deus],
1702 653 1909 701 tantum
1948 656 2008 701 ut
2034 661 2130 701 vo-

557 728 735 783 iuntas
763 743 871 783 non
914 731 1018 801 73
1065 732 1374 797 mediocris,
1422 734 1515 790 sed
1554 736 1626 790 sit
1661 735 1951 802 immanis;
1985 737 2126 792 unde

552 819 688 874 satis
710 821 934 891 provide
955 838 984 877 a
1022 824 1223 880 sanctis
1249 823 1500 881 Patribus
1536 827 1683 897 (117)
1715 827 2020 885 institutum
2044 836 2128 885 est

553 908 606 960 in
636 911 815 966 causis
856 912 1231 981 pmnitentium
1257 929 1363 970 non
1410 924 1517 970 tam
1557 917 1885 972 considerari
1929 918 2127 973 debere

554 1016 863 1056 mensuram
916 1004 1194 1072 temporis,
1238 1020 1400 1075 quam
1451 1006 1673 1062 doloris.
1725 1007 1875 1075 Quod
1919 1007 1963 1062 si
2012 1007 2124 1077 ipsa

553 1090 686 1145 hora
718 1092 907 1146 ultima
961 1101 1014 1147 te
1047 1093 1226 1148 subito
1263 1094 1490 1162 invadit,
1542 1096 1666 1150 dum
1709 1097 1887 1151 adhuc
1930 1096 2123 1167 spiras,

550 1181 677 1235 dum
705 1183 952 1254 palpitas,
980 1185 1296 1254 quantulum
1350 1186 1513 1251 vales,
1560 1188 1746 1242 emitte
1774 1203 1960 1242 vocem
1992 1204 2124 1243 con-

550 1268 822 1334 fessionis,
857 1274 1117 1343 paeniteat
1170 1282 1221 1328 te
1262 1274 1387 1330 illuc
1418 1276 1629 1331 venisse
1673 1277 2014 1347 imparatum.
2044 1276 2125 1331 Ne

553 1368 728 1429 tamen
756 1362 1033 1433 desperes,
1061 1380 1128 1419 ne
1153 1364 1364 1419 dubites
1389 1383 1401 1422 :
1459 1364 1792 1427 conﬁdenter
1826 1365 2018 1431 clama,
2058 1381 2124 1423 ex

550 1459 665 1507 toto
694 1455 857 1509 corde
898 1456 1159 1525 supplica.
1199 1455 1360 1512 Videt
1389 1457 1478 1513 ille
1527 1458 1579 1512 in
1606 1458 1789 1524 corde,
1821 1459 2126 1518 considerat

550 1558 657 1613 quo
684 1543 877 1599 allectu
919 1545 1140 1601 clames.
1169 1545 1343 1604 Crede
1390 1547 1520 1603 mihi
1561 1548 1849 1612 veraciter,
1879 1548 1972 1603 tibi
1998 1562 2126 1619 pro-

550 1634 727 1700 mitto,
750 1635 876 1703 quia
905 1635 950 1690 si
981 1635 1197 1702 viderit,
1221 1636 1367 1707 quod
1396 1652 1503 1692 non
1531 1636 1752 1707 duplici,
1774 1636 1869 1693 sed
1894 1636 2121 1708 simplici

2232 461 2286 513 in
2332 461 2506 532 ignem
2550 462 2853 520 mittuntur.
2903 466 2979 520 De
3027 467 3239 523 caeteris
3288 477 3467 526 autem
3511 484 3679 540 opera
3724 472 3798 526 di—

2228 564 2407 615 versa,
2436 551 2685 606 utensilia
2725 553 2962 620 diversa,
3002 555 3184 610 vasula
3223 555 3357 611 ﬁunt
3393 557 3628 624 diversa,
3659 574 3801 628 quato

2229 644 2352 698 dam
2377 642 2538 699 etiam
2560 644 2781 714 optima,
2807 653 2861 699 et
2886 646 3207 715 quibusdam
3235 646 3359 704 licet
3383 648 3645 719 perraris,
3672 664 3802 703 aura

2228 731 2497 785 cbariora.
2545 731 2658 788 Hoc
2700 733 2794 788 tibi
2826 734 2945 789 ideo
2973 750 3221 806 suggero,
3251 736 3376 805 quia
3423 736 3537 791 scio
3563 737 3801 792 veracis-

2228 823 2385 889 sime,
2413 823 2554 893 quod
2586 824 2640 878 in
2676 824 2778 879 ista
2825 826 2983 891 hora,
3025 826 3080 881 in
3125 826 3227 882 isto
3254 842 3389 892 (evo,
3420 828 3471 882 in
3517 827 3619 883 ista
3642 843 3802 898 quam

2226 929 2369 969 nunc
2396 915 2539 985 geris
2562 923 2720 983 aetate
2747 916 2946 978 debeas
2979 917 3184 983 excidi;
3218 932 3317 975 nec
3345 917 3465 973 volo
3492 926 3552 974 ut
3589 918 3803 974 fomen-

2228 1013 2339 1059 tum
2379 1005 2538 1076 ignis,
2569 1007 2663 1064 sed
2694 1007 2943 1077 poculum
2971 1009 3107 1079 preti
3120 1007 3418 1065 )sissimum
3447 1010 3523 1065 sis
3554 1009 3609 1064 in
3641 1024 3801 1065 manu

2228 1094 2392 1166 Regis
2435 1095 2689 1151 caelestis.
2736 1095 2846 1168 74.
2889 1095 3038 1152 Unde
3083 1096 3170 1153 ille
3201 1096 3453 1153 Salomon
3487 1112 3614 1153 vere
3658 1098 3801 1168 ι)ξεί-

2227 1184 2382 1249 ﬁcus,
2411 1185 2501 1255 qui
2535 1185 2665 1240 facit
2691 1201 2878 1255 pacem
2909 1187 3049 1247 inter
3075 1203 3171 1249 nos
3199 1197 3254 1244 et
3288 1188 3478 1252 Deum,
3520 1196 3573 1243 et
3600 1188 3804 1245 contu:-

2226 1275 2435 1330 deravit
2463 1286 2660 1331 terram
2688 1275 3019 1343 coelestibus,
3045 1278 3299 1347 dignetur
3332 1278 3500 1334 libere
3540 1294 3605 1335 ea
3636 1281 3806 1351 parti-

2225 1365 2435 1435 cipibus
2463 1366 2574 1422 suis
2602 1377 2785 1439 potum
2819 1367 3035 1435 laetitiae,
3077 1368 3132 1431 id
3157 1378 3261 1433 est,
3288 1378 3392 1437 tute
3435 1370 3808 1432 conversionis

2224 1464 2280 1516 et
2309 1456 2499 1512 salutis
2525 1458 2717 1528 gaudia
2744 1458 3355 1529 prapinarc;.siqnidem
3393 1460 3535 1517 calix
3575 1458 3695 1528 ejus
3725 1462 3809 1516 iu-

2223 1543 2442 1601 cbrians
2483 1545 2637 1600 valde
2683 1547 2974 1617 praeclarus
3012 1556 3095 1603 est
3124 1546 3239 1620 (Ps.
3267 1564 3403 1614 χιιι,
3431 1548 3507 1617 5).
3541 1549 3671 1605 Haec
3713 1550 3806 1611 tibi

2224 1633 2436 1689 modica
2477 1634 2692 1705 quidem
2722 1644 2982 1705 quantum
3009 1637 3076 1691 ad
3107 1646 3252 1693 tuam
3293 1638 3605 1705 utilitatem,
3662 1636 3806 1703 suni-

551 1726 712 1782 corde
733 1728 1021 1796 paenitens,
1049 1736 1104 1785 et
1143 1729 1450 1786 conﬁtearis
1483 1731 1536 1786 in
1581 1731 1697 1801 ipso
1725 1731 1955 1795 articulo
1980 1747 2121 1787 mor—
2156 1726 2200 1788 Β
2224 1726 2421 1782 cientia
2453 1742 2582 1785 vero
2624 1736 2880 1803 quattlum
2924 1726 2989 1781 ad
3020 1736 3260 1787 nostram
3291 1728 3631 1793 vacationem
3662 1727 3809 1787 suﬂi-

551 1816 638 1881 tis,
667 1819 984 1875 medicinam
1016 1822 1258 1881 conferet
1295 1824 1510 1878 salutis.
1542 1824 1758 1880 Animet
1784 1840 1912 1895 ergo
1939 1826 2128 1882 dubie-

551 1919 714 1964 tatem
742 1914 887 1968 noxii
919 1914 1126 1972 timoris
1156 1925 1303 1972 tanta
1334 1917 1616 1973 clementia
1652 1918 1995 1987 Conditoris;
2021 1930 2127 1976 ter-

549 2000 940 2057 reatduritiam
971 2004 1225 2060 obstinati
1268 2007 1448 2061 cordis
1488 2009 1755 2063 sententia
1804 2009 1891 2064 illa
1937 2009 2124 2066 Jacobi

505 2146 509 2150 _
548 2090 794 2158 apostoli,
838 2091 963 2148 licet
1009 2094 1349 2160 universalis,
1402 2096 1494 2151 tibi
1549 2098 1784 2153 maxime
1833 2100 2119 2168 specialis:

544 2176 682 2233 Ecce
726 2180 895 2250 judea'.
927 2193 1049 2237 ante
1075 2184 1301 2254 januam
1346 2188 1545 2241 assistit
1581 2188 1721 2259 (Jac.
1752 2205 1803 2254 v,
1825 2188 1904 2261 9).
1951 2189 2124 2246 Janua

542 2270 687 2325 enim
712 2272 906 2344 cuique
940 2273 1026 2329 ille
1055 2283 1135 2330 est
1167 2277 1344 2331 exitus
1376 2277 1722 2347 improvisus,
1771 2280 1854 2336 cui
1899 2296 2019 2337 sors
2048 2282 2123 2338 ir-

544 2362 866 2420 revocabilis
892 2364 980 2419 illa
1005 2365 1150 2420 velut
1180 2365 1264 2419 fur
1290 2368 1492 2423 assidet
1516 2376 1740 2440 captans
1768 2370 1977 2437 horam,
2014 2388 2119 2444 qua

546 2454 781 2511 animam
821 2457 1094 2526 insperate
1137 2459 1331 2527 rapiat,
1382 2467 1437 2513 et
1488 2460 1613 2515 illuc
1662 2461 1846 2526 ducat,
1900 2462 1986 2518 ubi
2022 2478 2121 2533 pro

544 2547 754 2602 meritis
783 2549 996 2617 propria
1020 2549 1266 2618 recipiat.
1314 2550 1386 2604 De
1410 2551 1513 2606 hoc
1539 2550 1657 2605 fure
1690 2552 1756 2606 ab
1785 2553 1938 2609 initio
1980 2554 2119 2611 nati-

541 2637 728 2691 vitatis
757 2639 986 2694 debuisti
1034 2651 1315 2709 suspectus
1342 2658 1480 2707 esse,
1513 2659 1580 2698 ne
1603 2643 1853 2711 irrueret,
1881 2656 1939 2702 ut
1964 2663 2116 2706 asso—

544 2729 638 2793 let,
669 2729 990 2798 immature;
1022 2741 1225 2801 quanto
1252 2733 1422 2806 magis
1451 2752 1618 2802 nunc,
1648 2753 1772 2793 cum
1798 2740 2119 2798 auctoritate

542 2821 771 2889 quadam
788 2820 1074 2890 judiciaria
1098 2826 1249 2882 adest
1272 2827 1485 2891 debite?

611 2913 701 2968 51.
741 2913 856 2997 ῌυιί
895 2915 1071 2985 itaque
1099 2919 1334 2989 segniter
1356 2934 1535 2988 agere,
1561 2923 1668 2978 noli
1694 2924 2028 2991 obdormire,
2051 2940 2119 2981 ne

542 3004 897 3075 dormientem
928 3018 979 3064 te
1005 3009 1206 3081 capiat,
1235 3011 1285 3065 id
1314 3022 1416 3080 est,
1444 3015 1513 3070 ab
1539 3018 1793 3087 operibus
1810 3019 1914 3088 piis
1929 3036 2118 3076 vacan-

2229 1819 2375 1874 ciaut
2404 1820 2564 1874 dicta.

2297 1909 2386 1966 35.
2428 1909 2599 1974 Nunc,
2630 1909 2757 1980 quia
2800 1909 2949 1967 locus
2993 1926 3109 1967 sese
3148 1912 3227 1967 tui
3271 1911 3465 1967 obtulit
3508 1927 3697 1976 causa,
3729 1911 3809 1966 di-

2226 2014 2387 2071 gnum
2415 2009 2470 2055 et
2497 2001 2631 2055 satis
2655 2001 2902 2056 ducimus
2921 2002 3281 2070 commodum,
3310 2004 3553 2075 quaedam
3578 1990 3734 2059 nobis
3752 2011 3810 2061 et

2228 2092 2322 2147 tibi
2348 2092 2621 2164 generalia
2659 2108 2727 2147 ex
2749 2093 2935 2148 eodem
2966 2093 3255 2166 Evangelio
3284 2096 3605 2151 subnectere
3634 2094 3805 2166 (118),

2223 2198 2343 2254 quae
2409 2184 2652 2254 utrisque
2711 2185 2853 2239 Deus
2928 2186 3192 2241 concedat
3261 2186 3542 2257 prodesse.
3600 2187 3805 2242 Verum

2223 2274 2347 2344 quia
2395 2274 2800 2347 incomparabili
2844 2275 2957 2331 oris
2986 2275 3236 2331 facundia
3267 2292 3298 2331 a
3343 2276 3603 2347 quodam,
3654 2274 3811 2345 cuius

2222 2364 2528 2419 auctoritati
2578 2381 2684 2419 non
2719 2365 2928 2427 modte
2974 2368 3277 2441 succumbit
3307 2376 3516 2459 nostra,
3563 2369 3810 2426 luculen-
3894 2380 3897 2381 '

2224 2453 2430 2511 tissime
2456 2462 2582 2509 sunt
2628 2448 3134 2524 prolata,‘veretitur
3159 2470 3222 2511 ea
3250 2448 3662 2532 fmdaremostri
3693 2472 3814 2513 scr-

2220 2548 2396 2603 monis
2425 2545 2748 2602 admistione
2779 2544 2902 2598 ulla.
2939 2544 3037 2609 lta,
3069 2554 3129 2601 ut
3170 2556 3295 2602 sunt
3336 2526 3568 2603 disserta
3618 2548 3672 2602 in
3703 2546 3807 2602 ﬁne

2220 2637 2489 2691 sermonis
2511 2637 2578 2692 ab
2599 2650 2681 2702 eo,
2706 2650 2969 2709 ponemus
2994 2635 3217 2692 illibata.
3242 2636 3333 2693 Ait
3356 2637 3503 2712 (119)
3534 2653 3671 2712 ergo
3692 2639 3809 2711 qui-

2219 2728 2444 2784 busdam
2490 2729 2624 2785 satis
2661 2712 2891 2787 dilucide
2935 2729 3055 2785 aliis
3094 2730 3408 2800 przemissis,
3449 2731 3544 2793 sed
3589 2746 3618 2785 a
3653 2732 3808 2793 nobis

2222 2820 2462 2891 quasdam
2478 2834 2553 2873 ex
2595 2818 2681 2873 bis
2724 2833 2832 2872 non
2861 2817 3077 2889 quidem
3116 2827 3176 2874 ut
3197 2818 3399 2885 decuit,
3431 2821 3523 2875 sed
3556 2829 3616 2874 ut
3641 2821 3809 2875 aridi-

2219 2919 2303 2967 tas
2327 2910 2499 2966 nostri
2547 2909 2745 2981 ingenii
2775 2908 2965 2973 valuit.
3008 2909 3168 2964 intui
3209 2909 3540 2980 specialiter,
3579 2926 3809 2982 genera-

2219 3001 2344 3058 liter
2365 3012 2543 3058 autcm
2567 3002 2621 3057 in
2645 3002 2815 3057 nostri
2838 3001 3236 3071 multorumque
3257 3003 3509 3068 utilitate,
3529 3017 3806 3087 sermone,

543 3105 672 3149 tem.
705 3096 840 3151 Audi
870 3078 1183 3168 Apostolum
1210 3078 1411 3160 salubri
1453 3113 1508 3160 ιθ
1529 3078 1598 3162 af,
1627 3108 1732 3164 hoc
1775 3078 2008 3181 ιδιοροι-ίε
2042 3113 2114 3167 ιε,
2144 3097 2187 3160 C
2221 3110 2325 3151 non
2353 3110 2512 3151 sensu
2554 3094 3027 3181 adeovdissonaqte
3064 3102 3191 3153 sunt
3232 3096 3475 3158 recitata,
3508 3078 3807 3169 Gregorius

543 3185 737 3256 tbargo
765 3188 1091 3245 excituntem
1118 3207 1287 3247 voce:
1318 3192 1468 3249 Hora
1506 3205 1602 3263 est,
1636 3198 1838 3268 inquit,
1877 3201 1993 3270 jam
2024 3220 2118 3257 nos

541 3279 604 3333 de
617 3296 796 3335 somno
814 3299 1025 3352 surgere
1046 3283 1222 3352 (Rom.
1239 3302 1355 3352 xm,
1370 3289 1387 3342 1
1404 3286 1473 3359 1).
1496 3287 1575 3344 Ne
1594 3289 1849 3362 deinceps
1873 3293 2007 3348 ullas
2019 3295 2114 3350 de-

538 3368 684 3423 deris
714 3369 908 3438 ferias;
958 3371 1205 3429 suiliciat.
1247 3376 1367 3431 .lam
1410 3393 1554 3434 nunc
1595 3380 1728 3436 satis
1770 3396 1890 3438 cum
1918 3381 2116 3444 Iudaeis

538 3460 905 3517 sabbatizasti.
942 3463 1087 3520 Pone
1117 3465 1333 3522 modum
1361 3483 1506 3524 nunc
1530 3470 1821 3538 vacationi,
1846 3480 1900 3528 et
1926 3473 2116 3530 insiste

535 3550 637 3619 piae
686 3549 1025 3608 laborationi.
1071 3553 1201 3611 Vide
1244 3571 1312 3613 ne
1341 3559 1618 3631 contingat
1664 3559 1783 3631 fuga
1818 3570 1905 3617 tua
1939 3564 2114 3620 hieme

534 3639 619 3694 vel
645 3640 880 3698 Sabbato
901 3643 1117 3715 (Matth.
1148 3661 1298 3713 xxw,
1327 3647 1509 3720 20),id
1540 3661 1645 3717 est,
1677 3667 1743 3707 ne
1777 3660 1830 3706 te
1861 3652 2112 3725 frigidum

536 3746 567 3785 a
599 3734 882 3799 charitate,
931 3751 1027 3792 nec
1054 3748 1333 3793 vacantem
1380 3740 1622 3797 inveniat
1669 3758 1699 3798 a
1742 3743 1884 3800 bono
1925 3761 2106 3815 opere.

539 3821 690 3877 Scito
711 3825 836 3892 quia
860 3826 1049 3882 ultima
1078 3828 1173 3884 tibi
1196 3828 1310 3898 jam
1336 3830 1489 3887 adest
1512 3833 1665 3898 hora,
1687 3832 1798 3902 jam
1826 3836 1976 3892 adest
2002 3853 2112 3907 prae

537 3916 789 3972 manibus
820 3926 870 3972 te
896 3934 1179 3977 accersens
1219 3923 1417 3979 missus
1455 3943 1469 3979 :
1512 3941 1643 3998 rape
1671 3927 1930 3998 quidquid
1956 3939 2111 3999 potes

536 4008 678 4078 quod
715 4018 893 4066 tecum
920 4009 1084 4068 feras.
1135 4013 1246 4070 Hoc
1292 4025 1469 4071 autem
1518 4027 1694 4074 tecum
1725 4022 1863 4077 scias
1896 4031 1947 4076 te
1972 4022 2110 4077 latu-

539 4115 656 4154 rum
692 4114 832 4168 esse,
879 4103 1024 4171 quod
1065 4103 1154 4159 bic
1194 4106 1463 4163 studueris
1493 4111 1841 4179 praemittere.
1894 4110 2110 4171 Securis

535 4190 603 4244 ad
634 4193 868 4249 radicem
905 4191 1018 4262 iam
1058 4203 1141 4250 est
1180 4198 1388 4255 arboris
1417 4198 1568 4271 (Luc.
1607 4219 1689 4269 ιιι,
1719 4203 1809 4276 9);
1833 4206 1986 4262 arida
2012 4224 2109 4278 per

538 4282 903 4338 maturitatem
930 4292 1014 4337 est
1040 4285 1221 4351 arbor,
1256 4286 1539 4345 infecunda
1570 4299 1625 4346 et
1649 4291 1977 4350 infructuosa
2010 4312 2107 4365 per

535 4378 839 4439 torporem;
870 4373 944 4429 nil
966 4384 1212 4445 superest
1234 4379 1361 4448 quin
1387 4380 1577 4436 debeat
1602 4384 1794 4439 excidi.
1826 4384 2106 4444 Excideris

2218 3186 2332 3257 (lib.
2364 3202 2401 3241 ιι
2428 3188 2481 3240 in
2511 3185 2764 3259 Euangel.
2793 3188 2935 3247 hom.
2965 3186 3055 3253 51,
3087 3202 3142 3241 ιι.
3170 3186 3257 3257 5):
3295 3204 3317 3238 ι
3354 3186 3520 3251 Sunt,
3549 3183 3662 3254 ait,
3696 3186 3807 3258 ple.

2216 3279 2389 3349 rique,
2417 3280 2509 3349 qui
2540 3278 2937 3350 increpationes
2965 3278 3213 3345 audiunt,
3243 3286 3297 3334 et
3326 3290 3503 3333 tamen
3529 3280 3596 3333 ad
3627 3279 3808 3350 poeni-

2217 3370 2439 3425 tentiam
2469 3369 2647 3425 redire
2676 3380 3048 3440 contemnunt,
3078 3379 3131 3425 et
3160 3368 3475 3428 infructuosi
3508 3368 3642 3434 Deo,
3676 3370 3806 3423 viri-

2214 3461 2309 3516 des
2336 3468 2481 3515 staat
2522 3460 2574 3515 in
2620 3462 2722 3517 hoc
2765 3461 2978 3516 smculo.
3017 3460 3157 3528 Quid
3200 3460 3382 3532 itaque
3424 3461 3603 3531 cultor
3629 3461 3805 3516 vincte

2213 3552 2355 3608 dicat
2379 3553 2679 3608 audiamus.
2707 3551 2973 3622 Siquidem
2999 3532 3175 3621 fecerit
3203 3551 3467 3621 fructum;
3492 3551 3576 3605 sin
3600 3562 3800 3617 autem,

2211 3647 2265 3700 in
2289 3645 2466 3716 futuro
2496 3645 2730 3700 succides
2758 3660 2870 3698 eam
2901 3642 3051 3714 (Luc.
3087 3659 3204 3707 xm,
3237 3643 3291 3715 9)
3325 3661 3339 3697 :
3372 3644 3497 3713 quia
3531 3642 3801 3716 profecto,

2212 3739 2301 3811 qui
2350 3738 2438 3793 hic
2469 3753 2574 3792 non
2618 3736 2732 3791 vult
2773 3736 2840 3790 ad
2888 3734 3267 3790 fecunditatem
3313 3735 3669 3805 pinguescere
3704 3750 3804 3811 per

2212 3828 2656 3899 increpationem,
2687 3826 2795 3881 illic
2820 3825 2963 3881 cadit
2990 3824 3258 3893 undejam
3289 3840 3386 3895 per
3415 3826 3796 3895 pmniteutiam

2211 3936 2429 3992 surgere
2455 3935 2560 3988 non
2583 3918 2801 3982 valebit,
2826 3926 2877 3971 et
2901 3917 2951 3971 in
2983 3915 3163 3971 futuro
3187 3916 3516 3980 succidetur,
3550 3917 3804 3985 quamvis

2210 4012 2299 4079 hic
2342 4012 2458 4068 sine
2506 4009 2684 4066 fructu
2710 4008 2903 4064 viridis
2942 4014 3089 4063 stare
3137 4008 3401 4062 videatur.
3454 4006 3585 4060 Erat
3622 4016 3801 4061 autem

2211 4101 2398 4154 docens
2441 4101 2496 4154 in
2531 4112 2793 4173 synagoga
2832 4113 3013 4154 eorum
3055 4094 3295 4151 Sabbatis
3339 4096 3492 4169 (Luc.
3527 4112 3651 4163 xm,
3688 4096 3797 4165 11).

2212 4191 2277 4244 Et
2298 4190 2492 4245 mulier
2511 4190 2778 4260 qumdam,
2803 4187 3038 4242 Habebat
3070 4188 3310 4259 spiritum
3342 4188 3672 4256 inﬁrmitatis
3701 4204 3801 4241 au-

2211 4287 2290 4340 nis
2311 4287 2484 4341 decem
2507 4297 2554 4339 et
2578 4294 2690 4339 octo
2720 4282 2909 4349 (Ibid.,
2938 4280 3041 4355 ll).
3058 4281 3227 4337 Paulo
3256 4290 3381 4335 ante
3404 4281 3517 4351 jam
3535 4281 3796 4345 diximus,

2209 4376 2333 4445 quia
2366 4377 2467 4431 hoc
2506 4386 2623 4430 crat
2668 4374 2813 4444 (I20)
2848 4375 3019 4428 trinus
3066 4374 3325 4428 adventus
3372 4373 3584 4429 Domini
3616 4373 3685 4426 ad
3718 4374 3798 4426 in-

536 4462 742 4527 statim,
772 4463 894 4519 dico
934 4464 1049 4530 tibi,
1094 4467 1385 4535 excideris;
1432 4473 1525 4525 sed
1569 4472 1689 4528 vide
1728 4489 1794 4529 ne
1835 4475 1889 4529 in
1932 4475 2105 4547 ignem
2138 4454 2182 4514 D
2213 4465 2540 4519 fructuosam
2586 4466 2834 4519 arborem
2872 4463 3013 4534 quod
3046 4462 3230 4518 decem
3275 4471 3332 4516 et
3371 4472 3496 4516 octo
3523 4476 3794 4516 annorum

538 4552 792 4609 mittaris.
820 4552 935 4607 Non
965 4562 1142 4624 potest
1167 4555 1280 4612 fieri
1310 4566 1492 4614 utnon
1515 4562 1804 4630 excideris,
1833 4566 1957 4635 quia
1985 4581 2111 4622 con-

534 4642 782 4711 queritur
822 4642 1070 4698 dominus
1097 4644 1286 4710 vinem,
1318 4648 1458 4716 quod
1511 4658 1709 4705 terram
1755 4653 1989 4710 inaniter
2018 4671 2107 4711 oc-

531 4747 718 4805 cupas.
771 4732 949 4791 Multae
998 4746 1177 4792 autem
1232 4736 1452 4796 arbores
1504 4743 1855 4811 exciduntur;
1909 4747 2003 4800 sed
2055 4746 2106 4801 in

602 4930 750 5001 (117)
780 4931 933 5002 Apud
959 4932 1325 4989 Burebardum
1354 4936 1447 4990 lib.
1479 4953 1591 5002 xtx,
1618 4953 1668 4992 c.
1696 4939 1786 5003 51,
1819 4939 1907 4993 bic
1930 4955 2103 4995 catum

534 4997 860 5081 flieron'ymo
887 5005 1176 5081 attributus
1204 5006 1283 5081 sic
1311 5005 1536 5081 effertur
1560 4997 1588 5060 τ’
1610 4997 1910 5081 Mensuram
1933 5020 2107 5063 autem

531 5072 777 5148 temppris
807 5072 862 5125 in
887 5074 1088 5141 agenda
1108 5075 1407 5142 paenitentia
1432 5075 1633 5148 idcirco
1649 5093 1753 5148 non
1777 5077 1906 5131 satis
1932 5090 2107 5148 aperte

530 5138 807 5213 pragﬁgunt
834 5138 1056 5213 canones
1083 5138 1176 5211 p'ra
1215 5159 1524 5213 unoquoque
1558 5146 1795 5209 crimine,
1823 5157 1879 5200 ut
1906 5138 1976 5202 ἄρ’
1996 5150 2106 5204 sin-

530 5205 895 5283 gubis’dicant,
923 5205 1148 5283 qualiter
1176 5205 1587 5283 unumquodque,
1605 5205 1985 5270 emendandum
2013 5221 2102 5283 sit,

534 5274 625 5354 sed
648 5278 812 5344 magis
849 5279 901 5330 in
931 5274 1148 5354 arbitrio
1175 5274 1422 5354 antistitis
1448 5274 1778 5351 intelligentia
1807 5274 2102 5354 relinquere:

534 5341 662 5395 dum
698 5341 952 5406 statuunt,
985 5350 1108 5406 quia
1139 5350 1279 5406 apud
1310 5348 1477 5403 Deum
1516 5341 1635 5404 non'
1656 5362 1763 5404 tam
1792 5352 1923 5406 valet
1951 5341 2105 5406 'men-

2210 4570 2467 4610 numerus
2509 4556 2576 4610 ad
2615 4554 2894 4609 mulierem
2935 4570 3155 4610 curvam
3198 4554 3396 4626 signat.
3442 4552 3612 4608 Sexto
3646 4553 3795 4610 enim

2211 4648 2298 4703 die
2326 4648 2488 4703 homo
2515 4656 2599 4719 est
2628 4646 2824 4710 factus,
2865 4655 3026 4717 atque
3065 4646 3251 4702 eodem
3295 4655 3450 4700 sexto
3480 4646 3569 4700 die
3595 4655 3794 4701 cuncta

2210 4755 2372 4823 opera
2398 4739 2608 4794 Domini
2648 4736 2883 4810 perfecta
2912 4748 3069 4804 sunt;
3116 4740 3362 4797 senarius
3389 4749 3570 4793 autem
3602 4753 3797 4793 nume-

2211 4953 2428 5008 σωροῖς
2444 4945 2733 5008 separetur,
2762 4950 2866 5008 non
2892 4944 3000 4988 tant
3027 4932 3409 4988 consideranda
3438 4942 3514 4989 est
3544 4949 3793 4987 mensura

2212 5006 2479 5075 temporis,
2504 5022 2665 5076 quam
2689 5006 2905 5076 doloris.

2285 5074 2428 5146 (118)
2469 5074 2601 5131 Male
2627 5077 2678 5129 in
2711 5074 2864 5146 vulg.
2892 5074 3199 5128 subvertere.

2286 5141 2432 5216 (H9)
2475 5146 2704 5216 Verbum
2730 5141 3035 5216 aitjregit‘ur
3061 5160 3092 5197 a
3119 5143 3452 5216 nominativo
3480 5141 3792 5216 Gregorius,

2212 5211 2372 5282 quem
2415 5211 2467 5268 in
2509 5214 2664 5279 hujus
2709 5211 2914 5282 periodi
2963 5212 3121 5266 tinem
3165 5221 3353 5266 auctor
3381 5211 3599 5282 rejecit.’
3634 5211 3793 5278 Quod

2211 5279 2375 5353 porro
2416 5285 2614 5346 subdit,
2662 5279 2723 5335 se
2746 5283 2993 5350 quaedam
3021 5297 3088 5335 ex
3127 5283 3419 5353 praemissis
3437 5279 3492 5337 ’θ
3525 5279 3794 5353 Gregorio

2215 5351 2469 5406 recitasse
2492 5368 2747 5406 sermone.
2772 5368 2873 5404 non
2897 5367 3051 5404 sensu
3073 5351 3201 5403 adeo
3229 5351 3555 5406 dissonante.
3584 5351 3794 5406 indicat
