4018 5406
172 339 274 392 217

1150 335 1722 404 PIUELOQUIORUM
1761 335 1940 393 LIBRI
1967 336 2120 394 SEX.
2149 371 2218 380 —
2242 341 2367 396 LiB.
2409 340 2494 397 III.

3317 346 3423 401 218

175 469 268 508 rus
311 454 364 508 in
396 453 673 524 trigonum
700 453 910 515 ductus,
943 451 1126 507 decem
1162 461 1218 507 et
1257 460 1382 507 octo
1424 451 1570 506 facit.
1617 451 1752 519 Quia
1779 456 1830 516 Α
1857 447 2198 524 capessendae
2232 458 2422 514 salutis
2449 459 2730 529 acquiras;
2769 469 2825 518 et
2862 476 2929 516 ne
2963 439 3294 519 inveteratus
3316 466 3400 518 die

175 561 304 614 ergo
336 545 522 608 homo,
563 544 652 613 qui
681 552 832 598 sexto
859 543 945 596 die
984 541 1156 597 factus
1183 552 1283 606 est,
1310 540 1546 612 perfecta
1588 557 1754 612 opera

177 638 377 693 habere
410 636 608 702 noluit,
655 637 745 690 sed
789 642 914 688 ante
945 634 1137 703 legem,
1178 634 1278 687 sub
1322 633 1458 701 lege,
1498 642 1658 702 atque
1699 633 1754 688 in

177 727 330 779 initio
359 724 669 779 inchoantis
707 722 889 793 gratize
931 721 1173 775 infirmus
1201 721 1430 786 exstitit,
1477 721 1661 775 decem
1702 729 1759 776 et

171 825 299 879 octo
338 815 504 870 annis
550 814 741 868 mulier
784 828 945 867 curva
976 811 1094 864 fuit.
1132 830 1150 862 ι
1202 811 1378 879 Atque
1424 819 1547 880 post
1586 825 1758 880 pauca

181 906 290 972 (ubi
326 922 446 973 sup.
483 921 536 956 η.
567 905 665 973 7):
703 922 720 954 ι
757 901 1075 969 Plerumque
1117 900 1358 954 videmus
1393 914 1514 969 qua
1553 899 1757 970 agenda

183 1004 328 1053 sunt,
369 994 468 1047 sed
512 993 626 1046 [nec
665 1005 826 1061 opere
853 1005 957 1043 non
989 987 1300 1058 implemus;
1334 989 1558 1042 nitimur
1596 998 1652 1044 et
1680 988 1760 1042 in-

186 1085 503 1147 firmantur;
527 1097 679 1135 mens
696 1080 956 1148 judicium
984 1077 1321 1132 rectitudinis
1348 1078 1632 1150 conspicit,
1668 1078 1761 1130 sed

183 1175 250 1227 ad
290 1176 435 1227 hanc
459 1173 640 1242 operis
678 1169 933 1224 fortitudo
975 1169 1309 1232 succumbit;
1342 1169 1464 1238 quia
1509 1168 1760 1222 nimirum

178 1264 289 1334 jam
319 1267 385 1318 de
415 1279 575 1334 penna
611 1262 814 1332 peccati
840 1271 941 1325 est,
973 1270 1029 1313 ut
1054 1261 1188 1314 bene
1217 1261 1431 1328 quidem
1459 1260 1605 1329 (19.1)
1637 1275 1762 1329 pos—

186 1356 254 1409 sit
281 1358 485 1409 bonum
515 1352 773 1423 conspici,
797 1352 887 1406 sed
917 1352 1071 1405 abeo
1097 1351 1237 1419 quod
1263 1350 1612 1419 conspicitur,
1638 1365 1765 1404 con—

189 1447 357 1516 tingat
395 1444 502 1514 75
542 1459 638 1514 per
664 1445 912 1497 meritum
958 1442 1164 1511 repelli.
1208 1439 1414 1503 Usitata
1445 1440 1587 1494 enim
1612 1440 1764 1509 culpa

188 1537 394 1605 obligat
438 1542 707 1597 mentem,
756 1541 813 1586 ut
852 1546 1192 1601 nequaquam
1234 1531 1402 1601 possit
1439 1543 1659 1600 surgere
1701 1529 1766 1582 ad

191 1625 591 1682 rectitudinem.
634 1623 873 1677 Conatur
909 1630 964 1680 et
1002 1620 1233 1685 labitur;
1285 1619 1409 1689 quia
1451 1619 1539 1673 ubi
1580 1626 1769 1687 sponte

193 1722 277 1776 diu
321 1719 582 1788 perstitit,
625 1717 697 1771 ibi
740 1727 812 1780 et,
855 1731 975 1771 cum
1018 1714 1271 1777 noluerit,
1311 1720 1498 1767 coacta
1539 1711 1704 1766 cadit.
1745 1730 1762 1761 ι

193 1813 361 1866 Item:
397 1829 416 1862 ι
447 1809 505 1865 Si
529 1810 643 1881 ipsa
668 1823 725 1863 se
757 1809 932 1861 anima
969 1806 1038 1861 ad
1071 1806 1179 1861 ima
1213 1804 1508 1875 appetenda
1549 1818 1653 1858 non
1677 1802 1770 1856 «ιο-
1801 1805 1846 1864 Β

188 1902 326 1969 jicil,
367 1909 558 1956 contra
609 1901 748 1954 hanc
801 1900 1102 1954 daemonum
1159 1894 1490 1966 perversitas
1542 1893 1771 1948 nullate-

197 2009 295 2046 nus
337 1990 708 2051 convalescit,
750 1996 804 2043 et
843 1987 1074 2042 transire
1111 2001 1210 2056 per
1248 2000 1367 2040 eam
1408 1999 1512 2040 non
1571 1983 1772 2045 valent,

197 2099 354 2151 quam
394 2088 581 2135 contra
625 2095 684 2134 se
737 2078 961 2148 rigidam
1015 2077 1420 2147 pertimescunt.
1477 2073 1585 2129 Nos
1624 2089 1773 2142 ergo,

199 2174 417 2234 fratres,
460 2184 560 2225 nos
600 2169 741 2223 viam
785 2168 1032 2238 malignis
1081 2164 1358 2237 spiritibus
1400 2166 1609 2229 damus,
1653 2180 1773 2217 cum

203 2273 414 2318 terrena
459 2259 914 2328 concupiscimus,
966 2273 1087 2313 cum
1142 2257 1209 2310 ad
1261 2255 1571 2326 temporalia
1615 2271 1776 2325 appe-

202 2354 357 2409 tenda
382 2367 694 2406 curvamur.
738 2349 1104 2420 Pudeat-ergo
1129 2357 1342 2402 terrena
1375 2349 1775 2417 concupiscere,

201 2456 254 2501 et
271 2447 431 2500 dorsa
455 2443 716 2500 mentium
738 2440 1062 2496 adversariis
1087 2437 1498 2494 ascendentibus
1519 2437 1774 2507 praebere.

204 2537 424 2590 Terram
449 2549 667 2603 semper
700 2533 955 2594 intuetur,
983 2531 1071 2600 qui
1108 2546 1302 2586 curvus
1323 2538 1432 2594 est;
1459 2537 1512 2583 et
1533 2543 1640 2598 quo
1660 2543 1780 2598 pre.

202 2627 276 2681 tio
303 2626 615 2694 redemptus
657 2625 749 2689 sit,
789 2638 894 2676 non
934 2621 1177 2676 meminit
1216 2620 1307 2690 qui
1349 2620 1453 2673 ima
1494 2619 1705 2689 quatrit.
1756 2638 1773 2668 ι

200 2717 367 2770 Item:
400 2734 416 2766 ι
461 2714 562 2781 Qui
607 2714 825 2786 gibbum
871 2711 1084 2778 tolerat,
1128 2712 1233 2766 ima
1272 2727 1486 2781 semper
1523 2713 1776 2764 intuetur.

201 2808 240 2861 Α
265 2805 574 2862 sacerdotio
605 2820 735 2873 ergo
771 2804 1067 2875 repellitur,
1091 2803 1216 2874 quia
1242 2803 1485 2873 quisquis
1517 2801 1643 2856 solis
1677 2811 1782 2855 ter-

202 2897 344 2951 renis
383 2897 628 2950 intentus
659 2903 762 2962 est,
805 2895 918 2965 ipse
959 2894 1060 2950 sibi
1104 2894 1252 2948 testis
1289 2903 1392 2957 est,
1433 2893 1572 2964 quod
1616 2908 1782 2946 mem-

201 2989 354 3042 brum
392 2987 590 3042 summi
615 2986 926 3042 Sacerdotis
947 3001 1052 3040 non
1085 2993 1187 3040 est.
1220 3003 1238 3036 ι
1267 2985 1435 3039 Item:
1466 3003 1483 3035 ι
1518 2983 1574 3038 Si
1611 2984 1782 3037 virtu-

203 3089 310 3134 tum
331 3093 545 3134 summa
569 3077 780 3148 operari
806 3093 911 3132 non
949 3091 1252 3146 possumus,
1278 3077 1389 3146 ipse
1423 3076 1564 3128 Deus
1598 3083 1782 3127 nostro

1856 559 1975 598 rum
2005 545 2269 600 malorum
2301 549 2403 602 rite
2435 549 2704 612 vociteris,
2735 549 2850 605 dics
2882 561 3019 617 tuos,
3044 551 3155 620 jam
3189 571 3336 624 rogo,
3371 564 3428 610 ut

1856 635 2159 699 dimidiarc,
2191 637 2315 691 dum
2343 638 2509 701 vales,
2539 641 2775 704 studeas,
2813 650 2867 695 et
2908 642 3099 710 spiritu
3128 645 3321 699 mentis
3351 661 3430 700 rc-

1857 725 2043 780 novari
2080 728 2392 783 contendas.
2436 729 2504 783 Et
2546 731 2669 799 quia
2713 731 2985 802 hucusque
3031 744 3082 788 te
3127 735 3246 804 plus
3285 735 3429 804 justo

1859 816 2166 871 carnalibus
2196 818 2438 875 refudisti
2470 821 2522 874 in
2549 822 2814 888 sensibus,
2854 833 2904 878 te
2931 825 2996 879 ad
3028 833 3078 880 te
3105 826 3346 897 colligas,
3379 838 3433 882 et

1858 921 2028 961 novus
2058 909 2219 964 homo
2249 909 2360 978 jam
2391 912 2581 967 saltem
2623 929 2781 977 nunc,
2815 922 2997 970 vetere
3028 929 3211 982 exuto,
3245 935 3434 988 repue-

1860 1013 2044 1053 rascas
2105 1001 2242 1063 Deo;
2302 1017 2469 1056 annos
2525 1003 2794 1074 octoginta
2861 1014 2952 1059 aut
3010 1009 3286 1076 proximos
3339 1019 3431 1062 aut

1864 1097 2163 1143 transactus
2206 1101 2294 1144 aut
2328 1092 2631 1147 insistentes
2671 1096 2922 1164 aspicias,
2967 1100 3430 1167 supervenientem

1863 1183 2325 1235 mansuetudinem
2355 1181 2448 1235 Dei
2489 1198 2555 1236 ne
2584 1193 2919 1250 contemnas,
2951 1201 3016 1240 ne
3044 1188 3431 1241 correctionem

1865 1275 2044 1329 durius
2072 1274 2361 1337 sustinens,
2386 1274 2572 1330 florem
2607 1277 2678 1329 tui
2712 1278 2902 1347 capitis
2928 1279 3259 1351 amygdalum
3289 1279 3433 1347 (122)

1865 1365 2134 1418 advertas.
2169 1364 2318 1428 Quod
2359 1364 2403 1418 si
2447 1373 2502 1418 ct
2543 1365 2719 1419 adhuc
2761 1367 2989 1430 locusta,
3024 1367 3076 1422 id
3119 1377 3196 1421 est
3228 1367 3436 1436 agilitas

1865 1455 2134 1523 quondam
2165 1470 2441 1524 gressuum
2463 1496 2477 1519 ,
2514 1464 2722 1511 tumore
2749 1457 2942 1526 pedum
2986 1465 3078 1511 aut
3106 1468 3250 1513 certe
3283 1458 3438 1511 tibia-

1868 1559 1985 1596 rum
2040 1544 2150 1613 jam
2213 1553 2295 1599 est
2357 1544 2726 1618 impinguata;
2791 1555 2884 1601 aut.
2948 1557 3089 1605 certe
3147 1549 3436 1603 secundum

1867 1642 2076 1702 poetam
2093 1673 2108 1700 ,

2603 1735 2829 1797 Lapidosa
2856 1737 3074 1799 chiragra

1997 1795 2100 1846 Jam
2126 1794 2237 1844 facit
2259 1795 2488 1846 articulos
2512 1794 2694 1848 veteris
2718 1799 2914 1848 ramalia
2937 1794 3055 1860 fagi,

1873 1907 2152 1966 suspectus
2179 1899 2509 1968 pavidusque
2539 1899 2726 1953 horam
2759 1900 2902 1954 illam
2925 1909 3199 1969 exspecta,
3231 1915 3332 1970 qua
3366 1900 3444 1954 ire

1873 1990 1939 2044 ad
1963 1989 2180 2043 domum
2206 1989 2522 2044 aeternitatis
2548 1990 2673 2044 boni
2709 2001 2803 2044 aut
2832 1990 2958 2044 mali
2997 1991 3192 2045 debeas
3243 1991 3441 2052 (Eccle.

1875 2098 1971 2143 χιι,
1998 2081 2084 2150 5);
2118 2083 2242 2150 quia
2271 2090 2478 2150 postea,
2505 2081 2762 2151 quidquid
2793 2082 3038 2152 planctus
3065 2083 3136 2136 lui
3169 2098 3327 2137 causa
3358 2097 3446 2138 ac-

1874 2173 2063 2227 ciderit
2091 2172 2142 2225 in
2167 2171 2375 2240 plateis,
2399 2171 2472 2224 nil
2504 2180 2554 2226 te
2574 2171 2783 2238 juvabit
2804 2173 3033 2240 positum
3062 2173 3113 2226 iu
3140 2175 3443 2236 tormentis,

1875 2264 1965 2333 qui
1995 2264 2119 2316 dum
2152 2262 2240 2316 hic
2267 2271 2541 2331 superstes
2575 2277 2744 2326 esses,
2792 2261 2884 2316 tibi
2917 2263 3219 2326 consulere,
3248 2273 3301 2318 et
3327 2265 3447 2318 tibi-

1878 2363 1985 2409 met
2025 2361 2209 2407 coutra
2251 2361 2455 2405 tantam
2496 2362 2898 2422 superventura:
2927 2352 3246 2407 calamitatis
3277 2370 3448 2423 angu-

1877 2443 2032 2497 stiam
2078 2440 2359 2495 consilium
2404 2455 2614 2509 capere,
2667 2441 2792 2495 dum
2849 2441 3180 2496 immutabile
3229 2441 3281 2494 id
3333 2457 3451 2496 esse

1877 2533 2077 2602 optimc
2106 2532 2297 2595 scires,
2328 2529 2655 2584 detrectasti.
2685 2529 2901 2586 Interim
2937 2545 3066 2600 ergo
3109 2531 3234 2584 dum
3259 2546 3447 2599 oppor-

1882 2624 2079 2678 tunitas
2125 2621 2283 2675 flendi
2336 2618 2629 2684 fructuosa,
2677 2620 2800 2673 dum
2851 2628 3059 2688 tempus
3103 2620 3451 2686 acceptabile,

1881 2716 1994 2769 dies
2022 2713 2196 2767 adhuc
2220 2712 2432 2776 Salutis,
2465 2711 2574 2781 76
2603 2709 2727 2764 dum
2758 2710 2915 2776 vivis,
2939 2711 3063 2764 dum
3093 2711 3268 2764 adhuc
3307 2726 3335 2764 a
3366 2709 3455 2763 Ju-

1883 2807 1998 2860 dice
2030 2805 2175 2874 (125)
2205 2803 2512 2866 sustineris,
2541 2802 2729 2856 hortor
2756 2810 2815 2855 ut
2845 2803 2894 2858 in
2920 2800 3113 2856 melius
3141 2802 3453 2856 counitaris.

1887 2897 2018 2950 Dum
2053 2896 2137 2949 ille
2166 2894 2370 2949 securis
2400 2891 2577 2947 differt
2605 2893 2786 2955 ictum,
2832 2901 2884 2946 tu
2927 2885 2992 2947 de
3036 2903 3087 2948 te
3120 2908 3252 2962 cape
3279 2893 3457 2947 consi-

1886 2989 2043 3052 lium;
2087 2987 2210 3040 dum
2244 2985 2327 3039 ille
2356 2985 2634 3054 suspendit
2673 2985 2982 3050 vindictam,
3027 2993 3081 3039 tu
3125 2984 3337 3052 corrige
3378 2983 3458 3037 vi-

1889 3089 2016 3134 tam.
2046 3077 2161 3132 Non
2193 3086 2276 3131 est
2305 3076 2442 3146 apud
2471 3075 2634 3129 Deum
2667 3073 2900 3129 difficilis
2927 3090 3021 3128 aut
3048 3075 3199 3130 tarda
3235 3088 3460 3128 conver-

200 3173 397 3241 gaudet
419 3171 674 3226 lameulo.
703 3171 779 3224 Ex
804 3170 917 3239 ipsa
939 3171 984 3224 ei
1003 3169 1225 3239 iustitiae
1249 3168 1588 3222 inchoatione
1609 3165 1783 3234 placc-
1811 3168 1852 3224 (ἶ
1887 3173 1986 3238 sio,
2014 3172 2098 3226 cui
2131 3173 2240 3242 ipsa
2263 3170 2486 3238 iustitia:
2510 3169 2684 3239 placet
2714 3169 3006 3224 inchoatio.
3040 3168 3126 3223 Vze
3154 3178 3331 3222 autem
3363 3166 3457 3231 illi,

199 3262 398 3328 bimus,
432 3263 525 3333 qui
560 3260 777 3332 injusta,
819 3277 936 3331 quae
971 3261 1218 3324 fecimus,
1259 3261 1528 3330 punimus.
1575 3278 1592 3309 ›
1635 3258 1815 3330 Istud.

202 3362 413 3407 tantum
435 3360 590 3407 extra
603 3353 742 3407 viam
761 3352 1042 3421 propositi,
1060 3351 1369 3406 amoenitate
1396 3359 1501 3403 tam
1520 3349 1781 3421 llorigera:

200 3445 493 3501 viriditatis
519 3444 660 3514 prati
683 3444 1023 3503 delectatum,
1056 3458 1140 3496 me
1161 3441 1390 3498 sufficiat
1425 3441 1776 3511 processisse.

269 3540 360 3594 56.
405 3537 559 3592 Nunc
589 3539 656 3593 ad
704 3544 775 3602 te,
811 3552 877 3592 ne
923 3552 1057 3606 Opus
1104 3537 1157 3590 in
1189 3536 1366 3605 aliquo
1405 3535 1586 3590 videar
1619 3536 1783 3588 inter-

204 3630 432 3698 rupisse.
483 3645 753 3693 reversus,
804 3627 1138 3702 suggerendo
1185 3626 1465 3690 admoneo,
1515 3624 1780 3694 siquidem

207 3722 566 3776 reverentiam
612 3721 709 3776 tibi
758 3720 952 3775 debere
997 3734 1096 3789 pro
1144 3718 1339 3773 canitie
1384 3717 1514 3780 scio,
1560 3724 1619 3768 ut
1668 3716 1780 3769 haec

207 3826 324 3866 cum
353 3811 727 3882 superioribus
773 3808 1040 3876 conferas,
1085 3817 1138 3864 et
1170 3809 1439 3878 negotium
1475 3807 1568 3860 tibi
1601 3822 1665 3860 ex
1700 3805 1782 3858 his

277 3947 423 4016 ηει)
466 3947 617 4015 Apud
662 3945 980 4017 Gregorium
1022 3954 1076 3997 ut
1117 3959 1180 3998 ex
1217 3943 1352 4017 dono
1393 3941 1619 4017 quidem.
1653 3938 1786 4017 Qein

213 4009 539 4086 meliusiqub
570 4018 736 4084 pretio
772 4009 1084 4083 redemptus,
1117 4029 1276 4082 quam
1309 4013 1360 4066 in
1400 4009 1628 4080 vulgatis
1657 4009 1793 4064 Gre-

215 4086 337 4154 gorii
366 4088 712 4156 quopra'mio
744 4087 809 4139 sit
841 4087 1149 4156 redemptus.

282 4149 428 4226 (12%)
473 4149 598 4210 Flos
641 4157 802 4226 capiti
848 4149 1153 4222 amygdalus
1202 4167 1298 4222 pro
1342 4161 1538 4207 canitie
1581 4149 1794 4219 capitis,

761 4267 3260 4299 Μ

1102 4306 1110 4314 κ

1886 3264 1969 3318 cui
2005 3279 2107 3318 non
2135 3263 2446 3318 conceditur
2472 3270 2597 3315 ante
2623 3261 2839 3331 corrigi,
2867 3275 3027 3330 quam
3062 3259 3276 3330 defungi
3306 3278 3318 3313 :
3352 3274 3462 3312 ma-

1886 3372 2044 3427 gnam
2073 3355 2234 3418 enim,
2265 3363 2322 3408 ut
2349 3353 2480 3409 dicit
2499 3353 2589 3424 qui
2619 3352 2889 3423 superius,
2914 3352 3306 3406 contumaciam
3333 3364 3460 3404 cou-

1891 3455 2102 3516 temptat
2131 3443 2552 3498 mansuetudinis
2583 3451 2638 3497 et
2665 3442 2869 3511 gratiae,
2919 3441 3089 3510 major
3129 3441 3278 3507 sequi
3327 3437 3463 3492 solet

1889 3540 1965 3592 ira
2011 3535 2276 3597 vindictae,
2304 3544 2359 3589 et
2385 3533 2585 3588 diutius
2632 3539 2996 3600 exspectatus,
3042 3530 3226 3583 durius
3273 3528 3463 3582 feritur

1889 3644 1992 3682 non
2032 3638 2351 3688 conversus;
2385 3631 2437 3675 et
2463 3636 2623 3692 quam
2653 3620 2872 3688 largiter
2901 3626 3220 3689 prorogatur
3254 3616 3463 3670 miseri-

1888 3717 2065 3772 cordia
2113 3715 2164 3769 in
2209 3711 2478 3786 prrcsenti,
2515 3721 2623 3766 tam
2671 3724 2858 3766 severe
2899 3708 3124 3779 ingratis
3167 3707 3464 3762 intentatur

1881 3809 2142 3880 judicium
2174 3807 2224 3860 in
2255 3805 2458 3858 futuro.

1891 3925 2184 3993 senectutis
2219 3934 2416 3991 indicio
2454 3932 2745 4002 accipitur;
2792 3930 2950 3986 flores
2995 3929 3138 3986 enim
3177 3925 3464 3999 amygdalae

1895 4024 1997 4064 8|le
2034 4024 2178 4061 SllIlI.

1895 4009 2462 4148 all‘Ilggy‘Legcbatur
2509 4072 2742 4148 in‘V'ulg.
2781 4089 2812 4126 a
2859 4073 3042 4148 ridioe,
3087 4069 3244 4148 male.
3286 4065 3468 4148 Ifcvis-

1899 4139 2034 4205 sima
2063 4139 2365 4202 litterarum
2396 4139 3117 4199 mutatione'emendavimus
3143 4157 3174 4193 a
3195 4139 3393 4208 judice.

3261 4267 3398 4281 ..ι’

1078 4371 1538 4462 INCIPIT
1607 4368 1968 4456 LIBER
2036 4361 2590 4452 TERTIUS.

225 4525 497 4586 Contine:
533 4521 711 4584 istud
749 4521 875 4584 hac
907 4519 1375 4601 praeloquiupti:
1412 4519 1474 4601 I_._
1495 4515 1656 4601 Rex_
1678 4512 2156 4601 es?_dclecta_tio_
2185 4510 2360 4601 regio
2417 4515 2474 4568 te
2531 4507 2826 4567 instruat.
2860 4503 2957 4566 II.
3009 4501 3472 4601 Discegneuqtta

293 4605 640 4691 intentione
663 4602 808 4691 quis
831 4577 982 4691 quid
1011 4577 1372 4691 [αὀξᾱέζπιζ
1410 4577 1566 4691 Non.
1593 4595 1860 4685 uirtutes
1892 4597 2204 4691 praetexat
2225 4577 2516 4691 ﬁliarum
2544 4603 2776 4691 rem";
2801 4601 2944 4691 (Ilum.
2981 4587 3124 4641 εαηε
3149 4577 3470 4691 θάίεξιέηξιζ,

293 4621 634 4664 tntenttonc
705 4621 808 4662 αις
831 4621 982 4691 qum
1044 4621 1230 4660 aetat.
1263 4621 1372 4659 ΙΙΙ.
1410 4621 1552 4658 λγοη
1593 4621 1860 4654 υιτιῑιιιέ
1892 4621 2204 4670 prwtcwut
2245 4621 2516 4678 uua-1qu
2545 4621 2631 4646 rc:
2655 4621 2776 4656 ωηο,
2801 4621 2944 4673 llum.
2981 4621 3123 4641 owuv
3183 4621 3470 4665 \ttoo‘vuuvv.’

292 4681 583 4760 polliare.
618 4621 729 4742 13.
773 4621 1064 4760 Timemlo
1098 4679 1300 4760 peuth
1319 4694 1458 4753 rege
1493 4673 1607 4734 tibi
1639 4671 1987 4760 commissa.
2021 4671 2097 4730 V.
2130 4666 2680 4760 pqth'olthm’essle
2704 4660 3071 4760 Ecc‘lres'tan’t‘.
3115 4665 3187 4760 et)
3215 4654 3476 4760 catho‘I‘t-

295 4734 586 4838 ἵιῖἱιῖὃιὶἐ
618 4734 742 4819 ἓέεὲ
773 4734 1068 4838 ἇέᾶὶὶᾶὖὶο
1099 4734 1220 4838 VII
1237 4734 1474 4817 ’Πίηῖη
1506 4749 2022 4838 (adaequetur
2051 4746 2237 4838 89W
2265 4744 2376 4838 Ρεί
2404 4742 2774 4838 ,ἱαάίειίῡωὶο
2810 4740 2974 4838 V":
2997 4734 3222 4838 999$
3246 4749 3477 4838 falli-‘1’

298 4820 499 4899 briunI
529 4820 1021 4916 etgsubsonnatio
1060 4835 1217 4916 facti
1251 4852 1484 4916 sumus.
1521 4829 1689 4916 YIII.
1729 4820 2110 4916 Quoisic‘uf
2140 4832 2286 4916 sunt
2318 4820 2595 4916 episcopi
2627 4828 2825 4916 sortes
2872 4823 3227 4916 sanctorum
3267 4820 3479 4916 miranti-

299 4895 758 5000 terioprdinis,
797 4895 1132 5000 ἱειξ-ειήέέι
1156 4910 1501 5000 privilegio
1534 4895 3208 5000 honoris.,lX;\Spit°it.ttm‘sanetumoneglig‘ep‘ti-etigqt

299 4931 451 4977 ιε’νιο
486 4931 758 4986 oratnts,
797 4931 888 4973 ιια
919 4931 1046 4974 smt
1081 4931 1132 4974 et
1213 4931 1501 5000 rwttcgto
1534 4931 1820 4969 IlOﬂOTts.
1850 4931 1962 4966 1A.
1995 4931 2308 4982 opimum
2341 4931 2623 4991 διξϊιῑξιιηι
2658 4931 2994 4987 "cyatycuu
3027 4931 3208 4954 ωιυυη
3246 4931 3442 4974 ιιι.υυῖ

297 5014 374 5071 po
407 4993 618 5054 adesse
651 5011 832 5070 saepe.
867 4993 952 5051 X.
988 4931 1236 5066 Quodpa
1261 4985 1655 5071 neminenisi
1684 5005 1720 5043 α
1748 4982 2078 5071 ξριριοςρ.
2120 4979 2653 5071 valeaLJittltcari
2719 4991 3066 5056 episcopus.
3104 4970 3218 5031 XI.
3259 4967 3478 5026 Oratio

297 5056 404 5133 sub
437 5071 638 5132 altari
673 5056 1184 5131 censtitutorum.
1223 5068 1371 5129 ΧΙῘΙ.
1411 5062 1692 5146 Trifaria
1723 5060 1953 5123 divisio
1985 5061 2261 5141 ﬁliorum
2295 5056 2608 5120 Ecclesiae.
