4018 5406
592 241 697 300 219

1515 239 1844 298 RATHERII
1878 238 2093 297 EPISC.
2134 236 2391 296 VERON.
2431 235 2582 296 OPP.
2623 236 2825 294 PARS.
2865 237 2907 293 1.

3741 239 3849 295 220

589 355 744 425 cujus
773 352 825 410 in
855 353 956 410 isto
983 367 1048 410 eo
1074 353 1245 426 magis
1271 353 1573 426 ﬂagitamus
1611 353 1768 410 nobis
1799 351 2165 410 necessarium
2193 363 2240 420 Α
2269 364 2459 420 gamus
2488 350 2761 418 dignitatis
2789 350 3067 413 ehordam,
3098 358 3154 405 ut
3177 349 3462 406 citharoedi
3489 348 3641 422 (128)
3672 358 3850 408 tacea-

591 443 778 500 adlore
825 443 1108 511 auxilium,
1154 459 1262 515 quo
1307 445 1408 500 scit
1451 459 1552 500 nos
1603 443 1656 498 id
1704 459 1841 514 Opus
1885 456 2166 498 assumere

590 541 742 589 tanto
770 533 1122 600 dubitantius,
1153 544 1354 606 quanto
1393 535 1768 604 periculosius.
1808 533 1941 590 Nam
1964 549 2030 590 ex
2058 547 2167 588 uno

590 623 759 680 latere
787 625 1005 696 superni
1044 626 1379 696 spectatoris,
1405 641 1468 681 ex
1500 626 1605 680 alio
1633 625 1732 681 sali
1775 626 1932 696 hujus
1974 625 2168 680 immo-

588 717 708 772 dice
733 715 991 772 ferventis
1021 732 1270 772 vereiuur
1305 717 1623 787 procellam;
1656 719 1920 787 navisque
1947 725 2166 783 nostra,

586 806 740 876 cujus
781 806 891 877 jam
945 804 1116 861 fracto
1159 821 1330 868 remo,
1374 806 1575 862 amisso
1620 807 1723 878 77
1775 807 1943 869 clavo,
1991 805 2167 864 lessus

588 897 898 969 multigenis
939 897 1262 968 collisusque
1291 899 1548 968 seopulis,
1580 900 1769 969 sopitis
1801 900 2027 965 viribus,
2059 915 2164 955 non

585 987 803 1056 quidem
833 989 1033 1058 scapha
1062 997 1328 1059 portatus,
1359 989 1452 1044 sed
1485 989 1624 1044 unda
1642 989 1900 1060 jactatus,
1925 991 2168 1045 tremulis

586 1076 820 1146 linguam
853 1078 1025 1149 ipsam
1057 1081 1312 1136 mordens
1340 1081 1610 1147 dentibus,
1655 1081 1707 1136 in
1732 1097 1840 1137 uno
1870 1083 2165 1155 (125)1)ι-θ-

584 1168 730 1222 vium
758 1169 902 1240 jacet
933 1170 1242 1235 nauclerus,
1272 1172 1597 1228 omnimodis
1617 1172 1884 1242 jacturam
1922 1182 2165 1230 tenemus

585 1259 646 1331 [1.
681 1259 980 1334 timemus],
1023 1277 1144 1316 cum
1187 1263 1330 1318 hunc
1370 1265 1419 1319 ei
1468 1265 1827 1320 miserabilem
1870 1265 2165 1331 incursum,

583 1361 804 1424 propter
834 1355 1164 1424 praecipitem
1195 1370 1434 1423 cursum,
1485 1357 1609 1412 dum
1655 1373 1846 1412 cavere
1877 1358 2166 1425 ancipitem

584 1444 810 1499 nescivit
831 1460 1140 1512 excursum,
1160 1447 1449 1518 contigisse
1470 1449 1778 1503 noverimus
1799 1449 1968 1519 (126).
1991 1449 2168 1516 Quan-

583 1550 743 1603 quam
760 1537 903 1591 enim
921 1536 1202 1606 Scriptura
1220 1539 1460 1592 dicente:
1481 1538 1682 1610 Lingua
1708 1540 2020 1610 sapientium
2033 1541 2167 1592 sicut

2270 456 2390 496 mus
2410 457 2728 511 personam;
2760 443 2839 498 sic
2867 442 3204 512 alloquamur
3235 444 3502 505 ordinem,
3530 452 3592 497 ιιι
3614 445 3847 502 ordinati

2267 533 2582 589 omittamus
2628 549 2847 600 nomen,
2889 534 2968 590 sic
2999 534 3283 600 aﬂ‘ectnm,
3317 544 3372 590 ut
3413 535 3699 592 charitatis
3742 553 3848 593 non

2267 621 2536 692 patiamur
2563 624 2864 690 delectum,
2907 623 3061 693 cujus
3106 626 3194 680 hic
3235 640 3564 695 magnopere
3605 641 3852 696 quaerere

2268 713 2526 769 debemus
2552 713 2888 784 profectum;
2916 715 3214 784 praesertim
3242 731 3362 770 cum
3406 729 3507 770 nec
3541 713 3850 770 defuturam

2268 817 2482 860 osorum
2514 803 2800 860 credamus
2827 806 3106 870 invidiam,
3142 807 3232 876 qui
3271 815 3510 861 nostram
3541 806 3646 861 hac
3689 806 3848 861 etiam

2269 893 2322 947 in
2353 903 2506 964 parte
2536 893 2930 968 reprehendere
2967 912 3071 949 non
3099 896 3346 950 dubitent
3379 895 3698 961 audaciam,
3729 911 3849 949 cum

2267 993 2466 1052 praster
2494 987 2893 1054 auctoritatem,
2937 986 3084 1044 salva
3128 986 3293 1052 ofﬁcii
3338 988 3675 1049 reverentia,
3710 987 3863 1041 haud

2268 1073 2527 1143 aliquam,
2556 1075 2756 1129 nullam
2787 1092 2999 1147 quoque
3036 1078 3188 1132 nobis
3216 1078 3464 1131 noverint
3501 1077 3853 1146 suppeditare

2268 1167 2581 1232 scientiam,
2608 1167 2763 1238 cujus
2800 1169 2887 1223 hic
2916 1184 3129 1238 quoque
3173 1170 3250 1240 rei
3281 1183 3559 1230 enormem
3602 1169 3738 1223 satis
3765 1183 3854 1243 ca-

2269 1272 2397 1327 pere
2426 1258 2642 1314 valeant
2665 1259 3052 1330 conjecturam.

2762 1357 2888 1414 Τιτ.
2939 1359 2980 1413 l.
2996 1391 3064 1399 —
3079 1359 3156 1415 De
3188 1362 3410 1432 regibus.

2339 1445 2393 1498 2.
2425 1446 2538 1504 Rex
2568 1448 2662 1502 es?
2691 1447 2955 1519 Dignitas,
3006 1465 3159 1518 rogo,
3193 1450 3305 1520 ipsa
3353 1460 3404 1503 te
3433 1449 3559 1503 dum
3591 1447 3846 1512 delectat,

2269 1538 2524 1593 instruat.
2598 1537 2736 1594 Sunt
2782 1542 3027 1611 quaedam
3080 1541 3276 1613 regalis
3331 1540 3539 1596 ordinis
3589 1538 3846 1610 insignia,

579 1626 2169 1701 stimuli,etsiculclaviinaltumdcﬁxi(Eccles.xn,ll);noc
2271 1627 2466 1697 quibus
2513 1628 2649 1694 sine,
2677 1629 2778 1684 etsi
2819 1644 3014 1684 nomen
3063 1639 3358 1700 utcunque,
3387 1645 3444 1683 re
3499 1637 3683 1682 tamen
3720 1643 3856 1696 vera

581 1716 821 1772 verimus
845 1717 1042 1774 divina:
1066 1721 1404 1776 auctoritatis
1435 1722 1506 1776 ita
1527 1723 2020 1777 constantissimam
2043 1740 2169 1778 eou-
2200 1720 2247 1780 B
2273 1727 2421 1773 certe
2452 1733 2557 1774 non
2587 1727 2766 1789 potest
2809 1721 3106 1775 consistere
3135 1720 3371 1790 dignitas
3398 1727 3567 1773 tanta.
3596 1716 3693 1772 His
3719 1732 3853 1788 ergo

583 1808 860 1875 stantiam,
884 1819 943 1864 ut
969 1811 1100 1865 nulli
1123 1828 1366 1882 parcere,
1390 1814 1659 1868 neminem
1683 1815 2164 1885 noveritpalpare;
2271 1819 2447 1877 utere,
2478 1811 2564 1866 his
2610 1827 2891 1878 exercere,
2944 1813 3031 1867 his
3082 1827 3368 1868 exornare.
3408 1811 3540 1866 Esto
3591 1809 3850 1880 prudens,

586 1909 766 1954 tamen
791 1902 1040 1958 novimus
1060 1905 1128 1959 ab
1151 1905 1280 1974 ipsis
1302 1921 1516 1976 quoque
1535 1907 1755 1962 urbanm
1779 1909 2015 1963 scientia:
2037 1908 2167 1962 viris
2263 1903 2468 1974 justus,
2506 1903 2662 1960 tortis
2712 1913 2768 1961 et
2826 1913 3174 1975 temperatus.
3213 1904 3325 1958 Hac
3384 1902 3540 1973 quasi
3583 1900 3855 1971 quadriga

582 1989 743 2046 hodie
799 2006 1018 2048 summa
1067 1994 1340 2065 diligentia
1390 1996 1700 2062 observari,
1751 1998 1879 2068 quid
1929 2000 2163 2063 cautius,

579 2096 741 2148 quam
785 2083 914 2152 quid
956 2081 1237 2154 proferant
1280 2086 1492 2150 verius;
1523 2086 1709 2141 utilius
1735 2088 1993 2142 :estimari
2023 2089 2166 2157 quod

579 2171 739 2226 docet
768 2173 1024 2235 comicus,
1065 2190 1225 2242 quam
1266 2176 1395 2246 quid
1442 2177 1825 2232 interminatur
1873 2179 2161 2244 Dominus;

578 2265 749 2334 pluris
803 2267 963 2336 pendi
1018 2268 1220 2322 dictum
1247 2285 1261 2321 :

762 2367 1068 2431 Obsequium
1091 2381 1289 2432 amicos,
1314 2371 1494 2419 veritas
1513 2370 1678 2420 odium
1702 2373 1844 2432 parit.

647 2457 914 2528 (TERENT.
962 2460 1130 2513 Andr.
1184 2460 1245 2522 l,
1313 2465 1414 2529 t),
1466 2476 1628 2530 quam
1670 2463 1760 2530 qui
1814 2479 1893 2516 me
1946 2465 2166 2516 erubue-

579 2549 648 2602 rit
694 2559 742 2603 et
794 2567 935 2605 meos
976 2537 1282 2616 sermones,
1329 2560 1376 2606 et
1420 2553 1558 2606 hunc
1597 2553 1743 2622 ﬁlius
1795 2554 2020 2608 hominis
2047 2571 2167 2608 cru-

579 2640 767 2708 bescct,
794 2659 910 2697 cum
933 2645 1124 2698 venerit
1149 2643 1301 2715 (Luc.
1335 2660 1410 2708 Ix,
1438 2645 1562 2716 26);
1601 2655 1655 2700 et
1696 2644 1834 2700 forte
1861 2646 2010 2712 illud,
2040 2647 2165 2716 quia

577 2732 733 2800 quasi
764 2733 1038 2798 disertius,
1086 2733 1207 2790 ideo
1236 2744 1458 2804 putatur
1492 2735 1707 2802 utilius;
1741 2737 1865 2806 quia
1898 2737 2166 2807 pompati-

578 2837 721 2887 cum,
748 2823 869 2880 ideo
891 2825 1165 2895 judicatur
1190 2826 1638 2894 saluberrimum;
1670 2829 1834 2894 istud,
1861 2829 1987 2899 quia
2017 2829 2168 2885 folio-

577 2929 696 2968 rum
726 2924 1024 2978 vcnustate,
1048 2917 1178 2986 quin
1202 2918 1380 2988 potius
1404 2918 1660 2975 vanitatis
1685 2920 2005 2989 opacissima
2035 2923 2166 2978 den-

575 3007 736 3060 sitate
766 3007 1045 3074 nudatum,
1092 3009 1212 3063 ideo
1238 3025 1266 3063 a
1297 3011 1477 3066 Steculi
1519 3013 1874 3083 prudentibus
1912 3030 2006 3069 seu
2035 3017 2165 3072 sim-

576 3097 728 3166 plex,
776 3107 959 3168 atque,
1008 3109 1067 3154 ut
1117 3101 1188 3155 ita
1238 3101 1472 3169 dicatur,
1519 3077 1817 3171 rusticum,
1868 3109 1956 3162 vili
1995 3077 2236 3180 pensoc

576 3191 793 3246 ducitur
812 3194 1054 3264 dignum,
1077 3211 1200 3250 cum
1229 3211 1329 3252 nec
1359 3198 1537 3254 minus
1565 3200 1787 3255 cautela.-
1813 3201 1891 3255 eis
1920 3202 2166 3259 videatur
2207 3225 2221 3237 ο

575 3281 774 3339 aﬂ'erre
799 3286 1072 3356 negotium
1099 3288 1403 3358 suspectius
1428 3288 1578 3360 (127)
1607 3291 1896 3346 dicentium
1925 3311 1938 3346 :
1977 3290 2166 3350 Viden-

575 3372 734 3439 tibus,
771 3375 932 3430 nolite
967 3377 1176 3444 uidere;
1219 3389 1268 3432 et
1307 3380 1700 3448 aspicientibus,
1741 3381 1898 3436 nolite
1934 3384 2166 3454 aspicere

576 3468 724 3522 nobis
757 3484 840 3531 ea,
867 3485 987 3539 qua:
1014 3481 1153 3525 recta
1180 3472 1452 3538 videntur;
1479 3474 1752 3545 loquimini
1779 3475 1925 3530 nobis
1949 3476 2164 3548 placen-

574 3561 670 3625 tia,
701 3562 866 3616 ridete
911 3563 1058 3620 nobis
1084 3581 1288 3619 errores
1317 3563 1470 3637 (lsai.
1512 3583 1640 3630 xxx,
1674 3567 1781 3637 10).
1821 3567 2021 3623 Verum
2052 3584 2169 3622 ma-

575 3651 744 3721 gistra
777 3654 999 3720 eadem,
1029 3670 1150 3724 quze
1180 3665 1235 3710 et
1266 3657 1352 3710 via
1404 3666 1487 3712 cst
1507 3699 1522 3721 ,
1553 3658 1814 3722 Veritate,
1863 3669 2024 3730 atque
2069 3677 2168 3732 per

577 3760 719 3813 queo
743 3745 864 3799 dam
893 3748 958 3801 de
983 3763 1041 3802 se
1065 3750 1177 3817 ipsa
1202 3751 1413 3803 dicente
1444 3769 1455 3803 :
1488 3750 1617 3804 Hrrc
1646 3754 1756 3816 ria,
1785 3753 2048 3807 ambulate
2076 3771 2167 3824 per

577 3853 693 3890 eam
725 3835 927 3908 [supr-le
961 3846 1014 3896 θ’
1047 3855 1154 3895 non
1188 3841 1515 3913 declinctis],
1558 3861 1721 3913 neque
1760 3847 1828 3899 ad
1872 3833 2164 3913 dexteram,

577 3941 741 3995 neque
781 3926 852 3980 ad
888 3927 1154 3998 sinistram
1194 3929 1352 3996 (lsai.
1393 3949 1527 3997 xxx,
1567 3933 1679 4004 21),
1721 3944 2031 4005 satagamus
2064 3938 2165 3994 hac

577 4027 696 4072 arte
724 4033 1028 4076 sermonem
1062 4021 1326 4076 moderari
1359 4032 1623 4090 nostrum,
1657 4033 1710 4079 ut
1746 4042 1845 4082 nec
1874 4029 1940 4081 ad
1982 4028 2166 4084 dexte-

579 4123 694 4163 ram
738 4109 929 4164 altiora
960 4112 1115 4167 nobis
1152 4115 1530 4184 prtesutnptive
1562 4125 1847 4182 tentantes,
1882 4134 2052 4189 usque
2097 4121 2164 4176 ad

579 4197 856 4255 anistram
883 4201 1236 4268 declinemus,
1266 4204 1488 4260 falsitati
1518 4207 1702 4264 timide
1725 4209 1980 4266 cedentes
2007 4230 2020 4265 :
2057 4227 2165 4281 quo

580 4288 661 4354 tit,
686 4300 746 4344 ut
769 4292 840 4346 ita
872 4293 1017 4362 loqui
1040 4311 1347 4366 quanquam
1371 4299 1605 4356 absurde
1631 4300 1813 4366 liceat,
1842 4312 1903 4359 ut
1932 4319 2032 4359 nec
2056 4303 2162 4360 Te-

2268 2004 2488 2051 evectus
2519 1996 2669 2065 regni
2688 1996 2822 2051 lines
2843 1995 3140 2065 perlustra;
3165 1996 3266 2051 hoc
3292 1995 3403 2066 78
3425 1993 3664 2063 denique
3686 2006 3852 2046 curru

2270 2084 2369 2138 ista
2423 2094 2577 2140 utere
2633 2085 2685 2139 in
2739 2085 2856 2149 via,
2900 2095 2961 2140 ut
3011 2100 3132 2140 cum
3189 2084 3534 2139 sanctissimo
3585 2081 3707 2135 Elia
3764 2079 3852 2140 vel

2267 2180 2452 2235 vocari
2498 2179 2762 2235 merearis
2795 2180 2980 2248 auriga
3029 2177 3133 2249 (IV
3161 2177 3286 2250 Reg.
3328 2193 3390 2242 ιι,
3421 2175 3535 2246 12.)
3577 2173 3694 2229 Hoc
3714 2187 3850 2244 qua-

2267 2273 2494 2344 druplici
2548 2273 2788 2328 munitus
2853 2273 3102 2336 thorace,
3154 2272 3398 2326 hostibus
3446 2283 3516 2324 ne
3575 2265 3855 2324 cuncteris

2269 2365 2664 2434 imperterritus
2684 2379 3001 2429 occurrere;
3031 2379 3128 2419 nec
3158 2363 3302 2417 enim
3331 2361 3537 2433 poteris
3581 2358 3857 2429 aliquibus

2268 2455 2511 2509 adversis
2560 2455 2790 2518 devinci,
2829 2454 2872 2508 si
2905 2463 3053 2507 tanta
3085 2453 3313 2507 tuitione
3341 2449 3532 2505 vallari
3561 2446 3853 2504 merueris.

2268 2563 2390 2620 Τιτ.
2416 2564 2552 2619 ll.—-
2569 2563 2976 2618 Disrcrnendum
2991 2581 3092 2635 qua
3107 2561 3657 2634 intentionquuis‘quid
3670 2559 3858 2632 faciat.

2337 2657 2391 2710 5.
2422 2657 2478 2711 1η
2516 2658 2706 2726 primis
2751 2658 2955 2726 itaque,
3007 2666 3298 2726 antequam
3331 2655 3536 2709 scilicet
3582 2661 3856 2706 tcntemns

2271 2746 2373 2800 aia
2411 2756 2513 2800 tute
2544 2747 2822 2800 serenitati
2853 2745 3230 2817 congruentia,
3266 2745 3331 2799 de
3359 2744 3444 2799 his
3482 2743 3715 2814 singulis
3748 2750 3856 2795 tam

2271 2848 2340 2904 te,
2374 2854 2535 2908 quatn
2563 2854 2771 2901 omnes,
2801 2838 2891 2908 qui
2929 2847 3056 2892 sunt
3085 2839 3136 2892 in
3174 2836 3509 2892 sublimitate
3546 2832 3853 2896 constituti,

2267 2930 2390 2984 volo
2419 2938 2724 2984 Instruere:
2779 2929 2882 2983 hoc
2926 2926 3208 2996 adjicicns,
3266 2935 3324 2980 ut
3359 2925 3591 2981 sollicite
3637 2923 3859 2980 studeat

2267 3022 2390 3091 quis
2413 3022 2747 3087 discernere,
2779 3021 2907 3091 quid
2935 3036 3039 3090 qua
3069 3019 3366 3074 intentione
3394 3018 3574 3073 faciat.
3605 3015 3679 3072 Ut
3708 3016 3854 3072 enim

2267 3123 2320 3168 ct
2343 3113 2714 3183 experimento
2743 3127 2809 3166 ex
2844 3111 2998 3166 nobis
3032 3110 3178 3180 ipsis,
3222 3119 3277 3164 et
3320 3109 3552 3164 lectione
3590 3124 3661 3162 cx
3715 3107 3858 3161 anti~

2267 3217 2498 3273 quorum
2529 3203 2880 3272 cognovimus
2914 3201 3091 3264 dictis,
3115 3200 3429 3269 plerumque
3452 3199 3584 3253 vitia
3620 3197 3856 3251 virtutes

2267 3311 2326 3348 se
2353 3309 2477 3350 esse
2503 3293 2862 3348 mentiuntur.
2913 3291 3064 3346 Unde
3110 3291 3242 3344 satis
3289 3289 3511 3360 pulchre
3543 3289 3756 3367 smn
3802 3287 3857 3340 in

2265 3385 2589 3456 proverbiis,
2638 3383 2900 3446 Timidus,
2927 3383 3025 3445 ait,
3056 3399 3109 3435 se
3140 3391 3352 3435 cautum
3381 3390 3549 3442 vocat,
3603 3378 3859 3435 sordidus

2265 3492 2501 3546 parcum.
2546 3472 2826 3528 Calliditas
2843 3473 3006 3537 enim,
3032 3482 3090 3526 ut
3113 3480 3164 3525 et
3181 3471 3397 3541 quidam
3419 3471 3494 3524 ait
3515 3479 3853 3531 nostrorum,

2265 3569 2544 3639 prudentia
2570 3567 2674 3621 vult
2699 3584 2835 3636 sirpe
2863 3566 3045 3630 rideri,
3078 3564 3326 3622 videlicet
3349 3575 3426 3632 ut,
3457 3564 3585 3617 dum
3614 3563 3855 3632 aliquem

2268 3659 2389 3712 dolo
2420 3658 2684 3730 capimus,
2731 3658 3028 3726 prudenter
3084 3671 3182 3709 nos
3232 3653 3424 3708 fecisse
3474 3652 3853 3723 gratulemur;

2267 3751 2406 3819 quod
2437 3760 2625 3804 contra
2651 3747 2937 3802 I’saltuista
2966 3748 3038 3817 (id
3069 3746 3210 3815 quod
3238 3753 3293 3798 et
3322 3743 3516 3799 Petrus
3539 3743 3607 3797 de
3632 3741 3855 3797 Christo

2268 3843 2319 3912 [Ι
2373 3841 2514 3896 l’etr.
2559 3857 2619 3906 ιι,
2663 3839 2836 3913 22]);
2877 3840 2980 3906 Qui
3028 3839 3259 3911 loquitur
3298 3839 3570 3892 ueritatem
3602 3837 3660 3891 in
3691 3836 3849 3892 corde

2265 3951 2380 3994 suo,
2407 3934 2497 4003 qui
2523 3951 2624 3987 non
2647 3934 2747 4002 egit
2779 3932 2955 3986 dolum
2981 3933 3032 3984 in
3061 3931 3239 4002 lingua
3268 3948 3365 3984 sua
3395 3928 3571 4002 (Psal.
3599 3946 3728 3996 oxw,
3761 3930 3851 3998 '5);

2267 4032 2683 4092 nostrorumque
2714 4023 2958 4093 quidam,
2985 4021 3167 4090 Dolus,
3208 4021 3303 4086 ait,
3337 4021 3400 4074 in.
3420 4020 3608 4084 corde,
3652 4030 3852 4091 quanto

2265 4114 2406 4184 apud
2448 4113 2680 4168 homines
2722 4112 3035 4183 pruaentius
3076 4112 3254 4177 callet,
3287 4120 3432 4164 tanta
3479 4110 3624 4181 apud
3684 4110 3854 4163 [leum

2263 4205 2474 4258 stultius
2528 4204 2738 4274 decipit.
2786 4203 3026 4273 Itemque
3081 4202 3366 4258 Psaltnista
3411 4220 3424 4254 :
3470 4199 3692 4254 Inimici
3736 4202 3852 4267 eius

2264 4306 2457 4350 terram
2496 4296 2687 4365 liugent
2714 4293 2887 4366 (Psal.
2926 4309 3075 4358 LXXI,
3108 4293 3184 4363 9).
3242 4291 3470 4347 Terram
3501 4291 3708 4360 quippe
3755 4291 3853 4344 lin-

578 4384 784 4441 rentius
831 4385 1057 4454 alicujus
1109 4389 1286 4456 minus
1336 4393 1558 4462 provide
1608 4396 1790 4452 odium
1843 4399 1895 4452 in
1950 4408 2162 4456 nosmet

2272 4405 2416 4458 gere,
2463 4398 2546 4444 est
2593 4387 2862 4442 sermonis
2914 4386 3184 4441 suavitate
3225 4385 3294 4439 ab
3333 4384 3516 4453 aliquo
3563 4394 3845 4438 terrenum

577 4473 878 4537 exacuisse,
937 4491 1037 4531 nec
1064 4475 1312 4536 Christus
1361 4481 1589 4554 alicujus
1639 4488 1930 4543 amicitiam
1981 4491 2158 4544 minus

576 4563 749 4620 libere
786 4575 936 4620 notet
963 4569 1177 4624 veritati
1208 4574 1531 4641 prtetulisse.
1563 4575 1715 4643 Quod
1758 4595 1826 4634 ne
1860 4581 2160 4649 contingat,

576 4655 722 4710 inter
747 4665 977 4727 utraque
1007 4659 1123 4715 haec
1144 4672 1305 4718 cauto
1331 4667 1638 4735 gradientes
1665 4670 1916 4736 vestigio,
1943 4673 2022 4725 sic
2051 4680 2164 4725 tau-

577 4766 948 4852 committentes
981 4788 1072 4826 nos
1111 4774 1324 4852 ﬂatibus
1365 4779 1614 4852 adversis,
1646 4784 1952 4850 apponimus
1984 4783 2154 4852 ipsum

577 4837 770 4920 apicem
805 4837 1388 4920 lihristuni,_'gestientes
1415 4837 1616 4903 sulcare
1639 4837 1842 4904 eosdem
1876 4837 2029 4904 lintre
2054 4851 2153 4903 tri-

575 4909 1078 4992 cipitipo‘luntinum)
1100 4909 1150 4968 id
1166 4924 1271 4980 est,
1288 4918 1457 4992 tribus
1473 4920 1591 4972 aliis
1607 4921 1757 4992 libris
1771 4921 1946 4992 tertio,
1962 4930 2156 4989 quarto

577 4986 633 5029 et
653 4983 886 5062 πιλίδιον),
919 4983 977 5062 si.
995 4993 1164 5062 tamen
1192 5003 1294 5039 non
1314 4988 1442 5062 desit
1472 4991 1747 5062 auxilium
1774 4991 1936 5051 illius,
1967 4983 2073 5042 étc.

648 5048 797 5128 (125)
825 5048 1010 5128 Brevia
1039 5055 1292 5128 dicuntur
1312 5057 1428 5128 loca
1463 5060 1626 5113 maris
1652 5061 1848 5112 vadosa
1893 5048 1950 5113 et
2005 5058 2157 5112 navi-

579 5116 834 5183 gantibus
853 5122 1182 5192 periculosa;
1215 5127 1356 5182 unde
1383 5127 1637 5198 Virgilius
1660 5129 1876 5182 1Eueid.
1909 5144 1947 5182 ι.

831 5263 843 5274 .
883 5265 894 5275 .
936 5268 942 5274 .
984 5234 1805 5287 ....".....Eurnsabalto

653 5386 670 5406 ρ
707 5386 742 5406 Α
771 5304 826 5355 In
844 5307 1011 5360 brevia
1035 5321 1088 5364 et
1109 5325 1271 5376 syrtes
1293 5327 1461 5379 urget.

2265 4482 2466 4552 aliquid
2499 4479 2734 4535 auferre.
2761 4478 2914 4544 Quod
2944 4472 3134 4533 vitium
3186 4493 3311 4532 cum
3355 4476 3640 4532 urbanitas
3663 4492 3694 4529 a
3726 4476 3845 4546 qui-

2263 4578 2491 4633 husdam
2520 4574 2811 4643 deputetur
2834 4571 3195 4635 saecularium,
3241 4578 3391 4625 tanto
3418 4585 3447 4622 a
3488 4570 3594 4638 piis
3649 4569 3838 4623 menti-

2263 4667 2362 4721 bus
2392 4673 2475 4720 est
2506 4662 3133 4725 sollicitius'cavendum,
3155 4671 3360 4731 quanto
3391 4661 3493 4714 hoc
3519 4660 3842 4714 testimonio

2263 4797 2366 4834 uno
2395 4779 2658 4841 breuium;
2690 4778 2953 4835 timemus,
2981 4775 3215 4838 inquam,
3240 4772 3383 4826 navis
3401 4773 3699 4840 jacturmn,
3729 4787 3848 4823 cum

2263 4850 2554 4904 norerimus
2598 4849 2734 4900 hunc
2779 4844 3123 4897 miserabilem
3167 4843 3434 4896 incursum
3479 4843 3762 4908 contigisse
3803 4861 3852 4892 α

2261 4929 2469 4988 propter
2507 4933 2716 4970 cursum
2755 4915 3091 4984 prwcipitem,
3133 4913 3257 4964 dum
3299 4913 3507 4965 nescivit
3548 4928 3730 4964 carere
3760 4927 3825 4962 ea.

2261 5004 2469 5042 cursum
2499 4988 2795 5054 ancipitem.

2335 5059 2484 5128 (127)
2517 5050 2796 5128 Negotium
2823 5053 3132 5123 suspectius,
3160 5051 3302 5122 quod
3343 5051 3552 5106 scilicet
3581 5050 3847 5118 majorem

2266 5125 2628 5196 Suspicionem
2660 5125 2830 5196 aﬂ'ert.

2337 5191 2486 5267 (128)
2530 5195 2818 5250 ϐἱιΙιατανάί
2849 5208 2980 5247 voce
3035 5205 3216 5267 regem
3267 5191 3532 5267 designat,
3563 5206 3729 5259 quem
3794 5191 3847 5242 in

2266 5261 2616 5338 scqttentibus
2659 5277 2974 5338 suppresso
3020 5261 3685 5338 nomine“pergratum-us
3740 5270 3846 5313 est.

2268 5329 2418 5391 llu'nc
2445 5345 2622 5388 autem
2652 5329 2819 5406 fuisse
2867 5332 3141 5406 Hugonetn
3187 5329 3349 5406 ltaliie
3402 5331 3624 5406 Regem,
3658 5345 3716 5406 a_
3739 5345 3851 5406 quo
