4018 5406
152 194 253 254 ΞΞΙ

1120 197 1691 269 PRAELOQUIORUH
1732 201 1908 256 LlBBl
1945 201 2102 260 SEX.
2127 234 2194 243 ——
2229 203 2358 259 LIB.
2398 201 2484 260 111.

3324 207 3431 266 223

153 312 427 386 discimus
453 309 551 364 Dei
585 309 896 380 specialiter
919 313 1098 366 vocari
1147 313 1449 377 inimiium,
1477 313 1569 382 qui
1621 326 1745 367 sua-
1777 321 1818 378 Α
1851 317 2061 371 nescire
2108 317 2373 372 virtutes?
2409 318 2740 374 Deliniamns
2790 319 2956 391 igitur
2985 337 3106 400 qua:
3136 322 3242 380 sint
3276 323 3427 394 ἱρείη,

155 407 324 461 dente
379 402 719 472 suaviloquio
770 418 865 474 per
909 403 1272 474 falsiloquium
1317 406 1515 476 decipit
1560 407 1742 477 proxi-

151 510 329 559 mum,
359 502 453 548 aut
481 494 747 569 possessis
798 495 896 569 bac
930 511 1054 550 eum
1078 498 1426 552 simulatione
1473 499 1742 568 spolians,

153 594 265 648 aut,
301 583 447 654 quod
477 585 631 655 pejus
667 567 770 648 est,
811 567 1058 642 eunutem
1114 589 1287 657 ipsum
1316 567 1522 659 perfidi
1564 590 1743 660 prodi-

155 676 292 730 toris
356 675 609 746 exemplo
664 676 942 746 sugillans,
991 676 1144 746 juxta
1183 678 1309 732 illud
1348 697 1359 732 :
1394 678 1463 732 In
1516 694 1606 733 ore
1645 696 1742 734 suo

152 784 334 844 pacem
362 783 484 820 cum
508 767 678 836 amico
708 767 955 845 loquitur,
985 765 1032 822 et
1056 772 1110 822 in
1156 769 1360 823 occulto
1399 771 1544 840 ponit
1567 772 1616 824 ci
1661 771 1744 825 in-

151 860 316 915 sidias
345 859 568 930 (Jcrem.
593 875 671 926 Ix,
693 859 769 931 8).
800 860 866 915 Et
895 861 1154 925 dicentes,
1180 861 1317 927 Pax,
1346 879 1470 932 pax,
1499 879 1616 916 cum
1640 881 1742 918 non

155 964 284 1006 esset
324 969 438 1022 pax
477 953 694 1024 (Jercm.
720 971 793 1018 vl,
823 955 943 1026 H);
977 965 1067 1010 et:
1112 955 1218 1030 sub
1245 957 1425 1028 lingua
1449 957 1561 1026 ejus
1593 957 1743 1011 labor

152 1059 196 1102 ct
235 1045 419 1116 dolor,
447 1047 590 1106 sedet
639 1048 693 1106 in
739 1048 942 1110 insidiis
968 1065 1085 1102 cum
1132 1049 1380 1102 divitibus
1413 1049 1466 1102 in
1500 1048 1737 1114 occultis,

152 1149 204 1192 ut
237 1139 526 1208 interﬁciat
569 1141 892 1193 innocentem
919 1139 1090 1211 (Psal.
1123 1156 1176 1204 χ,
1213 1140 1268 1203 7,
1298 1139 1375 1210 8).
1423 1139 1486 1193 Et
1512 1139 1739 1208 quibus-

153 1231 270 1284 dam
324 1231 652 1286 intermistis
701 1231 972 1301 aliquanto
1028 1242 1195 1302 post:
1253 1231 1573 1298 lnsidiatur,
1638 1233 1740 1297 ait,

153 1335 205 1377 ut
232 1325 409 1393 rapiat
433 1341 735 1395 pauperem,
784 1341 961 1396 rapere
1008 1344 1306 1398 pauperem,
1337 1329 1462 1380 dum
1518 1328 1740 1382 attrahit

156 1434 268 1471 cum
302 1416 501 1491 (Ibidq
525 1417 600 1487 9);
635 1419 760 1494 item
789 1419 894 1473 alio
921 1438 932 1473 :
968 1417 1162 1473 Molliti
1197 1429 1316 1473 sunt
1341 1436 1601 1473 sermones
1623 1420 1738 1490 ejus

155 1521 302 1576 super
325 1501 531 1572 oleum,
555 1518 601 1561 et
630 1507 728 1577 ipsi
759 1517 880 1561 sunt
912 1507 1096 1576 jacula
1128 1505 1299 1578 (Psal.
1336 1523 1443 1568 Liv.
1471 1508 1595 1577 9.2);
1621 1524 1741 1580 Spe-

157 1598 405 1667 ciemque
436 1598 507 1652 ad
533 1614 703 1668 genus
743 1613 892 1652 more
944 1599 1144 1653 usitato
1198 1597 1550 1665 transferens,
1599 1617 1734 1670 prm-

1846 415 1898 461 et
1947 407 2066 462 luce
2116 408 2476 480 fulgurantius
2523 411 2754 480 parebit,
2796 413 2924 481 quid
2969 429 3072 466 non
3129 413 3237 467 sint
3277 415 3426 484 ipsae.

1845 495 2064 552 Iustitia
2093 509 2196 564 est,
2239 498 2430 568 utjam
2463 516 2489 553 a
2521 501 2813 570 majoribus
2864 511 2946 558 est
2985 503 3294 579 dil'finitum,
3335 505 3429 559 ha-

1846 588 1989 646 bitus
2025 591 2189 644 animi
2232 606 2329 660 pro
2367 593 2641 648 conununi
2677 593 2912 650 utilitate
2949 603 3219 661 servatus,
3273 611 3437 650 suam

1847 683 2042 751 cuique
2083 684 2324 737 tribuens
2363 685 2712 755 dignitatem;
2764 685 2907 740 unde
2948 687 3167 757 proprie
3213 686 3429 764 justitia

1847 772 2064 835 dicitur,
2091 773 2244 842 quasi
2269 774 2412 842 juris
2432 784 2598 828 satus.
2625 774 2720 830 Jus
2748 785 2926 830 autem
2953 787 3028 831 est
3058 778 3276 848 propria
3307 777 3429 843 lex;

1845 872 1899 916 et
1929 861 2109 930 justus
2135 865 2225 932 qui
2253 861 2367 931 ,fus,
2411 864 2462 927 id
2507 873 2619 928 est,
2651 867 2922 936 propriam
2947 866 3144 937 legem,
3174 867 3428 934 custodit,

1847 955 1934 1009 vel
1966 955 2057 1025 qui
2090 957 2232 1024 quod
2274 957 2552 1026 proprium
2584 967 2667 1012 est
2718 959 3011 1030 unicuique
3047 959 3332 1030 impendit,
3373 968 3430 1013 ut

1846 1044 1973 1100 illud
2010 1046 2222 1099 Domini
2251 1063 2264 1099 :
2304 1045 2524 1101 Reddite
2571 1065 2688 1118 qua!
2717 1059 2835 1103 sunt
2870 1048 3097 1104 Cresaris
3130 1050 3350 1115 C(csari,
3381 1058 3428 1104 et

1843 1152 1960 1203 qum
1995 1146 2114 1188 sunt
2166 1135 2260 1189 Dei
2311 1136 2418 1189 Deo
2446 1135 2661 1206 (Matth.
2699 1155 2836 1202 xx",
2864 1141 2978 1213 21).
3016 1123 3309 1196 Prudentia
3345 1149 3429 1196 est

1845 1243 2024 1280 rerum
2059 1229 2321 1281 bonarum
2375 1229 2705 1284 malarumve
2755 1246 2922 1286 verax
2974 1233 3223 1306 scitﬂtj‘a.
3259 1232 3424 1288 Tem—

1844 1319 2088 1388 perantia
2123 1328 2206 1373 est
2228 1320 2512 1374 adversum
2543 1321 2817 1385 libidines,
2849 1298 3214 1392 aliosifu‘e'non
3248 1333 3426 1380 rectos

1845 1412 2081 1482 impetus
2119 1413 2305 1478 animi,
2346 1414 2498 1467 firma
2550 1423 2603 1468 et
2645 1415 2922 1468 moderata
2957 1413 3275 1490 deminutio.
3304 1415 3427 1471 [late

1845 1511 1900 1557 et
1933 1502 2196 1557 modestia
2230 1514 2473 1568 vocatur,
2509 1505 2633 1574 quia
2678 1521 2799 1558 cum
2847 1505 3006 1560 modo
3051 1505 3132 1559 vel
3175 1520 3423 1560 mensura

1843 1591 2024 1646 omnia
2051 1593 2182 1663 agit.
2227 1592 2513 1649 Fortitudo
2545 1604 2628 1650 est
2680 1595 3018 1650 considerata
3059 1594 3424 1664 periculorum

157 1689 429 1757 minmque
453 1688 695 1744 debitum
724 1705 978 1760 promens
1007 1709 1018 1743 :
1056 1689 1134 1744 Tu
1167 1707 1303 1752 vero,
1348 1691 1541 1762 inquit,
1579 1691 1734 1751 Deus.
1773 1681 1815 1739 Β
1844 1684 2138 1752 susceptio,
2178 1696 2232 1738 et
2269 1685 2513 1740 laborum
2544 1685 2699 1740 llrma
2726 1685 3019 1756 perpessio.
3060 1683 3152 1739 lla:
3186 1692 3422 1755 quatuor

136 1780 371 1833 'deduces
393 1797 485 1836 eos
513 1783 566 1833 in
593 1791 805 1850 pateant
851 1782 1121 1836 interritus
1150 1779 1336 1851 (lbid.,
1366 1781 1480 1852 24).
1513 1781 1614 1836 Job
1645 1797 1740 1836 au-

158 1879 257 1923 tem
291 1879 446 1924 tanto
493 1871 814 1935 terribilius,
879 1880 1083 1941 quanto
1128 1871 1739 1941 expressius:Simula-

159 1969 285 2015 tores
305 1971 351 2014 et
377 1962 586 2024 callidi,
609 1963 798 2032 inquit,
825 1972 1104 2031 prouocant
1130 1963 1261 2015 iram
1288 1962 1383 2016 Dei
1404 1964 1524 2032 (Job
1553 1980 1738 2029 xxm,

162 2050 264 2121 l5).
297 2051 397 2106 Ubi
437 2053 735 2106 notandum
769 2053 909 2122 quod
955 2067 1058 2106 non
1109 2063 1396 2119 merentur,
1425 2055 1519 2109 sed
1548 2071 1736 2120 ιιι-ουσ-

161 2150 290 2204 cant,
326 2152 383 2194 ut
419 2141 625 2212 aliquid
660 2141 808 2213 (129)
835 2141 1182 2196 fol'tuitlosius
1209 2143 1388 2197 inesse
1443 2143 1736 2214 intelligas,

163 2232 304 2285 dixit.
351 2231 666 2286 Verendum
723 2242 934 2300 autem,
990 2249 1055 2286 ne
1099 2241 1427 2303 provocetur
1477 2236 1633 2297 adeo,
1684 2244 1742 2289 ut

163 2325 409 2380 resistere
440 2325 491 2380 ei
521 2325 700 2380 valeat
730 2341 907 2390 nemo,
942 2341 1008 2378 ne
1041 2325 1273 2391 dicatur,
1319 2325 1446 2379 Vivo
1471 2343 1582 2396 ego,
1615 2327 1742 2380 dicit

163 2411 435 2481 Dominus,
461 2409 587 2486 quia
617 2431 722 2471 non
757 2415 1056 2484 cxpiabitur
1091 2416 1342 2487 iniquitas
1380 2417 1491 2470 ha’c
1520 2417 1740 2472 victimis

165 2515 205 2571 et
229 2507 534 2561 muneribus
561 2523 726 2578 usque
774 2508 830 2563 in
860 2509 1230 2578 sempiternum
1262 2507 1312 2578 (l
1348 2507 1475 2578 Reg.
1505 2523 1592 2574 ιιι,
1626 2507 1738 2579 ll).

228 2601 279 2655 4.
311 2599 488 2667 Quam
539 2599 745 2656 fmdum
796 2610 976 2656 autem
1023 2601 1243 2656 cuilibet
1289 2601 1392 2656 hoc
1440 2601 1510 2655 sit
1549 2599 1740 2653 vitium

167 2692 350 2746 sectari
403 2691 741 2756 Christiano,
792 2693 955 2748 etiam
1009 2693 1355 2762 antiquorum
1407 2699 1744 2746 monstratur

169 2782 428 2853 exemplo,
482 2782 574 2851 qui
617 2797 724 2836 non
767 2782 951 2836 divino
981 2782 1195 2847 timore,
1227 2781 1321 2836 sed
1362 2779 1597 2835 naturali
1646 2780 1742 2834 ho—

168 2875 378 2930 ne5tatis
399 2889 610 2938 amore,
637 2873 963 2929 definierunt
987 2882 1194 2943 turpem
1225 2887 1438 2927 omnem
1458 2871 1579 2926 dolo
1598 2885 1745 2941 qua:-

170 2965 315 3020 sitam
340 2966 626 3021 victoriam
653 2965 785 3021 fore.
823 2964 1036 3020 insania
1078 2964 1188 3036 79
1207 2978 1419 3035 quoque
1454 2963 1742 3032 impatien-

1848 1775 1921 1830 ita
1950 1775 2156 1845 regales
2184 1777 2401 1845 proprie
2437 1786 2738 1831 noscuntur
2769 1792 2891 1829 esse
2925 1774 3174 1837 virtutes,
3216 1783 3273 1827 ut
3301 1789 3425 1842 eum

1846 1873 1931 1927 his
1958 1871 2185 1941 quilibet
2211 1871 2375 1924 etiam
2411 1870 2666 1931 rusticus,
2701 1882 2791 1922 rex
2829 1883 2936 1922 non
2966 1867 3260 1937 incongrue
3282 1866 3422 1930 dici;

1845 1962 1963 2018 sine
2010 1962 2116 2026 bis,
2167 1976 2266 2015 nec
2317 1961 2429 2029 ipse
2491 1959 2804 2013 universam
2865 1972 3003 2029 pene
3052 1957 3425 2026 monarchiam

1843 2056 2093 2110 obtinens
2123 2054 2328 2117 mutuli,
2360 2067 2668 2120 quanquam
2699 2050 2941 2114 abusive,
2970 2063 3062 2103 rex
3087 2048 3259 2102 valeat
3283 2047 3426 2116 juste

1844 2146 2026 2199 vocari
2063 2158 2077 2197 :
2118 2142 2258 2196 male
2295 2143 2438 2197 enim
2475 2138 2816 2210 imperando,
2866 2146 2928 2191 ut
2973 2138 3050 2192 ait
3099 2137 3190 2206 qui
3239 2128 3424 2206 supra,

1845 2250 2114 2290 summum
2157 2232 2440 2302 imperium
2470 2231 2759 2284 amittitur.
2799 2227 3072 2294 Quantum
3116 2236 3300 2281 autem
3343 2226 3425 2281 bis

1848 2324 2080 2399 amiciri,
2129 2338 2236 2377 non
2288 2321 2461 2376 solum
2517 2319 2753 2389 regibus,
2810 2317 2905 2372 sed
2943 2317 3110 2371 etiam
3172 2315 3428 2370 omnibus

1855 2416 2027 2488 prosit
2050 2413 2381 2478 hominibus,
2419 2420 2653 2468 testatur
2693 2410 2880 2466 dicens
2925 2410 2977 2463 in
3014 2409 3293 2480 sapientia:
3318 2408 3427 2464 lau-

1846 2509 2050 2563 dibus:
2107 2505 2452 2562 Sobrietatcm
2512 2503 2675 2568 enim,
2721 2513 2770 2558 et
2799 2501 3111 2574 sapientiam
3155 2503 3323 2566 docet,
3379 2511 3427 2556 et

1837 2598 2133 2668 justitiam,
2175 2607 2221 2651 et
2261 2598 2522 2657 virtutem,
2556 2592 2744 2665 quibus
2795 2593 2869 2647 nil
2898 2593 3079 2647 utilius
3101 2593 3155 2646 in
3179 2601 3320 2646 terra
3353 2600 3428 2646 cst

1845 2689 2141 2743 hominibus
2175 2687 2330 2757 (Sap.
2358 2702 2478 2751 vm,
2503 2685 2558 2757 7)
2592 2703 2605 2738 :
2634 2683 2726 2740 ubi
2757 2683 3093 2740 sobrietatem
3124 2693 3433 2752 temperan-

1851 2786 2004 2851 tiam,
2037 2785 2348 2856 sapientiam
2390 2798 2511 2837 esse
2539 2797 2702 2852 quam
2729 2788 2784 2837 et
2824 2795 2923 2835 nos
2971 2779 3252 2850 posuimus
3301 2791 3430 2846 pru-

1849 2877 2112 2942 dentiam,
2161 2877 2403 2931 virtutem
2437 2873 2832 2938 fortitudinem,
2865 2872 3097 2943 diligens
3141 2870 3312 2925 lector
3341 2876 3426 2922 at-

1851 2967 2054 3021 tendat.
2089 2965 2286 3018 Beatus
2309 2975 2490 3019 autem
2523 2963 2610 3020 cui
2636 2963 2873 3019 dicitur:
2901 2960 3157 3015 Omnibus
3181 2961 3262 3014 his
3289 2957 3426 3014 velut

172 3055 248 3110 tite
274 3055 530 3112 fortitudo
558 3057 671 3110 vult
704 3071 845 3126 saepe
864 3073 927 3127 pa
939 3071 1057 3111 rere
1080 3035 1156 3128 [id
1179 3065 1254 3110 est
1277 3054 1592 3128 apparere];
1635 3053 1744 3109 for-
1773 3035 1818 3098 C
1848 3060 2166 3115 vestimentis
2197 3058 2454 3114 iudiceris.

173 3154 268 3202 tem
307 3147 453 3203 enim
495 3163 556 3202 se
602 3149 831 3218 quisque
885 3148 1055 3202 ambit
1087 3147 1282 3214 videri,
1334 3162 1456 3202 cum
1505 3149 1742 3217 percutit

173 3251 358 3307 pugno,
396 3237 580 3293 victus
607 3236 869 3294 convicio.
907 3237 1016 3298 Sed
1045 3237 1268 3292 stultum
1300 3247 1404 3305 est,
1437 3248 1496 3292 ut
1515 3238 1592 3293 ait
1645 3255 1744 3309 pe-

171 3328 542 3404 ritissimorum
593 3330 837 3399 quidam,
872 3329 1146 3384 hominem
1185 3330 1387 3384 vietum
1437 3329 1630 3384 fortem
1663 3332 1742 3386 di-

174 3433 305 3474 cere.
330 3419 626 3476 Sciendum
673 3420 836 3474 etiam
884 3421 1232 3490 phreneticus
1265 3420 1386 3490 plus
1422 3421 1568 3475 sanis
1621 3437 1742 3490 per-

175 3525 300 3583 saepe
337 3513 548 3569 viribus
597 3528 780 3584 posse.
832 3511 1038 3578 Virtus,
1063 3511 1214 3583 juxta
1267 3514 1648 3584 Augustinum,
1677 3528 1744 3568 eo

177 3601 328 3672 pluris
347 3604 689 3667 aestimanda,
721 3618 829 3673 quo
855 3603 1010 3672 plura
1056 3603 1375 3658 contemnit.
1429 3603 1743 3658 Crudelitas

177 3707 373 3764 quoque
397 3694 720 3764 impietatis,
750 3703 804 3748 et
828 3695 943 3763 ipsa
973 3693 1195 3748 ambitio
1217 3693 1612 3749 ardentissima)
1643 3709 1740 3749 eu-

178 3783 388 3852 pidatis,
446 3787 752 3856 troplueum
825 3785 1082 3840 invadere
1145 3784 1435 3854 aliquoties
1498 3785 1744 3840 nituntur

179 3871 463 3945 aequitatis;
497 3878 751 3951 videlicet
780 3891 901 3932 cum
933 3877 1056 3947 quis
1084 3873 1350 3930 satisfacit
1371 3875 1489 3940 irae,
1511 3882 1566 3929 et
1589 3883 1744 3944 putat

180 3970 446 4026 seservire
504 3968 752 4038 justitiar,
817 3976 913 4023 aut
971 3967 1182 4023 etiamsi
1229 3967 1434 4036 justum
1487 3968 1558 4022 sit
1600 3967 1741 4037 quod

181 4058 297 4126 agit,
327 4069 566 4130 qurestus
594 4058 726 4113 illud
767 4058 939 4130 gratia
970 4057 1118 4121 facit,
1149 4067 1338 4112 contra
1389 4056 1738 4112 interdictum

183 4148 326 4216 illius,
364 4152 456 4221 qui
501 4149 749 4221 praecipit
775 4149 960 4204 dicens
995 4166 1007 4202 :
1038 4146 1191 4202 Iuste
1254 4147 1393 4217 quod
1421 4149 1627 4216 justum
1667 4156 1741 4201 est

182 4244 452 4312 exsequeris
480 4242 659 4314 (Deut.
686 4256 798 4306 xvi,
832 4239 946 4311 20).
998 4239 1210 4294 Desidia
1240 4240 1402 4295 etiam
1433 4241 1742 4308 temperan;

187 4328 250 4384 tia
294 4332 400 4388 vult
445 4319 834 4402 nonnunquam
885 4329 1088 4396 videri;
1141 4329 1395 4384 videlicet
1444 4344 1566 4384 cum
1615 4328 1743 4396 quid

185 4425 572 4494 pmcipitanter
600 4429 765 4495 agere
794 4423 1050 4485 vitamus,
1093 4421 1188 4475 sed
1234 4420 1288 4475 id
1337 4419 1608 4473 moderari
1648 4432 1745 4486 per

189 4515 551 4572 discretionem
581 4504 885 4580 nescimus;
910 4529 974 4569 ea
1001 4513 1166 4590 etiam
1186 4528 1308 4582 qua:
1336 4512 1544 4583 agenda
1567 4521 1742 4574 erant,

190 4606 606 4677 minns'providi,
661 4607 930 4662 desidiose
962 4605 1142 4659 iuaeta
1174 4603 1251 4676 [id
1293 4613 1368 4657 est
1398 4601 1621 4674 infecta]
1665 4602 1748 4656 di—

193 4697 453 4766 mittimus,
481 4702 722 4771 dumque
760 4699 955 4754 vitium
985 4699 1297 4762 metuimus,
1333 4697 1520 4750 vitium
1569 4695 1748 4749 incur-

197 4788 362 4846 rimus.
391 4792 543 4864 Smpe
565 4793 738 4855 enim,
771 4806 892 4846 eum
923 4791 1044 4859 quis
1073 4788 1340 4844 moderari
1370 4787 1561 4842 nititur
1588 4787 1742 4852 iram,

197 4877 398 4938 incurrit
458 4885 874 4962 negligentiam;
933 4899 1054 4938 cum
1097 4882 1416 4952 plerumque
1455 4879 1584 4933 vitia
1637 4895 1742 4934 non

198 4981 447 5037 coercere,
477 4975 699 5046 inajoris
730 4973 804 5027 sit
823 4972 1069 5027 criminis
1111 4984 1274 5041 quam
1313 4968 1520 5030 ulcisci,
1553 4977 1608 5022 et
1654 4970 1748 5022 de-

202 5054 500 5128 linquentem
540 5063 817 5135 negligere
853 5077 957 5115 non
1001 5061 1182 5116 minus
1223 5059 1316 5123 sit,
1357 5073 1518 5126 quam
1545 5058 1744 5112 odisse.

203 5147 475 5219 Aliquoties
503 5138 610 5210 doli
657 5153 896 5225 Scyllam
925 5162 1199 5219 caventes,
1244 5150 1486 5206 stultitiae
1517 5150 1752 5205 incurri-

203 5255 309 5304 mus
337 5246 544 5340 Sthes;
579 5229 798 5305 fortitEr
837 5261 1076 5316 persaepe
1111 5245 1456 5315 exsequenda
1489 5244 1745 5308 vitantes,

205 5335 562 5400 segnium'vitio
589 5338 861 5395 servimus
890 5345 1184 5406 torpentes.

2158 3148 2282 3204 Τιτ.
2309 3147 2391 3202 111.
2425 3177 2496 3190 --
2528 3145 2672 3200 Vitia
2700 3163 2803 3201 non
2827 3144 3122 3216 pallianda.

1917 3243 1970 3297 6.
2006 3243 2101 3298 llis
2139 3241 2213 3296 ita
2263 3255 2366 3294 non
2404 3238 2898 3300 inconsideranter,
2956 3245 3017 3290 ut
3063 3235 3242 3298 credo,
3292 3248 3430 3305 pra:-

1840 3331 2022 3402 jactis,
2064 3345 2208 3385 [tunc
2255 3329 2301 3383 si
2330 3343 2435 3397 qua
2479 3335 2607 3382 sunt
2651 3325 2909 3391 dicenda,
2961 3324 3035 3378 ita
3067 3324 3313 3393 recipere
3360 3337 3430 3376 ne

1846 3430 2171 3491 aspernetur
2216 3416 2517 3487 amplitudo
2569 3424 2682 3480 tua,
2733 3421 2792 3468 ut
2828 3414 2954 3468 dum
2984 3421 3172 3483 aperta
3228 3410 3431 3465 fuerint

1846 3513 1939 3568 diu
1995 3510 2220 3568 forsitan
2275 3509 2546 3580 ignorata,
2591 3504 2936 3576 corrigantur
2983 3504 3248 3576 neglecta.
3306 3502 3428 3557 Pri-

1847 3619 1994 3658 mum
2045 3603 2227 3671 itaque
2277 3612 2411 3670 rogo
2463 3607 2535 3663 te,
2560 3610 2629 3651 ne
2677 3595 2823 3665 ipsas
2861 3594 3241 3665 quoquomodo
3292 3591 3429 3647 velis

1847 3697 2177 3766 degenerare
2199 3695 2447 3757 virtutes,
2478 3697 2854 3761 prmtextuque
2893 3688 3122 3744 aliarum
3171 3701 3430 3758 quarum-

1847 3790 1979 3845 libet
2006 3789 2119 3860 80
2167 3801 2367 3851 rerum,
2408 3798 2528 3854 quae
2568 3782 2708 3838 forte
2737 3790 2865 3838 sunt
2901 3781 3152 3846 dissonis,
3183 3778 3425 3850 palliare.

1847 3879 1976 3934 Esto
2005 3880 2127 3934 dico
2151 3877 2411 3948 prudens,
2443 3889 2551 3930 non
2603 3873 2860 3938 callidus,
2889 3871 3137 3941 quamvis
3185 3877 3240 3924 et
3272 3866 3428 3923 calli-

1847 3971 2029 4027 ditatis
2054 3970 2273 4026 nomiue
2304 3968 2588 4038 prudentia
2616 3981 2760 4036 saepe
2783 3965 2955 4021 soleat
2980 3963 3224 4033 intelligi,
3259 3969 3318 4015 ut
3346 3967 3431 4015 est

1847 4062 1974 4116 illud
2002 4079 2014 4115 :
2041 4058 2235 4114 Callicli
2256 4069 2330 4113 est
2357 4057 2642 4128 intelligere
2664 4056 2802 4110 viam
2824 4069 2972 4108 suam
2997 4051 3181 4123 (Prov.
3213 4050 3428 4135 x1v.8),

1846 4154 2022 4219 fortis,
2047 4167 2152 4206 non
2184 4151 2482 4221 superbus;
2516 4154 2866 4218 temperatus,
2901 4159 3008 4199 non
3031 4144 3189 4199 deses
3214 4152 3308 4196 aut
3345 4158 3431 4198 re-

1847 4245 2077 4309 missus;
2101 4242 2302 4312 justus,
2331 4256 2439 4296 non
2469 4237 2724 4294 crudelis.
2767 4234 2986 4290 Honora
3025 4234 3208 4304 itaque
3237 4233 3428 4298 Deum,

1850 4351 1974 4406 rege
1997 4335 2230 4405 primum
2257 4333 2513 4402 teipsum,
2539 4331 2649 4383 imo
2702 4327 2802 4396 ipsi
2858 4325 3055 4379 rectori
3110 4325 3431 4380 commenda

1850 4429 2100 4498 teipsum.
2158 4426 2289 4480 Vide
2324 4438 2445 4494 quae
2480 4421 2706 4476 arbores
2735 4417 2926 4488 majori
2962 4417 3190 4489 impulsu
3223 4418 3441 4487 agitari.

1851 4529 1938 4572 tur
1965 4525 2283 4579 ventorum;
2312 4513 2622 4574 considera,
2652 4524 2772 4580 quae
2792 4509 3011 4580 gravius
3051 4516 3216 4562 ruunt
3265 4503 3445 4561 aedili-1’

1848 4608 1954 4673 eia,
1985 4616 2042 4662 et
2071 4621 2139 4661 ne
2167 4604 2300 4660 illud
2333 4603 2599 4668 incurras,
2627 4600 2756 4671 quia
2785 4599 3055 4669 judicium
3090 4596 3432 4651 durissimum

1847 4701 1905 4754 in
1941 4700 2023 4754 his
2061 4700 2152 4771 qui
2173 4705 2405 4768 prwsuat
2434 4695 2590 4766 (Sap.
2615 4709 2690 4759 vr,
2721 4692 2776 4762 6)
2800 4708 2815 4758 ;
2844 4700 2920 4758 et,
2943 4698 3177 4762 potentes
3203 4695 3432 4759 potenter

1850 4803 2108 4848 tormenta
2143 4791 2410 4862 patientur
2449 4788 2642 4859 (Ibid.,
2681 4785 2766 4858 7);
2795 4792 2882 4848 el,
2911 4781 3216 4853 fortioribus
3262 4778 3437 4848 major

1849 4886 2008 4940 instat
2030 4885 2296 4939 cruciatus
2326 4881 2374 4953 (1
2383 4880 2513 4946 bid.,
2541 4879 2618 4952 9).
2648 4876 2989 4947 Amplectere
3013 4871 3294 4936 sollicitus,
3309 4867 3437 4938 quia

1854 4978 1991 5032 beati
2016 4975 2402 5038 misericordes,
2424 4973 2674 5043 quoniam
2707 4970 2806 5040 ipsi
2853 4965 3270 5022 misericordiam
3313 4978 3436 5016 con-

1855 5079 2136 5139 sequentur
2161 5067 2378 5138 (Matth.
2403 5080 2456 5129 v,
2489 5067 2580 5137 7);
2604 5074 2662 5118 ut
2685 5060 2845 5117 simul
2881 5062 3056 5128 possis
3099 5056 3331 5111 evadere
3372 5052 3438 5113 il:

1853 5158 1970 5224 lud,
2001 5159 2126 5228 quia
2147 5156 2412 5226 judicium
2441 5154 2555 5209 sine
2579 5147 2947 5208 misericordia
2993 5148 3074 5201 his
3103 5147 3191 5216 qui
3219 5161 3321 5199 non
3345 5143 3443 5197 ha-

1855 5251 1971 5300 bent
1999 5244 2420 5300 misericordiam
2453 5241 2596 5313 (Jac.
2621 5257 2682 5305 Il,
2714 5234 2801 5305 15)
2823 5251 2839 5298 ;
2865 5241 2922 5288 et
2962 5233 3282 5304 intelligere,
3315 5231 3439 5300 quia

1854 5337 2034 5393 nullus
2058 5337 2246 5401 miser,
2271 5333 2374 5390 nisi
2399 5332 2492 5402 qui
2519 5325 2768 5387 misereri
2803 5323 3064 5380 noluerit.
3119 5323 3190 5378 Et
3215 5338 3286 5378 ne
3326 5321 3412 5377 for
