4018 5406
609 333 720 391 225

1573 335 1908 405 RATHERI!
1943 336 2161 395 EPISC.
2207 340 2457 404 VERON.
2499 343 2652 403 OPP.
2689 346 2872 406 PARS
2908 348 2951 405 l.

3687 361 3880 419 ,2Ξί

610 443 838 498 multum
866 453 993 501 ante
1028 459 1130 503 nos
1160 445 1362 502 dictum
1393 462 1406 500 :
1435 446 1566 502 Ante
1610 449 1718 519 ipse
1770 449 2069 519 subjicitur,
2099 451 2189 521 qui
2220 460 2265 514 A
2293 453 2562 515 dicatores
2586 474 2715 515 suos
2739 469 2795 515 et
2817 462 3162 532 spirituales,
3192 474 3248 522 et
3273 468 3544 527 charitate
3585 471 3724 527 facit
3770 472 3882 529 fer-

616 534 722 588 uult
752 533 888 589 alios
917 535 1414 606 liabere.subjectos.
1444 536 1542 592 Cui
1576 552 1703 593 vero
1728 539 2071 610 subjiciatur,
2098 540 2194 597 tibi

584 625 862 695 relinquo
886 625 1213 696 disquirere,
1253 642 1374 683 cum
1430 627 1692 685 Dominus
1742 638 1793 685 te
1838 630 2011 700 possit
2060 631 2195 687 satis

611 717 738 770 hinc
760 731 1001 788 congrue
1026 718 1254 774 dicendo
1281 717 1480 773 docere
1515 737 1528 773 :
1563 719 1755 786 Nemo,
1801 722 2068 791 inquiens,
2099 737 2194 792 po-

585 815 709 861 test
730 805 935 862 duobus
977 808 1204 877 dominis
1231 809 1425 882 servire
1455 808 1671 881 (Matth.
1701 826 1774 877 v1,
1798 812 1891 883 24)
1915 829 1930 879 ;
1958 820 2043 868 et:
2070 809 2195 875 Non

605 895 820 964 potestis
845 895 957 959 Deo
980 896 1172 952 servire
1200 906 1250 950 et
1278 913 1591 970 mammona:
1621 898 1833 972 (lbid.).
1873 901 1940 955 Et
1959 900 2194 973 Aposto-

607 986 724 1043 lus:
756 987 881 1043 Non
911 999 1106 1059 regnet,
1127 989 1401 1060 inquiens,
1423 1001 1693 1061 peccatum
1717 994 1773 1046 in
1794 1004 1958 1049 vestro
1980 994 2194 1050 mortali

606 1095 820 1150 corpore
845 1078 1018 1152 (Rom.
1047 1095 1123 1148 νι,
1156 1081 1277 1153 li);
1316 1090 1402 1137 et.-
1428 1082 1534 1148 Qui
1553 1084 1681 1155 facit
1701 1094 1992 1159 peccatum,
2013 1102 2192 1143 servus

605 1180 681 1224 est
710 1172 909 1241 peccati
938 1170 1121 1243 (Joan.
1148 1189 1245 1228 vm
1265 1214 1280 1240 ,
1305 1175 1430 1246 15b);
1458 1185 1514 1230 et
1544 1194 1557 1230 :
1587 1178 1632 1247 Α
1674 1194 1776 1248 quo
1816 1181 1931 1250 quis
1974 1186 2193 1251 supera~

604 1271 712 1328 tur,
737 1261 854 1339 ejus
885 1273 961 1317 est
1000 1274 1049 1317 et
1098 1280 1276 1320 servus
1328 1264 1412 1336 (ΙΙ
1444 1264 1592 1321 Petr.
1617 1282 1680 1335 ll,
1711 1268 1822 1340 19).
1852 1270 1919 1324 Et
1975 1271 2031 1326 in
2083 1273 2188 1327 Da-

584 1351 744 1423 .niele
766 1344 789 1426 ς
815 1341 1089 1425 Princeps,
1112 1362 1311 1427 inquit,
1338 1358 1483 1429 regni
1512 1354 1801 1413 Persarum
1845 1361 2030 1415 restitit
2062 1363 2189 1416 mihi

602 1441 766 1515 (Dan.
795 1459 852 1513 χ,
883 1444 993 1515 15).
1026 1444 1144 1502 Non
1170 1447 1316 1502 enim
1345 1448 1464 1504 sine
1490 1442 1655 1506 causa
1696 1451 1949 1515 dicuntur
1990 1452 2190 1508 daemo-

603 1550 701 1593 nes
726 1533 1103 1607 fornicationis
1125 1546 1183 1601 et
1209 1541 1498 1610 superbiae,
1525 1542 1611 1598 vel
1658 1552 1982 1613 creterorum
2030 1542 2189 1599 vitio-

602 1642 724 1697 rum
752 1628 1000 1700 spiritus,
1032 1631 1136 1688 nisi
1159 1632 1288 1702 quia
1315 1633 1517 1689 habent
1547 1635 1821 1715 subjectos
1866 1636 2061 1706 quibus
2091 1636 2186 1693 do-

603 1719 901 1789 minantur,
926 1722 1130 1795 eisdem
1170 1725 1378 1794 scilicet
1406 1726 1553 1783 vitiis
1581 1729 1899 1805 servientes.

2297 555 2503 605 ventes.
2532 549 2601 604 Et
2623 565 2720 620 per
2741 553 3062 624 prophetam
3096 575 3110 610 :
3161 556 3328 615 Labia
3371 563 3657 619 sacerdotis
3702 577 3881 621 custo-

2295 636 2438 701 diens
2463 640 2750 707 justitiam,
2783 653 2832 698 et
2856 643 3020 714 legem
3050 647 3313 718 requirent
3357 667 3424 706 ea:
3447 668 3538 707 ore
3577 654 3715 723 ejus,
3754 657 3879 726 quia

2295 729 2511 799 angelus
2558 730 2769 788 Domini
2821 738 3141 795 exercituum
3178 750 3251 795 est
3291 741 3550 813 (Malqcli.
3582 753 3643 810 tt;
3685 746 3765 816 7).
3822 747 3880 804 In

2294 816 2614 891 Apocalypsi
2650 820 2877 881 Joannis
2904 841 3028 897 cum
3056 829 3212 885 audis
3235 831 3455 903 angelos
3473 845 3681 904 septem
3700 837 3877 893 eccle-

2294 908 2521 977 siarum,
2536 912 2712 969 nullos
2732 914 2868 971 alios
2888 916 3156 989 intelligas
3178 936 3339 990 quam
3365 922 3650 995 episcopos
3669 940 3879 983 earum.

2293 999 2350 1066 In
2378 999 2666 1070 Evangelio
2707 1017 2923 1075 quoque
2970 1008 3100 1077 quid
3147 1009 3312 1087 dicat,
3341 1028 3501 1082 quam
3555 1023 3879 1085 potestatem

2266 1090 2373 1145 .e'is
2394 1092 2617 1159 tribuat,
2649 1095 2873 1151 adverte
2901 1114 2913 1150 :
2947 1099 3303 1171 Qittecunque,
3333 1103 3603 1173 inquiens,
3633 1106 3880 1179 ligaveri-

2291 1180 2359 1234 tis
2385 1196 2543 1252 super
2561 1192 2778 1260 terram,
2803 1183 2967 1255 ligata
2990 1198 3142 1247 erunt
3181 1199 3228 1244 et
3258 1190 3311 1245 in
3339 1192 3506 1260 ctelo;
3534 1205 3583 1250 et
3634 1212 3880 1266 quascun-

2289 1286 2389 1341 que
2415 1271 2669 1331 solveritis
2718 1291 2876 1346 super
2940 1288 3167 1347 (errant,
3198 1282 3371 1339 soluta
3423 1296 3575 1346 erunt
3604 1298 3656 1363 et
3676 1290 3737 1357 in
3754 1289 3879 1360 εφιο

2294 1358 2508 1431 (Matth.
2555 1377 2667 1435 xu,
2720 1363 2831 1435 l9).
2892 1364 3006 1437 Hoc
3049 1369 3214 1438 idem,
3245 1371 3376 1442 licet
3419 1358 3676 1446 sparsim,
3718 1358 3876 1437 etin

2253 1464 2256 1468 λ
2290 1449 2497 1523 psalmo
2519 1451 2631 1522 jam
2649 1462 2703 1508 et
2724 1453 2993 1526 Propheta
3023 1471 3407 1534 peroraverat:
3433 1464 3608 1521 Nimis
3630 1467 3881 1523 honorati

2289 1551 2408 1596 sunt
2426 1544 2584 1598 amici
2609 1545 2688 1599 tui
2716 1545 2884 1614 Deus,
2917 1550 3072 1605 nimis
3095 1552 3423 1621 confortatus
3443 1568 3517 1611 est
3546 1558 3881 1628 principatus

2288 1648 2468 1689 eorum
2499 1632 2672 1707 (Psal.
2702 1653 2966 1705 cxxxvm,
2997 1642 3107 1714 l7).
3161 1643 3440 1715 Quorum?
3462 1648 3879 1720 Apostolorum.

2287 1725 2764 1797 evangelistarum,
2789 1731 3193 1805 episcoporum,
3218 1736 3560 1810 clericorum,
3584 1744 3879 1810 monacho~

675 1811 726 1866 7.
774 1812 927 1898 Quod
957 1829 1079 1869 cum
1135 1816 1539 1872 evidentissima
1591 1803 1870 1895 didiceris,
1897 1820 2181 1876 considera
2211 1803 2260 1865 Β
2289 1834 2409 1873 rum
2436 1820 2632 1876 saeculo
2656 1803 3100 1898 renuntiandum.
3132 1828 3255 1902 qui.
3283 1831 3408 1901 quia
3453 1833 3646 1889 nolunt
3669 1834 3879 1905 aliquid

598 1903 729 1973 quid
756 1889 852 1974 per
894 1906 1212 1975 prophetam
1257 1907 1517 1964 Dominus
1545 1909 1690 1965 dicat
1725 1927 1739 1964 :
1785 1892 1871 1965 va:
1915 1911 2006 1981 qui
2060 1927 2183 1965 con-

591 1996 818 2067 jungitis
844 1997 1059 2052 domum
1087 1999 1156 2052 ad
1187 1999 1424 2067 domum,
1456 2010 1505 2056 et
1534 2018 1720 2073 agrum
1752 2020 1879 2074 agro
1925 2005 2183 2075 copulatis

600 2103 764 2159 usque
795 2088 864 2143 ad
901 2091 1181 2153 tenninum
1200 2090 1323 2148 loci.
1351 2091 1605 2165 Nunquid
1629 2111 1716 2150 vos
1735 2096 1835 2150 soli
1857 2096 2104 2161 habitatis
2127 2100 2182 2153 in

596 2185 779 2244 terra?
802 2183 872 2240 In
898 2187 1116 2242 auribus
1145 2188 1273 2253 meis
1299 2198 1421 2249 sunt
1467 2191 1644 2251 onun‘a
1671 2191 1803 2263 liam,
1834 2191 1958 2255 dicit
1995 2192 2176 2253 Domi-

596 2295 694 2334 nus
721 2280 1042 2337 exercituum
1068 2279 1223 2352 (Isai.
1246 2297 1298 2349 v,
1322 2279 1376 2348 8,
1395 2281 1471 2354 9).
1498 2283 1675 2354 Atque
1696 2293 1812 2355 post
1827 2298 2028 2354 pauca:
2051 2285 2181 2339 Pro-

592 2380 770 2442 pterea
800 2371 1062 2439 dilatauit,
1094 2373 1301 2444 inquit,
1331 2374 1569 2444 infernus
1599 2391 1656 2430 os
1689 2392 1861 2441 suum,
1890 2385 1938 2431 et
1976 2378 2179 2448 aperuit

594 2462 787 2533 absque
826 2461 936 2516 ullo
969 2464 1212 2529 termino,
1240 2473 1288 2519 et
1314 2464 1623 2520 descendent
1664 2466 1824 2536 fortes
1842 2466 1979 2534 eius,
2002 2476 2050 2521 et
2080 2483 2176 2537 po-

593 2551 749 2622 pulus
793 2552 931 2623 ejus,
975 2561 1026 2608 et
1087 2554 1335 2610 sublimes
1391 2555 1707 2628 gloriosique
1772 2559 1889 2628 ejus
1939 2559 2010 2613 ad
2059 2574 2177 2613 eum

594 2643 784 2713 (Ibid.,
822 2644 933 2715 14).
958 2645 1199 2716 Itemque
1228 2663 1243 2701 :
1270 2645 1361 2702 Va:
1392 2649 1806 2719 quijustiﬁcatis
1834 2650 2052 2720 impium
2082 2667 2177 2720 pro

593 2734 916 2801 muneribus,
943 2745 989 2789 et
1018 2736 1285 2806 justitiam
1321 2737 1455 2808 justi
1479 2737 1700 2809 aufertis
1734 2739 1799 2793 ab
1821 2756 1901 2795 eo.
1926 2739 2174 2811 Propter-

592 2840 655 2879 ea
718 2826 849 2879 sicut
905 2826 1116 2882 devorat
1159 2828 1405 2899 stipulam
1454 2840 1503 2885 et
1549 2830 1692 2903 ligna
1747 2832 1902 2902 ignis,
1933 2843 1983 2887 et
2030 2833 2177 2889 calor

590 2914 822 2981 ﬂamma:
839 2917 1032 2982 exurit,
1056 2918 1131 2971 sic
1151 2917 1306 2972 radis:
1322 2935 1505 2976 eorum
1545 2921 1696 2990 quasi
1741 2920 1945 2990 favilla,
1970 2931 2019 2976 et
2058 2938 2174 2993 ger-

592 3019 707 3057 men
730 3020 910 3059 eorum
937 3015 992 3060 ut
1020 3006 1190 3077 pulvis
1223 3009 1462 3064 ascendet
1505 3009 1700 3081 (lbid.,
1724 3011 1839 3082 25).
1879 3010 2172 3069 Considera

590 3095 797 3167 itaque,
821 3113 971 3169 rogo,
988 3114 1149 3171 quam
1170 3116 1334 3173 grave
1354 3104 1428 3159 sit
1447 3104 1758 3176 cupiditatis
1773 3106 2002 3172 crimen,
2026 3108 2169 3176 quod

2283 1907 2487 1964 habere
2517 1910 2570 1967 in
2604 1913 2825 1977 mundo,
2848 1912 2975 1985 jure
2999 1932 3123 1983 cum
3160 1919 3268 1975 Deo
3298 1922 3679 1993 principantur
3712 1934 3769 1981 et
3783 1924 3875 1995 ju-

2283 1997 2470 2059 dicant
2492 2000 2560 2054 de
2583 2002 2802 2069 mundo,
2834 2003 3097 2077 malentes
3126 2023 3317 2064 aurum
3340 2010 3668 2070 habentibus
3697 2015 3868 2084 impec

2283 2102 2407 2143 rare
2429 2104 2588 2159 quam
2621 2106 2815 2146 aurum
2840 2094 3062 2152 habere.
3097 2093 3389 2169 Principes,
3420 2100 3612 2172 inquit,
3644 2106 3868 2175 papula—

2284 2194 2400 2249 rum
2421 2184 2718 2253 congregati
2745 2195 2864 2238 sunt
2895 2202 3014 2241 cum
3059 2187 3165 2243 Deo
3190 2184 3475 2259 libra/tam,
3498 2197 3752 2266 quoniam
3795 2198 3869 2259 d.i

2281 2271 2443 2341 fortes
2466 2283 2620 2328 terra:
2644 2275 2967 2348 vehementer
3015 2277 3201 2334 elevati
3242 2292 3365 2337 sunt
3398 2282 3570 2357 (Psal.
3600 2301 3747 2352 χιε-ι,
3786 2287 3865 2358 6).

2279 2361 2420 2433 Ecce
2447 2363 2612 2420 habes
2640 2367 3080 2424 manilestissime
3107 2372 3232 2441 quia
3253 2373 3528 2447 principes
3546 2377 3865 2447 populorum

2279 2453 2380 2523 ipsi
2408 2463 2535 2510 sunt
2555 2456 2627 2512 dii
2662 2466 2840 2514 terra).
2865 2457 2972 2516 Sed
2991 2462 3114 2532 quis
3138 2472 3223 2520 est
3254 2465 3354 2520 iste
3377 2467 3748 2538 principatus?
3784 2471 3867 2527 Ad

2280 2543 2410 2622 quid
2438 2553 2523 2600 est
2545 2546 2649 2601 iste
2675 2546 3046 2624 principatus?
3080 2554 3160 2605 Ad
3185 2552 3505 2624 alligandos,
3551 2559 3747 2628 inquit,
3780 2578 3863 2621 re;

2277 2649 2366 2704 ges
2392 2650 2571 2690 eorum
2595 2637 2647 2690 in
2675 2640 3027 2710 compedibus,
3048 2652 3097 2696 et
3122 2643 3318 2699 nobiles
3347 2662 3526 2702 eorum
3563 2650 3625 2704 in
3648 2652 3866 2711 manicis

2278 2726 2484 2803 [erreis,
2511 2738 2563 2779 ut
2594 2728 2794 2798 faciant
2816 2731 2872 2784 in
2899 2731 2970 2785 cis
3010 2732 3277 2802 judicium
3306 2739 3659 2809 conscriptum
3684 2737 3863 2811 (Psal.

2278 2835 2457 2887 cxux,
2481 2823 2563 2892 8).
2626 2822 2762 2895 Ecce
2811 2840 2972 2896 quem
3025 2826 3336 2897 acceperint
3386 2831 3867 2901 principatum,ad

2276 2913 2406 2983 quid
2450 2914 2801 2983 acceperint,
2857 2918 3129 2985 quomodo
3198 2918 3533 2977 confortatus
3601 2933 3689 2980 est
3750 2926 3868 2997 ipse

2276 3004 2632 3074 principatus.
2659 3004 2815 3073 Quo?
2843 3008 2934 3063 hic
2985 3017 3040 3064 et
3076 3009 3129 3063 in
3160 3009 3379 3078 futuro;
3411 3014 3554 3082 qua?
3607 3030 3707 3085 per
3749 3032 3868 3074 om-

2278 3110 2400 3166 nem
2450 3099 2730 3150 mundum.
2762 3097 3078 3169 Ubicunque
3101 3101 3351 3157 Christus
3374 3105 3653 3172 adoratur,
3682 3124 3873 3164 sacer-

589 3198 646 3244 et
673 3199 726 3246 te
754 3200 808 3246 et
830 3193 1083 3263 populum
1116 3172 1289 3262 tuum,
1318 3172 1601 3267 totumque
1630 3206 1806 3269 potest
1846 3172 2168 3254 consumere

2277 3186 2371 3247 dos
2414 3172 2536 3255 post
2592 3186 2768 3256 ipsum
2797 3188 3082 3255 excolitur,
3141 3191 3249 3247 imo
3276 3193 3330 3263 in
3369 3196 3655 3261 sacerdote
3703 3196 3866 3254 Chri-

594 3297 836 3355 germen.
866 3284 1017 3352 Quod
1047 3287 1094 3343 si
1127 3296 1320 3344 cuncta
1343 3289 1544 3347 cedunt
1566 3304 1633 3353 ex
1656 3292 1952 3358 sententia,
1980 3291 2023 3346 si
2054 3306 2169 3346 om-

588 3374 739 3428 nium
791 3376 1196 3435 adversantium
1249 3379 1347 3436 tibi
1410 3381 1590 3437 subito
1639 3382 1945 3452 supplicant
1999 3381 2166 3448 colla;
2260 3422 2267 3429 .

586 3465 735 3521 nulla
756 3467 961 3525 inutilis
990 3471 1172 3542 gaudii
1200 3479 1252 3527 te
1286 3473 1486 3528 exinde
1512 3474 1688 3545 pulset
1725 3473 2007 3543 iactantia.
2062 3474 2169 3531 Me-

585 3566 768 3615 mento
828 3559 1133 3631 hujusmodi
1187 3579 1217 3618 a
1248 3563 1533 3622 Psalmista
1577 3566 1655 3622 illi
1694 3568 1976 3637 promissa,
2007 3582 2166 3637 quem

581 3648 765 3704 divina
790 3649 1002 3721 justitia
1047 3654 1295 3726 despexit
1321 3669 1338 3711 :
1366 3656 1714 3728 Auferuntur,
1740 3659 1936 3730 inquit,
1957 3660 2167 3729 judicia

587 3750 679 3795 tua
704 3759 737 3795 a
764 3743 901 3812 facie
917 3744 1053 3814 ejus,
1077 3747 1310 3801 omnium
1332 3748 1663 3804 inimicorum
1682 3766 1900 3804 suorum
1924 3751 2167 3804 domina-

583 3830 746 3903 bitur(
757 3832 845 3887 Ps.
874 3849 932 3898 κ,
962 3834 1037 3906 5).
1062 3834 1213 3891 Scito
1235 3838 1399 3893 etiam
1428 3854 1459 3892 a
1492 3840 1738 3907 medicis,
1757 3841 2060 3912 desperatis
2091 3842 2165 3898 nil

583 3921 884 3989 prohiberi,
916 3926 1059 3995 quod
1085 3926 1397 3983 desiderant
1420 3930 1559 3985 esui.

796 4009 917 4067 Tt'r.
940 4012 1030 4069 IV.
1059 4043 1129 4054 —
1158 4014 1404 4086 Episcopi
1440 4034 1598 4089 quam
1632 4018 1948 4076 honorandi.

658 4099 713 4156 8.
742 4100 824 4156 Tu
846 4103 1027 4172 potius
1059 4103 1189 4160 time
1229 4104 1422 4172 Deum,
1460 4121 1601 4177 rege,
1637 4108 1744 4163 imo
1791 4110 1935 4165 nutri
1988 4125 2161 4182 popu-

584 4191 696 4280 lum
755 4194 854 4250 tibi
894 4196 1269 4264 commissum,
1295 4200 1590 4270 deprecare
1637 4210 1875 4269 sanctos,
1904 4218 2163 4263 venerare

580 4285 895 4356 episcopos;
924 4288 1143 4345 noveris
1164 4289 1285 4346 illos
1316 4290 1433 4358 tibi,
1457 4307 1563 4349 non
1596 4301 1649 4349 te
1687 4294 1793 4350 illis
1817 4310 1938 4351 esse
1972 4296 2160 4366 praela-

2271 3285 2390 3332 stus
2413 3278 2727 3335 honoratur.

2483 3364 2604 3421 Tt'r.
2642 3364 2704 3420 V.
2729 3395 2798 3405 -—
2819 3365 2938 3423 Una
2960 3379 3033 3424 est
3064 3370 3321 3445 catholica
3354 3371 3611 3444 Ecclesia.

2341 3457 2394 3513 9.
2424 3457 2502 3514 Ne
2523 3452 2645 3530 quis
2669 3474 2800 3537 ergo
2817 3459 3141 3537 Jerusalem,
3171 3466 3419 3535 Romam,
3447 3469 3858 3542 Alexandriam,

2269 3548 2543 3624 velaljam
2571 3552 2871 3621 quamlibet
2925 3554 2980 3609 in
3034 3556 3135 3611 hac
3183 3562 3542 3630 praerogativa
3600 3567 3855 3636 accipiat,

2266 3651 2498 3701 caeteras
2522 3643 2791 3713 excipiat:
2829 3645 3109 3705 Catholica
3147 3661 3232 3705 est
3280 3652 3545 3721 Ecclesia,
3585 3659 3857 3715 catholica

2266 3742 2324 3789 et
2350 3733 2467 3804 ejus
2497 3743 2582 3789 est
2613 3736 2810 3807 gratia.
2862 3738 2978 3793 Non
3031 3742 3392 3812 suntplures,
3439 3762 3543 3801 una
3575 3758 3687 3817 est,
3738 3769 3858 3821 qua:

2262 3840 2389 3891 eam
2413 3827 2683 3895 continet,
2710 3837 2887 3905 petra,
2913 3831 3076 3903 unica
3097 3845 3181 3888 est
3202 3834 3466 3892 Ecclesia.
3496 3839 3588 3896 Sic
3614 3843 3763 3897 enim
3787 3848 3854 3899 de

2264 3928 2329 3973 ea
2354 3914 2572 3982 dicitur,
2609 3914 2727 3971 Una
2757 3928 2832 3972 est
2857 3919 3018 3979 matri
3058 3938 3169 3976 sua:
3199 3922 3388 3995 (Cant.
3418 3942 3494 3994 v1,
3518 3928 3610 4000 8),
3660 3932 3715 3988 id
3746 3948 3850 3998 εει,

2260 4006 2650 4076 regeneratrici
2680 4009 2866 4077 gratia:
2899 4010 3056 4066 unica
3084 4022 3169 4068 est
3217 4014 3302 4070 lex
3365 4018 3651 4079 univctsm.
3703 4023 3855 4081 Licet

2263 4097 2686 4153 consuetudines
2714 4113 2817 4168 pro
2846 4101 2956 4155 ritu
2998 4112 3054 4158 et
3084 4106 3413 4175 proprietate
3452 4112 3700 4191 gentium
3726 4128 3855 4171 sunt

2264 4188 2536 4256 discretae,
2559 4205 2669 4247 uno
2689 4192 2882 4263 spiritu
2918 4209 3108 4253 omnes
3147 4188 3561 4272 consecrantur,
3604 4208 3752 4264 sicut
3796 4221 3855 4267 et

2264 4298 2375 4345 uno,
2395 4283 2723 4365 baptismate
2740 4301 2932 4344 omnes
2977 4288 3248 4352 lavantur.
3282 4293 3348 4373 Et
3390 4295 3518 4360 licet
3551 4300 3853 4362 divisiones

586 4385 701 4443 tos;
732 4387 809 4444 et,
837 4387 898 4432 ut
922 4379 1154 4448 amplius
1182 4380 1381 4450 dicam,
1402 4384 1533 4440 deos
1560 4384 1712 4440 tibia
1738 4398 1951 4442 summo
1977 4396 2033 4442 et
2052 4404 2160 4443 uno
2256 4375 2373 4431 δίηι
2396 4377 2713 4447 εωιὶπιιηι»
2748 4379 3016 4450 Siquidem
3039 4384 3311 4448 excellunt
3338 4387 3429 4449 alii
3466 4389 3603 4448 alios
3640 4394 3699 4451 in
3739 4397 3849 4454 Ee-

577 4473 638 4519 et
658 4465 917 4537 singulari
946 4467 1079 4535 Deo,
1106 4478 1164 4525 et
1189 4471 1409 4542 angelos
1439 4474 1506 4529 ab
1551 4475 1667 4545 ipso
1707 4477 1886 4547 magni
1943 4477 2156 4534 consilii

549 4556 786 4628 .Angelo
804 4573 927 4616 esse
959 4560 1135 4617 datos.
1164 4560 1319 4630 Quod
1346 4563 1392 4619 si
1414 4579 1502 4620 me
1524 4575 1682 4636 putas
1735 4568 1973 4636 mentiri,
2005 4579 2160 4631 ante-

544 4652 852 4708 ‘cessorem
901 4661 1050 4708 tuum
1104 4652 1380 4727 interroga
1424 4656 1859 4723 Constantinum,
1885 4660 2154 4732 interroga

579 4743 845 4814 psalmum
894 4745 1092 4814 ipsum,
1143 4746 1417 4818 interroga
1448 4749 1753 4804 Dominum.
1792 4750 1914 4816 Vos,
1940 4752 2016 4806 ait
2066 4752 2155 4808 ille

575 4834 1008 4909 (Constantinus)
1029 4834 1145 4906 jam
1174 4837 1340 4905 fatus,
1376 4840 1522 4894 nobis
1560 4858 1594 4895 a
1619 4839 1726 4895 Deo
1753 4841 1867 4896 dati
1906 4843 2030 4898 estis
2055 4844 2150 4909 dii,

558 4936 627 4983 ‘et
657 4929 961 4985 conveniens
989 4947 1093 4984 non
1112 4931 1218 5001 ει
1249 4938 1347 4996 est,
1368 4940 1425 4985 ut
1469 4932 1621 4986 homo
1638 4932 1843 5002 judicet
1866 4934 1991 4989 deos
2020 4935 2149 5004 (Rs-

725 5020 760 5062 I-
796 5035 814 5062 l
866 5037 909 5062 Α
933 5021 1011 5062 9)
1044 5020 1328 5062 Dcalmieln
1353 5037 1484 5062 vam
1541 5023 1675 5062 Dum
1723 5024 1891 5062 innisi!
1942 5027 2073 5062 clalo':
2100 5028 2154 5062 ε..

560 5033 680 5062 πικ.

2263 4465 2619 4533 elesia,sicut
2649 4476 2705 4524 et
2750 4469 2804 4525 in
2836 4470 2976 4543 coelo
3021 4475 3261 4544 ordines,
3309 4492 3421 4534 non
3467 4488 3650 4540 tamen
3686 4486 3847 4546 divisi

2263 4558 2504 4626 datores;
2522 4574 2662 4615 unus
2681 4569 2766 4616 est
2783 4563 2928 4617 enim
2943 4564 3123 4633 dator,
3136 4579 3391 4637 operator
3416 4576 3847 4652 unus,idemque

2261 4649 2356 4720 qui
2376 4649 2523 4706 solus
2543 4650 2686 4706 Deus
2724 4654 3107 4711 essentialiter.
3155 4658 3266 4715 imo
3294 4661 3368 4730 id,
3408 4667 3552 4734 quod
3592 4649 3849 4744 compre-

2262 4741 2421 4797 bendi
2444 4755 2551 4796 non
2574 4749 2773 4810 potest,
2815 4746 3067 4818 quodque
3096 4750 3289 4809 melius
3335 4755 3583 4815 mirando
3634 4773 3693 4818 et
3719 4741 3840 4822 ere-

2258 4833 2459 4899 dendo,
2484 4849 2646 4903 quam
2669 4835 2974 4905 cogitando,
3008 4841 3404 4914 ratiocinando,
3434 4849 3518 4903 vel
3564 4851 3840 4924 loquendo

2257 4929 2607 5002 proferimus,
2629 4932 2683 4987 id
2709 4940 2813 4999 est,
2834 4935 3244 4994 substantialem
3260 4946 3618 5014 esse,vivere,
3651 4968 3836 5022 posse,

2258 5035 2447 5062 annm-rs.
2487 5033 2537 5062 Μ
2571 5021 2870 5062 inlunianrn
2934 5040 3146 5062 consumas
3182 5028 3321 5062 ἰιιιηιι
3373 5049 3455 5062 η...

3464 5051 3595 5062 ..ιιι-κ
