4018 5406
136 160 237 211 Ξὶὸ

1068 136 1637 211 l’liAsLUQUtOItUM
1678 140 1853 195 LIBRI
1896 141 2051 195 SEX.
2083 172 2145 185 --
2174 142 2297 196 LIB.
2341 141 2424 195 lll.

3286 140 3389 196 9.26

135 286 252 340 qam
282 268 349 321 ab
382 268 499 335 ipso
522 263 735 319 caeteris
759 260 978 329 prtelata
1001 260 1232 312 dicendo
1252 300 1265 319 ,
1291 267 1554 326 quantum
1606 257 1711 310 sei-
1741 262 1787 320 Α
1817 256 1975 308 sitam
2003 260 2019 325 (
2036 256 2062 308 Ι
2082 258 2208 326 Reg.
2234 271 2288 320 v,
2312 256 2402 323 ἓ).
2435 256 2648 325 Aspice,
2672 266 2725 310 et
2743 257 2835 311 tibi
2854 256 3095 326 provide,
3123 260 3390 328 prospice,

135 364 258 416 licet
311 358 493 411 tacitis
519 354 1014 424 supercwlestibus,
1062 350 1273 403 venitur
1323 350 1389 402 ad
1440 348 1707 412 caelestia,

137 466 253 520 qua:
268 463 296 501 a
321 447 480 502 nobis
492 454 755 499 vocantur
767 440 1133 497 ecclesiastica
1172 457 1185 492 :
1207 440 1543 506 Ωιιίεειιηηιιε
1581 438 1713 507 liga-

139 538 309 595 witis
340 552 502 604 super
529 544 748 597 terram,
772 541 920 585 erunt
944 529 1104 598 ligata
1127 537 1173 581 et
1205 529 1259 580 in
1286 527 1425 580 ralis
1467 528 1485 597 (
1519 526 1711 580 Matth.

138 644 246 691 xvi,
280 626 405 695 l9).
442 623 562 678 Non
607 622 750 677 enim
793 620 949 683 dixit,
994 618 1375 688 aliquacunque
1425 616 1716 685 ligantibus

139 720 288 775 vobis
338 725 505 772 erunt
548 715 734 785 ligata,
766 720 823 765 ut
871 709 1275 779 subintelligere
1303 708 1397 761 tibi
1444 708 1591 777 optio
1617 710 1714 762 da~

143 817 308 870 retur,
333 805 737 873 aliquacunque
767 800 833 853 ab
859 801 958 853 hac
985 799 1102 868 lege
1127 812 1345 851 manere
1381 798 1713 862 inconcessa;
1757 852 1760 856 ,

135 896 225 953 sed
256 910 608 965 quacunque,
640 892 691 945 id
716 899 831 954 est,
868 889 1043 943 omnia
1069 904 1185 957 qua:
1239 887 1519 955 ligaveritis
1560 904 1719 956 super

137 997 353 1046 terram,
383 993 542 1037 erunt
566 982 724 1050 ligata
752 992 795 1034 et
824 981 875 1033 in
894 979 1040 1032 cozlo.
1073 978 1220 1047 (130)
1255 978 1581 1032 lluicautem
1600 990 1727 1048 (pne

140 1075 460 1146 superferri,
520 1090 640 1127 cum
688 1072 763 1126 nil
814 1073 1061 1125 videnlur
1092 1072 1143 1124 in
1191 1068 1305 1137 ejus
1355 1072 1720 1140 suppositione

142 1166 366 1229 residui,
399 1178 504 1219 nec
527 1162 727 1231 aliquid
758 1162 860 1215 nisi
888 1176 982 1229 per
1002 1176 1121 1214 eam
1149 1160 1251 1214 rite
1284 1160 1366 1214 vel
1414 1162 1721 1216 Christiane

155 1258 405 1310 videatur
454 1254 599 1324 quod
644 1263 840 1308 caetera
888 1251 1162 1319 supposita
1210 1251 1442 1316 ordinet,
1491 1250 1719 1318 institui,

140 1350 385 1404 invenire
421 1348 602 1402 adhuc
628 1361 726 1401 nec
739 1345 1047 1416 cogitando,
1074 1358 1171 1397 nec
1200 1344 1589 1409 ratiocinando,
1622 1359 1722 1401 nec

140 1440 364 1508 legendo
394 1438 685 1491 valuimus.

208 1530 294 1583 10.
330 1528 472 1582 lluie
509 1536 687 1581 tamen
716 1525 762 1581 si
812 1523 1261 1579 eontradictorem
1296 1522 1437 1578 forte
1484 1523 1719 1593 aliquem

1815 362 1921 398 non
1954 346 2298 401 dissimulans
2326 347 2452 415 quid
2481 347 2588 401 illis
2616 347 2904 416 contigerit
2933 348 3192 417 cogitare.
3216 348 3394 417 Ipsam

1815 447 2028 502 quoque
2056 449 2261 500 arcam,
2292 436 2415 504 quia
2436 434 2606 489 bobus
2634 435 3393 503 calcitrantibusinclinatam,

1817 523 1948 587 02a,
1981 524 2070 592 qui
2105 524 2489 593 interpretatur
2520 524 2760 579 robustus
2789 525 3027 593 Domini,
3059 528 3270 598 erigere
3302 543 3396 584 vo-

1816 611 1934 675 luit,
1962 612 2089 680 quid
2134 612 2389 665 meruerit
2411 613 2679 681 perpende
2711 612 2807 683 (II
2838 612 2966 683 Reg.
2998 618 3113 685 vr);
3176 616 3285 687 83
3342 627 3394 673 et

1819 702 1865 755 si
1895 702 2037 770 quod
2066 700 2205 755 forte
2245 702 2563 773 negligentis
2594 703 2880 759 decliniutn
2904 706 2992 776 [id
3035 716 3110 760 est
3160 708 3398 763 declina-

1821 791 2045 863 tionem]
2081 793 2203 847 vitzn
2226 793 2305 847 eis
2333 794 2531 848 videris
2562 794 2758 861 inesse,
2787 796 2929 863 vide,
2962 811 3029 851 ne
3069 812 3167 867 per
3210 808 3261 855 te
3301 816 3397 857 eos

1819 885 2153 938 emendando
2181 884 2315 939 velis
2340 885 2610 951 relevare;
2646 901 2733 948 ne,
2766 887 2893 941 dum
2925 888 3175 943 robustus
3226 891 3399 947 videri

1820 973 1993 1026 ambis
2017 972 2247 1038 Domini,
2272 972 2369 1028 tias
2388 972 2631 1044 jugulum
2653 974 2893 1031 ferientis
2907 978 3082 1047 angeli
3111 978 3172 1047 (I
3210 976 3399 1031 Pural.

1822 1068 1966 1135 ut).
2013 1064 2342 1134 Prophetant
2370 1067 2536 1120 etiam
2569 1066 2621 1120 in
2665 1067 2848 1122 Bethel
2898 1070 3297 1134 transmissum,
3348 1081 3404 1125 et

1820 1164 2039 1224 propter
2062 1156 2482 1211 inobeJientiam
2514 1174 2543 1210 a
2585 1157 2739 1213 leone
2770 1158 3086 1215 devoratum
3142 1163 3398 1231 conSpice

1822 1244 1947 1315 (Ill
1978 1246 2102 1317 Reg.
2137 1264 2257 1313 xm,
2290 1250 2420 1318 24);
2447 1258 2503 1303 ct
2529 1260 2724 1319 prwter
2763 1267 2980 1306 manum
3026 1254 3168 1324 regis
3190 1256 3398 1309 aridam

1821 1334 2017 1405 (Ibid.,
2046 1338 2134 1407 4),
2166 1340 2447 1394 considera
2467 1341 2631 1394 etiam
2673 1341 2727 1395 in
2759 1340 2870 1395 fera
2892 1342 2981 1397 illa
3045 1344 3401 1399 irrazionabili

1822 1436 2021 1495 quanta
2071 1430 2420 1489 veneratione
2447 1430 2645 1485 debeas
2672 1439 2725 1485 ιιι
2750 1432 3036 1487 rationalis
3065 1433 3215 1489 vivos
3241 1449 3403 1489 exco-

1822 1514 1954 1581 lere,
2003 1519 2436 1587 quandoquidem
2479 1520 2568 1575 illa
2602 1536 2701 1575 nec
2728 1521 2940 1577 asinum
2990 1540 3088 1594 pro
3119 1540 3215 1579 sua
3243 1524 3403 1595 culpa

139 1621 466 1681 invenimus,
515 1616 751 1686 proferat
777 1615 845 1669 de
871 1615 1068 1670 divinis
1098 1613 1420 1681 Scripturis,
1451 1620 1507 1666 et
1547 1614 1720 1667 credi-
1754 1612 1796 1669 Β
1825 1610 2020 1663 11101·ιυί
2067 1626 2194 1665 ausa
2251 1621 2331 1666 est
2369 1628 2632 1682 usurpare
2660 1613 2858 1683 (Ibid.,
2890 1614 3016 1685 24).
3061 1617 3405 1688 Quinquage-

138 1726 289 1772 mus;
340 1718 553 1762 tantum
600 1722 665 1761 ne
687 1705 945 1775 Spiritum
993 1714 1239 1759 sanctum
1263 1721 1292 1758 a
1321 1704 1481 1758 Patre
1507 1715 1562 1757 et
1590 1704 1724 1759 Filio

137 1802 735 1870 procedentem,atque
756 1799 844 1852 ubi
892 1797 1008 1852 vult
1033 1798 1349 1866 spirantem,
1395 1797 1462 1851 ab
1510 1797 1726 1852 homine

138 1892 251 1946 dari
283 1906 441 1959 posse
474 1890 793 1953 audiamus;
828 1889 971 1957 quod
994 1904 1092 1943 nec
1108 1888 1296 1958 angelo
1316 1889 1513 1942 dicenti
1543 1903 1725 1942 assen-

140 1985 327 2047 timur,
356 1983 487 2051 quin
519 1982 697 2051 potius
741 1981 1007 2036 dicentem
1044 1996 1165 2034 eum
1212 1979 1454 2048 apostolo
1501 1980 1727 2033 anathe-

140 2071 722 2141 matizamus(Gal.t,
755 2071 831 2139 8).
878 2069 1008 2124 Nam
1050 2079 1104 2124 et
1154 2071 1296 2139 quod
1351 2070 1506 2138 quasi
1564 2070 1727 2125 robur

140 2163 452 2218 invincibile
495 2164 548 2217 in
593 2164 695 2217 hoc
738 2163 1047 2232 opponitur,
1072 2162 1124 2215 id
1168 2170 1252 2215 est
1298 2160 1427 2215 illud
1450 2159 1721 2228 ejusdem:

141 2254 479 2319 Chariuimi,
526 2254 719 2309 subditi
746 2263 907 2307 estote
953 2254 1095 2306 omni
1144 2254 1390 2307 humana
1444 2262 1721 2318 creatum,

140 2346 244 2397 sive
282 2345 389 2413 regi
438 2344 592 2414 quasi
646 2342 1045 2413 pra'cellentiu
1094 2343 1323 2408 Petunt,
1352 2343 1474 2414 i5),
1522 2342 1725 2412 aliquid

140 2434 350 2490 valeret
404 2436 557 2490 adid
610 2434 1078 2499 instruendum,si
1133 2434 1402 2489 diceretur
1454 2434 1565 2490 Deo
1590 2450 1727 2503 pra:-

140 2527 377 2589 eellenti,
421 2536 514 2581 aut
541 2528 808 2596 episcopis
854 2526 1216 2597 praecedenti;
1268 2542 1410 2582 nunc
1456 2543 1585 2583 vero
1624 2529 1725 2585 hoc

140 2621 306 2673 tacito
334 2618 745 2690 intelligendum
777 2618 1114 2673 solummodo
1140 2620 1369 2674 terrenis
1401 2619 1549 2674 illum
1583 2637 1724 2690 prte-

140 2714 367 2778 rellere;
402 2723 455 2767 et
482 2713 602 2769 ideo
648 2723 707 2766 ut
749 2712 961 2781 jnstitia
996 2721 1261 2777 teneatur,
1293 2713 1531 2768 debitum
1564 2714 1634 2779 ei,
1671 2714 1724 2768 id

141 2817 245 2867 est,
275 2804 539 2868 majorem
577 2804 789 2858 caeteris
818 2803 1085 2857 creaturis
1138 2803 1388 2868 terrenis,
1419 2818 1515 2858 nec
1544 2813 1724 2859 tamen

139 2898 455 2951 «(uestibus
502 2896 759 2950 honorem
795 2894 1174 2959 deferendum;
1224 2896 1317 2949 sed
1379 2904 1434 2949 et
1471 2897 1573 2950 hoc
1617 2913 1722 2949 non

140 2998 364 3058 prepter
410 3003 490 3051 se,
532 2988 626 3042 sed
673 2997 895 3057 propter
947 2987 1114 3041 Deum
1161 2996 1375 3041 servata
1419 2989 1719 3042 reverentia
1750 2972 1792 3031 C

140 3078 454 3132 sublimium
487 3086 841 3149 potestatum,
872 3079 1066 3146 quibus
1092 3084 1145 3130 et
1188 3077 1300 3146 ipsa
1344 3078 1578 3132 humana
1629 3094 1725 3146 po-

142 3180 329 3233 testas,
390 3178 446 3222 et
491 3170 667 3225 omnis
716 3170 1024 3239 przccipitur
1070 3167 1247 3221 anima
1311 3168 1426 3222 ﬁeri
1476 3169 1722 3233 subdita;

143 3272 260 3327 quae
293 3279 401 3313 non
436 3270 561 3315 sunt
588 3261 729 3326 aliae,
757 3261 860 3315 nisi
888 3276 1006 3329 qua:
1034 3274 1129 3329 per
1175 3257 1432 3326 Spiritum
1477 3270 1723 3314 sanetum

144 3353 194 3402 in
244 3353 509 3420 apostolis
559 3366 857 3421 eorumque
925 3348 1327 3403 successoribus
1402 3359 1722 3418 potestatem

138 3441 439 3509 iudicandi,
486 3442 690 3513 ligandi
716 3457 780 3496 ac
803 3439 1115 3495 absolvendi
1148 3437 1217 3491 ab
1247 3438 1361 3508 ipsa
1393 3454 1601 3494 summa
1629 3457 1722 3511 p0-

143 3542 336 3589 tcstate
366 3543 692 3606 acceperunt
719 3534 786 3589 de
821 3534 1090 3590 omnibus.

828 3620 947 3683 Τιτ.
987 3628 1068 3684 Vl.

213 3716 302 3770 ll.
360 3714 579 3771 Talibus
614 3715 814 3787 tigitur,
846 3734 879 3774 ο
928 3734 1046 3784 rex,
1094 3717 1252 3775 subdi
1300 3735 1369 3775 ne
1395 3716 1720 3790 dedigneris,

145 3805 266 3874 quia
292 3807 426 3861 velis
454 3807 609 3873 nolis,
644 3809 789 3878 ipsos
814 3810 963 3875 deos,
995 3813 1139 3882 ipsos
1160 3812 1399 3883 angelos,
1416 3812 1559 3881 ipsos
1577 3811 1728 3881 prin-

148 3894 311 3963 cipes,
373 3895 519 3963 ipsos
557 3896 769 3964 judices
815 3899 1057 3959 habebis.
1109 3902 1213 3972 ipsi
1243 3911 1294 3957 te
1339 3902 1569 3967 solvere,
1623 3902 1724 3972 ipsi

148 3984 319 4037 valent
353 3985 548 4054 ligare;
581 4004 705 4042 nam
734 3998 788 4042 tu
818 4006 980 4061 super
1021 3992 1252 4063 aliquos,
1290 3993 1365 4048 illi
1404 4009 1565 4063 super
1593 4002 1644 4047 te
1672 4004 1727 4048 et

147 4093 304 4146 super
325 4093 536 4134 omnes.
564 4080 763 4135 Excole
794 4083 972 4153 itaque
1012 4100 1105 4140 eos
1148 4095 1348 4155 quanta
1389 4094 1542 4156 potes
1564 4101 1727 4140 vene-

150 4170 379 4237 ratione,
408 4182 532 4231 utet
552 4173 622 4226 illi
645 4183 695 4228 te
722 4175 970 4229 cxcolant
986 4177 1253 4249 condigna
1269 4178 1721 4233 remuneratione.

152 4259 277 4317 Vide
307 4280 373 4317 ne
403 4264 639 4335 aliquam
685 4267 781 4321 tibi
812 4268 891 4321 eis
911 4270 1186 4339 contirgat
1222 4270 1470 4337 injuriam
1504 4268 1720 4334 inferre,

1827 1702 2007 1756 uarios
2063 1703 2225 1757 etiam
2278 1705 2412 1759 duos
2468 1706 2635 1760 L‘liam
2686 1706 3066 1763 maledicentes
3119 1711 3408 1778 aspicc,ct

1827 1792 2001 1859 ignetn
2028 1793 2122 1848 ira:
2153 1795 2389 1850 caelestis
2420 1812 2604 1852 verere
2629 1797 2677 1865 (Ι
2697 1798 2732 1850 V
2766 1797 2892 1868 Reg.
2921 1815 2969 1863 ι,
3008 1801 3095 1864 i0,
3129 1801 3233 1869 l2).
3264 1800 3407 1865 Qua-

1826 1882 2073 1953 draginta
2104 1900 2320 1956 quoque
2349 1902 2548 1955 pueros
2578 1888 2628 1942 in
2660 1888 2848 1944 Bethel
2903 1890 3082 1945 Eliseo
3120 1891 3406 1945 illudentes

1826 1977 2094 2044 perpende
2120 1976 2169 2047 (Ι
2187 1978 2224 2031 γ
2254 1978 2381 2049 Reg.
2401 1996 2459 2044 ιι,
2489 1980 2598 2049 24),
2623 1991 2677 2036 et
2700 1999 2730 2035 a
2755 1984 3088 2038 detractione
3109 1993 3163 2038 et
3186 1984 3406 2039 la:sione

1827 2069 2229 2137 prophetarum,
2281 2072 2424 2139 quod
2455 2072 2639 2141 utique
2669 2074 2769 2141 ipsi
2819 2083 2961 2137 sunt,
3005 2075 3264 2145 linguam,
3301 2077 3404 2128 vim

1826 2170 1881 2215 ct
1937 2178 2125 2217 manus
2172 2164 2410 2218 contine.
2471 2164 2626 2231 Quod
2672 2167 2716 2219 si
2777 2166 3005 2219 forsitan
3072 2168 3313 2233 ambisti,
3360 2169 3404 2221 si

1826 2253 2234 2321 prtesuntpsisti,
2252 2254 2296 2309 si
2322 2255 2590 2323 usurpasti
2608 2296 2623 2319 ,
2645 2266 2699 2307 ut
2716 2254 2828 2323 jatn
2859 2256 3105 2325 exempla
3129 2258 3404 2326 proposita

1826 2343 2092 2397 sutiiciant
2110 2384 2124 2409 ,
2150 2352 2243 2397 aut
2264 2342 2403 2399 forte
2426 2344 2601 2399 abhis
2620 2344 2914 2415 aseitus[id
2937 2356 3011 2398 est
3036 2345 3405 2417 provocatus],

1826 2442 1919 2487 aut
1943 2441 2032 2487 tua
2063 2434 2112 2486 vi
2142 2432 2336 2499 elatus,
2370 2444 2428 2488 ut
2450 2434 2530 2488 eis
2560 2442 2610 2487 te
2634 2434 2931 2503 prtelatum,
2960 2451 3082 2489 eum
3110 2450 3213 2489 non
3236 2450 3402 2500 esses,

1829 2525 2115 2591 crederes;
2171 2525 2436 2595 siquidem
2485 2541 2587 2581 nec
2640 2526 2802 2580 homo
2835 2526 2945 2580 Deo
2996 2526 3260 2595 prteferri,
3308 2542 3408 2581 nec

1829 2618 2102 2672 terrestris
2123 2617 2327 2673 caelesti
2351 2618 2612 2687 praeponi,
2651 2634 2751 2673 nec
2791 2620 2987 2673 \ermis
3014 2620 3205 2690 angelo
3251 2620 3405 2689 priu-

1827 2712 2148 2781 eipari,nec
2202 2729 2295 2767 rex
2329 2713 2462 2783 regi,
2511 2712 2605 2769 sed
2664 2716 3047 2782 priestantiori,
3102 2716 3264 2770 debet
3314 2725 3407 2769 aut
3446 2730 3447 2735 ‘

1828 2806 1969 2861 valet
1988 2808 2204 2861 omnino
2252 2806 2547 2871 dominari;
2579 2806 2809 2862 subiciat
2832 2809 2926 2863 tibi
2955 2808 3021 2862 ad
3057 2810 3158 2863 boc
3184 2808 3397 2863 illorum

1826 2910 2047 2966 peccato
2069 2908 2158 2953 tuo
2184 2899 2324 2953 malo
2353 2908 2403 2953 te
2449 2915 2567 2954 esse
2609 2901 2951 2969 perductum.
2984 2901 3234 2965 Attende,
3269 2916 3336 2953 ne
3364 2916 3394 2954 a

1826 2990 2059 3057 pessimo
2086 2990 2267 3058 auriga
2301 2990 2351 3042 in
2381 2990 2532 3059 pejus
2557 2999 2711 3044 actus
2730 2999 2903 3045 tentes
2930 2991 3139 3060 aliquos
3160 2991 3393 3055 illorum,

1825 3082 2036 3135 etiamsi
2086 3082 2195 3135 sint
2252 3091 2365 3134 toto
2405 3082 2521 3135 orbi
2558 3082 2810 3146 infantes,
2846 3091 3052 3136 tantum
3080 3083 3188 3137 sint
3219 3081 3271 3137 in
3302 3084 3408 3137 lide

1825 3174 2088 3227 catholica
2120 3174 2365 3238 stabiles,
2401 3175 2670 3243 aliquibus
2701 3176 2912 3229 tradere
2942 3176 3217 3245 suppliciis
3258 3192 3408 3232 more

1824 3283 2124 3332 servorum,
2156 3283 2275 3321 cuin
2312 3270 2488 3337 potius
2516 3270 2611 3337 ipsi
2639 3269 2763 3337 jure
2790 3270 3017 3322 debeant
3052 3270 3196 3339 fungi
3240 3271 3401 3325 domi-

1829 3376 2037 3415 norum.
2067 3360 2218 3414 Scias
2248 3377 2399 3413 usmn
2435 3360 2577 3414 hunc
2600 3360 2785 3425 fuisse,
2812 3377 2915 3415 non
2945 3363 3161 3429 quidem
3196 3363 3397 3417 Callio-
3440 3382 3441 3385 η

1825 3451 2073 3516 licornm,
2126 3453 2218 3506 sed
2270 3452 2479 3505 illorum
2507 3467 2733 3521 quormn
2764 3468 2888 3521 pars
2915 3452 3066 3522 longe
3105 3453 3175 3508 sit
3214 3468 3243 3507 a
3293 3462 3403 3518 tua,

1828 3556 2200 3617 tyrannorum.
2256 3546 2407 3613 Quod
2472 3546 2517 3601 si
2564 3545 2886 3615 negligentia
2944 3561 3120 3615 pravae
3181 3542 3408 3612 alicujus

1824 3652 2009 3694 eorum
2055 3637 2459 3691 consuetudinis
2489 3637 2733 3707 exposcit
2758 3646 2815 3691 ut
2841 3636 3073 3691 debeant
3128 3636 3405 3691 tundendo

1827 3728 2072 3798 produci,
2116 3736 2176 3781 ut
2221 3728 2346 3782 tuba
2386 3726 2601 3782 ductilis
2656 3727 2710 3781 in
2740 3726 2979 3782 Ecclesia
3011 3727 3120 3781 sint
3167 3725 3402 3790 Domini,

1825 3832 1956 3872 cave
1986 3827 2039 3871 tn
2070 3817 2294 3871 malleus
2352 3817 2491 3883 fieri,
2532 3819 2657 3888 quia
2702 3820 2828 3873 dum
2873 3818 2997 3872 tuba
3054 3818 3401 3887 producitur,

1829 3909 2056 3964 malleus
2081 3910 2387 3964 hebetatur.
2413 3910 2546 3965 Nam
2573 3911 2677 3965 etsi
2718 3897 2979 3966 Dominus
3002 3911 3265 3981 propitius
3289 3911 3407 3963 vin-

1828 4001 1973 4055 dicat
2002 4002 2053 4054 in
2084 4016 2272 4057 omnes
2300 4000 2613 4056 affectiones
2634 4017 2846 4067 eorum,
2874 4013 2929 4057 et
2969 4004 3149 4056 visitat
3170 4003 3223 4057 in
3254 4003 3407 4073 virga

1828 4092 2142 4161 iniquitates
2162 4107 2372 4156 eorum,
2400 4101 2457 4145 et
2500 4093 2552 4145 in
2596 4092 2911 4147 verberibus
2940 4101 3163 4161 peccata
3208 4108 3397 4148 eorum

1830 4183 1951 4252 (Ps.
1984 4199 2249 4247 Lxxxvnt,
2274 4183 2371 4253 55)
2404 4184 2508 4237 noli
2536 4193 2590 4237 tu
2619 4185 2780 4255 virga
2823 4184 2961 4239 fieri.
3004 4186 3141 4239 Audi
3193 4187 3401 4241 dictum

1829 4292 1981 4329 esse:
2010 4275 2109 4340 Qui
2132 4278 2297 4344 parcit
2324 4278 2495 4345 virgrp,
2522 4278 2628 4330 odit
2675 4278 2842 4344 ﬁlium
2873 4276 3069 4347 (Prov.
3113 4294 3230 4343 nn,
3278 4278 3406 4349 Ἦ).

150 4352 270 4419 quin
304 4356 484 4423 potius
534 4358 604 4411 ab
625 4356 798 4412 altero
841 4358 1067 4423 illatam,
1099 4370 1359 4429 quantum
1386 4361 1647 4431 pervales,
1673 4370 1725 4417 et
1757 4353 1806 4411 Ι)
1832 4367 1985 4422 Time
2015 4368 2197 4438 igitur,
2221 4383 2289 4423 ne
2318 4368 2444 4422 dum
2468 4368 2688 4423 cuilibet
2732 4384 2918 4424 eorum
2956 4371 3199 4441 parcitur
3216 4387 3312 4441 per
3357 4382 3409 4426 te

150 4443 281 4498 ratio
309 4444 500 4512 dictat,
552 4447 833 4503 vindicare
860 4451 1035 4505 stude.
1086 4450 1200 4506 Noli
1231 4453 1468 4522 quolibet
1513 4454 1727 4523 negotio

150 4534 687 4606 Spiritumsanctnm,
716 4542 809 4609 qui
828 4542 877 4595 in
903 4544 983 4598 eis
1010 4553 1111 4609 est,
1135 4545 1463 4600 contristare
1494 4545 1723 4617 (Ephes.

149 4640 218 4688 ιγ,
244 4626 374 4696 50),
405 4644 474 4682 ne
506 4646 612 4683 non
646 4630 744 4685 tibi
758 4634 1027 4701 expediat.
1056 4633 1207 4701 Vide,
1231 4636 1426 4701 recole,
1458 4637 1501 4690 si
1530 4636 1725 4706 legisti;

150 4720 224 4774 vel
253 4722 298 4775 si
328 4739 459 4787 non,
490 4723 608 4794 lege
636 4723 863 4779 iniibro
891 4724 1139 4792 Genesis,
1165 4728 1293 4797 quid
1324 4728 1583 4783 Dominus
1630 4746 1729 4798 pro

149 4817 221 4870 eis
245 4819 343 4873 sub
378 4833 615 4887 persona
668 4819 904 4873 Abrahae
932 4828 987 4873 et
1040 4820 1187 4875 Sara:
1225 4819 1389 4893 (Gen.
1420 4839 1512 4885 xx,
1535 4822 1621 4891 5),
1672 4831 1728 4876 et

151 4924 324 4965 rursus
371 4910 525 4963 Isaac
544 4919 597 4965 et
629 4908 891 4965 Rebecca:
918 4908 1076 4963 (Gen.
1119 4929 1267 4976 xxvi,
1328 4913 1447 4983 11),
1491 4913 1727 4982 itemque

146 4997 301 5054 Jacob
327 4999 513 5055 Laban
550 5001 807 5072 fugientis
830 4998 990 5069 (Gen.
1011 5018 1157 5069 xxxi,
1190 5004 1314 5072 29),
1347 5004 1551 5060 dederit
1578 5020 1728 5059 com-

148 5092 484 5157 ininationis;
540 5102 595 5148 et
648 5107 868 5147 assume
916 5092 966 5144 in
1017 5096 1282 5150 cautelam
1333 5104 1436 5149 tua:
1499 5096 1725 5150 actionis

148 5198 316 5238 arcam
346 5186 511 5238 etiam
550 5184 911 5245 Testamenti,
967 5200 1083 5253 qure
1134 5188 1250 5243 illos
1297 5188 1567 5259 significat
1605 5204 1723 5259 my-

151 5273 290 5337 stice,
320 5274 387 5327 ab
412 5273 716 5345 Allophylis
744 5281 979 5341 captam,
1011 5279 1136 5331 etin
1179 5279 1376 5348 templo
1407 5281 1590 5347 Dagon
1629 5294 1729 5349 po-

1834 4460 2113 4529 castigato,
2162 4459 2288 4528 quia
2321 4460 2539 4525 dilecto,
2586 4460 2682 4515 tibi
2734 4477 2838 4516 non
2880 4471 3138 4531 parcatur
3162 4464 3405 4532 disrupta

1833 4552 1957 4621 quia
1989 4551 2270 4620 despecto:
2296 4560 2349 4605 et
2381 4552 2504 4605 dum
2534 4550 2621 4606 ille
2650 4566 2747 4620 per
2775 4553 3228 4617 emendationem,
3274 4554 3401 4621 quia

1833 4642 2082 4707 dilectus,
2114 4642 2328 4713 proficit
2362 4642 2982 4713 ad'hzereditatem,quia
2999 4644 3307 4714 despectus,
3342 4654 3400 4695 tu

1835 4733 2055 4787 deficias
2082 4733 2517 4803 perimpictatem
2547 4732 2611 4786 ad
2628 4733 3002 4802 perditionem.
3040 4733 3230 4801 Scopis
3258 4734 3402 4785 enim

1835 4833 2125 4878 verruntur
2149 4825 2367 4895 palatia,
2400 4824 2491 4878 sed
2546 4824 2677 4893 ipsae
2735 4823 2869 4876 focis
2924 4824 3125 4878 attrita:
3152 4820 3410 4875 adhibent

1836 4916 2095 4973 fomenta.
2146 4919 2351 4973 Aurum
2380 4916 2541 4969 etiam
2586 4918 2707 4986 igne
2736 4923 3018 4984 purgatur,
3072 4928 3177 4969 non
3212 4924 3407 4963 consu-

1836 5010 2030 5075 mitur;
2063 5009 2205 5081 ligna
2242 5025 2390 5071 vero,
2428 5007 2624 5076 quibus
2657 5007 2792 5077 ignis
2826 5008 3083 5071 nutritur,
3126 5004 3178 5059 in
3200 5001 3412 5055 favillas

1833 5100 2169 5169 rediguntur.

1904 5191 1992 5243 12.
2035 5189 2142 5247 Sed
2196 5189 2557 5260 tlagellantur,
2605 5187 2707 5248 ais,
2753 5184 2843 5238 lilii
2892 5185 3095 5252 optime
3139 5179 3415 5250 placentes

1833 5277 2037 5349 (Hebr.
2092 5296 2192 5349 xu,
2231 5265 2330 5352 6);
2381 5276 2507 5346 quid
2560 5276 2756 5331 mirum
2804 5272 2849 5326 si
2888 5271 3224 5343 flagellantur
3270 5269 3413 5322 servi
