4018 5406
569 267 675 321 227

570 373 938 449 negligentes?
961 371 1052 436 At,
1075 369 1318 437 inquam,
1342 364 1468 419 licet
1493 362 1604 416 sint
1631 357 1987 449 negligentes,
2018 353 2143 449 ’non
2176 357 2221 414 Α

569 442 916 522 ευῆιῖαηιθη
957 460 1026 514 de
1065 456 1373 512 conditione
1421 451 1509 508 illa
1555 449 1760 513 servili,
1813 445 1908 516 qui
1943 442 2146 514 passim

570 557 854 612 debeanta
907 549 1100 620 quovis
1141 543 1420 616 flagellari.
1474 541 1754 595 Audenter
1776 534 1997 606 quidem
2047 529 2147 584 tibi

568 644 680 716 84
722 642 851 713 quid
874 641 983 696 sint
1034 647 1090 693 et
1136 635 1294 706 quasi
1324 630 1621 688 insolenter
1649 623 2037 716 enumerando.
2081 632 2151 674 ne

573 715 679 790 non
721 732 864 788 scias
897 740 950 787 et
975 726 1126 798 (151)
1176 725 1442 787 oll'endas,
1491 719 1801 791 pronuntio,
1852 715 1947 771 sed
1969 723 2149 769 tamen

577 835 728 881 tanto
772 823 1015 886 liberius,
1065 829 1266 890 quanto
1295 832 1400 872 non
1441 831 1508 870 ex
1549 828 1654 877 me,
1697 811 1791 866 sed
1837 824 1905 864 ex
1954 806 2152 863 divinis

576 917 855 990 proferens
879 911 1311 969 auctoritatibus.
1345 905 1663 962 Miraculum
1691 911 1895 965 autem,
1923 900 1967 955 si
1997 907 2146 953 tanta

577 1020 634 1066 et
657 1018 766 1064 tam
818 1003 1134 1069 ineffabilia,
1185 1010 1242 1057 et
1285 1001 1448 1057 etiam
1499 997 1621 1068 ipsi,
1663 994 1755 1064 qui
1809 993 1895 1048 his
1935 991 2151 1055 fruitur,

580 1093 1162 1166 incomprehensibilia,
1233 1091 1302 1146 ab
1354 1089 1573 1145 homine
1619 1092 1845 1156 possunt
1882 1081 2150 1138 conferri!

581 1189 718 1257 Quid
751 1188 895 1243 Deus
941 1185 1125 1247 distat,
1161 1181 1247 1237 vel
1269 1179 1397 1251 quid
1425 1193 1560 1248 opus
1591 1176 1656 1248 [[.
1687 1173 1884 1246 ipsum]
1921 1173 2036 1243 ipse
2083 1171 2156 1226 sit

582 1279 784 1350 rogari,
811 1278 858 1333 si
895 1286 1045 1331 tanta
1077 1273 1255 1345 pulvis
1280 1271 1422 1325 valet
1460 1267 1680 1338 largiri?
1709 1265 1864 1333 Quod
1893 1263 2151 1334 cogitare,

581 1371 708 1443 quid
737 1379 821 1427 est
849 1368 993 1425 aliud
1024 1381 1187 1438 quam
1237 1365 1290 1420 in
1325 1361 1521 1418 omium
1566 1358 1705 1416 velle
1751 1355 2157 1415 conscendere?

1487 243 1828 304 RATIIEBII
1866 238 2084 296 EPISC.
2129 228 2382 288 VERON.
2423 224 2576 284 OPP.
2616 221 2794 278 PARS
2832 219 2871 273 l.

3709 205 3820 263 29.8

2252 343 2451 417 (Exod.
2476 356 2614 405 xxii,
2635 338 2748 410 28).
2779 336 2858 392 Ne
2905 349 3032 406 ergo
3057 334 3284 391 excuses
3317 341 3368 388 te
3415 330 3680 387 nescisse.
3718 326 3827 382 Eos

2251 445 2431 492 autem
2461 435 2607 505 ipsos
2649 429 2964 488 confortans
2995 437 3047 486 et
3074 427 3337 488 animans,
3389 432 3446 479 et
3494 439 3564 478 ne
3600 422 3835 476 timeant

2251 526 2534 588 roborans,
2570 519 2768 585 Nolite,
2794 519 2992 588 inquit,
3039 518 3239 581 timere,
3267 515 3355 571 sed
3382 510 3654 583 conﬁdite,
3705 509 3832 580 quia

2250 629 2342 684 ego
2392 613 2489 668 uici
2517 611 2768 666 mundum
2802 610 2982 679 (Joan.
3015 621 3122 672 xvx,
3156 606 3267 677 55).
3303 607 3432 678 Ego,
3481 606 3680 676 inquit,
3705 618 3829 674 ego.

2252 703 2364 774 Ego
2386 703 2528 758 Deus
2548 709 2748 764 vester,
2775 714 2876 771 ego
2897 708 3047 770 pater
3068 710 3268 764 vester,
3292 714 3392 770 ego
3431 697 3602 754 frater
3629 710 3833 762 vester,

2252 810 2352 866 ego
2375 803 2534 865 caput
2559 801 2820 857 vestrum,
2847 806 2948 862 ego
2974 791 3087 860 ipse
3129 805 3224 860 per
3257 800 3528 856 naturam,
3561 791 3707 860 quod
3734 806 3836 845 vos

2252 901 2352 956 per
2374 883 2634 949 cilicium,
2659 897 2759 953 ego
2779 881 3050 951 particeps
3080 880 3266 946 vestri,
3298 895 3398 951 ego
3427 881 3704 946 Christus,
3730 895 3837 950 ego

2254 981 2468 1040 unctus,
2493 987 2592 1044 ego
2618 982 2820 1043 pastor,
2847 989 2945 1043 ego
2971 972 3240 1036 sacerdos,
3271 987 3371 1042 ego
3391 973 3698 1042 episcopus,
3726 987 3839 1044 ego

2252 1067 2492 1139 pontifex
2511 1082 2778 1128 summus,
2805 1081 2905 1136 ego
2929 1065 3042 1120 Rex
3067 1081 3278 1135 regum,
3301 1081 3400 1137 ego
3429 1067 3532 1120 vici
3550 1065 3838 1121 mundum.

2255 1161 2425 1227 Quem
2482 1159 2592 1230 85
2645 1158 2868 1224 timetis,
2922 1159 3096 1212 victus
3142 1166 3243 1223 est;
3295 1173 3454 1226 quem
3509 1157 3839 1220 formidatis,

2261 1255 2361 1308 sub
2391 1254 2617 1322 pedibus
2642 1251 2838 1306 vestris
2858 1249 3022 1319 jacet.
3057 1251 3125 1305 Et
3152 1258 3212 1304 ut
3241 1250 3526 1320 approbes,
3559 1251 3678 1304 leva
3725 1250 3847 1320 qui-

2256 1345 2384 1400 libet
2439 1353 2688 1400 metuens
2737 1342 2813 1414 [id
2853 1355 2927 1397 est
2985 1343 3292 1412 quicunque
3349 1357 3408 1399 es
3463 1342 3761 1416 metuens],
3791 1353 3850 1399 et

2257 1433 2395 1490 forte
2443 1434 2500 1490 iu
2551 1447 2772 1490 carcere
2802 1432 2949 1505 (155)
2988 1434 3090 1489 sub
3142 1432 3370 1489 vinculis
3425 1447 3673 1504 gemens,
3722 1434 3845 1489 leva

583 1522 705 1610 caeli
726 1522 936 1626 (Ibid),
1131 1548 1317 1618 utique
1332 1522 1590 1617 episcopi,
1615 1544 1852 1600 sitamcn
1868 1551 1992 1597 sunt
2011 1540 2158 1612 quod

2284 1540 2500 1591 nanum,
2554 1525 2703 1594 erige
2748 1523 2985 1594 signum,
3032 1531 3292 1592 tropaeum
3343 1537 3530 1589 exere,
3580 1522 3844 1577 vexillum

585 1613 860 1705 dicuntur,
894 1613 1153 1693 exaltare
1203 1613 1290 1692 est
1332 1613 1560 1691 solium?
1608 1633 1750 1702 Quid
1791 1633 2001 1698 conari,
2053 1631 2156 1686 nisi

2284 1615 2588 1680 lemonstra,
2644 1614 2888 1670 labarum
2930 1615 3164 1684 porrige.
3218 1615 3457 1680 Videbis,
3519 1614 3610 1670 ille
3643 1613 3850 1680 fastus,

584 1732 879 1789 ascendere
933 1744 1097 1801 super
1156 1728 1489 1784 altitudinem
1520 1727 1743 1783 nubium
1788 1725 1991 1796 (Ibid.,
2031 1723 2154 1794 it),
2191 1715 2230 1773 Β
2262 1709 2350 1801 illa
2396 1709 2643 1801 altiutdo.
2679 1707 2786 1801 illa
2815 1707 3088 1801 superbia.
3121 1707 3210 1762 illa
3239 1715 3430 1801 torosa
3457 1708 3667 1801 cei-vix,
3718 1709 3853 1801 illud

584 1829 728 1899 quod
768 1797 1034 1897 ρι-οριιειᾷ
1075 1821 1342 1878 referente
1369 1819 1524 1876 ιεειίε
1571 1829 1654 1875 εει
1690 1819 1831 1873 Deus
1873 1831 1969 1872 eos
2014 1829 2157 1881 esse,
2265 1799 2494 1854 filiarum
2525 1797 2815 1899 Babylonis
2865 1798 3071 1899 collum.
3089 1807 3351 1866 erectum,
3379 1799 3469 1854 illa
3511 1800 3682 1855 turris
3713 1798 3856 1855 Sen-

585 1888 803 1971 (ΞῙοεηεέ
837 1888 1105 1968 ﬂammai,
1127 1911 1349 1966 ηιιωιηη
1375 1911 1526 1976 meis,
1579 1925 1642 1963 ne
1669 1907 1854 1978 ριτιαηι
1896 1921 2052 1976 mp"
2074 1921 2160 1960 εοε
2261 1906 2416 1957 naar,
2442 1889 2644 1945 muenia
2668 1888 2908 1956 Jericho,
2933 1888 3074 1944 muri
3100 1889 3522 1960 Cariathsepher
3546 1890 3855 1947 firmissimi

588 2006 803 2060 imbrem
827 2002 994 2076 (lsai.
1026 2019 1082 2069 v,
1114 2002 1196 2074 6),
1217 2011 1275 2059 et
1317 2002 1441 2058 ideo
1474 2017 1534 2057 se
1579 2001 1810 2056 similem
1845 1998 2161 2055 testimare?

2284 1979 2390 2050 [uid
2460 1987 2642 2050 agent,
2695 1978 2826 2049 quid
2887 1978 3244 2046 conabuntur,
3303 1981 3573 2051 quomodo
3636 1979 3856 2046 cedent,

590 2097 670 2151 Dii
696 2070 846 2162 sunt,
870 2093 1082 2150 Domini
1106 2070 1256 2159 sunt,
1279 2092 1480 2148 Christi
1503 2099 1648 2156 sunt,
1667 2090 1792 2147 (εωιί
1817 2099 1960 2153 sunt,
1986 2087 2164 2159 angeli

2284 2071 2661 2142 iupplicabunt,
2720 2070 3006 2134 nutabunt,
3069 2080 3350 2138 corruerit,
3423 2071 3857 2136 confundentur,

589 2194 738 2252 sunt,
769 2185 1093 2256 patriarcha:
1121 2195 1270 2251 sunt,
1294 2185 1569 2254 propheta:
1582 2191 1728 2247 sunt,
1761 2180 1988 2252 apostoli
2017 2187 2163 2245 sunt,

2284 2162 2570 2232 tcclinique
2589 2171 2644 2217 et
2673 2161 2905 2218 humiles
2931 2171 3112 2217 mente
3143 2163 3478 2232 despectum,
3511 2161 3858 2232 injuriatum,

589 2251 932 2349 evangelista:
955 2286 1101 2342 sunt,
1135 2251 1410 2348 martyres—
1454 2285 1600 2339 sunt,
1631 2251 1809 2346 (1'52),
1831 2275 1976 2330 uncti
2020 2284 2164 2340 sunt,

2284 2253 2613 2324 tilipensum,
2629 2263 2992 2318 earceratum,
3021 2251 3266 2324 ligatum,
3283 2254 3504 2319 nudum,
3523 2253 3860 2321 famelicum,

593 2343 755 2440 rcges
773 2369 1206 2440 sunt,principes
1233 2343 1379 2435 sunt,
1403 2368 1612 2438 judices
1638 2343 1781 2433 sunt,
1811 2383 1916 2423 non
1964 2376 2168 2421 tantum

2284 2345 2625 2410 iitibundum,
2655 2343 3108 2414 miseriarumque
3151 2344 3394 2400 omnium
3427 2345 3582 2414 copia
3613 2343 3865 2400 refertis-

596 2434 1028 2526 ho'minum,»sed
1053 2434 1474 2532 etangelorum;
1525 2460 1722 2514 arietes
1757 2460 1935 2529 gregis
1959 2457 2170 2512 Domini
2271 2435 2839 2532 ⁸Ῐῖ¹¹¹¹¹¹¹ηίξά⁰τ³¹λ¹¹ξ¹ι
2871 2435 2983 2490 vos
3010 2434 3153 2532 enim
3186 2444 3353 2491 ίθδιθε
3391 2436 3496 2532 mel
3542 2437 3680 2491 θείίε
3712 2436 3862 2532 (ινσ-

583 1462 752 1536 (Isai.
784 1459 1043 1530 xrv,15).
1071 1456 1224 1525 Quod
1267 1456 1471 1520 dicere,
1519 1453 1650 1523 quid
1686 1452 1788 1508 nisi
1818 1465 1981 1522 super
2008 1457 2156 1506 astra

596 2559 740 2618 sunt,
757 2560 1002 2621 pastores
1022 2550 1228 2615 ovium,
1243 2565 1347 2606 non
1373 2563 1836 2619 quarumcunque,
1854 2547 1947 2602 sed
1969 2545 2171 2601 Christi

597 2641 859 2712 sanguine
905 2639 1162 2706 letarum,
1219 2649 1364 2707 sunt;
1413 2640 1666 2695 doctores
1705 2647 1850 2705 sunt,
1896 2653 2174 2710 przecones

597 2733 812 2788 venturi
855 2733 1055 2804 judicis
1113 2741 1259 2800 sunt,
1318 2732 1691 2804 speculatores
1762 2740 1908 2797 sunt,
1973 2730 2172 2802 pupilla

598 2824 736 2880 oculi
764 2824 970 2880 Domini
1002 2833 1146 2890 sunt,
1199 2825 1361 2879 amici
1389 2825 1484 2881 Dei
1517 2825 1751 2880 viventis
1776 2835 1925 2889 sunt,
1957 2825 2048 2878 lilii
2081 2824 2174 2880 Dei

599 2924 744 2979 sunt,
772 2925 955 2986 patres
981 2925 1130 2980 sunt,
1160 2915 1444 2971 luminaria
1473 2916 1660 2970 mundi
1687 2925 1834 2980 sunt,
1862 2916 2030 2970 stellie
2052 2915 2175 2970 οωιί

603 3015 747 3071 sunt,
794 3003 1058 3061 columna:
1112 3006 1369 3062 Ecclesia:
1426 3015 1574 3072 sunt,
1637 3007 1830 3062 medici
1873 3007 2175 3061 animarum

2274 2541 2422 2591 xxiv,
2452 2525 2567 2598 «18),
2600 2535 2656 2580 et
2677 2526 2770 2595 qui
2797 2541 2894 2580 vos
2914 2526 3144 2595 spernit,
3175 2541 3260 2581 me
3296 2527 3526 2596 spernit,
3557 2537 3612 2582 et
3638 2528 3735 2598 qui
3767 2543 3865 2582 vos

2275 2617 2668 2684 constristavit,
2712 2633 2800 2672 me
2844 2618 3191 2673 contristavit
3237 2615 3391 2690 (Luc.
3437 2636 3489 2684 x,
3518 2618 3629 2692 16),
3673 2628 3730 2675 ct
3775 2620 3869 2690 qui

2276 2711 2407 2767 facit
2434 2709 2709 2780 injuriam,
2738 2710 2929 2782 recipit
2955 2711 3098 2781 quod
3125 2710 3310 2782 inique
3335 2711 3446 2784 egit
3495 2709 3728 2782 (Coloss.
3783 2727 3866 2777 ut,

2275 2805 2391 2875 25),
2422 2814 2478 2859 et
2501 2805 2592 2875 qui
2619 2803 2790 2875 tangit
2810 2818 2934 2871 vos,
2961 2804 3115 2875 quasi
3143 2804 3236 2874 qui
3260 2803 3871 2877 tangitpupillamoculi

2280 2897 2386 2953 mei
2415 2895 2604 2967 (lactt.
2632 2911 2692 2964 tt,
2719 2895 2798 2952 8).

2915 2987 3038 3042 Tir.
3087 2987 3190 3042 Vll.

604 3103 753 3160 sunt,
785 3095 1047 3164 ianitores
1089 3096 1325 3165 paradisi
1358 3105 1506 3162 sunt,
1557 3096 1736 3151 claves
1783 3097 1906 3152 coali
1935 3107 2173 3167 portant,
2203 3075 2249 3137 Ο
2349 3100 2436 3155 ll.
2480 3099 2585 3155 Sed
2617 3100 2746 3155 tacti
2785 3115 2970 3156 sumus
2991 3141 3006 3167 ,
3046 3101 3161 3157 elisi
3190 3117 3375 3158 sumus
3399 3144 3413 3170 ,
3447 3103 3616 3175 spreti
3645 3120 3836 3160 sumus
3857 3146 3875 3170 ,

607 3199 852 3241 reserare
886 3193 942 3242 et
988 3185 1238 3240 claudere
1286 3186 1482 3241 cadum
1532 3187 1730 3251 valent,
1776 3187 1945 3242 nubes
1982 3186 2183 3259 [supple

607 3276 759 3348 sunt]
791 3292 926 3347 quas
956 3277 1218 3333 Dominus
1245 3293 1532 3333 ascensum
1559 3293 1716 3332 suum
1751 3279 1950 3348 posuit,
2003 3279 2180 3344 bases,

522 3395 530 3405 -
608 3384 772 3440 super
792 3386 928 3439 quas
951 3379 1060 3426 tota
1081 3371 1229 3442 jacet
1248 3379 1520 3428 structura
1553 3372 1734 3442 templi
1766 3372 1879 3428 Dei.
1913 3372 2015 3439 Qui
2055 3388 2185 3445 ergo

615 3461 848 3530 aliquem
876 3462 1065 3518 horum
1089 3503 1104 3529 ,
1132 3472 1192 3518 ut
1219 3463 1436 3519 omissis
1467 3464 1748 3519 brevitatis
1763 3465 2184 3532 studiocaateris,

611 3552 800 3608 saltem
831 3553 896 3609 de
921 3554 1026 3609 isto
1062 3554 1479 3620 ratiocinemur,
1513 3569 1622 3609 uno
1647 3554 1837 3624 implsn
1861 3565 2040 3610 movet
2090 3555 2194 3610 ali-

610 3662 740 3718 quo,
777 3649 928 3720 quid,
963 3665 1114 3721 rogo,
1133 3651 1199 3705 de
1228 3650 1570 3721 superposito
1595 3650 1706 3722 agit
1726 3649 1990 3706 aedilicio?
2014 3648 2186 3722 (Psal.

612 3758 727 3806 cm,
766 3743 843 3814 3.)

687 3840 776 3894 15.
824 3838 1036 3894 Clamat
1090 3854 1187 3908 pro
1215 3854 1295 3894 eis
1347 3839 1623 3904 Dominus,
1673 3847 1912 3894 minatur
1963 3854 2062 3909 pro
2114 3841 2194 3894 eis

618 3931 898 3996 Dominus,
923 3939 1126 4001 pugnat
1154 3947 1250 4000 pro
1279 3930 1382 3996 eis,
1414 3931 1626 3985 etiamsi
1651 3932 1889 3995 nescias,
1913 3931 2191 3984 Dominus.

617 4020 847 4086 Clamat,
882 4022 1122 4091 inquam,
1145 4023 1367 4086 clamat,
1393 4036 1500 4076 non
1527 4021 1853 4087 dissimulat,
1898 4037 2002 4076 non
2031 4030 2192 4087 tacet,

620 4122 768 4169 netu
801 4113 1024 4168 forsitan
1071 4113 1252 4168 dicere
1296 4113 1500 4183 possis:
1554 4111 1666 4168 Non
1699 4113 1844 4179 novi;
1898 4113 2098 4167 clamat
2142 4120 2200 4167 et

621 4209 781 4264 dicit:
835 4206 1012 4261 Nolite
1034 4217 1246 4277 tangere
1273 4206 1495 4260 cli-riuos
1533 4222 1670 4260 meos
1697 4205 1870 4278 (Psal.
1920 4221 2026 4272 etv,
2087 4205 2194 4276 15).

623 4300 690 4354 Et
721 4300 823 4354 hoc
855 4298 970 4363 tibi,
995 4306 1056 4353 ut
1083 4297 1255 4360 scias,
1290 4305 1348 4351 ut
1380 4311 1606 4362 caveas,
1635 4305 1693 4351 ut
1743 4297 2060 4367 resipiscas,
2091 4297 2201 4350 imo

624 4406 694 4446 ne
720 4406 883 4462 agere
910 4398 1107 4456 tentes,
1122 4404 1189 4444 ne
1212 4404 1532 4459 praisumas,
1556 4405 1623 4446 ne
1649 4389 1871 4454 audeas,
1905 4405 1972 4444 ne
1990 4401 2199 4460 tangas,

622 4495 810 4536 verum
833 4495 936 4537 nec
951 4481 1230 4537 detrahas.
1263 4481 1603 4537 Vociferatur
1630 4482 1799 4549 enim,
1843 4490 1899 4538 et
1921 4482 2023 4537 hoc
2059 4481 2202 4535 into-

629 4582 802 4641 tonat,
833 4583 889 4631 et
911 4574 1015 4630 hoc
1043 4574 1272 4630 clamat:
1303 4574 1443 4644 Diis,
1497 4575 1772 4646 inquiens,
1823 4593 1887 4631 ne
1915 4577 2205 4631 detraxeris

704 4815 857 4888 (I31)
881 4817 935 4871 In
953 4814 1200 4888 Vulgatis
1225 4826 1473 4886 corrupte
1493 4817 1755 4872 ostendas.
1789 4815 2064 4888 Construe
2082 4828 2210 4870 vero

632 4897 687 4946 et
718 4886 985 4957 explica:
1033 4886 1298 4942 Audenter
1341 4889 1572 4957 quidem,
1637 4900 1682 4942 et
1730 4887 1882 4956 quasi
1929 4886 2212 4957 insolenter

635 4955 991 5014 enumerando
1020 4958 1303 5028 pronuntio
1332 4955 1445 5020 tibi,
1499 4958 1624 5025 quid
1654 4955 1750 5027 (illi
1775 4955 2032 5028 episcopi)
2081 4956 2207 5019 sint,

635 5047 700 5085 ne
731 5046 836 5083 non
853 5027 1078 5092 scias,'et
1104 5029 1377 5098 oﬁ'endas;
1409 5029 1499 5081 sed
1524 5039 1697 5081 tamen
1733 5027 2015 5098 pronuntio
2067 5035 2212 5098 tanta

638 5100 904 5162 libentius,
926 5096 1420 5170 quantoproferens
1451 5113 1554 5150 non
1573 5113 1638 5150 ex
1663 5114 1766 5170 nte,
1788 5097 1877 5149 sed
1892 5110 1956 5170 ea:
1981 5096 2214 5170 auctori-

639 5169 832 5224 tatibus
860 5165 1069 5224 divinis.
1095 5165 1414 5221 Miraculum
1445 5177 1637 5231 autem,
1675 5169 1720 5220 si
1748 5175 1895 5218 tanta
1932 5165 2083 5234 (qua:
2113 5165 2218 5219 Sci-

639 5240 768 5295 licet
791 5241 856 5295 de
887 5238 1154 5309 episcopis
1198 5251 1324 5309 mox
1351 5234 1625 5309 proferet)
1649 5247 1737 5309 ‘et
1766 5245 1876 5309 tant
1899 5234 2217 5309 ineffabilia,

641 5320 690 5365 et
711 5305 1008 5394 ineﬂ'abilia
1035 5305 1196 5389 etiam
1229 5305 1309 5359 illi
1356 5305 1458 5374 ipsi
1493 5306 1582 5374 qui
1607 5305 1612 5307 ⁷
1633 5306 1830 5375 fruitur
1857 5305 1959 5394 big,
2004 5313 2218 5392 possunt

2282 3193 2494 3265 impulsi
2524 3209 2710 3250 sumus
2733 3235 2747 3260 ,
2777 3195 2977 3250 versati
3018 3210 3204 3252 sumus
3233 3237 3248 3262 ,
3295 3197 3523 3262 cecidit,
3567 3215 3690 3268 qua:
3718 3214 3884 3270 super

2284 3303 2381 3344 nos
2436 3288 2722 3342 videbatur
2765 3297 2948 3354 stare,
2991 3297 3294 3356 structura;
3349 3291 3690 3359 possederunt
3743 3308 3880 3357 nos,

2285 3379 2528 3445 Domine,
2560 3380 2750 3451 absque
2780 3390 2828 3434 te
2857 3380 3010 3452 (lsai.
3044 3397 3192 3447 xxvr,
3228 3382 3347 3453 1'5),
3381 3382 3511 3452 [acti
3548 3400 3735 3437 sumus
3787 3400 3882 3453 op-

2285 3473 2550 3545 probrium
2585 3472 3358 3536 vicinisnostris,subsannatio
3378 3485 3424 3528 et
3449 3473 3628 3528 illusio
3652 3476 3737 3528 his
3786 3476 3878 3546 qui

2288 3574 2406 3619 sunt
2438 3563 2493 3617 in
2516 3563 2740 3616 circuitu
2766 3573 2940 3617 nostro
2970 3561 3141 3633 (Psal.
3169 3581 3397 3631 Lxxviii,
3429 3565 3511 3637 4),
3547 3565 3881 3637 exemplum,

2290 3654 2691 3725 spectaculum,
2747 3653 2961 3720 fabula,
2993 3664 3047 3709 et
3094 3655 3368 3711 canticum
3416 3673 3603 3712 eorum
3652 3667 3764 3713 tota
3796 3659 3882 3712 die

2296 3745 2516 3815 (Threu.
2565 3744 2805 3816 111,14).
2848 3743 3172 3815 Inlelligite,
3212 3746 3428 3818 inquit,
3476 3748 3791 3817 insipientes
3835 3749 3892 3803 in

2292 3837 2502 3910 papula,
2521 3850 2567 3892 et
2591 3837 2738 3891 stulti
2761 3838 3045 3908 aliquando
3069 3839 3234 3909 sapite
3255 3856 3274 3905 ;
3297 3841 3388 3910 qui
3411 3839 3667 3910 plantavit
3700 3857 3887 3895 aurem

2296 3945 2399 3984 non
2446 3930 2643 3993 audiet,
2673 3939 2720 3982 et
2765 3931 2855 3999 qui
2900 3929 3050 3997 ﬁnxit
3102 3929 3310 3984 oculum
3367 3918 3470 3984 non
3533 3931 3886 3986 considerat?

2298 4023 2469 4092 (Psal.
2496 4039 2646 4085 xcut,
2669 4021 2754 4092 8.)
2801 4021 2937 4088 Quid
2960 4032 3131 4076 autem
3165 4023 3430 4077 miramini
3463 4024 3508 4076 si
3551 4024 3787 4079 mundus
3803 4041 3890 4078 eos

2297 4113 2428 4179 odit,
2442 4114 2530 4184 qui
2543 4124 2588 4165 et
2611 4129 2690 4166 me
2703 4113 2926 4182 priorem
2940 4114 3081 4168 vobis
3096 4113 3217 4167 odio
3231 4114 3409 4168 habuit
3428 4114 3645 4186 ?(.loan.
3668 4130 3760 4182 xv,
3784 4115 3894 4186 18.)

2300 4204 2434 4260 Nam
2461 4204 2645 4273 (Ibid.,
2680 4204 2766 4274 19)
2796 4204 2859 4258 de
2881 4205 3073 4259 mundo
3088 4205 3342 4275 fuissetis,
3373 4207 3544 4278 utique
3565 4207 3711 4276 quod
3737 4223 3896 4262 suum

2300 4307 2412 4351 erat
2435 4297 2738 4366 diligeretsi.
2773 4295 2911 4362 Quid
2939 4297 3232 4351 amicitiam
3264 4298 3463 4351 inimici
3489 4298 3747 4367 captatis,
3771 4313 3897 4352 cum

2307 4389 2534 4445 avellere
2567 4405 2658 4444 vos
2704 4403 2804 4443 nec
2833 4405 2932 4460 ego
2961 4389 3118 4444 velim
3147 4405 3176 4444 a
3207 4389 3480 4444 consortio
3504 4390 3700 4460 capitis
3723 4431 3738 4457 ,
3796 4407 3899 4447 nec

2311 4480 2426 4550 ipse
2451 4479 2684 4534 mundus
2705 4478 2895 4550 dignos
2919 4478 2999 4534 vel
3024 4479 3136 4535 suis
3156 4480 3362 4551 judicet
3381 4479 3633 4536 amicitiis
3654 4481 3680 4534 ?
3704 4480 3900 4538 Videte

2313 4585 2382 4625 ne
2407 4584 2657 4624 recusare
2685 4569 2978 4625 videamini
3008 4585 3127 4626 esse
3155 4571 3210 4626 in
3233 4586 3491 4644 corpore,
3523 4571 3567 4629 si
3601 4587 3712 4628 non
3734 4575 3902 4630 vultis

2316 4825 2372 4873 et
2396 4833 2520 4894 mox
2541 4818 2666 4894 quid
2697 4819 3075 4894 dicere),_quid
3108 4832 3196 4894 (est
3219 4821 3368 4877 aliud
3412 4840 3570 4894 quam
3621 4823 3752 4880 velle
3779 4843 3906 4881 con—

2317 4891 2560 4976 scendere
2583 4890 2636 4943 in
2657 4895 2842 4976 calum
2860 4892 2884 4944 ?
2905 4891 3058 4976 Quod
3081 4893 3252 4976 dicere
3269 4894 3396 4976 quid
3421 4890 3520 4960 est,
3539 4896 3906 4976 uisiexaltare

2315 4959 2503 5011 saliunt
2535 4976 2688 5027 super
2713 4961 3028 5037 ast_ra__caeli;
3055 4963 3192 5037 quod
3223 4959 3397 5037 utique
3425 4977 3549 5020 sunt
3575 4966 3832 5037 episcopi,
3857 4968 3908 5022 si

2316 5039 2490 5102 tamen
2517 5039 2634 5082 sunt
2665 5031 2803 5102 quod
2824 5031 3122 5102 dicuntur?
3159 5032 3286 5102 quid
3311 5031 3407 5098 est,
3443 5037 3542 5090 nisi
3585 5031 3769 5090 conari
3818 5031 3908 5092 as-

2318 5101 2534 5174 cendere
2553 5099 2711 5174 super
2737 5099 3066 5174 alti:ud_inem
3093 5099 3353 5174 nubium;
3377 5107 3516 5174 quod
3554 5122 3640 5160 eos
3667 5121 3799 5170 esse,
3827 5123 3908 5161 reo

2320 5167 2514 5243 ferente
2531 5167 2803 5243 prdphetn,
2817 5171 2963 5243 testis
2989 5182 3063 5243 est
3083 5173 3222 5228 Deus
3243 5167 3420 5229 dicens
3442 5193 3454 5228 :
3474 5175 3752 5243 Mandaui,
3771 5167 3904 5241 etc.,

2323 5248 2368 5290 et
2395 5239 2791 5314 ideqa'stiniare
2813 5257 2866 5294 se
2903 5241 3164 5314 similem?
3196 5243 3280 5298 Dii
3327 5255 3470 5310 sunt,
3499 5245 3716 5301 Domini
3738 5239 3908 5314 sunt,

2323 5316 2458 5372 etc.,
2496 5307 2620 5363 Haec
2653 5319 2832 5363 autem
2857 5312 3035 5365 omnia
3067 5322 3188 5366 sunt
3213 5314 3301 5367 illa
3351 5307 3522 5368 tanta.
3554 5331 3675 5368 alia:
3699 5317 3768 5366 de
3794 5320 3890 5364 ani.
