4018 5406
140 249 245 305 229

1050 241 1629 311 PRASLOQUIORUM
1670 238 1848 293 LIBRI
1888 239 2039 296 SEX.
2069 272 2137 282 ——
2163 244 2289 298 LIB.
2331 245 2416 301 III.

3304 248 3410 303 250

142 362 324 417 alium
358 361 543 417 mumli
577 362 844 417 sustinere
867 374 986 414 cum
1019 360 1211 429 capite.
1243 358 1382 425 Quid
1403 359 1546 414 enim
1572 358 1724 413 vobis
1752 367 1801 427 Α
1826 362 2049 431 populus
2072 362 2256 434 (Prov.
2287 381 2435 432 χχιι,
2464 366 2584 437 18);
2613 376 2738 422 etc:
2772 364 2876 433 Qui
2906 366 3086 437 recipit
3108 369 3413 440 prophetam

139 453 345 510 iaciunt
368 493 384 518 ,
413 452 558 521 quod
588 467 693 505 non
732 449 860 505 mihi
901 460 957 504 et
988 448 1281 517 majoribus
1311 449 1445 504 meis
1462 447 1574 516 jam
1613 460 1722 505 non

139 543 386 597 fecerunt
412 542 714 597 membris?
752 540 808 594 Si
832 558 910 593 me
940 541 1193 609 persecuti
1224 550 1343 594 sunt
1372 580 1387 605 ,
1428 551 1474 593 et
1502 558 1585 595 vos
1606 558 1727 608 per-

140 645 420 705 sequentur
451 633 640 705 (Joan.
664 649 732 687 xv
755 674 769 695 ,
808 633 920 705 20).
947 633 1099 687 Sicut
1138 632 1287 701 (lSi)
1314 648 1414 703 ego
1442 634 1724 687 vobiscum

139 743 310 797 usque
368 727 433 781 ad
501 726 1019 783 consummationem
1091 724 1271 780 s'cculi
1338 741 1457 779 sum
1507 724 1723 793 (Matth.

140 833 333 881 xxvut,
372 817 488 886 ΩΟ),
516 818 589 871 ita
627 832 724 872 nec
767 818 1028 878 deerunt,
1073 816 1162 884 qui
1196 832 1279 869 me
1318 816 1369 870 in
1416 816 1571 870 vobis
1600 815 1726 870 odio

142 908 401 973 babea‘nt,
430 919 849 979 persequantur,
877 922 1289 976 scrumuentque
1320 917 1582 972 vestrum,
1621 922 1725 960 non

141 999 261 1068 quia
317 1009 522 1061 vester,
565 998 657 1052 sed
685 997 809 1066 quia
843 1014 993 1050 meus
1022 1006 1125 1061 est,
1189 1006 1575 1051 contemnunt:
1602 1012 1725 1051 nam

141 1090 183 1142 si
238 1099 463 1152 vester,
540 1088 591 1141 id
636 1098 740 1149 est,
797 1085 1103 1148 sccularis,
1150 1086 1427 1159 carnalis,
1476 1086 1728 1156 vitiisque

142 1178 332 1233 favens
378 1187 567 1242 esset,
620 1177 802 1245 utique
826 1186 1120 1230 amaretur.
1155 1177 1293 1242 Quid
1336 1185 1461 1230 autc
1498 1192 1726 1231 messem

140 1273 393 1343 colligere
423 1271 637 1325 zizania
669 1270 827 1323 vultis
856 1269 1069 1337 (Matth.
1113 1285 1227 1327 xm.
1256 1267 1379 1340 20),
1409 1284 1512 1324 non
1535 1285 1732 1325 caven-

142 1376 221 1419 tes
251 1379 321 1417 ne
364 1363 528 1419 simul
554 1371 611 1415 et
635 1360 871 1416 triticum
900 1376 1022 1415 cum
1052 1360 1181 1429 ipsis
1226 1359 1517 1414 eradicetis
1538 1397 1554 1423 ,
1605 1374 1728 1412 cum

139 1456 301 1511 etiam
332 1456 382 1509 in
412 1455 501 1510 tali
529 1451 673 1509 facto
698 1453 927 1524 periisse
949 1466 1091 1520 saepe
1110 1452 1258 1521 pium
1282 1467 1377 1521 pro
1402 1452 1567 1522 impio
1590 1448 1733 1505 vide-

143 1547 298 1601 ritis?
327 1544 462 1599 Mihi
486 1546 685 1615 potius,
710 1542 838 1597 mihi
863 1544 1115 1609 vindicta,
1140 1560 1232 1599 eao
1261 1542 1543 1597 retribuam
1562 1584 1575 1608 ,
1600 1542 1731 1597 dicit

141 1637 405 1691 Dominus
436 1634 623 1707 (Hebr.
665 1651 693 1687 Χ
718 1675 733 1700 ,
764 1635 875 1703 50).

803 1724 924 1781 Tn.
968 1724 1099 1779 VIII.

214 1819 300 1873 15.
348 1819 556 1875 Verum
597 1818 639 1873 si
685 1817 1035 1872 ealumniaris
1089 1833 1192 1881 ea,
1250 1833 1369 1887 qua:
1421 1818 1486 1872 de
1533 1818 1735 1872 Sanctis

145 1911 348 1981 scripta
396 1920 561 1974 sunt,
599 1909 665 1963 ad
694 1924 825 1971 nos,
866 1907 957 1976 qui
990 1905 1145 1977 longe
1174 1908 1313 1961 infra
1356 1906 1518 1976 pedes
1546 1922 1733 1961 eorum

140 2002 412 2072 jacemus,
441 2016 528 2054 me
555 2016 660 2053 non
694 1999 890 2054 debere
918 2007 1268 2063 convertere;
1292 1998 1356 2052 ad
1387 2000 1487 2053 hoc
1515 2015 1737 2068 respon-

148 2092 248 2148 deo
278 2132 294 2156 ,
347 2091 607 2161 quoniam
640 2090 690 2144 in
736 2089 838 2144 hoc
877 2089 1073 2144 saeculo
1105 2088 1244 2144 sicut
1285 2106 1471 2144 sumus
1499 2091 1578 2145 eis
1603 2104 1736 2144 con-

150 2195 327 2241 sortes
351 2183 656 2238 ministerio
681 2182 907 2246 ordinis,
933 2181 1005 2235 ita
1032 2190 1086 2236 et
1106 2194 1386 2237 consortes
1407 2192 1460 2236 et
1482 2183 1738 2252 dignitate

151 2276 389 2331 nominis
424 2286 479 2330 et
521 2275 803 2345 privilegio
836 2276 1080 2329 honoris.
1128 2275 1279 2342 Quod
1326 2276 1369 2329 si
1400 2284 1637 2329 nostram
1670 2277 1738 2331 ad

152 2369 363 2423 illorum
396 2368 769 2423 studuerimus
802 2369 960 2423 vitam
988 2384 1344 2438 componere,
1375 2368 1580 2423 erimus
1614 2385 1739 2439 par-

150 2462 345 2529 ticipes
392 2468 448 2515 et
490 2458 676 2526 gloriae
718 2460 1078 2527 sempiternae.
1123 2458 1275 2525 Quod
1304 2460 1347 2514 si
1378 2459 1555 2525 aliter,
1595 2461 1737 2529 quod

151 2552 325 2617 absit;
361 2550 471 2606 illic
501 2550 899 2620 separahimur,
950 2550 1041 2621 qui
1073 2550 1161 2605 hic
1189 2552 1491 2606 communis
1518 2552 1739 2609 honoris

150 2653 206 2697 et
254 2643 544 2697 ministerii
594 2641 771 2698 olhcio
817 2643 965 2714 fungi
1006 2644 1272 2699 videmur.
1331 2644 1463 2699 Nam
1506 2646 1551 2700 si
1582 2646 1741 2701 aliter

152 2751 329 2804 esset;
370 2740 498 2810 quid
531 2739 641 2804 illa,
667 2755 826 2808 qnam
856 2739 1144 2810 regendam
1178 2742 1545 2810 suscepimus,
1576 2741 1739 2797 Chri-

156 2834 407 2887 stianitas
431 2832 670 2886 valeret?
705 2833 765 2885 Et
793 2832 834 2885 si
866 2833 1056 2885 eodem
1075 2873 1090 2896 ,
1117 2849 1225 2900 quo
1261 2833 1472 2887 illorum
1500 2874 1513 2895 ,
1558 2844 1741 2888 noster

160 2942 266 2981 non
318 2925 759 2980 sanctiﬁcaretur
790 2926 985 2995 spiritu
1029 2926 1373 2995 pontiﬁcatus
1400 2928 1582 2993 (155);
1614 2929 1738 2997 quid

155 3019 439 3087 prodesset
465 3059 479 3082 ,
505 3018 651 3086 quod
680 3026 866 3072 nostro
896 3019 1196 3073 ministerio
1218 3029 1430 3074 sacrato
1449 3021 1739 3075 chrismate

155 3110 267 3180 86
304 3110 611 3179 baptizatur
660 3108 921 3179 populus?
963 3110 1103 3175 Quid
1130 3109 1365 3180 denique
1393 3111 1569 3165 missa:
1598 3111 1739 3166 erle-

155 3201 352 3265 bratio,
385 3202 714 3266 benedictio,
740 3210 793 3255 et
816 3203 1151 3257 diversarum
1176 3220 1353 3258 rerum
1379 3205 1736 3265 consecratio,

155 3294 239 3349 vel
270 3294 430 3348 ullius
466 3295 633 3349 divini
672 3295 847 3351 cultus
886 3296 1188 3351 exhibitio?
1220 3295 1326 3349 Aut
1374 3298 1557 3366 itaque
1580 3298 1737 3351 (thri-

159 3386 487 3440 stianitatem
520 3385 787 3441 defecisse
811 3388 1095 3457 pronuntia
1123 3428 1138 3452 ,
1167 3398 1220 3442 et
1250 3388 1377 3442 illm]
1408 3404 1594 3443 verum
1623 3404 1742 3445 esse

159 3476 363 3546 denega
388 3517 402 3537 ,
429 3476 574 3545 quod
600 3476 678 3530 ait
711 3476 829 3531 falsi
864 3477 1046 3531 nescia
1074 3477 1280 3531 Veritas
1304 3478 1414 3547 ipsa
1442 3497 1454 3531 :
1492 3478 1628 3531 Ecce
1648 3496 1741 3548 ego

160 3568 413 3621 vobiscum
443 3585 563 3622 sum
602 3569 841 3622 omnibus
874 3569 1053 3623 diebus
1101 3586 1261 3639 usque
1285 3571 1353 3623 ad
1406 3588 1741 3624 consumma-

158 3661 344 3713 tionem
398 3660 583 3713 πέτεαιὶ
622 3658 835 3729 (Matth.
882 3676 1077 3723 xxvm,
1120 3660 1209 3728 20)
1236 3677 1250 3725 ;
1276 3670 1357 3716 -et
1404 3661 1561 3729 illud,
1598 3662 1741 3731 quod

160 3747 368 3803 Patrem
395 3764 588 3812 orans,
616 3749 695 3804 ait
720 3766 733 3801 ι
762 3747 883 3802 Non
912 3767 1006 3819 pro
1033 3751 1115 3803 his
1149 3767 1271 3821 rogo
1293 3760 1496 3805 tantum
1518 3793 1532 3815 ,
1574 3752 1664 3806 sed
1693 3762 1742 3804 et

159 3862 252 3912 pro
282 3847 375 3909 eis,
421 3846 513 3916 qui
538 3844 795 3898 credituri
825 3854 945 3898 sunt
983 3861 1078 3914 per
1108 3847 1315 3899 verbum
1339 3863 1519 3900 eorum
1564 3848 1617 3900 in
1664 3863 1745 3901 me

161 3935 282 4005 (Job
339 3952 413 3998 ιιι,
469 3934 600 4004 45),
632 3950 738 3989 non
763 3934 1082 4004 impetrasse
1107 3936 1388 3990 conﬁrma.
1421 3935 1551 3990 lllud
1582 3938 1744 3991 etiam

160 4038 554 4098 consequenter
592 4028 697 4081 erit
722 4026 1012 4082 absurdum
1037 4069 1051 4093 ,
1086 4029 1226 4097 quod
1258 4028 1588 4081 nasciturum
1622 4044 1743 4083 eum

160 4120 512 4189 pronuntians
530 4117 778 4188 angelus,
807 4118 882 4171 ait
911 4135 923 4170 :
960 4117 1098 4183 Quia
1130 4118 1361 4188 regnabit
1388 4118 1439 4170 in
1463 4118 1617 4170 dante
1638 4117 1740 4171 Ja-

162 4212 254 4265 cob
276 4213 330 4265 in
364 4222 621 4266 aeternum
668 4208 821 4277 (Luc.
854 4226 908 4274 ι,
945 4210 1058 4279 55).
1096 4208 1249 4275 Quod
1279 4209 1323 4264 si
1349 4209 1450 4263 hoc
1501 4217 1746 4264 astruere

162 4302 382 4372 nequis;
410 4300 550 4356 velis
580 4299 741 4362 nolis,
773 4298 1013 4367 ejusdem
1040 4298 1279 4362 honoris,
1304 4297 1543 4366 ejusdem
1570 4298 1747 4369 digni-

163 4393 287 4447 tatis
308 4401 551 4447 nostrum
577 4392 941 4445 sacerdotium
968 4406 1088 4445 esse
1114 4390 1402 4460 sines,qno
1421 4402 1473 4445 et
1497 4390 1738 4457 illorum;

164 4484 286 4553 quia
315 4498 420 4539 non
446 4491 535 4538 est
573 4482 718 4537 aliud
750 4483 863 4537 sive
894 4491 1019 4537 ante
1048 4481 1218 4553 legem
1242 4522 1261 4547 ,
1311 4482 1424 4536 sive
1450 4484 1550 4536 sub
1595 4482 1743 4552 lege,

164 4574 277 4629 sive
322 4574 423 4629 sub
478 4572 653 4645 gratia
680 4614 695 4639 ,
748 4572 844 4627 sed
898 4572 1039 4627 idem
1080 4572 1290 4643 ipsum,
1340 4573 1491 4643 prius
1529 4573 1746 4643 quidem

166 4664 352 4736 ﬁguris
392 4674 449 4722 et
513 4664 895 4735 anigmatibus
931 4673 1286 4735 przesagatum
1329 4664 1409 4737 [id
1434 4675 1509 4719 est
1546 4680 1747 4735 praesa-

166 4755 357 4828 gitum]
376 4797 391 4819 ,
423 4764 548 4827 post
568 4756 687 4827 ipsa
718 4758 949 4812 veritate
974 4758 1295 4823 exhibitum,
1326 4758 1515 4812 eadem
1538 4772 1753 4827 quoque

168 4848 555 4903 vocabulorum
609 4862 853 4918 genera,
902 4856 958 4901 et
1005 4847 1147 4904 idem
1196 4848 1573 4920 signiﬁcantia.
1616 4848 1752 4903 Nam

172 4937 402 5005 quandiu
436 4937 665 5007 populus
717 4951 893 5007 grex,
949 4937 1133 4992 tandiu
1189 4939 1476 5008 episcopus
1522 4949 1748 5009 pastor;

168 5027 398 5095 quandiu
431 5028 656 5083 verbum
686 5027 782 5082 Dei
812 5029 1225 5083 annuntiabitur
1248 5071 1263 5095 ,
1303 5031 1487 5083 tandiu
1538 5046 1748 5086 annun-

169 5118 321 5154 Ιῖιδιηιι
379 5116 603 5154 nnanluc

656 5118 871 5154 (Iit-ulni-
928 5126 978 5154 nl
1030 5119 1128 5154 nril
1159 5134 1171 5146 -
1216 5118 1452 5154 ιιιιηιιιιῖιι
1513 5120 1748 5154 οῑινῖοηυι

1828 452 1882 504 in
1909 454 2114 508 nomine
2158 455 2421 523 prapheta:
2451 497 2467 522 ,
2532 458 2818 512 mercedem
2879 458 3143 527 prophetia
3196 461 3417 524 accipiet

1830 541 2043 612 (Matth.
2078 560 2133 611 ι,
2158 546 2272 609 ill,
2302 547 2369 602 de
2398 548 2699 617 prmterito,
2728 564 2832 603 non
2862 551 2928 604 de
2960 548 3139 606 futuro
3165 552 3248 605 vel
3276 568 3411 615 nne-

1830 635 1969 689 senti
2013 636 2146 692 velis
2173 638 2441 707 accipere.
2475 641 2723 706 Quandiu
2750 656 2967 710 quoque
2999 642 3105 699 ista
3143 643 3411 702 durabunt

1832 727 2083 797 insignia,
2133 730 2322 784 tandiu
2375 734 2858 803 contemptoribus,
2888 733 3295 803 iujuriatoribus
3317 777 3332 801 ,
3360 744 3406 793 et

1830 821 2267 887 persecutoribus
2310 837 2496 877 eormn
2529 822 2715 880 eadem
2746 866 2760 889 ,
2810 841 2929 894 quae
2963 827 3219 896 antiquis,
3257 838 3417 882 erunt

1830 912 2079 977 crimina,
2107 928 2208 968 nec
2247 915 2299 969 in
2332 916 2441 971 ullo
2464 917 2745 973 dissimilis
2766 930 2956 987 poena;
3013 920 3117 975 nisi
3143 920 3288 989 quod
3313 921 3414 974 du-

1832 1005 1944 1059 rius
1982 1004 2176 1060 feritur
2210 1008 2482 1076 protervia
2527 1025 2689 1078 quam
2724 1011 3048 1081 ignorantia,
3077 1020 3420 1083 contemptus

1831 1108 1991 1162 quam
2020 1110 2277 1151 excessus
2301 1137 2317 1161 ,
2368 1098 2584 1154 dicente
2613 1101 2839 1155 Domino
2865 1116 2880 1155 :
2911 1100 2971 1155 Si
2993 1119 3096 1156 non
3129 1104 3373 1158 venissem
3400 1142 3416 1167 ,

1831 1196 1877 1240 et
1911 1191 2115 1240 locutus
2140 1188 2355 1257 fuissem
2381 1192 2478 1254 eis,
2508 1203 2777 1260 peccatum
2819 1212 2919 1249 non
2949 1195 3193 1250 haberent
3231 1194 3415 1267 (Joan.

1833 1291 1901 1329 xv
1921 1316 1936 1339 ,
1964 1276 2055 1333 22)
2082 1293 2096 1341 ;
2127 1286 2219 1332 et:
2253 1277 2415 1333 Fiunt
2447 1282 2730 1336 novissima
2778 1285 3007 1339 hominis
3052 1285 3197 1340 illius
3236 1286 3421 1357 pejora

1833 1369 2092 1436 prioribus
2139 1369 2353 1441 (Matth.
2402 1388 2477 1427 xu
2505 1414 2520 1436 ,
2556 1373 2670 1443 45).
2730 1375 3014 1446 Itemque:
3054 1376 3189 1431 Ecce
3253 1394 3419 1433 sanus

1835 1458 2005 1527 factus
2046 1477 2099 1516 es
2124 1478 2141 1524 ;
2172 1463 2300 1517 vade
2340 1474 2385 1518 et
2418 1465 2643 1535 amplius
2670 1466 2779 1521 noli
2817 1483 3031 1535 peccare
3054 1508 3068 1532 ,
3096 1485 3160 1523 ne
3187 1469 3418 1524 deterius

1834 1550 1925 1603 tibi
1951 1550 2149 1620 aliquid
2179 1554 2443 1623 contingat
2482 1554 2664 1625 (Joan.
2697 1571 2749 1621 γ,
2786 1556 2910 1625 Ib);
2938 1566 2994 1612 et
3024 1572 3039 1611 :
3068 1558 3415 1614 Tolerabilius

1834 1641 1933 1694 erit
1959 1652 2111 1696 terra:
2150 1642 2501 1699 Sodomorum
2524 1658 2569 1700 et
2598 1644 3056 1703 Gomorrharorum
3085 1650 3140 1704 in
3165 1650 3417 1727 diejudf-

1764 1724 1812 1784 Β
1840 1733 1942 1797 cii,
1990 1751 2147 1799 quam
2197 1736 2276 1788 illi
2317 1738 2518 1791 civitati
2560 1738 2774 1808 (Matth.
2802 1756 2855 1804 χ,
2882 1740 2970 1811 15)
3000 1781 3015 1805 ,
3057 1757 3176 1809 quae
3217 1724 3422 1797 audivit

1834 1822 2051 1891 quidem
2093 1825 2314 1880 verbum
2348 1828 2461 1893 Dei,
2488 1828 2580 1883 sed
2604 1828 2827 1885 credere
2849 1832 3196 1902 contempsit;
3214 1841 3269 1888 et
3301 1832 3421 1887 εγω

1835 1916 1927 1971 tibi
1951 1917 2234 1984 Corozain,
2257 1936 2332 1975 vce
2355 1922 2446 1975 tibi
2466 1920 2773 1989 Bel/naida,
2800 1922 3254 1994 muciudensque,
3283 1924 3422 1996 Tyro

1835 2020 1883 2063 et
1906 2009 2097 2067 Sidoni
2119 2014 2387 2069 remissius
2407 2016 2504 2069 erit
2526 2017 2580 2069 in
2606 2016 2691 2070 die
2705 2016 2899 2085 judicii
2916 2034 3074 2087 quant
3097 2017 3189 2072 tibi
3203 2016 3419 2089 (Matth.

1836 2117 1889 2155 si
1920 2143 1935 2168 ,
1973 2102 2090 2172 ‘21),
2119 2113 2175 2159 et
2204 2105 2491 2175 Apostolus
2525 2126 2537 2159 :
2572 2106 2785 2174 Melius,
2818 2109 3027 2179 inquit,
3074 2118 3187 2164 erat
3213 2110 3289 2165 eis
3318 2126 3422 2164 non

1838 2208 2145 2262 cognoscere
2175 2196 2310 2249 viam
2335 2198 2567 2251 veritatis
2589 2237 2604 2262 ,
2634 2215 2789 2269 quam
2819 2210 2929 2269 post
2970 2202 3314 2269 cognitionem
3342 2217 3423 2255 re.-

1838 2294 2064 2338 trorsum
2088 2287 2313 2341 converti
2338 2286 2423 2356 (11
2450 2284 2593 2341 Petr.
2614 2304 2676 2355 ιι,
2697 2288 2813 2357 21).
2837 2287 2941 2344 Per
2962 2288 3180 2359 Moysen
3205 2303 3422 2358 quoque

1839 2375 1953 2446 ipse
1994 2375 2296 2432 Dominus:
2326 2377 2553 2438 Anima.
2606 2378 2719 2445 ait,
2768 2394 2888 2449 ante
2932 2395 3022 2449 per
3065 2380 3423 2450 ignorantiam

1837 2472 2121 2541 peccaverit
2155 2488 2333 2525 coram
2386 2471 2630 2536 Domino,
2660 2472 3021 2542 deprecabitur
3043 2488 3136 2542 pro
3163 2488 3225 2526 ea
3247 2488 3425 2526 sacer-

1839 2562 1933 2615 dos
1954 2602 1968 2625 ,
2001 2561 2142 2631 quod
2172 2563 2339 2616 inscia
2373 2564 2677 2631 peccaverit,
2706 2563 3098 2633 impetrabitque
3120 2564 3167 2617 ei
3192 2563 3424 2628 veniant,

1839 2662 1887 2705 et
1928 2652 2217 2707 dimittetur
2254 2653 2317 2707 ei.
2363 2652 2555 2707 Anima
2606 2671 2724 2708 vero
2750 2694 2766 2721 ,
2820 2668 2943 2725 quae
2986 2670 3079 2723 per
3127 2653 3426 2724 superbiam

1840 2744 2039 2815 aliquid
2081 2746 2434 2812 commiserit,
2466 2747 2652 2817 peribit
2688 2748 2753 2800 de
2800 2746 2991 2817 populo
3020 2764 3137 2809 suo,
3193 2748 3317 2816 quia
3341 2762 3426 2801 re-

1844 2834 1992 2888 bellis
2024 2835 2123 2904 fuit
2170 2836 2419 2891 adversus
2477 2838 2793 2901 Dominum;
2835 2838 3032 2893 idcirco
3082 2838 3337 2893 delebitur
3379 2849 3428 2892 et

1842 2928 2071 2995 portabit
2128 2929 2455 2998 iniquitatem
2506 2948 2656 2985 suam
2711 2931 2902 2999 (Num.
2946 2948 3033 2998 xv,
3065 2931 3178 3002 28).
3212 2932 3427 2986 Inﬁnita

1844 3033 2060 3086 quoque
2089 3028 2343 3073 astruuut
2374 3020 2679 3075 testimonia
2707 3022 2948 3077 severius
2968 3022 3200 3091 jndicari
3232 3023 3285 3077 in
3309 3038 3427 3085 eos,

1844 3107 1934 3175 qui
1964 3107 2219 3171 scienter,
2250 3124 2411 3177 quam
2443 3110 2532 3178 qui
2563 3112 2870 3166 nescienter
2896 3111 3251 3183 delinquunt;
3286 3113 3429 3167 unde

1804 3190 1805 3197 “
1842 3206 1896 3250 et
1922 3197 2047 3251 illud
2095 3198 2147 3251 in
2201 3199 2409 3268 psalmo
2437 3218 2448 3253 :
2486 3200 2809 3255 DesCendant
2839 3204 2893 3256 in
2925 3203 3186 3272 infernum
3210 3204 3431 3259 viventes

1844 3284 2015 3356 (Psal.
2050 3303 2158 3352 LIV,
2198 3289 2252 3357 6)
2283 3307 2294 3341 :
2331 3290 2574 3344 viventes
2612 3292 2754 3344 enim
2787 3293 3023 3347 scientes
3064 3308 3184 3361 ante
3225 3296 3429 3364 agenda

1843 3386 1967 3431 sunt
2014 3380 2377 3449 deputantur,
2428 3384 2625 3436 mortui
2674 3384 2765 3453 qui
2824 3384 2971 3439 nullo
3036 3386 3274 3441 scientiae
3324 3402 3426 3441 usu

1843 3470 2113 3527 fruuntur.

1915 3563 2000 3615 16.
2040 3561 2251 3628 Quanta
2282 3572 2463 3617 autem
2500 3566 2797 3622 reverentia
2829 3568 2992 3621 etiam
3038 3568 3434 3639 negligentibus

1842 3654 2100 3709 debeatur
2143 3656 2543 3722 sacerdotibus,
2593 3659 2757 3713 etiam
2818 3659 3029 3730 Moyses
3068 3661 3431 3727 demonstrat,

1846 3744 1935 3811 qui
1964 3745 2090 3798 dum
2115 3746 2296 3799 Aaron
2323 3746 2547 3801 vitulum
2576 3747 2700 3804 ﬁliis
2720 3748 2905 3815 Israel,
2931 3765 3090 3820 quem
3116 3750 3432 3817 adorarent,

1847 3834 2202 3900 fabricasset,
2255 3836 2443 3906 viginti
2484 3838 2658 3894 tribus
2704 3839 2940 3896 millibus
2982 3841 3281 3898 interfectis
3321 3843 3435 3914 87

1849 3928 2053 3997 populi,
2088 3929 2286 3998 ipsum,
2338 3931 2426 3998 qui
2455 3940 2644 3985 auctor
2676 3930 2853 3987 fuerat
2877 3933 3119 3999 sceleris,
3160 3934 3435 3991 levissima

1846 4018 2180 4075 solummodo
2202 4020 2568 4091 increpatione
2601 4025 2877 4095 redarguit
2898 4026 3083 4081 dicens
3116 4041 3131 4079 :
3161 4026 3302 4094 Quid
3341 4029 3437 4084 tibi

1848 4107 1966 4175 fecit
2001 4110 2085 4163 hic
2114 4110 2335 4179 papulas
2358 4152 2372 4174 ,
2412 4122 2466 4164 ut
2509 4113 2781 4167 induceres
2821 4132 2976 4183 super
3004 4131 3119 4169 eum
3164 4127 3436 4187 peccatum

1846 4201 2133 4254 maximum
2159 4202 2183 4254 ?
2213 4200 2407 4273 (Exod.
2452 4219 2625 4269 xvxn,
2663 4206 2779 4272 2|.)
2804 4206 3036 4261 Advorte
3075 4209 3239 4278 igitur
3264 4225 3438 4279 quan-

1848 4299 1915 4344 tae
1969 4292 2289 4346 temeritatis
2336 4293 2444 4356 sit,
2501 4308 2601 4362 pro
2663 4296 2854 4363 quavis
2919 4296 3074 4365 culpa
3137 4299 3438 4366 quemlibet

1850 4381 2044 4437 laicum
2070 4383 2256 4439 saltem
2284 4386 2677 4455 reprehendere
2703 4389 3009 4457 quenpiam
3038 4391 3376 4448 sacerdotem
3403 4434 3419 4456 ,

1854 4474 1899 4527 si
1924 4475 2183 4544 propheta
2237 4474 2359 4529 talis
2409 4491 2474 4530 ac
2520 4485 2701 4532 tantus
2750 4478 2803 4531 in
2852 4480 2943 4533 tali
2992 4480 3156 4535 etiam
3213 4482 3441 4537 infando

1858 4564 2100 4622 facinore
2123 4608 2138 4631 ,
2168 4568 2379 4622 cmteris
2407 4569 2694 4624 trucidatis
2717 4610 2731 4636 ,
2761 4570 3061 4641 principem
3094 4573 3316 4629 sceleris
3342 4590 3438 4629 nec
3524 4600 3533 4601 ί

1858 4673 2130 4729 quaquam
2170 4662 2521 4730 praesumpsit
2559 4662 2749 4718 saltem
2770 4665 2853 4719 vel
2882 4665 3071 4721 durius
3123 4667 3441 4737 increpare,

1859 4749 1971 4806 Deo
1999 4751 2099 4806 soli
2131 4751 2183 4805 id
2228 4752 2475 4822 cogitans
2500 4769 2799 4823 congruere
2828 4772 2927 4827 pro
2954 4756 3114 4813 oﬂicii
3142 4758 3436 4831 dignitate;

1861 4857 1962 4897 nec
1981 4843 2126 4897 enim
2154 4843 2378 4912 quilibet
2406 4844 2459 4898 in
2485 4846 2740 4917 episcopo
2765 4849 3074 4918 episcopum
3096 4891 3111 4916 ,
3140 4850 3232 4905 sed
3262 4848 3437 4917 ipsum

1862 4948 2130 4988 summum
2164 4943 2218 4988 et
2257 4934 2372 4989 sine
2404 4937 2609 4991 macula
2650 4939 2959 5008 pontiﬁcem
2994 4940 3046 4994 in
3075 4956 3138 4995 eo
3167 4939 3441 5009 persequi‘

1862 5033 1953 5079 tur
1977 5024 2286 5091 Christum;
2321 5044 2420 5083 nec
2465 5026 2754 5095 injuriatur
2791 5030 3396 5101 culpabilis‘episcopus
3423 5070 3439 5094 ,

1863 5119 1954 5154 εαιι
1986 5116 2099 5154 inca
2132 5116 2183 5154 in
2226 5131 2291 5154 nn
2318 5134 2414 5154 nar
2446 5118 2836 5154 Ivnnvntlinlinnia
2880 5121 3104 5154 "polin":
3135 5119 3440 5154 ἶηΙιιιιιῖοσιηο
