4018 5406
544 180 639 233 “2'31

1456 176 1788 234 RATHEllll
1827 177 2049 234 EPlSC.
2091 175 2345 234 VERON.
2385 174 2537 232 OPP.
2578 175 2757 265 PARS
2796 174 2835 231 l.

3677 181 3795 241 232

544 291 804 363 Spiritum
849 282 1215 348 sanctumest
1259 277 1522 363 peccare,
1549 306 1619 347 ne
1647 290 1787 347 forte
1826 306 1933 347 non
1970 268 2120 346 inve-
2145 301 2195 354 Α
2221 289 2449 360 demque
2478 291 2695 345 houunc
2719 299 2773 345 et
2803 290 2975 344 bonus
3002 292 3247 361 sanguis,
3288 302 3345 347 et
3373 292 3512 346 mala
3551 299 3634 348 eSt
3661 309 3792 365 ρει--
3866 292 3871 295 ’

542 382 726 439 niatur
770 384 864 454 qui
893 383 986 439 tibi
1031 383 1157 439 illud
1182 383 1359 439 valeat
1385 382 1688 450 dimittere;
1739 392 1938 452 praeter
1970 381 2114 437 enim

543 470 926 544 principalem,
972 474 1026 528 in
1077 488 1181 544 qua
1228 474 1330 528 hoc
1377 462 1702 538 continetur,
1751 470 2071 525 sententiam
2098 507 2113 534 ,

543 566 741 621 dicitur
767 564 896 621 alibi
926 563 1024 620 :Si
1050 566 1330 631 peccaverit
1377 564 1458 619 vir
1500 565 1556 619 in
1581 564 1751 617 uirum
1777 603 1792 629 ,
1840 563 2045 634 placari
2069 562 2117 615 ei
2148 638 2151 639 ν

543 667 707 727 potest
733 656 909 722 Deus;
933 658 979 711 si
1008 667 1181 710 autem
1201 656 1256 709 in
1288 655 1451 709 Deum
1472 656 1776 725 peccaverit,
1806 656 1922 725 quis
1948 653 2119 735 orabit

542 766 636 819 pro
654 750 847 820 eo.?a(l
881 749 986 818 Reg
1035 747 1224 817 ".25.)
1255 747 1307 801 in
1331 762 1439 816 quo
1468 762 1577 800 non
1602 760 1763 801 omne
1794 752 2076 815 peccatum
2100 784 2115 810 ,

544 839 638 895 sed
667 839 896 909 speciale
941 838 1209 909 quoddam
1248 837 1489 891 moneris
1518 836 1855 907 intelligere,
1889 844 1944 892 et
1977 849 2112 890 con-

544 950 693 1007 grue.
728 934 860 989 Nam
891 943 949 990 et
967 933 1134 989 David
1163 933 1217 988 in
1240 934 1429 989 eadem
1461 934 1688 989 historia
1719 933 1916 1004 legitur
1942 932 2119 1004 gravi-

548 1037 630 1084 ter
654 1028 708 1082 in
735 1028 841 1082 sibi
870 1026 1190 1081 ﬁdissimum
1221 1025 1449 1079 militem
1476 1025 1794 1087 excessisse,
1828 1033 1882 1078 et
1907 1024 2119 1077 veniam

545 1116 805 1171 memisse
846 1113 896 1187 (1
931 1114 1056 1185 Reg.
1083 1130 1160 1180 χι,
1185 1114 1317 1185 12);
1351 1112 1447 1168 ﬁlii
1483 1128 1612 1168 vero
1634 1112 1751 1168 Heli
1772 1112 2137 1168 detrahentes

545 1203 871 1258 sacrificium
919 1202 1167 1267 Domini,
1223 1200 1399 1271 gladio
1426 1201 1639 1256 vindice
1676 1200 1984 1254 referuntur
2028 1200 2151 1255 ex-'

546 1292 726 1349 stincti
765 1290 819 1360 (ι
854 1290 978 1361 Reg.
1010 1290 1178 1361 ",4).
1211 1288 1504 1344 Considera
1533 1289 1616 1342 vel
1642 1289 1750 1353 hic,
1780 1303 1932 1359 rogo,
1957 1303 2121 1359 quam

2219 392 2359 446 saepe
2401 377 2678 445 valetudo;
2730 388 2785 433 et
2844 378 2968 433 dum
3013 379 3231 446 ignarus
3285 382 3531 437 medendi
3594 384 3787 440 bonam

2219 481 2449 524 conatur
2490 470 2854 526 valetudinem
2896 471 3155 538 reddere,
3219 468 3537 544 sanguinem
3592 476 3787 531 bonum

2220 558 2357 614 solet
2387 560 2627 614 turbare.
2658 560 2858 630 Accipe
2882 560 3034 630 quasi
3066 563 3379 633 sanguinem
3404 564 3607 618 bonum
3632 566 3789 621 bene.

2220 648 2475 704 dictionis
2503 649 2778 720 spiritum,
2808 650 3003 705 malam
3029 652 3385 708 valetudinem
3410 653 3788 725 negligentem,

2227 748 2321 794 aut
2350 739 2487 795 forte
2511 780 2525 805 ,
2576 747 2634 794 ut
2666 750 2718 795 tu
2748 741 2928 797 dicere
2955 758 3135 809 amas,
3181 745 3526 801 criminosam
3558 748 3792 817 episcopi

2222 829 2512 886 actionem.
2545 830 2695 898 Vide,
2718 847 2786 888 ne
2812 833 2936 888 dum
2964 834 3057 888 tibi
3087 849 3193 889 non
3222 836 3497 906 competit,
3529 839 3792 913 siquidem

2218 934 2326 977 non
2366 921 2605 994 fungeris
2632 925 2823 980 medici
2850 927 3178 993 ministerio,
3210 928 3338 983 dum
3370 930 3579 1001 insequi
3604 932 3797 987 niteris

2220 1013 2592 1084 aegritudinem
2623 1014 2865 1072 criminis
2891 1058 2906 1083 ,
2936 1017 3193 1089 Spiritum
3228 1030 3474 1077 sanctum
3500 1023 3683 1094 potius
3703 1024 3799 1077 la:-

2222 1108 2350 1163 dere
2370 1109 2624 1164 videaris.
2649 1107 2847 1166 Puteus
2872 1112 3033 1166 etiam
3057 1112 3487 1183 limpidissimam
3515 1124 3628 1172 tam
3649 1120 3799 1189 petui

2221 1213 2385 1269 quam
2410 1200 2626 1256 lavacro
2653 1200 2869 1256 exhibet
2894 1217 3111 1273 aquam,
3146 1214 3202 1260 et
3228 1206 3546 1277 plerumque
3593 1208 3801 1279 aliquid

2226 1289 2393 1359 inepti
2424 1304 2589 1360 prope
2612 1288 2758 1359 jacet
2788 1290 2959 1362 ipsum
3003 1302 3238 1349 meatum
3258 1335 3274 1362 ,
3313 1298 3458 1367 quod
3489 1305 3671 1354 tamen
3699 1314 3806 1355 nec
3908 1359 3925 1363 ,

550 1401 717 1458 grave
743 1387 838 1440 Dei
871 1385 1008 1439 ferat
1047 1383 1276 1454 justitia,
1313 1383 1360 1438 si
1399 1380 1546 1454 (156)
1574 1382 1827 1453 pontiﬁce
1856 1387 2124 1437 sustracto
2151 1382 2153 1385 ’
2228 1379 2515 1436 interdicat
2557 1388 2740 1449 potum
2761 1422 2776 1448 ,
2807 1396 2906 1437 nec
2937 1382 3182 1454 inquinet
3211 1384 3519 1454 lavacrum;
3551 1389 3804 1445 immisso

547 1477 614 1550 [ι’.
656 1475 988 1547 subtracto],
1019 1474 1159 1530 istud
1215 1488 1401 1529 verum
1452 1473 1503 1527 ei
1557 1472 1868 1526 detrahatur
1919 1469 2122 1526 sacriﬁ-
2222 1480 2401 1527 autem
2427 1470 2779 1535 uncino,dum
2804 1471 2932 1527 illud
2952 1488 3210 1529 conamur
3228 1476 3806 1544 abstrahere,statum

547 1570 733 1635 cium,
759 1578 816 1622 ct
853 1569 955 1623 hoc
976 1581 1082 1636 per
1109 1574 1319 1635 tempus
1342 1563 1604 1619 diutinum
1630 1580 1646 1627 ;
1677 1562 1723 1616 si
1755 1571 1862 1617 tam
1888 1561 2125 1632 graviter
2150 1630 2190 1636 _
2227 1578 2379 1634 aqua:
2419 1564 2630 1634 cogitur
2668 1563 2906 1618 turbare.
2940 1564 3048 1619 Nec
3076 1566 3252 1622 minus
3279 1576 3457 1623 autem
3490 1569 3607 1623 lucc
3640 1571 3806 1624 tertia

544 1630 788 1715 feriendo
815 1630 1155 1721 monstravit,
1175 1630 1303 1725 quid
1326 1654 1428 1709 sibi
1452 1653 1578 1707 illud
1598 1653 1882 1708 videbatur
1896 1630 2122 1728 umbra-
2150 1630 2196 1689 Β
2225 1630 2524 1707 similitudo
2562 1661 2613 1707 te
2635 1651 2773 1707 valet
2801 1654 3267 1712 commonefacere
3290 1696 3306 1723 ,
3333 1657 3603 1727 siquidem
3629 1668 3687 1714 et
3705 1675 3809 1730 per

547 1751 714 1803 ticum
759 1747 905 1819 (157)
963 1746 1067 1801 nisi
1110 1744 1251 1801 forte
1293 1752 1349 1798 tu
1400 1743 1626 1797 multum
1679 1742 1896 1796 ditlerre
1944 1742 2122 1798 adhuc
2222 1751 2440 1814 puteum
2472 1743 2805 1801 sacerdotem
2844 1745 2897 1799 in
2930 1744 3207 1815 cujusdam
3230 1763 3501 1815 sermone,
3530 1759 3586 1806 et
3622 1749 3808 1821 Spiri-

545 1840 722 1896 nescis
758 1839 900 1894 iuter
922 1838 1171 1893 umbram
1218 1846 1273 1891 et
1316 1836 1594 1890 veritatem
1614 1876 1631 1901 ,
1658 1844 1876 1890 carnem
1910 1835 2122 1904 pecoris
2224 1841 2339 1888 tum
2363 1842 2609 1887 sanctum
2639 1848 2793 1903 aqua:
2820 1835 3036 1890 nomine
3065 1836 3121 1893 in
3143 1837 3431 1910 Evangelio
3452 1840 3620 1897 habes
3643 1841 3810 1913 aptis—

545 1938 601 1984 et
626 1940 842 1983 carnem
871 1924 1263 1994 Redemptoris,
1295 1922 1532 1979 cinerem
1556 1922 1734 1977 vitula:
1755 1930 1810 1976 et
1840 1936 2123 1978 consecra-
2223 1922 2359 1978 sime
2397 1919 2573 1992 (Joan.
2606 1937 2700 1988 vn,
2727 1920 2839 1993 58).

548 2019 745 2075 tionem
775 2014 1159 2072 eucharistiw?

1204 2106 1325 2162 Τιτ.
1369 2105 1460 2160 IX.

2881 2013 3003 2069 Τιτ.
3039 2014 3107 2070 X.

2299 2101 2380 2157 l8.
2422 2102 2574 2171 Quod
2602 2118 2729 2159 vero
2749 2105 2780 2159 ’θ
2814 2107 3031 2160 nemine
3059 2100 3160 2160 nisi
3198 2107 3266 2161 ab
3293 2107 3408 2179 ipso
3444 2110 3554 2164 Deo
3589 2110 3811 2181 possint

616 2200 709 2256 l7.
740 2197 1002 2271 Spiritum
1027 2204 1204 2252 autem
1230 2205 1479 2252 sanctum
1502 2195 1663 2251 etiam
1685 2196 1955 2267 peccatori
1985 2209 2125 2268 saepe
2215 2191 2446 2264 judicari
2493 2204 2585 2250 aut
2613 2197 2966 2266 reprehendi,
3003 2207 3234 2254 testatur
3263 2201 3553 2270 Aposmlus
3580 2204 3811 2273 quibus-

557 2290 749 2346 adesse
773 2289 1059 2359 episeOpo,
1095 2288 1260 2342 etiam
1282 2284 1498 2356 Caiphae
1526 2296 1858 2343 monstratur
1880 2289 2127 2360 exemplo
2152 2283 2157 2287 ’

549 2380 731 2451 (Joan.
759 2395 812 2434 ιι
832 2419 848 2445 ,
870 2378 986 2450 49),
1003 2378 1095 2448 qui
1125 2385 1263 2433 teste
1288 2376 1576 2447 Evangelio
1603 2377 1722 2432 ideo
1739 2385 1845 2431 tam
1862 2378 2128 2434 veraciter

546 2472 724 2541 potuit
762 2471 830 2526 de
877 2469 1105 2526 Domino
1148 2464 1664 2539 proplretarefquia
1706 2461 1940 2538 pontifex
1973 2470 2123 2526 vide-

548 2561 707 2625 batur
729 2560 858 2616 anni
885 2560 1030 2615 illius
1064 2573 1216 2624 esse;
1245 2558 1390 2629 quod
1414 2566 1470 2612 et
1510 2557 1830 2628 quibusdam
1858 2560 2127 2617 similibus

559 2655 722 2711 rebus
747 2654 903 2725 longe
944 2654 1073 2710 licet
1097 2653 1392 2725 imparibus
1417 2668 1521 2709 non
1547 2667 1667 2708 esse
1695 2653 2008 2709 incredibile
2036 2669 2128 2709 va-

553 2745 727 2801 lemus
776 2744 1024 2815 probare.
1078 2742 1254 2801 Verbi.
1276 2742 1450 2814 gratia
1494 2742 1573 2800 sol
1613 2758 1735 2798 cum
1788 2743 1841 2798 in
1886 2743 2125 2799 cloacam

548 2836 716 2892 intrat
740 2875 755 2901 ,
785 2835 901 2905 ipse
929 2834 1146 2905 quidem
1166 2833 1406 2890 cloacam
1446 2848 1598 2904 mque
1624 2842 1683 2888 ut
1705 2834 2127 2905 pulcherrimum

549 2926 840 2982 triclinium
887 2925 1186 2992 illuminat;
1240 2937 1456 2981 caenum
1506 2932 1689 2981 autem
1732 2925 2008 2996 quodlibet
2055 2926 2126 2981 sit

2224 2287 2345 2342 dam
2375 2289 2769 2343 detractoribus
2793 2290 3016 2345 obvians
3040 2307 3053 2344 :
3081 2289 3185 2345 Hic
3199 2291 3317 2361 jam
3339 2332 3353 2358 ,
3407 2293 3620 2363 inquit,
3657 2312 3811 2367 qutu-

2225 2379 2359 2434 ritur
2391 2379 2526 2435 inter
2566 2381 2984 2453 dispensatores,
3036 2391 3092 2436 ut
3134 2382 3306 2452 ﬁdelis
3351 2384 3467 2456 quis
3512 2386 3811 2441 inveniatur

2228 2468 2280 2542 (Ι
2318 2468 2443 2528 Cor.
2476 2486 2548 2535 tv,
2584 2470 2638 2539 2)
2664 2487 2679 2537 ;
2709 2472 2987 2541 nostrique
3016 2486 3297 2528 assumens
3325 2487 3635 2545 personam,
3676 2475 3809 2531 dum

2227 2559 2465 2616 defendit
2488 2576 2679 2616 suam:
2716 2560 2820 2626 Qui
2845 2571 3054 2627 autem,
3092 2562 3196 2626 ait,
3239 2563 3446 2634 judicat
3472 2580 3585 2628 me,
3616 2563 3810 2618 Domi-

2228 2668 2324 2706 nus
2363 2649 2555 2721 (lbid.,
2584 2649 2660 2724 ι).
2692 2651 2807 2722 Ipse
2836 2667 3051 2724 quoque
3082 2653 3341 2709 Dominus
3367 2655 3433 2711 dc
3459 2655 3753 2710 Phariszeis
3780 2672 3802 2708 :

2228 2738 2360 2806 Quae
2388 2740 2588 2805 dicunt,
2616 2740 2808 2811 ﬁtquit,
2831 2740 3008 2810 facile,
3035 2758 3151 2814 qua:
3173 2752 3347 2798 autem
3374 2744 3600 2814 faciunt,
3631 2745 3810 2813 facere

2226 2829 2385 2884 nolite
2422 2829 2636 2902 (Matth.
2661 2847 2817 2898 χχιιι,
2848 2831 2925 2903 5).
2948 2832 3065 2889 Non
3091 2833 3245 2899 dixit,
3278 2849 3373 2889 vos
3392 2849 3487 2888 eos
3517 2834 3804 2905 castigate,

2227 2931 2287 2977 ut
2312 2938 2481 2993 nuper
2502 2922 2647 2994 (158)
2672 2938 2702 2977 a
2724 2924 2956 2994 quodam
2984 2935 3163 2980 actum
3187 2925 3358 2979 scitur
3381 2925 3517 2980 satis
3546 2925 3807 2989 absurde,

549 3017 693 3072 intra
738 3016 976 3073 cloacam
1000 3056 1016 3083 ,
1069 3015 1145 3070 nil
1203 3015 1575 3081 obscuritatis,
1624 3017 1697 3072 nil
1737 2991 1997 3089 praeterea
2045 3017 2125 3072 in-
2153 2991 2197 3054 ο
2227 3023 2281 3070 et
2311 2991 2431 3071 ideo
2470 2991 2758 3084 indignum
2789 3014 3014 3072 referre.
3050 3014 3122 3070 Ut
3152 3024 3331 3072 autem
3362 3016 3557 3072 exinde
3587 3031 3809 3086 quoque

555 3110 882 3181 quiuationis
931 3110 1082 3165 radio
1128 3107 1295 3164 aﬁ'ert‘
1333 3108 1493 3174 solis,
1539 3109 1634 3164 sed
1664 3107 1993 3163 tantumdem
2039 3106 2126 3162 vel

559 3200 930 3255 diminutiouis
978 3198 1075 3255 vel
1115 3197 1387 3269 augmenti
1419 3197 1577 3254 aﬁ‘ert
1597 3197 1835 3263 luminis,
1866 3205 2125 3267 quantum

556 3289 775 3347 afferret
800 3330 815 3357 ,
854 3290 900 3345 si
940 3290 1049 3346 illic
1078 3291 1257 3360 paries
1287 3289 1493 3360 iaceret
1519 3289 1637 3345 auri
1664 3287 1957 3360 purissimi.
1988 3287 2124 3342 Tum

556 3395 684 3437 vero
712 3383 755 3438 si
782 3382 908 3453 quid
927 3382 1129 3453 jaceris
1155 3381 1296 3437 intra
1325 3380 1583 3448 cloacam,
1612 3395 1950 3450 nequaquam
1977 3378 2128 3434 vales

548 3477 863 3549 contingere
900 3490 1150 3542 canum,
1184 3482 1470 3545 antequam
1517 3474 1686 3531 solem
1714 3472 1880 3528 ferias
1921 3472 2120 3542 ipsum.

552 3566 646 3624 Sic
669 3567 923 3624 nimirum
968 3566 1023 3622 in
1061 3567 1284 3630 honore,
1310 3564 1391 3621 sic
1429 3564 1482 3619 in
1532 3564 1726 3635 injuria
1761 3557 2125 3634 quorumlibet

553 3660 734 3731 agitur
755 3659 1151 3730 episcoporum,
1177 3656 1337 3713 etiam
1365 3656 1417 3711 in
1443 3655 1709 3726 aliquibus
1730 3655 2082 3711 obnoxiorum
2107 3668 2122 3718 ;

554 3752 671 3820 ipsa
707 3750 852 3805 enim
881 3749 1065 3820 gratiae
1091 3748 1181 3801 lux
1202 3789 1218 3813 ,
1248 3748 1362 3817 ipsa
1385 3745 1688 3802 benedictio
1710 3787 1723 3808 ,
1755 3746 1868 3814 ipse
1894 3744 2126 3813 Spiritus

552 3848 802 3903 sanctus,
842 3839 967 3908 ipse
1010 3837 1089 3893 sol
1130 3837 1183 3891 in
1213 3837 1294 3892 eis
1328 3836 1577 3891 habitans
1618 3835 1845 3904 iustitiae
1880 3833 2128 3889 Christus

556 3938 651 3984 aut
685 3929 983 3983 honoratur
1029 3933 1122 3981 aut
1151 3923 1469 3994 injuriatur;
1526 3932 1583 3978 et
1618 3932 1906 3992 antequam
1943 3935 2129 3993 perve-

554 4021 733 4076 niatur
762 4019 829 4073 ad
870 4017 1075 4073 crimen
1120 4016 1237 4087 88
1280 4014 1423 4084 quod
1467 4013 1630 4068 ferire
1675 4013 1853 4083 quivis
1897 4010 2128 4078 nititur,

553 4111 667 4180 ipse
701 4108 791 4183 qui
836 4106 997 4162 etiam
1048 4105 1399 4159 criminosum
1442 4102 1674 4157 illustrat
1702 4101 1914 4156 feritur.
1946 4099 2131 4169 Neque

555 4202 700 4257 enim
723 4200 835 4262 ille,
860 4198 950 4254 cui
972 4195 1108 4252 nihil
1149 4204 1231 4251 est
1258 4192 1620 4265 impossibile,
1666 4192 1867 4247 frustra
1893 4191 2028 4248 dixit
2053 4189 2131 4246 sal

555 4291 879 4347 infamatum
938 4302 1038 4343 nec
1090 4288 1143 4342 in
1190 4286 1531 4357 sterquilinio
1590 4285 1895 4354 ponendum
1962 4282 2126 4353 (Luc.

554 4398 672 4450 stv,
702 4381 826 4452 55);
876 4380 970 4438 sed
1000 4388 1060 4434 ut
1099 4386 1296 4449 praeter
1326 4376 1472 4431 aliud
1513 4375 1676 4430 etiam
1707 4376 1807 4429 hoc
1837 4387 2128 4444 agnoscas,

556 4477 868 4549 episcopum
890 4513 907 4539 ,
934 4472 1024 4542 qui
1055 4470 1183 4527 salis
1206 4470 1328 4526 ideo
1348 4468 1612 4539 accipitur
1638 4474 1861 4521 vocatus
1891 4465 2128 4531 nomine,

2230 3107 2463 3178 aliquid,
2503 3107 2630 3163 licet
2655 3123 2753 3178 per
2781 3109 3080 3174 modicum,
3130 3108 3351 3173 dicens,
3385 3123 3472 3164 me
3516 3122 3620 3162 nec
3648 3107 3810 3162 dissic

2228 3196 2433 3252 mutare
2453 3211 2674 3267 pavore,
2708 3213 2807 3253 nec
2844 3199 3097 3255 assentiri
3127 3199 3344 3265 favore,
3372 3214 3628 3254 excusem
3660 3217 3673 3252 :
3699 3198 3810 3254 uti-

2230 3303 2355 3343 nam
2404 3287 2478 3343 illi
2526 3287 2605 3360 [id
2667 3300 2741 3343 est
2790 3289 2922 3359 Regi
2977 3290 3119 3346 Deus
3179 3290 3245 3345 de
3289 3306 3392 3362 quo
3444 3288 3699 3361 loquitur]
3775 3304 3810 3344 c

2228 3381 2382 3436 caelis
2413 3389 2474 3434 ut
2493 3379 2659 3435 Saulo
2682 3379 2993 3447 clamasset,
3015 3392 3109 3436 aut
3132 3390 3278 3436 certe
3307 3382 3419 3451 ipse
3446 3381 3641 3443 Deum,
3668 3389 3728 3435 ut
3754 3382 3810 3435 in

2234 3471 2466 3526 veridica
2487 3470 2716 3525 habetur
2741 3468 3042 3540 Scriptura,
3065 3470 3179 3540 jam
3206 3471 3468 3528 clamasse
3492 3471 3807 3527 didicisset:

2231 3561 2481 3616 Tuterunt
2524 3560 2625 3616 sibi
2659 3561 2890 3615 homines
2910 3561 3175 3631 judicium
3223 3579 3394 3617 meum
3426 3561 3564 3630 (Act.
3601 3578 3677 3625 ιιι,
3706 3561 3805 3631 4);

2230 3652 2413 3722 utique
2452 3659 2557 3706 tam
2592 3651 2879 3707 temerarie
2923 3666 3081 3707 suum
3128 3663 3316 3707 contra
3362 3666 3484 3707 eum
3524 3665 3634 3706 non
3680 3652 3805 3706 ere-

2230 3742 2396 3798 sisset
2438 3740 2672 3796 tribunal
2720 3740 2804 3796 vel
2857 3742 3074 3798 solium.
3112 3740 3220 3799 Sed
3272 3750 3332 3797 ut
3372 3742 3644 3799 modicum
3672 3741 3802 3797 allu.

2230 3835 2352 3889 dam
2380 3834 2446 3889 ad
2484 3833 2686 3889 factum
2711 3873 2724 3898 ,
2768 3833 2855 3888 cui
2883 3835 3062 3904 potius
3098 3834 3351 3905 generale
3382 3835 3624 3891 omnium
3653 3850 3809 3890 com-

2230 3926 2368 3996 petit
2413 3926 2706 3981 lamentum
2733 3967 2749 3989 ,
2788 3927 2910 3982 dico
2938 3926 3085 3981 illum
3113 3926 3403 3982 maximum
3432 3924 3811 3981 sacerdotibus

2229 4017 2314 4072 vel
2358 4017 2583 4073 medicis
2626 4018 2927 4074 animarum
2959 4018 3010 4073 in
3061 4018 3164 4074 hoc
3208 4018 3529 4082 contulisse,
3562 4019 3608 4074 si
3649 4018 3809 4088 sequi

2228 4108 2413 4172 velint,
2438 4108 2764 4179 exemplum,
2786 4118 2846 4164 ut
2862 4109 3110 4164 videlicet
3145 4109 3411 4175 noverint,
3436 4118 3641 4179 quanta
3673 4123 3807 4165 cen-

2231 4216 2357 4256 sura
2374 4199 2601 4255 debeant
2615 4199 2714 4269 ipsi
2732 4200 2974 4270 ltgandos
2993 4199 3206 4271 ligando
3228 4200 3522 4264 refrenare,
3541 4200 3585 4254 si
3604 4198 3809 4270 ligandi

2233 4291 2462 4363 ligantes
2491 4300 2639 4346 tanta
2683 4305 2814 4347 cura
2848 4290 3064 4346 student
3106 4289 3319 4361 ligando
3366 4304 3640 4345 coercere.
3692 4289 3811 4356 Qua

2234 4384 2511 4456 diligentia
2550 4392 2796 4455 pastores
2828 4396 3089 4437 erroneos
3118 4382 3187 4436 ab
3236 4381 3512 4436 erroribus
3554 4394 3692 4436 oves
3716 4382 3811 4435 de-

2234 4474 2398 4531 beant
2425 4487 2711 4538 revocare,
2760 4472 2804 4527 si
2835 4479 2985 4526 tanta
3010 4469 3285 4540 vigilantia
3315 4471 3446 4540 ipsa:
3485 4483 3617 4525 oves
3654 4483 3809 4524 erra-

555 4569 700 4642 quod
738 4574 947 4625 mentes
981 4564 1218 4620 ﬁdelium
1260 4562 1413 4619 verbi
1454 4575 1647 4631 sapore
1690 4558 1932 4616 cmlestis
1971 4558 2126 4614 debet

2234 4570 2356 4624 ticae
2395 4577 2646 4639 pastores
2674 4565 2894 4623 student
2929 4565 3000 4620 ab
3025 4563 3335 4620 excessibus
3362 4564 3526 4619 etiam
3553 4560 3807 4633 ﬂagellis,

554 4657 812 4721 condire,
849 4662 911 4709 ut
934 4654 1087 4709 cibus
1110 4652 1207 4709 Dei
1251 4651 1465 4706 valeant
1485 4664 1603 4705 esse
1628 4689 1643 4714 ,
1680 4664 1713 4703 a
1739 4648 1883 4702 nullo
1916 4647 2131 4718 penitus
2231 4658 2346 4729 89
2370 4657 2477 4722 vel,
2509 4666 2572 4711 ut
2591 4654 2843 4725 proprius
2868 4654 3044 4710 dicam
3071 4693 3085 4720 ,
3111 4653 3409 4717 morsibus,
3455 4651 3648 4707 ordine
3699 4666 3807 4706 non

555 4748 661 4802 nisi
692 4746 759 4801 ab
796 4745 911 4815 ipso
937 4742 1337 4813 Omnipoteute,
1368 4739 1416 4794 si
1447 4738 1790 4809 deliquerint,
1815 4737 1989 4807 aliqua
2016 4751 2133 4806 ρω-
2235 4758 2444 4804 “unum
2467 4761 2630 4812 smvo,
2660 4755 2919 4816 quantum
2942 4746 3273 4816 praepostero
3300 4743 3586 4800 deducere.
3788 4798 3793 4803 ,

555 4836 779 4891 nitentia
803 4833 999 4901 corrigi
1028 4845 1186 4901 posse
1211 4830 1293 4884 vel
1314 4830 1530 4885 debere.
1561 4828 1693 4895 Quis
1717 4827 1863 4882 enim
1894 4825 2126 4895 iudicem
2305 4847 2394 4902 49.
2424 4845 2495 4900 Αι
2527 4853 2581 4899 ιι,
2612 4843 2749 4899 forte
2769 4852 2978 4899 οοηιηι,
3010 4841 3091 4897 Ab
3120 4840 3575 4906 antecessoribus,
3604 4839 3808 4909 inquis,

554 4920 800 4989 judicare
824 4958 839 4983 ν
873 4915 1114 4987 “Belum
1142 4914 1435 4986 corrigeret
1467 4913 1566 4967 “iSi
1592 4912 1680 4967 me
1723 4911 1815 4981 qui
1840 4926 2001 4980 super
2027 4926 2125 4964 an“
2234 4936 2370 4991 meis
2397 4933 2595 4999 audivi,
2637 4932 2834 4987 multos
2875 4945 3061 4985 eorum
3097 4929 3302 4986 exsiliis
3332 4928 3650 4984 destinatos.
3696 4926 3813 4995 Ego

559 5012 710 5083 8⁸10⁸
731 5018 840 5073 εει»
870 5005 1081 5069 aude“:
1114 5004 1309 5058 nedum
1335 5003 1534 5073 “gare?
1562 5003 1620 5056 1“
1661 5015 1767 5056 “"0
1788 5014 2000 5070 (ιυοῳλθ
2037 5014 2130 5055 eo“
2235 5025 2406 5092 illico;
2439 5022 2677 5093 nunquid
2726 5035 2833 5077 non
2874 5028 2929 5076 et
2973 5020 3178 5076 carceri
3206 5016 3572 5089 mancipatos?
3604 5014 3813 5084 Nempe

628 5156 781 5229 (156)
818 5154 896 5229 Se
925 5170 957 5209 a
982 5168 1079 5229 sua
1108 5151 1405 5229 Veronensi
1437 5152 1797 5229 subtractum,
1829 5148 1957 5229 etin
2007 5163 2129 5203 car-

559 5219 687 5285 cere
726 5219 993 5280 inclusum
1029 5224 1132 5278 hoc
1188 5225 1306 5275 luco
1355 5219 1625 5288 signiﬁcat
1668 5258 1683 5281 ,
1712 5228 1764 5288 et
1794 5232 1891 5285 per
1922 5226 2128 5286 tempus

563 5298 830 5353 diutinum
875 5309 906 5348 a
949 5302 1136 5349 sancto
1164 5292 1342 5347 missae
1369 5287 1638 5345 sacrificio
1667 5287 1990 5343 celebrando
2032 5290 2130 5342 im-

562 5367 815 5406 nodilnm.

2239 5185 2418 5232 autem
2458 5171 2783 5228 sacrificium
2812 5169 3114 5224 umbratica
3164 5167 3240 5223 illi
3268 5165 3596 5237 oppon_it,_et
3629 5179 3808 5237 verum

2239 5245 2470 5317 appellat
2495 5285 2527 5317 ,Δ
2563 5243 2615 5317 in
2659 5256 2766 5317 quo
2792 5239 3097 5317 immolatur
3130 5238 3239 5307 ipsa
3267 5233 3387 5317 care
3419 5233 3809 5317 ﬁedemptoris;

2238 5303 2287 5369 a'
2311 5303 2423 5406 'quo
2451 5303 2771 5367 celebrando
2806 5307 3099 5363 Rathcrius
3125 5303 3331 5363 carceri
3358 5303 3597 5359 inclusus
3631 5303 3810 5372 impe-

2246 5386 2317 5406 ,μ
2346 5392 2486 5406 .-.-.-
