4018 5406
184 334 288 388 9.55

1129 315 1694 386 PRAILOQL'IORUM
1737 315 1914 371 LIBRI
1951 311 2102 369 SEX.
2129 341 2195 350 -—
2234 310 2358 365 LIB.
2402 309 2482 363 lli.

3351 305 3457 360 933i

186 450 228 501 si
261 445 384 500 mos
427 440 780 497 vena-habere
807 446 1200 500 antecessores,
1227 435 1317 503 qui
1371 435 1470 487 hoc
1512 441 1603 485 aut
1641 430 1774 484 rcl‘c-
1805 440 1853 496 Α
1880 424 2108 476 vindicas
2141 422 2445 490 sanguinem
2489 429 2720 472 nostrum
2764 420 2825 471 de
2871 419 2950 470 his
2993 418 3080 486 qui
3126 420 3359 473 habitant
3404 421 3458 473 in

187 549 384 592 runtur
424 545 520 588 aut
556 534 804 603 leguntur
846 530 1070 593 fecisse,
1121 525 1360 581 invenies
1391 524 1552 577 etiam
1592 523 1659 575 ab
1697 523 1775 575 eis

189 626 388 680 multos
421 625 842 684 exlncmbratos,
881 617 1211 679 exoculatos,
1254 614 1578 676 excoriatos,
1627 611 1778 663 llain-

189 718 292 773 mis
332 716 589 778 traditos,
619 712 765 767 cruci
811 724 1091 778 appensos,
1131 705 1438 760 decollatos.
1471 702 1578 756 Sed
1608 701 1775 754 inter-

188 821 316 876 ima
352 805 448 872 qui
486 803 686 857 fuerint
712 801 784 855 illi
814 808 1202 859 antecessores,
1238 803 1291 849 et
1318 793 1438 847 vide
1468 792 1512 846 si
1542 791 1633 844 tibi
1663 803 1781 859 pro-

189 898 257 950 sit
312 911 509 948 eorum
562 892 677 946 ﬁeri
726 903 1113 944 successorem.
1162 884 1320 940 Certe
1373 881 1552 935 audivi
1608 880 1782 949 ipsum

191 985 506 1046 Dominum,
538 983 708 1052 ipsmn
739 979 1045 1050 pontiﬁcem
1099 987 1391 1036 summum,
1442 971 1616 1040 ipsum
1649 983 1783 1022 con-

190 1085 417 1137 sortem,
450 1075 624 1144 ipsum
669 1080 826 1140 caput
866 1067 1130 1130 omnium,
1163 1064 1309 1118 nullo
1337 1071 1582 1130 excepto,
1609 1075 1782 1129 quan-

192 1175 304 1218 tum
332 1165 558 1233 quidem
587 1163 653 1216 ad
691 1161 921 1215 ollicium
953 1165 1159 1228 spectat
1188 1155 1582 1224 episcoporum,
1611 1151 1785 1217 ipsum

192 1257 374 1310 audivi
407 1257 678 1309 dicentem
719 1254 770 1307 in
808 1250 1094 1320 Evangelio
1124 1248 1290 1301 Deum
1319 1263 1330 1296 :
1367 1244 1500 1318 Ecce
1527 1259 1618 1311 ego
1644 1240 1788 1292 mitto

196 1349 262 1399 ad
290 1364 379 1398 vos
405 1346 687 1415 prophetas
717 1353 763 1396 et
791 1342 1046 1410 sapientes
1076 1349 1121 1390 et
1151 1335 1370 1397 scribas,
1403 1343 1448 1386 et
1472 1348 1535 1384 ea:
1564 1332 1635 1383 eis
1659 1331 1792 1382 occi-

199 1441 350 1501 detis,
379 1448 427 1490 et
453 1435 792 1504 rruci/igetis,
820 1443 864 1486 et
893 1449 955 1485 ea:
983 1430 1084 1482 illis
1123 1424 1452 1497 ﬂagellubitis
1483 1425 1536 1475 in
1567 1437 1791 1491 synago-

201 1531 276 1597 gis
314 1529 516 1586 vesrris.
547 1537 592 1580 et
624 1523 996 1594 persequamini
1039 1522 1100 1575 de
1124 1521 1325 1573 civitate
1353 1520 1405 1570 in
1437 1517 1714 1578 Civitatem,
1740 1521 1795 1564 ut

203 1619 370 1670 reniat
407 1633 566 1684 super
597 1632 682 1669 vos
717 1616 883 1667 omnis
927 1613 1140 1681 sanguis
1175 1611 1354 1679 justus
1381 1608 1472 1676 qui
1505 1606 1702 1673 eiusa:
1723 1612 1795 1656 est

203 1725 357 1775 super
379 1718 596 1769 terram,
628 1724 659 1758 a
687 1706 939 1773 sanguine
969 1702 1093 1756 Abel
1111 1701 1244 1771 justi
1277 1716 1434 1770 usque
1469 1699 1538 1751 ad
1581 1695 1798 1766 sangui-

1877 518 2056 571 terra?
2086 515 2266 583 (Αροε.
2302 530 2373 576 \‘l,
2419 514 2526 582 10.)
2565 511 2609 566 Ο
2649 527 2808 580 quam
2855 512 3092 566 terribile
3140 514 3458 576 tonitruum,

1877 615 2182 659 monstrans
2212 619 2332 659 eum
2361 603 2451 671 qui
2490 603 2556 656 ad
2601 603 2703 656 hoc
2749 618 2853 655 non
2895 602 3304 671 expergiscitur,
3353 619 3458 657 nor

1878 696 2232 750 dormientem
2274 693 2408 758 fore,
2439 694 2531 747 sed
2569 693 2783 762 penitus
2819 703 3110 748 mortuum.
3140 691 3254 748 Non
3279 695 3468 749 dicunt

1884 791 2054 846 dehis
2071 793 2162 860 qui
2193 805 2290 845 nos
2309 789 2768 857 occiderunt;'jam
2790 791 2932 844 enim
2954 805 3047 845 eos
3075 791 3128 844 in
3154 789 3364 846 inferno
3386 792 3468 846 iu-

1884 883 2143 938 defective
2163 882 2395 936 cruciari
2432 883 2646 936 sciunt:
2679 881 2821 950 quod
2856 881 3041 948 utique
3077 881 3177 934 etsi
3201 881 3469 943 dicerent,

1885 990 2223 1044 nequaquam
2248 974 2483 1028 divinam
2510 973 2652 1026 illam
2669 972 2913 1041 superius
2932 973 3194 1042 prolatam
3217 973 3268 1026 in
3286 973 3468 1042 aliquo

1886 1062 2054 1134 leviga
2066 1071 2181 1117 rent
2203 1062 2524 1116 sententiam
2543 1078 2556 1125 ;
2574 1062 2665 1116 sed
2683 1062 2746 1115 de
2765 1062 2868 1126 his,
2886 1062 3152 1130 inquiunt,
3169 1064 3258 1130 qui
3278 1063 3472 1118 suntin

1888 1163 2050 1216 terra,
2080 1154 2169 1222 qui
2192 1152 2366 1206 adhuc
2397 1151 2546 1216 alios,
2569 1152 2667 1206 etsi
2693 1167 2798 1206 non
2825 1151 2958 1206 tales
2987 1162 3044 1207 ut
3063 1169 3183 1219 nos,
3208 1163 3388 1207 tamen
3410 1153 3477 1208 de

1891 1261 2114 1314 corpore
2131 1252 2336 1305 nostro,
2355 1245 2420 1298 de
2437 1243 2691 1297 membris
2708 1245 2928 1309 nostris,
2948 1245 3071 1300 licet
3087 1247 3281 1308 adhuc,
3299 1255 3359 1299 ut
3378 1245 3484 1298 fui-

1893 1350 2012 1388 mus
2033 1343 2086 1389 et
2107 1348 2222 1397 nos,
2252 1333 2500 1397 infirmis,
2525 1334 2590 1388 de
2613 1335 2886 1388 consortio
2925 1344 3130 1398 nostro,
3148 1337 3213 1389 de
3236 1335 3476 1389 ministe-

1898 1426 1976 1480 rio
2001 1434 2206 1489 nostro,
2233 1426 2297 1479 de
2323 1424 2491 1492 gradu
2519 1435 2574 1479 et
2591 1423 2964 1480 olIiciouostro
2985 1435 3404 1496 persequuntur,
3426 1426 3484 1480 in

1898 1533 2146 1571 carceres
2184 1517 2426 1583 trudunt,
2474 1517 2616 1571 fame
2661 1518 2928 1581 cruciant,
2972 1518 3092 1589 gelu
3137 1527 3484 1582 tormentant,

1898 1609 2100 1664 exsiliis
2127 1609 2403 1678 deputant,
2436 1610 2668 1678 pr0priis
2704 1611 2922 1664 sedibus
2953 1611 3188 1680 pulsant,
3226 1610 3485 1666 diversis-

1900 1715 2004 1768 que
2029 1697 2373 1752 alﬂictionum
2399 1699 2688 1768 generibus
2729 1699 3071 1767 injuriantur.
3100 1699 3212 1754 Hoc
3241 1701 3402 1754 etiam
3431 1708 3492 1757 et

207 1814 321 1850 nem
357 1795 665 1860 Zacharice,
703 1796 798 1864 ﬁlii
842 1795 1135 1856 Baraehia',
1183 1810 1334 1862 quem
1371 1791 1628 1845 occidistis
1667 1789 1800 1840 inter
1830 1801 1874 1859 Β
1903 1789 2217 1843 universalis
2245 1805 2339 1859 per
2363 1791 2545 1844 orbem
2575 1791 2813 1860 quotidie
2846 1791 3045 1845 clamat
3077 1791 3352 1858 Ecclesia;
3385 1791 3490 1848 hoc

207 1885 450 1954 templum
483 1894 531 1937 et
561 1885 761 1950 altare;
787 1901 935 1938 amen
963 1885 1078 1937 dico
1115 1883 1278 1946 vobis,
1309 1883 1507 1935 venient
1541 1880 1650 1932 lucc
1688 1894 1800 1930 om-

214 1975 299 2026 nia
353 1990 514 2042 super
577 1984 957 2042 generationem
1017 1975 1167 2026 istam
1222 1970 1433 2041 (Matth.
1479 1985 1634 2033 χχιιι,
1686 1967 1796 2036 54);

218 2065 487 2134 itemque:
516 2063 732 2133 lmplete
756 2080 1052 2117 mensuram
1075 2072 1281 2132 patrum
1306 2071 1587 2114 vestrorum
1614 2055 1796 2127 (Ibid.,

220 2155 340 2224 52);
372 2163 424 2208 et
465 2156 700 2208 iterum:
737 2153 1031 2208 Secundum
1079 2155 1188 2207 ha'c
1237 2151 1495 2222 faciebant
1543 2148 1802 2216 praphe::'s

211 2255 382 2312 patres
417 2261 598 2297 eorum
646 2243 796 2312 (an.
849 2259 921 2306 vt,
969 2242 1092 2310 ‘26);
1144 2251 1197 2296 et
1235 2257 1248 2294 :
1291 2239 1531 2308 Colligite
1577 2237 1802 2305 primunt

216 2337 443 2397 zirunia,
485 2343 531 2386 et
584 2333 862 2401 fasciculos
906 2333 1116 2402 ttlligule
1146 2329 1360 2402 (Matth.
1408 2345 1529 2392 xm,
1557 2327 1669 2397 50),
1701 2326 1803 2379 hoc

211 2434 316 2489 est,
339 2440 500 2495 pares
521 2425 743 2493 paribus
758 2426 974 2478 sociale.
1002 2423 1174 2476 llabes
1200 2421 1282 2476 his
1304 2420 1563 2489 exemplis
1585 2433 1806 2490 genera-

217 2514 418 2568 tionem
474 2528 658 2577 unam,
718 2513 781 2567 da
830 2521 882 2566 et
934 2512 1193 2566 alteram:
1228 2509 1503 2564 Ceneratio
1550 2519 1805 2562 rectorunt

227 2603 558 2658 benedicetur
587 2600 760 2672 (Psal.
793 2619 905 2667 cxi,
946 2602 1023 2672 ἓ).
1069 2601 1166 2666 Da,
1212 2601 1254 2654 si
1281 2601 1446 2666 vales,
1477 2609 1530 2654 et
1572 2598 1804 2653 tertiam.

225 2694 467 2763 Nequeo,
516 2695 714 2764 inquis.
753 2695 808 2749 Si
839 2709 966 2764 ergo
996 2693 1205 2764 nequis,
1241 2694 1291 2746 in
1326 2708 1431 2762 qua
1461 2708 1523 2745 ex
1563 2691 1646 2746 his
1673 2691 1806 2745 dua-

218 2786 320 2837 bus
338 2799 434 2838 eos
461 2783 724 2849 invenias,
753 2779 846 2853 qui
881 2785 1000 2849 hoc,
1032 2784 1172 2853 quod
1198 2797 1358 2852 supra
1387 2781 1595 2847 dixisti,
1623 2781 1808 2852 legun-

220 2885 306 2929 tur
339 2875 560 2939 fecisse;
603 2885 659 2930 et
691 2875 882 2929 metire
921 2891 986 2928 ex
1023 2875 1236 2929 illorum
1275 2883 1397 2927 actu
1437 2882 1609 2938 tuum,
1653 2883 1707 2926 et
1742 2886 1808 2926 ex

222 2969 661 3023 remuneratione
689 2975 856 3034 tuam,
883 2979 936 3022 et
965 2968 1100 3038 elige
1128 2967 1268 3037 quod
1293 2965 1544 3030 volneris,
1575 2973 1666 3018 aut
1687 2979 1809 3020 cum

222 3059 310 3112 illa
338 3059 687 3129 generatione
732 3059 967 3128 pessima
1012 3074 1117 3113 non
1148 3057 1319 3112 solum
1351 3072 1448 3126 pro
1483 3056 1568 3110 his
1605 3070 1723 3125 qua:
1755 3063 1811 3108 tu

1904 1878 2147 1950 [subaudi
2185 1877 2405 1950 clamat]
2445 1880 2587 1945 istic,
2618 1882 2705 1934 ubi
2754 1896 2849 1950 per
2877 1881 3152 1950 speculum
3179 1890 3238 1937 et
3276 1884 3327 1936 in
3356 1882 3494 1937 teni.

1902 1979 2080 2038 gmate
2107 1967 2156 2039 (1
2191 1968 2314 2022 Cor.
2351 1985 2470 2035 xni,
2509 1971 2593 2038 12)
2639 1971 2830 2040 capitis
2859 1971 2939 2026 sui
2970 1972 3340 2042 contemplans
3368 1989 3495 2044 spe-

1903 2059 2062 2124 ciem,
2092 2059 2248 2113 malis
2278 2060 2435 2114 mista
2468 2061 2710 2126 zizaniis,
2753 2062 3000 2132 graviora
3045 2077 3286 2132 persaepe
3316 2077 3345 2116 a
3370 2077 3496 2132 pro-

1904 2151 2055 2220 priis,
2093 2166 2253 2219 quam
2291 2152 2496 2220 patitur
2540 2153 2607 2205 ab
2651 2155 2957 2219 extraneis;
2991 2155 3093 2210 hoc
3137 2163 3192 2209 et
3244 2156 3373 2220 illic,
3402 2157 3494 2212 ubi

1905 2241 2044 2295 facie
2075 2242 2140 2294 ad
2167 2240 2357 2295 faciem
2410 2243 2460 2295 in
2507 2243 2824 2311 quibusdam
2865 2246 3124 2300 membris
3159 2245 3272 2299 suis
3302 2261 3495 2315 magna

1899 2327 2107 2398 jumex
2146 2338 2301 2398 parte
2329 2329 2583 2397 cxaltata,
2641 2332 2812 2401 ipsum
2863 2342 3041 2403 caput,
3093 2335 3266 2402 ipsum
3323 2336 3500 2389 cernit

1907 2430 2202 2485 auctorem,
2239 2429 2387 2474 tanto
2415 2420 2613 2475 clamat
2659 2423 2934 2489 attentius,
2977 2433 3178 2492 quanto
3226 2424 3492 2480 liberius:

1908 2509 2098 2576 Intret,
2133 2511 2401 2578 inquiens,
2432 2511 2485 2563 in
2516 2524 2788 2580 conspectu
2821 2523 2911 2566 tuo
2938 2515 3157 2582 gemitus
3181 2515 3502 2583 compedito-

1909 2620 2050 2668 rum,
2091 2602 2245 2655 redde
2270 2602 2446 2656 vicinis
2482 2604 2671 2656 nostris
2710 2603 3000 2673 septup-lum
3053 2604 3108 2658 in
3155 2606 3274 2658 sinu
3319 2621 3500 2659 eorum

1911 2691 2082 2764 (Psal.
2115 2708 2338 2757 uxvm,
2371 2692 2480 2762 11).
2512 2691 2661 2747 ’l'une
2691 2708 2820 2764 ergo
2861 2693 3087 2763 quilibet
3122 2695 3237 2748 haec
3278 2694 3502 2749 audiens

1914 2784 2110 2848 vicine,
2136 2783 2188 2837 id
2214 2792 2296 2838 est
2323 2781 2559 2852 ejusdem
2600 2787 2807 2849 domus,
2837 2785 3074 2855 ejusdem
3107 2785 3342 2850 familize,
3377 2785 3503 2840 ﬁdei

1912 2883 1966 2928 et
2023 2873 2428 2942 redemptionis,
2482 2873 2777 2939 catholice,
2829 2874 3301 2941 christianissime,
3351 2875 3503 2938 time,

1915 2980 2007 3017 rex
2044 2963 2216 3027 bone;
2258 2971 2312 3017 et
2343 2963 2468 3017 dum
2507 2965 2726 3034 gaudes,
2769 2980 2891 3020 cum
2939 2965 3093 3020 audis
3129 2965 3367 3034 quotidie
3398 2966 3503 3021 Ec-

1915 3052 2133 3106 clesiam
2167 3052 2382 3106 dicere:
2419 3051 2657 3117 Domine,
2703 3051 2902 3106 salvum
2953 3053 3038 3122 fac
3087 3069 3277 3123 regem,
3324 3061 3506 3108 metue

223 3151 360 3220 agis,
394 3150 486 3204 sed
515 3161 568 3205 et
595 3166 692 3220 pro
722 3151 807 3205 his
835 3166 953 3220 quae
988 3150 1060 3204 illi
1089 3151 1155 3205 ab
1176 3149 1309 3204 Abel
1335 3164 1504 3218 usque
1533 3147 1599 3202 ad
1627 3147 1807 3203 novis-
1837 3143 1882 3206 C
1913 3142 2056 3212 quod
2085 3142 2329 3212 sequitur
2355 3159 2366 3194 :
2396 3140 2462 3194 Et
2507 3143 2700 3196 exaudi
2737 3159 2828 3197 nos
2859 3144 2912 3196 in
2947 3144 3028 3196 die
3053 3159 3156 3212 qua
3188 3143 3509 3198 invocaveri-

223 3243 422 3295 simum
462 3256 758 3295 memorem
806 3241 1016 3310 Domini
1075 3250 1128 3296 et
1182 3240 1570 3295 benedictionis
1623 3238 1812 3306 ﬁlium,

220 3331 328 3386 hoc
373 3331 514 3384 enim
567 3331 656 3386 illa
682 3331 786 3387 duo
819 3331 966 3402 (159)
1006 3331 1307 3401 signiﬁcant
1351 3331 1633 3396 vocabula,
1675 3331 1818 3384 fece-

227 3428 374 3481 runt,
403 3433 590 3488 pinnas
637 3421 888 3488 exsolve;
925 3430 1018 3475 aut
1057 3436 1086 3474 a
1119 3421 1495 3490 persecutione
1521 3418 1818 3490 quorumli-

227 3510 316 3562 bet
342 3509 858 3576 ccclesiasticorum,
891 3511 1018 3566 licet
1066 3511 1272 3564 minimi
1303 3511 1531 3577 ordinis,
1558 3510 1814 3580 linguam,

229 3601 340 3653 vim
371 3609 425 3656 et
452 3616 644 3656 manus
680 3603 916 3667 contine,
954 3603 1079 3672 quia
1123 3602 1221 3672 ipsi
1253 3602 1546 3672 prolihetze,
1590 3600 1689 3669 ipsi
1735 3615 1814 3655 sa-

226 3690 444 3758 pientes
479 3691 734 3746 dicuntur
765 3702 820 3746 et
867 3693 1077 3758 scribae,
1123 3701 1182 3745 ut
1211 3707 1330 3746 cum
1361 3692 1704 3761 generatione
1730 3707 1818 3745 re-

231 3788 443 3832 ctorum
490 3780 828 3846 benedicere,
875 3789 930 3835 et
973 3797 1094 3836 cum
1139 3795 1199 3835 ea
1245 3780 1424 3835 valeas
1451 3780 1566 3834 sine
1597 3781 1701 3833 line
1733 3793 1818 3833 re-

235 3883 425 3937 gnare.
445 3867 581 3923 Nam
613 3870 658 3924 si
690 3869 972 3939 vilipendis
997 3871 1346 3926 criminosum
1374 3870 1702 3939 episcopum,
1730 3878 1823 3923 aut

231 3959 399 4012 etiam
423 3959 794 4030 presbyterum
825 3960 1095 4029 suppliciis
1121 3961 1367 4026 allicere;
1397 3976 1464 4014 ne
1496 3976 1622 4030 rogo
1646 3960 1825 4030 parvi-

237 4050 445 4118 pendas
488 4059 690 4116 tantos,
729 4065 865 4122 quos
903 4052 1208 4122 evangelica
1237 4053 1331 4106 tibi
1377 4054 1534 4106 modo
1561 4060 1826 4106 monstra<

231 4145 314 4198 vit
342 4145 524 4210 lectio,
558 4159 727 4215 usque
759 4145 811 4199 in
837 4145 995 4199 ﬁnem
1019 4147 1196 4201 s:eculi
1225 4145 1533 4202 interfectos
1557 4146 1624 4200 ab
1647 4144 1820 4199 initio.

245 4234 302 4286 Si
343 4251 510 4289 unum
561 4250 665 4289 non
736 4236 941 4290 vereris
999 4235 1272 4305 injuriare,
1319 4237 1602 4291 considera
1652 4236 1696 4289 si
1733 4251 1826 4288 va-

235 4326 316 4380 tes
349 4341 448 4395 pro
476 4326 726 4380 omnibus
770 4335 1034 4381 tormenta
1064 4327 1324 4397 perferre.
1370 4327 1434 4380 Et
1469 4342 1654 4381 revera
1686 4327 1726 4381 si
1757 4341 1822 4378 ex

237 4433 360 4471 meo
392 4418 494 4472 hoc
533 4418 628 4472 tibi
679 4434 906 4473 conarer
935 4429 1198 4483 astruere,
1252 4419 1432 4473 dicere
1482 4428 1694 4487 poteras
1740 4433 1823 4470 me

1918 3253 2032 3290 mus
2057 3246 2105 3290 te
2134 3233 2304 3306 (Psal.
2338 3251 2454 3301 xxx,
2481 3235 2590 3306 10).
2621 3235 2699 3289 Re
2728 3237 2872 3290 enim
2902 3236 3036 3291 satis
3061 3239 3343 3307 perspicua
3374 3238 3504 3308 quid

1920 3327 2014 3382 tibi
2060 3337 2216 3397 putas
2264 3326 2542 3396 prodesse,
2586 3326 2714 3381 dum
2763 3337 2948 3381 oratur
2987 3343 3084 3397 pro
3129 3328 3218 3382 te?
3249 3327 3376 3382 dum
3399 3327 3511 3398 ipsi

1918 3419 2080 3474 etiam
2128 3428 2347 3474 orantes
2390 3434 2497 3474 non
2546 3419 2793 3473 sinuntur
2835 3419 3016 3488 quiete
3063 3421 3245 3475 vivere
3286 3436 3384 3489 pro
3421 3421 3509 3474 te?

1919 3509 2053 3565 Nam
2079 3511 2291 3565 dicente
2316 3509 2572 3579 Apostolo
2600 3518 2653 3564 et
2696 3511 3076 3580 prtecipiente:
3112 3509 3275 3564 Orate
3305 3527 3400 3579 pro
3431 3527 3512 3564 re-

1919 3603 2089 3672 gibus,
2117 3602 2335 3655 ducibus
2357 3611 2402 3654 et
2429 3602 2667 3654 omnibus
2692 3603 2782 3670 qui
2810 3602 2862 3654 in
2888 3600 3206 3654 sublimitate
3237 3612 3358 3654 sunt
3387 3617 3512 3654 con-

1919 3693 2086 3745 stituti
2118 3689 2165 3761 (l
2193 3689 2325 3744 Tim.
2357 3706 2417 3754 ιι,
2444 3690 2534 3759 2);
2568 3691 2690 3744 vide
2719 3691 2844 3762 quid
2869 3692 3133 3760 sequitur,
3161 3689 3227 3745 Ut
3254 3692 3504 3762 quietam,

1922 3781 2118 3850 inquit,
2150 3792 2195 3834 et
2224 3781 2561 3852 tranquillam
2597 3783 2756 3835 vitam
2805 3799 3042 3852 agamus.
3077 3782 3211 3837 Vide
3241 3783 3405 3853 igitur
3438 3796 3510 3837 ne

1923 3873 2048 3927 dum
2079 3872 2177 3926 hoc
2206 3871 2348 3941 quod
2377 3871 2534 3926 modo
2569 3872 2763 3926 audisti
2791 3875 3026 3939 canitur,
3065 3875 3205 3928 Deus
3233 3883 3420 3928 contra
3454 3883 3507 3926 te

1925 3963 2232 4028 invocetur;
2272 3962 2397 4015 dum
2456 3961 2660 4016 scilicet
2704 3965 2992 4034 compediti
3038 3963 3287 4024 clamant,
3320 3979 3416 4032 pro
3453 3978 3512 4019 se

1924 4051 2177 4115 clamant,
2205 4059 2258 4106 et
2277 4065 2463 4106 eorum
2491 4061 2767 4107 consortes
2797 4053 3033 4108 unanimi
3062 4053 3196 4108 sicut
3220 4053 3510 4117 charitate,

1925 4141 1997 4194 ita
2039 4151 2093 4195 et
2123 4156 2272 4195 voce.

1995 4232 2082 4284 2|.
2118 4230 2222 4286 Sed
2255 4247 2360 4286 non
2400 4231 2780 4298 exaudiuntur,
2815 4233 3010 4302 inquis,
3045 4233 3182 4288 male
3207 4241 3513 4303 precantes,

1927 4341 2048 4381 cum
2099 4326 2206 4381 Deo
2260 4324 2602 4394 prmcipiente
2655 4341 2751 4392 pro
2799 4325 3245 4395 persequentibus
3279 4326 3517 4382 debeant

1927 4432 2084 4471 orare
2115 4416 2329 4486 (Matth.
2379 4433 2431 4479 ν,
2478 4416 2588 4485 Μ).
2633 4415 2861 4484 Optime.
2911 4415 3218 4486 Quidqqu
3257 4418 3434 4472 oratio
3463 4419 3518 4472 in

237 4506 342 4560 mei
379 4522 541 4562 causa
582 4506 824 4562 ﬁnxisse.
856 4506 1007 4562 Nunc
1047 4523 1172 4562 vero
1213 4524 1332 4562 cum
1373 4509 1537 4562 verbo
1567 4506 1824 4561 Veritatis
1857 4495 1901 4553 Ι)
1929 4509 2104 4561 sinum
2134 4507 2339 4559 orantis
2365 4521 2603 4576 persaepe
2640 4506 2964 4560 revertitur?
2997 4503 3146 4562 Unde
3173 4523 3239 4562 ne
3267 4508 3360 4564 tibi
3389 4524 3520 4577 pne.

240 4595 311 4646 hil
356 4605 557 4649 temere
602 4597 880 4659 minantis,
921 4597 990 4649 nil
1035 4597 1424 4667 refragabiliter
1462 4596 1822 4665 promittentis

239 4684 366 4737 illud
397 4685 601 4739 dictum
630 4685 808 4748 audis,
831 4686 971 4753 quod
1002 4701 1126 4755 rogo
1155 4685 1408 4756 eﬂ‘ugium
1439 4686 1683 4739 invenis?

901 4774 1023 4828 Τιτ.
1076 4776 1164 4828 XI.

301 4863 390 4916 20.
422 4863 720 4919 Considera
749 4873 805 4917 et
830 4864 1127 4918 orationem
1155 4865 1256 4919 sub
1283 4866 1452 4918 altare
1485 4867 1574 4919 Dei
1607 4874 1824 4934 propter

232 4959 621 5006 testamentum
665 4951 876 5006 Domini
925 4952 1226 5007 occisorum
1271 4954 1601 5017 continuam,
1640 4963 1695 5008 et
1727 4970 1826 5008 nec

236 5042 407 5096 minus
429 5041 606 5095 altare
632 5041 832 5109 ipsum,
857 5041 984 5093 dum
1012 5051 1064 5096 et
1088 5043 1224 5098 idem
1254 5058 1375 5097 esse
1400 5043 1488 5111 qui
1513 5051 1566 5096 et
1587 5042 1823 5111 pontifex

231 5143 285 5185 et
313 5133 493 5188 hostia
522 5140 630 5196 est,
672 5133 1026 5187 intellexeris.
1069 5134 1386 5190 Formidans
1435 5135 1824 5201 animadverte,

1930 4597 2104 4650 rlliter
2137 4596 2478 4660 leuocincris,
2531 4595 2652 4649 audi
2701 4596 2964 4651 dicentem
3008 4595 3290 4651 Dom'num
3327 4614 3341 4651 :
3375 4597 3518 4651 Deus

1931 4699 2102 4742 autem
2153 4705 2253 4740 non
2294 4689 2447 4756 [aciet
2497 4688 2772 4742 vindictam
2822 4688 3100 4742 electorum
3154 4707 3368 4743 suorum
3409 4689 3524 4742 cla-

1930 4779 2184 4830 mantium
2213 4777 2281 4829 ad
2309 4795 2362 4830 se
2389 4779 2471 4830 die
2517 4793 2579 4830 ac
2629 4790 2792 4843 nocte,
2824 4788 2870 4831 et
2897 4780 3201 4847 patientiam
3226 4779 3428 4832 habebit
3462 4780 3516 4831 in

1930 4870 2056 4923 illis.
2103 4871 2264 4923 Amen
2296 4869 2412 4922 dico
2450 4869 2608 4931 vobis,
2647 4872 2748 4922 cito
2789 4869 2944 4938 faciet
2989 4871 3269 4923 vindictam
3307 4867 3519 4921 illorum

1933 4959 2085 5030 (Luc.
2132 4975 2286 5026 xvnt,
2318 4959 2392 5026 7).
2441 4959 2507 5013 Et
2550 4957 2688 5012 Job:
2721 4959 2931 5022 Anima,
2983 4960 3075 5024 ait,
3129 4958 3518 5012 vulneratorum

1931 5051 2196 5112 clamabit,
2226 5063 2272 5106 et
2303 5051 2439 5106 Deus
2462 5049 2688 5104 inultum
2714 5051 2856 5104 abire
2880 5066 2981 5101 non
3004 5052 3199 5118 patitur
3219 5046 3341 5117 (Job
3368 5065 3518 5110 xxiv.

1931 5141 2042 5206 12).
2076 5141 2224 5195 Alius
2250 5151 2427 5195 autem
2463 5159 2473 5193 :
2515 5138 2595 5191 Ne
2639 5140 2924 5204 relinquas,
2955 5137 3147 5206 inquit,
3175 5147 3286 5203 post
3328 5147 3376 5189 te
3404 5153 3520 5188 ma-
