4018 5406
503 317 610 376 235

1441 305 1770 362 RATllERll
1810 303 2025 362 EPISC.
2071 303 2320 362 VERON.
2363 300 2513 360 OPP.
2555 298 2731 356 PAllS
2771 300 2808 355 l.

3671 296 3781 352 256

499 436 640 489 Deus
665 431 756 500 qui
786 428 905 497 fecit
934 443 1052 480 eum
1083 424 1272 496 (Eccli.
1303 438 1376 486 tv,
1407 420 1494 490 5);
1529 429 1582 475 et
1610 440 1620 473 :
1658 420 1761 485 Qui
1789 419 1969 474 avertit
1991 436 2094 472 au-
2124 428 2169 484 Α
2199 426 2254 471 ιιι
2283 418 2422 472 forte
2448 417 2620 471 volvis
2664 415 2895 470 interius
2924 412 3094 485 (M5),
3123 413 3252 482 quid
3299 413 3438 467 inter
3471 412 3586 466 ιιωε
3626 426 3792 482 agen-

500 541 608 578 rem
631 536 782 578 suam
805 537 836 572 a
860 517 1086 572 clamore
1127 514 1390 582 pauperis,
1421 523 1467 566 et
1494 512 1602 576 ipse
1635 510 1881 564 clamabit
1912 519 1959 563 et
1991 525 2094 563 non

498 613 814 669 exaudietur
844 605 1024 680 (Prov.
1053 622 1167 668 χχι,
1206 605 1332 674 15);
1369 614 1460 658 et:
1498 600 1689 655 Videns
1720 601 1824 655 vidi
1863 600 2096 672 aﬂliclio-

500 719 616 756 uem
649 698 827 772 populi
856 698 977 763 mei,
1012 707 1057 750 et
1083 696 1325 766 gemitum
1353 708 1533 746 eorum
1578 692 1757 745 audivi
1786 690 1984 762 (Exod.
2009 706 2094 754 ιιι,

457 793 594 878 ﬁ'2');
620 798 714 846 et:
745 789 976 858 Sanguis
1023 785 1148 839 Abel
1195 783 1388 837 clamat
1432 783 1501 835 ad
1540 799 1620 836 me
1667 782 1732 835 de
1769 791 1907 835 terra
1942 779 2094 851 (Gen.

503 897 582 942 ιγ,
618 879 743 944 10);
776 887 869 933 et:
899 874 1227 929 Desiderium
1262 886 1548 941 pauperum
1576 869 1838 924 exaudivit
1863 868 1967 938 91
1996 868 2100 921 Do-

506 973 702 1035 minus,
728 979 773 1023 et
803 967 1155 1022 clamarerunt
1169 963 1321 1032 justi,
1354 971 1404 1016 et
1437 961 1694 1016 Dominus
1723 961 1988 1015 exaudivit
2014 976 2098 1014 eos

507 1061 680 1131 (Psal.
712 1078 766 1125 ιι,
798 1058 918 1128 16).;
945 1065 1001 1111 et
1025 1074 1038 1109 :
1071 1055 1237 1108 Juxta
1259 1064 1333 1108 est
1359 1052 1617 1106 Dominus
1639 1053 1718 1105 his
1742 1052 1831 1122 qui
1853 1050 2100 1104 tribulato

504 1160 626 1205 sunt
665 1149 840 1213 corde,
867 1158 915 1202 et
959 1145 1180 1200 Immites
1223 1147 1411 1216 spiritu
1453 1145 1672 1199 salvabit
1700 1142 1872 1216 (Psal.
1904 1159 2097 1208 χχχιιι,

504 1243 617 1312 19).
646 1241 746 1308 Qui
792 1248 976 1295 autem
1005 1239 1137 1303 scis,
1181 1245 1364 1291 utrum
1390 1245 1440 1291 te
1478 1251 1762 1302 converso,
1795 1235 1925 1306 ipsis
1954 1235 2101 1290 vide-

502 1332 634 1388 licet
675 1346 774 1402 pro
812 1338 864 1385 te
913 1328 1393 1392 intercedentibus,
1435 1343 1503 1382 an
1554 1329 1765 1396 perdito
1808 1325 2101 1391 salventur,

507 1424 634 1477 dum
659 1421 833 1478 oratio
867 1420 952 1490 pia
985 1434 1090 1473 non
1121 1417 1188 1472 ad
1229 1426 1300 1484 te,
1350 1418 1446 1473 sed
1471 1418 1547 1478 (in
1597 1417 1772 1472 sinum
1818 1417 2107 1472 revertitur

507 1529 696 1570 eorum
722 1530 753 1568 a
783 1511 978 1580 quibus
1025 1519 1111 1565 est
1156 1508 1402 1564 fusailn
1443 1525 1553 1579 quo
1603 1525 1707 1564 non
1755 1509 1873 1580 plus
1900 1509 2104 1571 amicti,

512 1620 675 1674 quam
705 1604 871 1660 totius
899 1602 1179 1666 Ecclesiae,
1205 1602 1344 1657 inter
1373 1617 1510 1672 quos
1535 1602 1698 1657 etiam
1731 1611 1783 1656 tu
1821 1611 2005 1656 contra
2058 1610 2111 1656 te

508 1699 713 1752 elainas
741 1712 841 1766 pro
871 1695 1066 1750 amicto
1093 1735 1109 1760 ,
1149 1694 1496 1750 clamantium
1546 1709 1708 1749 voces
1762 1701 1813 1748 te
1862 1692 2112 1748 convenit

2195 509 2345 570 dum,
2375 508 2418 561 si
2447 515 2636 562 contra
2679 519 2858 560 meum
2891 503 3087 573 aliquis
3127 502 3341 558 illorum
3367 511 3662 572 consurgat
3692 503 3798 556 im-

2193 598 2438 667 perium?
2461 597 2579 664 Quo
2608 605 2771 666 pacto
2814 595 2867 649 id
2897 595 3065 664 possit
3092 594 3426 664 contingere,
3458 608 3669 663 nequeo
3699 608 3793 648 co-

2196 688 2389 756 gitare.
2435 686 2609 740 Tuum
2654 686 2798 741 enim
2847 685 3121 754 quomodo
3162 684 3366 739 ambiat
3398 685 3660 738 honorem
3701 686 3800 753 qui

2197 779 2405 833 obtinet
2429 771 2801 847 superiorem?
2821 775 2956 830 Nam
2983 775 3075 844 qui
3101 773 3273 842 major
3297 774 3467 828 etiam
3492 782 3586 828 tuo
3609 788 3802 828 cense-

2201 870 2533 940 turjudicio,
2565 870 2656 939 qui
2685 868 3006 933 instituitur,
3048 882 3114 920 an
3163 881 3262 936 per
3291 881 3447 935 quem
3489 865 3610 934 quis
3638 863 3802 918 insti-

2201 962 2404 1016 tuitur?
2427 960 2558 1016 Cum
2587 975 2715 1016 vero
2746 960 3069 1032 prmcepisse
3117 957 3402 1013 Dominum
3451 955 3650 1026 legeris
3697 952 3806 1007 Su.-

2201 1052 2363 1107 mueli
2387 1051 2616 1107 dicendo
2645 1067 2658 1105 :
2695 1049 2858 1106 Sume
2884 1066 3047 1104 cornu
3077 1049 3200 1112 olei,
3227 1058 3275 1101 et
3306 1047 3454 1111 vade,
3487 1062 3622 1116 auge
3649 1043 3806 1098 illum

2202 1141 2254 1214 (Ι
2281 1141 2406 1213 Reg.
2433 1159 2546 1208 xvr,
2581 1143 2655 1212 l),
2687 1141 2768 1196 vel
2803 1141 2950 1195 illum
2979 1141 3031 1194 in
3074 1155 3291 1210 regem;
3338 1137 3548 1192 Natban
3582 1150 3808 1205 quoque

2203 1244 2256 1287 et
2287 1232 2500 1288 Sadoch
2535 1233 2753 1287 tutxisse
2775 1231 2971 1300 legeris
2998 1229 3344 1284 Salomoncm
3378 1227 3486 1299 92
3520 1226 3641 1295 (111
3670 1225 3803 1296 Reg.

2207 1337 2248 1386 ι,
2275 1322 2400 1391 45);
2433 1337 2615 1393 quaere
2640 1333 2819 1376 utrum
2854 1320 3053 1376 alicubi
3082 1320 3351 1377 inveneris
3385 1317 3682 1389 quemlibet
3712 1331 3808 1370 re-

2207 1429 2331 1484 gum
2357 1412 2594 1476 unxisse,
2619 1412 2743 1465 licet
2770 1409 2980 1478 legatur
3009 1408 3306 1464 instituisse
3346 1409 3690 1463 sacerdotum
3723 1404 3809 1458 vel

2209 1502 2593 1573 prophetarum
2645 1500 2920 1570 aliquem;
2951 1508 3006 1554 et
3051 1492 3259 1553 videbis
3305 1498 3428 1568 quis
3467 1511 3655 1553 eorum
3684 1502 3815 1566 post

2215 1593 2381 1648 Deum
2413 1590 2592 1646 locum
2621 1590 2868 1644 obtineat
2891 1589 3253 1658 superiorem.

2865 1679 2992 1735 Τιτ.
3026 1678 3141 1734 ΧΙΙ.

505 1787 802 1842 formidare
833 1786 1122 1841 dicentium
1153 1783 1301 1856 (HO)
1328 1803 1340 1839 :
1372 1785 1576 1854 Δόλωνα
1600 1800 1715 1850 nos,
1742 1783 1887 1838 Deus
1904 1782 2108 1837 saluta-
2139 1778 2183 1836 Β
2277 1776 2368 1830 2'3.
2391 1774 2592 1830 Omnes
2613 1783 2792 1827 autem
2813 1772 3064 1827 Ecclesia:
3089 1770 3204 1834 lilii,
3228 1769 3371 1823 inter
3391 1781 3528 1837 quos
3554 1775 3613 1821 tu
3637 1767 3806 1822 etiam

506 1879 580 1930 ris
611 1885 783 1930 noster
810 1873 982 1946 (Psal.
1008 1890 1235 1939 Lxxvttl,
1260 1877 1316 1944 9)
1338 1892 1352 1941 ;
1378 1884 1432 1930 et
1457 1891 1470 1926 :
1503 1875 1664 1939 Deus,
1696 1875 1752 1928 in
1779 1874 2110 1944 adjutorium

506 1984 682 2022 meum
726 1967 937 2021 intende
987 1964 1161 2038 (Psal.
1206 1982 1352 2030 Lm,
1399 1967 1454 2035 2)
1484 1983 1497 2032 ;
1528 1974 1624 2021 et:
1658 1965 1900 2031 Domine,
1948 1963 2112 2018 libera

511 2059 744 2111 animant
768 2074 938 2111 meam
979 2075 1010 2111 a
1051 2057 1204 2111 labiis
1232 2057 1526 2128 iniquitatis
1562 2066 1610 2110 et
1635 2074 1666 2109 a
1697 2055 1880 2126 lingua
1927 2055 2110 2109 dolosa

515 2146 689 2216 (Psal.
717 2162 861 2212 cxrx,
891 2147 980 2217 2);
1025 2155 1121 2201 et:
1159 2145 1566 2216 Confundautur
1603 2161 1780 2200 omnes
1818 2146 1908 2216 qui
1948 2155 2114 2199 osten-

512 2241 641 2293 dunt
667 2240 830 2294 servis
845 2241 945 2293 tuis
959 2239 1098 2294 mala
1114 2239 1275 2310 (Dan.
1296 2253 1375 2303 ιιι,
1391 2238 1502 2308 44);
1520 2245 1574 2292 et
1589 2255 1607 2290 :
1620 2236 1804 2291 Libera
1818 2254 1930 2300 nos,
1947 2236 2111 2302 Deus,

514 2336 569 2385 iu
614 2332 938 2386 mirabilibus
979 2334 1113 2397 tuis,
1134 2341 1180 2385 et
1211 2332 1280 2384 da
1317 2329 1538 2401 gloriam
1569 2329 1767 2383 nomini
1807 2339 1896 2383 tuo
1922 2328 2111 2400 (Ibid.,

514 2441 672 2488 xuu,
692 2424 773 2496 ι).
797 2423 925 2478 Ηιιιο
953 2426 1097 2479 enim
1121 2431 1176 2477 et
1197 2423 1282 2478 bis
1305 2421 1499 2477 similia
1523 2421 1882 2476 inﬁnitissima
1904 2420 2112 2476 liberati

515 2515 644 2567 dum
677 2513 933 2577 clamant,
960 2513 1078 2568 sine
1119 2512 1282 2567 dubio
1309 2527 1406 2582 pro
1442 2510 1739 2566 liberandis
1766 2510 2030 2577 clamant;
2060 2519 2115 2564 et

516 2619 575 2656 re
610 2618 717 2658 non
741 2603 922 2658 minus
950 2611 1168 2673 experta
1199 2617 1362 2672 quam
1394 2616 1544 2656 vera.
1581 2599 1771 2655 Nonne
1800 2602 1956 2656 audis
1981 2617 2108 2670 quo-

515 2694 648 2748 tidie
670 2693 839 2760 istud,
871 2701 927 2748 et
956 2693 1058 2747 hoc
1089 2691 1278 2747 usitari
1303 2692 1357 2746 in
1389 2690 1608 2757 smculo,
1633 2705 1811 2761 regem
1837 2705 1936 2759 pro
1965 2705 2110 2760 rege,

514 2786 650 2841 licet
698 2787 808 2841 sint
855 2785 1236 2851 inimicissimi,
1277 2784 1403 2839 dum
1451 2783 1824 2853 unusquisque
1867 2781 2118 2837 videlicet

518 2878 779 2948 prospicit
806 2878 928 2942 sibi,
961 2877 1260 2947 saepissime
1301 2876 1468 2946 loqui,
1510 2876 1820 2946 episcopum
1868 2891 1966 2946 pro
1998 2875 2115 2946 cpio

519 2988 707 3042 scopo,
743 2973 997 3028 clericum
1038 2987 1135 3041 pro
1173 2972 1395 3038 clerico,
1434 2972 1756 3026 monachum
1787 2984 1885 3040 pro
1930 2983 2116 3023 mona-

520 3063 643 3128 cho,
669 3062 861 3116 laicum
883 3078 987 3132 pro
1009 3061 1166 3126 laico,
1187 3061 1424 3132 judicem
1447 3075 1550 3130 pro
1569 3059 1774 3130 judice,
1799 3057 2112 3129 piucernam

2214 1864 2540 1929 numeraris,
2585 1863 2630 1917 si
2662 1871 2840 1917 tamen
2873 1876 2980 1915 non
3018 1858 3350 1930 dedignaris,
3403 1856 3448 1910 si
3493 1863 3708 1924 patrem
3750 1862 3818 1907 ut

2212 1957 2472 2023 Ahsalon,
2522 1956 2718 2010 arbore
2755 1952 2966 2008 vindice
3017 1949 3346 2013 multandus,
3393 1959 3645 2002 muerore
3703 1957 3818 1998 non‘

2212 2047 2557 2121 persequeris
2603 2044 2686 2117 (ΙΙ
2737 2044 2868 2114 Reg.
2916 2059 3072 2108 mu,
3121 2041 3207 2110 9);
3261 2041 3304 2096 si
3350 2039 3568 2108 vipereo
3621 2036 3818 2091 matris

2213 2144 2422 2209 viscera
2445 2155 2540 2194 ore
2568 2154 2675 2193 non
2717 2136 2885 2201 redis,
2912 2144 3146 2188 attamen
3193 2131 3381 2196 facias,
3409 2129 3581 2184 facias
3607 2135 3819 2189 tamen,

2213 2236 2354 2290 inter
2384 2248 2476 2288 eos
2515 2229 2843 2290 numeraris,
2875 2227 2966 2280 sed
2997 2225 3118 2279 vide
3160 2239 3226 2278 ne
3257 2220 3572 2276 haereditate
3618 2225 3675 2272 et
3715 2231 3821 2271 co-

2220 2325 2532 2380 luereditate
2584 2320 2805 2374 illorum
2845 2334 2876 2372 a
2924 2323 3089 2371 temet
3135 2311 3431 2376 irauderis,
3467 2323 3688 2373 omnes,
3733 2307 3819 2361 irr-

2213 2431 2397 2487 quam,
2424 2412 2679 2468 Ecclesiae
2707 2408 2801 2463 lilii
2843 2416 2935 2461 aut
2956 2407 3022 2461 de
3057 2413 3203 2460 sorte
3227 2410 3355 2457 sunt
3396 2399 3608 2456 Domini
3635 2403 3692 2451 et
3719 2410 3816 2464 ap-

2226 2485 2494 2579 pellantur
2523 2501 2704 2560 clerici
2744 2508 2798 2555 et
2843 2497 3124 2561 monachi;
3153 2503 3248 2548 aut
3286 2499 3414 2547 sunt
3449 2488 3710 2544 Ecclesia:
3739 2485 3819 2537 la-

2213 2575 2376 2662 nruli,
2397 2593 2632 2665 episcopi
2661 2605 2789 2646 vero
2815 2586 3102 2644 conlamuli
3123 2600 3143 2652 ;
3164 2593 3259 2639 aut
3283 2582 3615 2636 laboratores
3641 2575 3818 2647 (ut),

2229 2687 2372 2745 servi
2415 2694 2470 2742 et
2520 2684 2699 2749 liberi,
2743 2691 2837 2738 aut
2870 2679 3068 2734 milites
3116 2676 3291 2747 regni.
3324 2672 3533 2729 Domini
3575 2684 3708 2725 vero
3734 2678 3819 2721 est

2215 2788 2361 2835 terra
2387 2775 2560 2847 (Psal.
2595 2790 2678 2840 ιιι,
2706 2774 2782 2844 1),
2807 2783 2862 2828 et
2891 2781 2995 2826 tua:
3016 2766 3313 2826 defensioni
3339 2763 3662 2826 commissa;
3695 2759 3820 2814 red-
3877 2795 3885 2803 .

2217 2871 2363 2926 ditus
2399 2884 2528 2924 vero
2557 2868 2673 2936 ejus
2702 2877 2794 2920 aut
2826 2873 3011 2920 sancta
3048 2869 3358 2917 sanctorum
3405 2865 3534 2911 sunt
3573 2853 3824 2915 Domini,

2215 2971 2269 3016 et
2298 2962 2366 3018 ad
2405 2959 2499 3029 jus
2534 2958 2804 3030 pertinent
2847 2955 3210 3016 sacerdotum,
3239 2964 3340 3004 nec
3379 2962 3410 3000 a
3449 2945 3694 3015 quolibet
3722 2958 3816 2994 au-

2216 3055 2344 3110 ferri
2369 3059 2615 3124 possunt,
2645 3050 2746 3104 nisi
2771 3047 2862 3118 qui
2891 3045 3161 3117 publicum
3192 3039 3532 3114 committere
3558 3050 3668 3089 non
3700 3033 3820 3085 for-

521 3168 621 3222 pro
645 3119 926 3223 pincerna,
952 3159 1026 3216 et,
1054 3161 1114 3206 ut
1143 3119 1210 3206 ad
1250 3119 1513 3206 vilissima
1538 3119 1843 3219 quanquam
1871 3161 2115 3201 necessa-
2143 3119 2186 3179 ε
2221 3119 2389 3199 midst
2413 3140 2757 3210 sacrilegium
2787 3154 2802 3203 ;
2837 3146 2932 3190 aut
2979 3134 3052 3188 tui
3091 3128 3384 3223 imperialis
3417 3125 3540 3223 (leg.
3583 3120 3733 3223 sunt]
3771 3127 3819 3179 si

522 3240 603 3298 ria
633 3243 868 3308 veniam,
912 3243 1169 3313 pistorem
1221 3257 1320 3313 pro
1356 3241 1584 3312 pistore,
1611 3254 1844 3309 coquum
1887 3253 1983 3308 pro
2025 3253 2115 3292 co-

522 3333 667 3401 quo?
708 3333 764 3387 Si
813 3347 943 3400 ergo
969 3348 1069 3388 nos
1121 3331 1350 3387 invicem
1398 3344 1496 3401 pro
1539 3328 1826 3399 participio
1864 3325 2119 3396 juvamus

524 3424 753 3488 ttl‘tlilllS,
782 3423 835 3477 in
860 3423 1058 3493 quibus
1081 3429 1164 3477 est
1184 3421 1419 3476 maxima
1445 3418 1782 3490 imperfectio
1803 3417 2114 3480 charitatis;

524 3514 653 3583 quid
695 3514 814 3568 illos
839 3521 997 3584 putas
1027 3527 1128 3583 pro
1171 3512 1292 3568 suis
1315 3510 1660 3567 consortibus
1689 3523 1869 3580 agere,
1909 3507 2000 3577 qui
2051 3506 2118 3560 il-

528 3606 658 3671 ].un,
689 3621 794 3676 qua
826 3604 999 3674 major
1029 3603 1177 3659 nulla
1209 3611 1291 3659 est
1321 3601 1371 3674 (1
1401 3599 1522 3656 Cor.
1550 3617 1672 3667 xm,
1698 3600 1815 3672 15),
1839 3598 2122 3654 charitatis

528 3715 707 3754 arcem
753 3716 857 3753 non
903 3698 1076 3754 solum
1127 3696 1511 3760 conscendere,
1543 3694 1642 3750 sed
1680 3693 1864 3759 etiam,
1914 3693 1958 3748 si
2002 3693 2120 3751 ﬁeri

525 3801 732 3861 posset,
774 3788 1160 3844 transcendere
1204 3788 1438 3841 nitentes
1482 3785 1652 3856 (Ml),
1691 3785 1818 3840 dum
1863 3790 2124 3854 [tenerent

527 3882 739 3935 animas
765 3895 862 3950 pro
883 3879 1096 3945 amicis,
1129 3878 1293 3933 etiam
1321 3892 1420 3947 pro
1448 3877 1581 3947 ipsis
1606 3875 1835 3930 orabant
1856 3873 2123 3930 inimicis?

525 3973 610 4025 An
635 3985 740 4024 non
765 3970 1058 4040 putandum
1083 3984 1204 4034 nos,
1235 3967 1362 4022 licet
1388 3965 1742 4037 negligentius
1765 3964 1932 4020 multo
1961 3980 2123 4035 quam

525 4061 769 4132 expedit,
798 4059 1041 4114 debitum
1067 4059 1147 4113 eis
1166 4059 1427 4113 honorem
1455 4057 1779 4124 deterentes,
1806 4067 1862 4111 et
1880 4057 2126 4126 quotidie

530 4151 589 4205 in
631 4149 890 4204 auxilium
937 4146 1414 4218 defensionemque
1475 4145 1788 4202 invocantes
1826 4145 2078 4201 deserere
2105 4185 2122 4212 ,

546 4239 640 4309 qui
690 4239 836 4310 ipsos
890 4237 1139 4293 inimicos
1189 4236 1451 4292 timebant
1504 4235 1776 4306 negligere
1825 4233 2011 4308 (1'42)?
2055 4235 2126 4290 At

533 4331 675 4386 forte
703 4331 803 4394 ais,
832 4327 1016 4384 volunt
1039 4328 1276 4399 quidem,
1309 4326 1402 4383 sed
1429 4327 1671 4396 peccatis
1696 4326 1896 4382 nostris
1915 4342 2125 4392 mereri,-

533 4419 706 4484 tibus,
730 4426 1022 4488 nequeunt.
1054 4417 1204 4485 Quae,
1231 4415 1492 4486 rogo,[illa
1517 4415 1814 4481 beatitudo,
1837 4431 1998 4486 quam
2026 4416 2124 4470 ali-

532 4523 639 4576 qua
680 4506 927 4562 inelIicax
956 4505 1234 4562 excruciat
1260 4505 1494 4576 cupido?
1520 4519 1641 4573 qua:
1673 4503 1922 4572 felicitas,
1966 4520 2128 4574 quam

535 4597 741 4664 quaevis
764 4595 1207 4666 impossibilitatis
1231 4593 1432 4649 addicit
1451 4594 1691 4665 egestas!
1723 4594 1865 4665 quod
1892 4594 2133 4665 cogitare

538 4687 668 4757 quid
697 4687 995 4758 puerilius?
1013 4686 1157 4757 quod
1186 4686 1366 4740 dicere
1390 4685 1518 4754 quid
1549 4693 1726 4754 potest
1754 4685 1979 4739 inveniri
2009 4700 2130 4753 per-

543 4779 788 4836 versius?
813 4779 1058 4834 Atuobis
1088 4779 1201 4833 hwc
1224 4777 1366 4832 haud
1401 4777 1740 4846 interruptim
1766 4776 2126 4846 loquentibus,

610 4959 758 5032 (HO)
784 4960 1047 5032 Construe
1071 4976 1090 5016 :
1113 4957 1180 5013 In
1205 4975 1307 5027 quo
1332 4959 1566 5032 convenit
1591 4968 1643 5032 te
1662 4973 1765 5032 non
1797 4955 1916 5032 plus
1946 4956 2130 5024 fortui-

535 5025 668 5085 dare
697 5025 841 5101 voces
869 5029 1076 5101 amicti,
1095 5025 1443 5101 quamtotius
1481 5026 1747 5087 Ecclesia',
1782 5025 1986 5101 scilicet
2014 5041 2131 5101 out-

536 5101 689 5154 nium
718 5094 976 5164 fidelium,
1029 5094 1396 5180 cla'nt‘aontium,
1417 5097 1549 5180 inter
1592 5112 1721 5175 quos
1743 5095 1898 5180 etiam
1939 5106 1994 5146 tu
2018 5094 2129 5146 cla-

537 5186 675 5289 ιῧαδ,
701 5181 881 5224 contra
904 5163 1073 5241 lepra
1105 5169 1316 5240 amicta,
1353 5177 1398 5220 et
1427 5163 1708 5219 dicentium
1736 5179 1754 5218 :
1778 5163 1984 5233 Adjuva
2015 5179 2130 5228 nos,

595 5255 708 5294 eus.
738 5248 844 5294 etc.

567 5376 579 5406 Ι
617 5279 764 5377 (1ί1)
787 5307 1089 5406 ροηειιιιθε
1119 5307 1225 5406 Qui
1268 5309 1486 5406 nitentgs
1537 5319 1641 5406 no”
1685 5302 1850 5356 solum
1888 5316 2134 5406 corislcett-

548 5391 669 5406 η...
716 5393 784 5406 η,
835 5389 982 5406 -..-...
1209 5393 1423 5406 nam...
1469 5391 1550 5406 ,...,.
1579 5391 1593 5406 ,
1643 5390 1723 5406 η,
1755 5387 1922 5406 MM...
1964 5388 2134 5406 μην.-

1273 5376 1550 5406 nant-«Anna
1579 5373 1723 5406 ‘Ilnna
1755 5387 1922 5406 nft'tnh
1964 5373 2138 5406 rltnr‘-

2211 3231 2373 3300 juris,
2402 3239 2457 3285 et
2481 3235 2632 3300 puto,
2684 3240 2785 3281 nec
2831 3238 2962 3279 vero
2993 3220 3179 3290 judico
3207 3216 3350 3288 quod
3380 3214 3560 3270 nullus
3599 3211 3822 3266 auferre

2218 3299 2424 3393 absque
2469 3299 2777 3392 praeiudicio
2820 3315 3000 3371 valeat
3044 3312 3270 3383 capitis;
3322 3317 3416 3362 aut
3443 3304 3694 3379 [subaudi
3721 3299 3822 3393 sit}

2219 3391 2519 3468 incolarum
2550 3409 2707 3481 pagi;
2738 3406 2880 3476 quod
2931 3401 3177 3476 [subaudi
3196 3397 3312 3471 jus]
3339 3396 3431 3466 qui
3468 3402 3698 3450 conatur
3737 3391 3813 3445 iu-

2221 3504 2438 3567 vadere,
2473 3500 2628 3572 legali
2656 3505 2939 3553 coercetur
2967 3493 3267 3549 sanctione.
3288 3486 3664 3546 Sacerdotium
3686 3498 3821 3538 vero

2222 3613 2252 3651 a
2277 3597 2391 3653 Deo
2413 3594 2528 3651 solo
2558 3589 2791 3648 conferri
2820 3589 2960 3644 sicut
2979 3597 3034 3642 et
3063 3599 3308 3656 regnum,
3339 3582 3448 3636 imo
3470 3577 3821 3650 prmstantius

2223 3689 2394 3745 multo
2427 3701 2590 3758 quam
2635 3697 2886 3753 regnum,
2930 3694 3054 3735 cum
3111 3669 3278 3731 millia
3327 3671 3629 3744 approbent
3666 3667 3824 3722 testi-

2223 3757 2527 3833 moniorum
2557 3792 2571 3827 :
2606 3779 2788 3826 tamen
2821 3769 2944 3834 ista,
2975 3781 3095 3837 qua:
3121 3779 3263 3820 nunc
3308 3761 3524 3832 pulsant
3549 3757 3821 3819 animum,

2224 3885 2380 3927 suum
2406 3869 2495 3924 hic
2519 3871 2780 3936 expetunt
2821 3861 3018 3918 locum.
3061 3857 3276 3913 Dictum
3322 3861 3410 3910 est
3437 3851 3647 3921 Moysi:
3686 3849 3826 3902 Ecce

2223 3959 2467 4015 constitui
2489 3967 2536 4012 te
2565 3955 2730 4009 Deum
2755 3949 3054 4006 Pharaonis
3089 3945 3286 4018 (Exod.
3311 3959 3408 4009 Vll,
3443 3941 3514 4014 l).
3546 3941 3612 3996 Et
3633 3939 3826 4008 utique

2225 4052 2279 4108 id
2312 4065 2418 4107 non
2453 4064 2546 4104 rex
2580 4056 2850 4108 terrenus,
2890 4058 2994 4096 non
3025 4038 3274 4111 qmelibet
3309 4045 3545 4107 potestas
3578 4041 3826 4094 terrena,

2223 4142 2319 4199 sed
2367 4141 2433 4196 de
2483 4139 2616 4194 rubo
2676 4142 2987 4208 protestans
3030 4147 3135 4186 vox
3177 4129 3290 4200 ipsa
3334 4126 3470 4181 dixit
3513 4123 3822 4184 Dominica,

2225 4247 2344 4304 qua:
2386 4231 2477 4286 dat
2518 4229 2792 4300 imperium
2832 4225 2939 4296 regi
2984 4238 3113 4289 suo,
3157 4231 3311 4292 atque
3363 4216 3612 4274 sublimat
3655 4230 3823 4269 cornu

2226 4325 2418 4380 Christi
2444 4321 2494 4393 (ι
2521 4320 2652 4392 Reg.
2675 4336 2735 4384 tt,
2759 4318 2874 4388 10),
2895 4326 2949 4372 et
2969 4316 3154 4386 utique
3181 4315 3298 4378 sui;
3326 4327 3446 4383 qua:
3472 4311 3526 4366 in
3556 4307 3776 4364 Psalmo
3806 4322 3820 4358 :

2231 4418 2365 4489 Ego,
2390 4415 2583 4486 inquit,
2615 4410 2853 4479 dixi,dii
2900 4409 3021 4464 estis
3052 4405 3224 4479 (Psal.
3252 4420 3437 4469 um,
3462 4402 3541 4472 6).
3572 4399 3714 4472 Ego,
3745 4399 3826 4453 iu-

2232 4512 2384 4580 quit;
2414 4524 2530 4578 ego,
2557 4521 2663 4560 non
2691 4502 2914 4574 quilibet
2941 4502 3123 4565 homo,
3168 4514 3270 4568 ego
3313 4497 3455 4563 dixi,
3484 4509 3583 4566 ego
3635 4491 3822 4552 statui,

2231 4601 2326 4672 qui
2350 4608 2405 4655 et
2426 4614 2523 4654 vos
2552 4596 2798 4652 homines
2827 4593 3039 4656 creavi;
3072 4605 3173 4661 ego
3214 4589 3480 4658 dixi,_non
3511 4585 3740 4641 cuilibet
3769 4591 3826 4636 ut

2231 4671 2459 4750 diceret,
2491 4693 2550 4738 ut
2579 4683 2787 4737 valeret
2815 4689 2908 4734 aut
2949 4681 3192 4742 auderet,
3215 4675 3498 4739 concessi;
3533 4690 3564 4727 a
3598 4688 3686 4727 me
3727 4671 3823 4726 ho-

2234 4779 2406 4834 mines
2430 4774 2621 4840 creati,
2646 4789 2678 4828 a
2715 4787 2799 4826 me
2829 4771 2902 4825 dii
2931 4771 3065 4825 estis
3104 4769 3303 4833 vocati,
3336 4766 3478 4837 quod
3510 4765 3703 4834 utique
3753 4762 3830 4814 fr.-

2268 4956 2430 4990 innom
2453 4952 2474 4990 9

2235 4970 2724 5094 ⁸ωὸῗέίιιιιεοιιίδ
2748 5018 2892 5094 regis
2923 5017 3150 5094 qumstio
3191 5016 3277 5094 hic
3307 5012 3627 5094 proponitur
3656 5029 3672 5063 :
3703 5008 3832 5077 quid

2236 5085 2488 5149 nimirum
2511 5085 2798 5160 agendum,
2816 5085 2870 5142 ἐἳ
2895 5085 3017 5156 quis
3041 5085 3425 5160 contra‘ipsius
3449 5095 3675 5160 regnum
3702 5095 3829 5131 eon-

2237 5171 2440 5234 surgat.
2471 5153 2798 5234 Ra'therium
2828 5153 2960 5234 vero
3000 5165 3188 5234 contra
3239 5153 3605 5234 insurrex-i'sse
3636 5163 3830 5218 quere-

2235 5223 2417 5314 batur,
2446 5245 2568 5286 cum
2601 5229 2896 5283 Arnoldum
2925 5227 3183 5297 Bajoariac
3231 5226 3422 5280 ducem
3476 5223 3704 5276 Veronae
3746 5234 3851 5272 rem

2289 5320 2302 5338 ἱ
2345 5311 2353 5314 -

2241 5311 2460 5406 Οιὲὶξῐῖυ
2500 5368 2836 5406 ῙιιΙιηνηΙηνρο
2899 5382 3126 5406 nnnrnm
3180 5364 3267 5406 alii
3319 5370 3476 5406 erant
3526 5359 3692 5406 servi-
3741 5355 3850 5406 aliil
