4018 5406
218 364 326 419 257

1227 361 1797 431 Ριιίειορυιοηωι
1839 356 2014 420 LIBRI
2051 361 2204 422 SEX.
2240 401 2309 408 —
2338 362 2462 423 LIB.
2518 371 2600 425 111.

3378 371 3481 436 938

215 496 342 535 cere
369 480 472 532 nisi
510 479 666 542 Deus,
700 479 838 547 quod
864 479 1156 533 concedere
1199 481 1298 534 nisi
1329 481 1567 534 omnium
1595 487 1802 550 poterat
1828 483 1876 540 Α
1907 479 2079 541 modo,
2112 480 2304 549 inquit,
2331 485 2704 548 prmdirabunt,
2746 487 2842 537 nisi
2873 487 3182 542 mittantur?
3211 491 3387 561 (Iloin.
3423 513 3477 561 κ,

219 569 504 630 Dtnninus,
539 569 779 637 ipsaque,
815 583 915 621 non
949 568 1138 633 altera,
1174 568 1286 636 ipsa
1332 570 1436 632 vis,
1487 570 1599 638 ipsa
1653 577 1800 636 pote-

216 671 350 722 stas,
371 661 486 729 ipse
512 668 692 722 nutus,
717 659 828 728 ipsa
852 659 1100 727 majestas
1126 677 1140 712 :
1168 659 1577 727 Speculatorem,
1606 659 1798 726 inquit,

214 751 334 803 dedi
356 760 408 803 te
435 750 617 802 domui
637 747 808 802 Israel
834 765 851 802 :
877 749 1074 817 aliique
1101 748 1166 820 [f.
1192 746 1446 818 alibique]
1479 767 1490 800 :
1522 748 1601 800 Ad
1625 751 1799 802 omnia

212 857 328 910 qua"
357 838 562 891 mittam
588 848 636 891 te
658 839 752 891 ibis
779 835 991 904 (Ezech.
1023 854 1103 902 111,
1131 837 1250 906 17);
1276 847 1329 891 01
1355 855 1367 889 :
1403 837 1535 890 Ecce
1556 837 1800 890 constitui

213 943 260 984 te
287 931 445 983 hodie
485 946 642 999 super
680 939 850 998 gentes
898 938 945 982 et
982 945 1136 998 super
1186 945 1366 998 regna,
1417 939 1470 982 ut
1513 927 1720 993 evellas,
1753 937 1799 981 et

212 1026 478 1085 destruas,
531 1031 579 1075 et
629 1021 920 1091 disperdas,
973 1030 1021 1073 et
1069 1021 1308 1090 dissipes,
1355 1031 1401 1074 et
1453 1022 1697 1088 (edi/ires,
1754 1030 1800 1073 et

212 1116 416 1184 plantes
459 1113 677 1185 (lerem.
709 1130 804 1179 vn,
837 1115 945 1182 10).
977 1113 1208 1167 Pulchre
1233 1128 1362 1168 vero
1402 1127 1499 1166 nec
1525 1113 1798 1166 dissonum

213 1224 240 1260 a
283 1221 473 1261 novo:
532 1206 883 1276 Qutecunque,
941 1206 1083 1260 enim
1135 1205 1285 1270 dicit,
1326 1204 1606 1274 ligaveritis
1649 1219 1803 1274 super

211 1310 434 1362 terram,
466 1309 616 1353 erant
656 1299 817 1368 ligata
853 1309 900 1352 et
928 1300 980 1351 in
1027 1298 1193 1361 caelo;
1228 1308 1274 1351 et
1303 1313 1618 1366 qttrecunque
1641 1295 1802 1349 solve-
1850 1360 1863 1372 ‘

215 1393 330 1444 ritis
368 1407 530 1459 super
573 1400 786 1454 terram,
825 1399 974 1443 erunt
1009 1389 1181 1442 saluta
1226 1397 1272 1441 et
1318 1403 1371 1440 tn
1405 1387 1532 1440 caelo
1585 1384 1798 1455 (Matth.

214 1500 371 1548 svnt,
402 1483 491 1554 18)
521 1503 533 1537 :
569 1483 711 1553 quod
742 1491 795 1538 et
814 1497 880 1537 ex
911 1484 993 1538 his
1021 1496 1160 1536 unus
1189 1499 1202 1534 :
1235 1480 1386 1544 Aliis,
1417 1479 1682 1548 inquiens,
1712 1494 1800 1529 su-

214 1593 328 1628 mus
354 1576 489 1630 odor
513 1576 696 1628 mortis
725 1575 778 1628 in
800 1584 1035 1638 mortem,
1069 1574 1188 1628 aliis
1227 1574 1358 1626 odor
1401 1573 1517 1625 01110
1548 1571 1600 1623 1η
1646 1569 1801 1622 vitam

214 1664 297 1730 (ΙΙ
327 1663 454 1719 Cor.
485 1680 542 1730 11,
571 1664 682 1733 16).
733 1663 848 1732 Ipsa
886 1665 1048 1719 etiam
1080 1663 1355 1732 Sapientia
1385 1679 1398 1715 :
1435 1658 1540 1714 Per
1578 1675 1676 1723 me,
1705 1658 1799 1722 ait,

217 1769 355 1824 reges
400 1764 638 1825 regnant,
688 1764 734 1808 et
776 1755 1068 1808 conditores
1115 1754 1286 1823 legum
1324 1754 1475 1824 justa
1521 1752 1802 1825 decernunt

1904 568 2012 635 15.)
2033 569 2072 620 Δ
2104 585 2210 636 quo
2234 573 2534 636 tuittuntur,
2562 588 2761 642 qureso,
2795 575 2894 629 nisi
2923 577 2991 630 ab
3015 592 3079 629 eo
3109 582 3197 647 qui
3226 582 3433 638 dixerat.
3461 605 3471 637 :

1903 657 2014 726 Ego
2052 660 2168 712 misi
2195 676 2278 713 vos
2309 673 2493 714 metere
2525 664 2661 731 quod
2692 681 2775 717 vos
2801 680 2901 718 non
2937 668 3268 723 seminasiis?
3289 670 3473 740 (Joan.

1903 764 1978 812 tv,
2001 749 2116 819 38.)

1969 839 2063 891 25.
2117 839 2290 896 Ilabes
2332 841 2596 904 breviter,
2654 843 2746 896 sed
2802 843 3126 902 sullicicnter
3186 851 3475 904 sacerdotii

1895 927 2021 996 jura
2071 927 2139 981 ab
2191 929 2308 998 ipso
2353 929 2460 984 Deo
2505 945 2600 999 per
2649 931 2908 1000 Spiritum
2959 947 3206 991 sanctum
3255 940 3470 994 collata.

1901 1017 2087 1088 Cesset
2115 1033 2243 1087 ergo
2289 1019 2410 1087 quis
2455 1019 2636 1074 dicere
2673 1021 2986 1086 hnmamnn,
3015 1027 3157 1093 quod
3193 1029 3470 1096 specialis-

1902 1107 2037 1159 sitne.
2071 1117 2153 1161 est
2193 1108 2285 1162 Dei
2317 1109 2512 1162 donmn
2540 1125 2554 1173 ;
2586 1108 2798 1165 desinat
2828 1112 2928 1167 hac
2956 1117 3277 1172 auctoritate
3298 1122 3473 1175 victus

1901 1194 2146 1265 quilibet,
2170 1198 2268 1252 etsi
2301 1198 2552 1253 nesciens
2574 1238 2589 1263 ,
2621 1198 2788 1253 Deum
2834 1210 3009 1256 tamen
3049 1203 3432 1274 b!asphemans
3454 1245 3470 1276 ~,

1903 1287 2033 1341 dicit
2076 1289 2219 1351 Deo;
2269 1287 2381 1357 Ego
2422 1287 2572 1341 illum
2619 1300 2665 1342 et
2702 1289 2850 1343 illum
2893 1291 2992 1358 feci
3026 1291 3182 1362 (Isai.
3210 1311 3330 1362 XIV,
3363 1298 3472 1369 15),

1905 1396 1990 1444 110,
2019 1379 2145 1433 dum
2177 1381 2284 1435 Deo
2312 1395 2371 1434 se
2400 1396 2684 1450 cozequare
2712 1383 2825 1436 vult
2854 1385 2905 1436 in
2936 1385 3113 1455 aliquo
3136 1428 3149 1452 ,
3189 1387 3474 1458 dejiciatur

1903 1485 2022 1522 cum
2069 1485 2152 1533 eo,
2200 1471 2291 1538 qui
2337 1471 2529 1525 solium
2575 1481 2763 1526 contra
2801 1487 2925 1527 eum
2957 1477 3126 1530 voluit
3164 1480 3373 1550 erigere
3422 1483 3474 1536 in
3515 1464 3520 1469 ’

1903 1559 2062 1614 caelo.
2107 1555 2436 1614 Creatricem
2475 1561 2618 1616 enim
2654 1571 2894 1616 creatam
2937 1565 3138 1620 nullam
3178 1583 3298 1624 esse
3344 1573 3477 1625 sub-

1905 1651 2156 1704 stantiam
2197 1650 2266 1704 ita
2302 1652 2511 1706 cunctis
2545 1661 2789 1708 tenemus
2827 1655 3168 1724 certissime,
3197 1670 3257 1713 ut
3281 1662 3324 1715 si
3357 1665 3480 1731 quis

1905 1739 2108 1808 aliquid
2161 1748 2310 1793 retur
2362 1741 2548 1810 procul
2577 1741 2804 1809 dubius,
2853 1744 2928 1798 nil
2972 1745 3216 1802 invenire
3256 1749 3366 1822 95.
3412 1768 3478 1807 eo

213 1823 400 1911 (Prov.
433 1823 555 1907 vin,
598 1842 718 1912 15);
766 1859 901 1912 quos
952 1842 1258 1898 conditores
1302 1842 1410 1912 93
1434 1839 1677 1909 intelligit
1721 1823 1797 1893 le;
1826 1828 1873 1888 Β
1899 1840 2061 1916 queat
2115 1832 2376 1886 insanius.
2429 1833 2582 1899 Quod
2625 1835 2670 1888 si
2724 1835 3007 1906 episcopus
3052 1840 3360 1908 specialiter
3407 1845 3477 1898 ab

209 1947 358 2001 gum,
389 1931 494 1985 nisi
521 1939 854 1986 reseratores
877 1929 1316 2000 Scripturarum?
1337 1929 1425 1998 qui
1456 1936 1584 1982 tunc
1612 1927 1797 1981 viden—

210 2031 297 2074 tur
325 2021 421 2075 Dei
450 2021 596 2091 leges
624 2021 876 2084 condere,
919 2034 1040 2074 cum
1087 2020 1305 2074 student
1344 2018 1609 2080 enodare;
1642 2015 1792 2086 quasi

209 2113 368 2167 nullm
401 2113 547 2168 enim
580 2121 708 2166 sunt
735 2111 1014 2177 nescienti,
1056 2111 1198 2165 sicut
1236 2118 1292 2163 et
1330 2108 1678 2178 coinquinatis
1721 2105 1794 2160 nil

209 2204 465 2257 mundum
498 2203 627 2274 (Tit.
655 2219 695 2267 1,
730 2199 836 2273 15).
866 2201 1018 2269 Quod
1047 2202 1091 2256 si
1127 2201 1218 2257 tibi
1269 2203 1368 2256 ista
1416 2199 1640 2254 forsitan
1689 2197 1797 2251 dis-

210 2293 392 2364 plicet,
423 2293 529 2347 alia
559 2293 727 2347 editio
765 2292 1097 2346 enucleatius
1137 2290 1341 2360 profert
1371 2309 1382 2342 :
1416 2287 1522 2343 Per
1566 2304 1668 2351 me,
1714 2286 1796 2340 in-

208 2387 420 2456 quiens,
453 2403 596 2457 reges
628 2395 863 2456 regnant,
896 2394 942 2438 et
968 2394 1195 2453 rotentes
1233 2379 1464 2437 scribunt
1489 2381 1794 2451 justitiam;

212 2479 294 2532 cui
341 2478 581 2533 concinit
618 2475 730 2544 jam
777 2489 938 2531 carne
971 2473 1165 2536 velata,
1213 2474 1305 2528 sed
1355 2473 1469 2542 ipsa
1504 2470 1797 2539 eademque

215 2567 531 2638 Sapientia:
566 2566 720 2631 Ideo,
770 2566 1048 2635 inquiens,
1091 2564 1256 2618 omnis
1297 2563 1468 2617 scriba
1512 2562 1693 2614 doctus
1742 2562 1797 2613 in

213 2675 370 2728 regno
420 2658 666 2713 (telorum
705 2655 891 2712 similis
935 2665 1008 2710 est
1036 2654 1234 2708 homini
1279 2650 1669 2723 patrifamilias,
1708 2649 1798 2719 qui

213 2750 410 2820 profert
450 2751 514 2802 de
551 2749 794 2802 thesauro
833 2763 928 2800 suo
969 2763 1097 2800 nova
1118 2755 1166 2798 et
1215 2755 1384 2799 vetera
1428 2743 1641 2814 (Matth.
1675 2757 1796 2803 xm,

211 2841 328 2912 ὸῖ).
360 2841 491 2908 Qua:
519 2849 574 2895 et
614 2839 742 2904 11110,
770 2839 864 2893 8011
891 2846 1070 2891 tamen
1109 2845 1164 2891 et
1209 2834 1482 2905 Evangelii
1513 2833 1650 2897 1000,
1681 2831 1796 2897 11111,

213 2941 270 2986 ct
297 2931 351 2984 in
379 2946 444 2984 eo
473 2930 711 2999 ejusdem
754 2927 958 2982 ordinis
999 2927 1268 2991 omnibus,
1321 2924 1422 2994 ipsi
1458 2933 1636 2978 tamen
1677 2938 1800 2992 spe—

214 3021 408 3077 cialius
451 3038 468 3074 :
509 3019 644 3084 Tibi,
695 3019 885 3088 inquit,
943 3017 1080 3071 dabo
1131 3017 1300 3070 claves
1346 3019 1490 3086 regni
1550 3015 1797 3070 caelorum

212 3112 436 3182 (Matth.
481 3127 592 3175 xu,
623 3110 746 3180 l9);
777 3111 1014 3179 itemque
1046 3109 1092 3163 si
1130 3109 1235 3163 dici
1272 3107 1353 3162 las
1401 3107 1470 3163 sit
1513 3115 1661 3160 tanto
1687 3121 1800 3159 ma-

207 3165 317 3275 jori
367 3165 709 3267 auctoritate;
761 3165 964 3271 quant-0
1005 3199 1117 3269 jam
1180 3199 1388 3254 devicta
1444 3197 1796 3264 mortalitate,
1825 3165 1874 3230 ϐ

214 3297 547 3366 triumphata
574 3306 766 3362 morte,
810 3295 992 3350 induta
1024 3293 1445 3357 immortalitate,
1484 3293 1799 3346 imminente

211 3385 560 3452 ascensione,
605 3394 823 3458 peracta
867 3387 1262 3441 resurrectione
1298 3403 1311 3438 :
1359 3384 1558 3449 Pasce,
1604 3383 1797 3453 inquit,

216 3497 332 3534 oves
356 3497 496 3536 meas
520 3478 702 3552 (Joan.
733 3493 849 3544 nl,
873 3479 990 3549 l7);
1019 3493 1188 3542 meas,
1216 3477 1408 3546 inquit,
1442 3491 1622 3540 meas;
1652 3490 1800 3528 meas

213 3571 701 3635 creatione,'meas
734 3569 1119 3638 redemptione,
1166 3583 1315 3622 meas
1352 3566 1490 3635 jure.
1520 3581 1666 3620 meas
1693 3580 1798 3619 non

218 3667 376 3723 luas,
423 3675 572 3714 meas
612 3676 719 3713 non
751 3657 972 3723 Tiberii,
1022 3673 1170 3713 meas
1215 3671 1320 3712 non
1365 3656 1606 3720 Claudii,
1650 3670 1798 3709 meas

217 3765 326 3806 non
369 3752 738 3814 Constantini,
793 3766 942 3805 meas
993 3767 1097 3806 non
1148 3750 1465 3812 Theodosii,
1507 3765 1655 3802 meas
1695 3765 1796 3803 non

218 3843 472 3905 Mauritii,
503 3858 652 3898 meas
676 3859 782 3897 non
810 3841 1006 3897 Caroli.
1039 3841 1407 3912 Omnibusque
1436 3841 1758 3908 generaliter
1783 3856 1795 3892 :

218 3934 467 4002 Arripite,
499 3933 689 4002 inquit,
720 3930 972 4002 Spiritum
995 3942 1268 3996 sanctum;
1297 3947 1517 4002 quorum
1544 3931 1801 3983 remiseri-

216 4026 285 4078 tis
319 4027 396 4078 vel
425 4026 740 4078 retinueritis
785 4034 1017 4093 peccata,
1065 4025 1279 4079 remissa
1317 4025 1391 4078 vel
1438 4033 1632 4077 retenta
1679 4033 1799 4076 sunt

218 4108 402 4184 (Joan.
430 4133 520 4180 xx,
555 4116 676 4188 15);
709 4124 767 4171 et
796 4133 810 4168 :
842 4115 1038 4169 Euntes
1085 4117 1140 4168 in
1186 4115 1434 4168 mundum
1482 4114 1801 4178 universum,

216 4207 500 4276 prtedicate
518 4205 856 4277 Evangelium
878 4207 1017 4260 omni
1044 4204 1532 4276 creaturte(Murc.,
1558 4203 1799 4271 χν1,15).

219 4296 375 4366 Quod
405 4299 759 4354 reminiscens
793 4296 880 4354 ille
904 4296 1121 4369 [scilicet
1159 4298 1215 4352 S.
1247 4295 1484 4369 Petrus],
1509 4296 1593 4350 cui
1629 4295 1802 4367 primo

215 4398 274 4443 et
302 4389 356 4443 in
382 4405 487 4460 quo
515 4398 710 4444 01111010
732 4395 818 4443 081
842 4396 1167 4458 111-1000010111
1213 4388 1626 4456 przedicatorum
1656 4395 1803 4440 cata-

216 4480 339 4552 logo
391 4499 404 4533 :
459 4478 706 4548 Pra'cipit
756 4479 902 4532 nobis
957 4477 1211 4532 Dominus
1265 4478 1553 4547 prmdicare
1611 4477 1801 4546 populo

217 4575 358 4639 (Act.
403 4589 457 4636 ι,
483 4571 605 4643 12);
635 4578 978 4639 statutusque
1023 4570 1101 4642 [id
1134 4579 1207 4624 est
1238 4565 1582 4639 constitutus]
1619 4580 1799 4624 c0ram

218 4654 553 4736 principibus
584 4672 641 4717 t-t
684 4663 1126 4734 magistratibus:
1158 4662 1399 4722 Obedire,
1433 4663 1624 4731 inquit,
1649 4680 1800 4732 opor-

219 4766 288 4809 tet
321 4755 428 4809 Deo
457 4755 622 4825 magis
655 4770 815 4824 quam
845 4752 1138 4806 hominibus
1165 4752 1300 4820 (Act.
1330 4768 1381 4816 ν,
1415 4753 1527 4820 29).
1569 4753 1801 4824 Ejusqne

222 4851 275 4902 in
305 4849 552 4916 passione
587 4846 792 4914 collega
819 4843 1018 4898 Paulus
1055 4844 1104 4898 in
1144 4838 1379 4912 Epistola
1414 4856 1427 4896 :
1459 4841 1564 4897 Pro
1595 4839 1803 4899 Christo

221 4939 476 5009 legatione
519 4938 794 5008 fungimur
832 4935 917 5002 (II
963 4935 1084 4988 Cor.
1112 4952 1163 5001 v,
1191 4935 1317 5000 20);
1364 4946 1421 4989 et
1454 4936 1577 4990 alibi
1611 4957 1620 4991 :
1663 4937 1780 5002 Quo

293 5134 439 5205 (145)
470 5134 527 5188 Si
551 5132 821 5205 nimirum
855 5129 962 5205 duo
985 5129 1196 5183 diversa
1225 5133 1353 5205 sunt
1379 5125 1546 5205 puluis
1574 5136 1620 5181 et
1650 5127 1804 5180 ciuis.

224 5193 628 5259 Constrnendus
665 5216 854 5257 autem
898 5196 985 5252 hic
1009 5208 1186 5253 textus
1230 5199 1350 5252 sic:
1389 5193 1521 5248 Vide
1553 5209 1808 5263 quantum

227 5276 312 5358 ille
337 5276 410 5346 (id
427 5285 512 5330 est
540 5277 655 5358 rex)
675 5273 767 5358 qui
795 5267 1116 5358 ex‘pulpere,
1145 5268 1352 5324 scilicet
1375 5266 1614 5346 homine,
1639 5267 1809 5358 potuit

1898 1921 2114 1975 homine
2167 1930 2251 1976 est
2296 1921 2504 1986 tactus,
2549 1939 2673 1978 cum
2709 1924 3034 1995 generaliter
3083 1943 3114 1981 a
3166 1930 3276 1984 Deo
3335 1941 3478 1986 totus

1896 2020 2112 2065 creatus
2135 2012 2206 2066 sit
2228 2012 2480 2078 mundus,
2506 2013 2815 2068 ridiculum.
2845 2014 2996 2082 Quod
3024 2017 3069 2072 si
3101 2034 3208 2073 non
3235 2021 3476 2088 adorari,

1897 2103 2141 2156 venerari
2173 2111 2352 2158 tamen
2389 2105 2563 2160 adhuc
2595 2106 2880 2162 videantur
2921 2110 3230 2178 simulacra,
3273 2115 3476 2170 dictum

1896 2204 1978 2248 081
2006 2197 2149 2249 enim
2182 2197 2232 2250 in
2275 2197 2488 2253 Psalmo
2521 2215 2535 2254 :
2565 2199 2865 2256 Simulacra
2904 2207 3136 2273 gentium
3170 2200 3323 2276 opera
3364 2225 3478 2261 nta-

1897 2300 2057 2337 nuum
2086 2285 2372 2353 hominum,
2407 2286 2578 2358 (Psal.
2607 2305 2758 2355 cxnt,
2785 2291 2882 2362 Al);
2928 2294 3094 2348 multo
3133 2286 3311 2352 autem
3353 2313 3477 2368 per-

1897 2378 2105 2432 versius
2138 2379 2333 2443 adhuc,
2365 2379 2522 2444 Deus,
2543 2380 2735 2450 inquit,
2756 2399 2873 2436 ossa
2899 2393 2947 2437 et
2968 2401 3178 2438 carnem
3203 2385 3281 2440 illi
3308 2388 3474 2452 dedit;

1899 2485 2022 2522 nam
2057 2481 2244 2524 ca'tera
2273 2489 2364 2541 ego
2405 2473 2620 2527 contuli.
2673 2473 2853 2531 Habes
2899 2477 2990 2532 hic
3033 2478 3477 2536 intestitnabiliter

1899 2560 2102 2615 homini
2151 2563 2484 2632 suppositum
2527 2565 2712 2618 Deum.
2748 2565 3019 2631 Quantum
3054 2570 3198 2623 enim
3235 2585 3300 2624 ea
3343 2573 3475 2626 cha-

1900 2651 2179 2704 rismatum
2230 2653 2458 2722 insignia
2505 2652 2769 2717 dill'erant,
2805 2656 2999 2725 quibus
3045 2657 3206 2713 homo
3249 2672 3475 2714 vocatur

1898 2743 2150 2812 angelus,
2194 2743 2301 2796 imo
2329 2743 2469 2798 Deus
2493 2785 2508 2808 ,
2545 2745 2612 2798 ab
2641 2760 2704 2799 ea
2736 2747 3080 2812 conditione,
3115 2765 3220 2818 qua
3252 2759 3476 2803 vocatur

1898 2832 2076 2902 pulvis
2103 2843 2159 2888 et
2188 2833 2348 2899 cinis,
2373 2834 2536 2890 credo
2559 2836 2701 2905 quod
2732 2835 2909 2891 nullus
2936 2839 3144 2906 ignoret
3174 2841 3470 2895 rationalis;

1901 2923 2036 2979 Vide
2076 2938 2242 2995 ergo,
2291 2934 2550 2995 quantum
2595 2926 2682 2981 ille
2712 2925 2791 2998 [id
2817 2939 2889 2982 est
2921 2929 3064 3000 rex],
3108 2932 3152 2986 si
3194 2940 3371 2986 tamen
3414 2948 3481 2986 eo

1901 3030 2102 3081 sensu,
2147 3016 2255 3070 imo
2300 3017 2521 3071 vesania
2561 3017 2668 3072 duo
2715 3027 2862 3084 sunt,
2911 3022 3216 3088 praefertur,
3267 3024 3357 3092 qui
3408 3038 3477 3076 cx

1899 3107 2119 3176 pulvere
2133 3108 2403 3178 angelum,
2427 3123 2494 3162 ex
2516 3109 2699 3164 cinere
2719 3110 2894 3179 potuit
2918 3111 3086 3165 Deum
3110 3105 3290 3167 facere
3313 3111 3477 3184 (quod

1903 3214 1960 3253 se
1987 3199 2117 3254 dicit
2166 3200 2266 3254 iste
2309 3199 2521 3267 iecisse,
2554 3202 2650 3265 illi,
2703 3204 2794 3272 qui
2849 3213 3054 3258 tantmn
3105 3206 3376 3275 pulverem
3423 3217 3479 3260 et

1898 3290 2135 3346 cinerem
2159 3293 2552 3360 potuitcreare,
2570 3296 2713 3363 quod
2745 3298 3116 3352 tantummodo
3136 3299 3347 3352 videtur
3369 3299 3478 3352 Deo

1901 3382 2399 3453 coacedereﬂlb');
2454 3384 2596 3453 quod
2653 3384 2769 3453 ipso
2827 3387 3010 3440 auditu
3067 3388 3478 3442 intolerabiliter

1899 3473 2190 3527 obscenum
2221 3485 2278 3528 et
2306 3475 2518 3542 penitus
2556 3476 2898 3542 detestabile,
2923 3477 3048 3532 licet
3073 3495 3344 3548 nunquam
3369 3479 3470 3532 nisi

1900 3565 2001 3620 hac
2040 3574 2244 3630 nostra,
2273 3567 2406 3635 proh
2436 3565 2587 3620 nefas
2628 3574 2640 3620 1
2677 3567 2878 3622 1110111111
2903 3568 2984 3622 vel
3024 3570 3265 3623 auditum
3313 3568 3480 3623 fuerit

1901 3665 2087 3720 actate;
2133 3665 2308 3710 tamen
2357 3657 2566 3711 aestimo
2615 3658 2826 3711 cuidam
2876 3673 2905 3712 a
2954 3661 3221 3730 propheta
3264 3661 3464 3714 dictum

1900 3759 2018 3799 esse
2081 3761 2094 3797 :
2153 3742 2196 3797 0
2247 3755 2428 3813 pastor
2475 3755 2523 3798 et
2571 3745 2767 3799 idolum
2823 3746 3181 3818 derelinquens
3225 3745 3481 3819 gregem'

1901 3837 2087 3909 (Zarh.
2135 3855 2227 3901 111,
2261 3837 2372 3910 17.)
2418 3839 2686 3893 Pastorem
2734 3855 2856 3896 eum
2903 3824 3110 3897 scilicet
3155 3842 3328 3897 usuali
3381 3858 3479 3912 pro

1901 3932 2076 3986 0111010
2106 3948 2303 3986 vocans
2327 3932 2538 3986 dicendi
2576 3946 2790 4004 genere,
2818 3933 3016 3986 idolum
3048 3947 3179 3988 vero
3210 3936 3353 4003 quod
3380 3936 3484 3990 1100

1903 4023 2004 4078 sibi
2037 4023 2234 4076 tinuum
2267 4021 2343 4093 [id
2373 4032 2448 4076 est
2485 4020 2876 4094 episcopatum]
2908 4024 2973 4077 ab
3007 4024 3223 4077 homine
3247 4023 3480 4078 1081111101.

1904 4113 2187 4178 collatum;
2217 4122 2270 4168 01
2301 4113 2420 4168 11100
2449 4113 2756 4184 tlerclinquit
2795 4129 2999 4185 gregem
3032 4115 3083 4168 in
3129 4115 3475 4179 necessitate,

1905 4207 2031 4277 quia
2060 4206 2231 4260 nescit
2256 4205 2419 4273 quod,
2445 4203 2526 4258 vel
2551 4219 2578 4258 a
2602 4220 2709 4273 quo
2731 4217 3078 4274 percepturus
3099 4207 3171 4259 sit
3195 4208 3475 4275 [triennium

1905 4313 2003 4368 pro
2029 4297 2354 4359 defensione,
2393 4297 2597 4365 judicio
2628 4297 2806 4350 victus
2847 4298 3219 4361 canscicntite;
3253 4313 3483 4368 praeser-t

1909 4389 2001 4442 tim
2027 4404 2148 4442 cum
2173 4396 2229 4442 et
2256 4389 2358 4442 hac
2395 4387 2702 4454 conjectura
2730 4389 2950 4442 credere
2981 4387 3149 4456 possit
3177 4389 3351 4458 putari
3383 4389 3481 4443 ali-

1909 4481 2036 4550 quid
2065 4493 2218 4550 posse
2248 4480 2363 4532 sine
2393 4478 2502 4531 Deo
2532 4477 2666 4532 ﬁeri.
2699 4474 2846 4531 Eheu
2900 4486 3080 4532 autem
3130 4477 3488 4534 intolerabilis

1910 4572 2103 4626 animae
2150 4570 2399 4633 miseria,
2449 4568 2528 4622 sui
2577 4567 2791 4637 penitus
2839 4567 3111 4623 Creatoris
3165 4582 3352 4624 carere
3393 4584 3492 4622 110-

1910 4662 2025 4716 titia
2055 4664 2066 4717 Ξ

1982 4754 2071 4808 21.
2106 4752 2214 4807 Nec
2262 4754 2452 4806 desunt
2489 4753 2690 4806 interea
2722 4793 2735 4818 ,
2790 4760 2850 4806 111
2897 4753 2961 4806 1111
3031 4755 3323 4823 inemptum
3399 4769 3485 4808 rc-

1913 4848 2090 4915 deam,
2131 4849 2294 4904 etiam
2327 4850 2377 4902 in
2431 4848 2704 4918 cpisc0pio
2747 4862 3084 4914 cormsores,
3112 4844 3201 4917 qui
3236 4849 3484 4918 exemplo

1913 4953 2123 5002 eorum,
2187 4941 2276 5008 qui
2333 4954 2476 4994 1111110
2525 4938 2675 5008 (illi)
2719 4955 2747 4993 11
2796 4939 3070 5008 praeterito
3114 4938 3284 4991 altero
3312 4936 3483 5006 ’1³11Ῡο-

1917 5141 2105 5202 creare
2159 5132 2434 5198 poluerit;
2496 5132 2638 5199 quod
2685 5131 2797 5202 ipso
2857 5128 3046 5182 auditu
3100 5124 3496 5179 intolerabiliter

1917 5201 2189 5254 obscenum
2211 5211 2307 5264 0-1,
2331 5214 2437 5257 010.

1990 5269 2135 5339 1146)
2191 5270 2313 5351 llaec
2365 5268 2901 5358 1111111011118.1111011)1
2931 5266 3148 5358 circiter
3190 5278 3328 5358 a‘nno
3369 5274 3498 5358 ἔρεξε

3078 5333 3127 5358 21
3157 5339 3230 5358 Α...
3257 5349 3320 5358 ι...
3369 5333 3472 5358 n-ra
