4018 5406
238 278 340 331 ιιιι

1183 275 1751 348 ΡΒᾹΞΙΩΟΕΙΟΒΕΜ
1792 273 1969 331 LIBRI
2002 276 2153 331 SEX.
2192 310 2261 321 -—
2298 278 2425 336 LIB.
2468 280 2551 335 Ill.

3408 279 3515 335 259..

244 392 426 454 busta,
453 389 559 444 tale
590 390 737 459 quid,
772 405 835 445 ne
865 390 1054 445 borum
1086 391 1256 448 fetore
1286 403 1610 449 necarentur
1630 432 1643 455 ,
1685 392 1819 444 vivis
1850 395 1896 449 Α
1924 403 1981 447 ιιι
2014 392 2144 458 dixi,
2181 395 2516 449 obliviscaris
2553 392 2791 465 postulo,
2820 408 2981 465 quam
3006 395 3260 467 gravibus
3285 404 3513 449 matrem

244 481 537 535 consulens
576 482 752 535 divina
793 483 962 550 pictas
998 483 1133 537 dixit
1183 498 1196 535 :
1238 483 1369 549 Qua:
1413 484 1591 535 dicunt
1640 482 1828 549 facite,

244 589 362 639 qua:
392 583 572 624 autem
608 572 811 641 faciunt
848 573 1018 641 {acere
1060 574 1219 626 nolite
1255 575 1467 642 (.ilattlt.
1518 589 1677 633 mn,
1715 572 1826 639 21).

246 661 379 714 Nam
410 662 513 715 ezsi
544 678 643 732 ego
676 664 771 716 tibi
802 678 984 727 causa,
1016 664 1141 731 quia
1174 666 1430 718 materies
1480 664 1549 717 fui
1594 662 1823 725 mortis;

247 762 429 805 tamen
470 752 644 818 scito,
696 753 819 821 quia
872 754 1058 820 quovis
1104 754 1292 807 ordine
1338 754 1572 823 cujusvis
1627 753 1830 805 scelere

246 841 521 906 moriaris,
554 841 694 895 inter
748 850 986 896 mortuos
1042 850 1283 896 mortuus
1335 842 1702 911 deputaberis.
1740 842 1830 894 Sic

244 933 389 986 enim
439 932 569 986 dicit
619 932 758 985 Deus
803 949 816 984 :
860 930 979 1000 Ipse
1025 934 1239 1001 quidem
1292 934 1345 985 in
1395 933 1679 1001 iniquitate
1733 947 1830 985 sua

246 1024 535 1086 morietur;
560 1025 869 1092 sanguinem
895 1034 1066 1076 autem
1099 1024 1213 1093 ejus
1239 1024 1302 1077 de
1331 1040 1489 1076 manu
1526 1036 1617 1075 tua
1658 1023 1830 1091 requi-

243 1130 359 1167 rum
413 1114 631 1185 (Ezech.
666 1132 762 1180 ιιι,
793 1115 907 1185 20).
946 1116 1011 1169 Ει
1057 1130 1240 1170 revera
1286 1115 1413 1184 quid
1460 1115 1663 1184 profuit
1706 1114 1830 1169 Este

242 1206 449 1261 dixisse
504 1224 517 1260 :
564 1206 789 1276 Serpens
835 1209 1033 1278 decepit
1066 1224 1147 1262 me
1188 1210 1213 1261 Ρ
1252 1206 1406 1279 (Cen.
1458 1223 1557 1271 ιιι,
1610 1207 1721 1277 15.)
1765 1206 1831 1260 Et

243 1299 437 1366 utique
461 1300 589 1353 dum
624 1300 739 1356 haec
759 1302 881 1365 tibi,
915 1311 974 1355 ut
998 1302 1392 1371 compescaris,
1442 1300 1516 1354 tui
1568 1299 1830 1354 sollicitus

243 1391 446 1456 scribo,
482 1392 536 1445 id
568 1393 962 1449 studiosissime
990 1409 1110 1464 ago,
1148 1402 1207 1447 ut
1231 1401 1287 1447 et
1332 1402 1387 1447 tu
1432 1409 1462 1447 a
1500 1402 1672 1447 morte
1698 1392 1830 1447 libe-

244 1483 406 1547 reris,
438 1494 495 1539 et
519 1500 621 1554 ego
651 1502 773 1541 reus
814 1487 889 1540 tui
937 1501 1043 1541 non
1075 1494 1262 1541 tenear
1304 1485 1602 1557 sanguinis.
1647 1484 1831 1539 Potest

244 1582 428 1628 autem
462 1575 619 1640 ﬁeri;
651 1592 750 1631 nec
785 1578 931 1631 enim
974 1578 1025 1632 id
1059 1577 1173 1631 fieri
1204 1593 1364 1649 posse
1393 1578 1619 1647 despero
1645 1577 1711 1629 ab
1740 1592 1822 1640 eo,

242 1664 327 1719 cei
359 1666 502 1721 idem
529 1674 613 1721 est
652 1682 809 1736 posse
852 1669 994 1737 quod
1037 1668 1201 1734 velle;
1236 1683 1333 1723 nec
1376 1680 1429 1723 tu
1456 1684 1671 1739 quoque
1701 1669 1828 1723 hinc

1936 485 2161 537 maculis
2206 488 2468 556 aspergis,
2500 487 2625 539 dum
2658 494 2865 556 patrem
2894 488 3043 557 (157)
3093 496 3198 541 tam
3239 486 3377 541 fmda
3407 488 3515 541 cri-

1936 578 2096 631 minis
2119 588 2239 631 nota
2270 579 2474 632 aduris.
2502 578 2673 645 Quam
2704 580 2846 632 enim
2882 578 3205 642 insolubilis,
3228 587 3335 631 tam
3368 594 3514 633 com-

1934 669 2203 738 passibilis
2226 679 2309 723 est
2351 670 2566 723 dilectio
2607 670 2895 733 maritalis,
2930 686 3051 724 cum
3084 672 3137 725 et
3165 670 3352 723 eadem
3388 684 3518 723 con-

1930 760 2099 813 sortia
2158 768 2283 813 sunt
2337 760 2579 814 honoris.
2632 758 2784 826 Quod
2835 769 3029 823 totum,
3062 761 3304 824 tninate,
3339 758 3519 813 facere

1932 850 2161 904 auderes
2214 851 2455 913 minime,
2489 852 2531 905 si
2568 853 2767 906 dictum
2794 853 3057 906 voluisses
3086 852 3323 906 recolere
3361 871 3371 905 :
3407 851 3519 905 llo-

1934 959 2063 995 nora
2087 954 2284 1013 patrem
2307 956 2352 998 et
2376 958 2595 1000 matrem
2621 948 2817 1016 (Exod.
2847 965 2939 1012 xx,
2968 947 3084 1015 l2);
3116 956 3204 1000 aut
3234 946 3401 1016 pluris
3431 961 3517 999 re-

1933 1034 2333 1101 generationem
2393 1034 2565 1105 (l58),
2592 1051 2751 1105 quam
2785 1037 3187 1107 generationem
3228 1036 3519 1105 penderes,

1933 1123 1976 1176 si
2007 1123 2339 1191 prohibitum
2369 1126 2800 1181 reminiscereris
2833 1145 2845 1180 :
2886 1125 3013 1180 Noli
3044 1136 3256 1197 tangere
3290 1126 3515 1180 christos

1932 1228 2072 1265 meos
2122 1211 2295 1281 (Psal.
2321 1228 2431 1279 crv,
2474 1213 2596 1285 15);
2627 1223 2683 1269 et
2730 1234 2743 1270 :
2772 1214 2875 1281 Qui
2898 1217 3062 1286 tangit
3094 1233 3184 1271 vos
3204 1257 3217 1282 ,
3250 1216 3403 1286 quasi
3422 1215 3514 1285 qui

1932 1305 2095 1373 tangit
2120 1304 2375 1373 pupillam
2406 1306 2545 1359 oculi
2573 1307 2674 1361 mei
2709 1306 2922 1376 (Zacch.
2956 1324 3016 1373 ιι,
3052 1306 3140 1376 8);
3174 1315 3227 1361 et
3254 1326 3265 1360 :
3298 1306 3401 1371 Qui
3431 1322 3522 1359 vos

1932 1394 2150 1462 spernit,
2179 1411 2259 1448 me
2287 1396 2482 1465 spernit
2528 1393 2681 1465 (Luc.
2710 1413 2765 1460 ς,
2796 1396 2851 1463 6)
2875 1413 2889 1461 ;
2923 1407 2977 1451 et
3006 1411 3019 1449 :
3052 1397 3167 1451 Diis
3190 1412 3251 1450 ne
3272 1396 3515 1450 detraxe-

1933 1484 2005 1535 ris
2038 1483 2235 1551 (Exod.
2265 1502 2401 1550 xxn,
2432 1486 2556 1556 28);
2591 1495 2644 1541 et
2674 1503 2688 1540 :
2726 1485 2829 1551 Qui
2853 1486 3081 1540 detrahit
3119 1488 3247 1556 regi,
3285 1484 3514 1539 detrahit

1931 1574 2031 1645 legi
2069 1574 2210 1645 (Jac.
2256 1593 2306 1630 Iv
2330 1618 2345 1643 ,
2406 1578 2515 1646 ll).
2554 1578 2753 1649 Regale
2796 1587 2976 1632 autem
3028 1576 3281 1630 Ecclesiae
3313 1590 3431 1631 esse
3460 1582 3521 1628 ut

1930 1666 2181 1721 crederes
2239 1668 2623 1732 sacerdotium,
2675 1676 2873 1737 prznter
2894 1668 2999 1721 alia
3028 1668 3312 1721 innumera
3341 1682 3508 1719 unum

243 1756 409 1811 debes
453 1756 743 1826 desperare
764 1799 779 1823 ,
824 1774 948 1813 cum
998 1775 1119 1815 eum
1166 1760 1591 1830 quatriduanum
1637 1760 1833 1828 legeris
1862 1761 1912 1821 Β
1941 1757 2033 1810 tibi
2064 1757 2290 1811 suadere
2317 1758 2449 1812 satis
2470 1770 2649 1829 posset
2676 1760 2819 1814 Petri
2846 1759 3214 1814 testimonium
3240 1758 3468 1813 dicentis
3494 1773 3508 1810 :

243 1848 579 1915 suseitasse;
614 1866 711 1905 nec
740 1866 840 1922 ego
877 1852 1213 1907 meminerim
1251 1868 1336 1906 me
1365 1853 1415 1906 id
1442 1860 1493 1907 te
1520 1852 1833 1908 dedocuisse

245 1939 298 1993 in
329 1955 423 2005 eo,
447 1956 609 2009 quem
653 1944 900 1998 manibus
931 1945 1198 2013 scripsisti
1222 1945 1288 1999 de
1310 1946 1603 2015 parricidio
1630 1962 1835 2001 sermo-

246 2046 313 2085 ne
346 2031 532 2103 (156),
558 2042 613 2087 ut
643 2049 745 2103 ego
773 2032 885 2102 jam
928 2036 993 2089 ad
1026 2037 1189 2090 vitam
1220 2037 1424 2092 clamer
1464 2053 1586 2092 cum
1620 2037 1835 2092 fremitu

246 2126 467 2194 pietatis
496 2126 709 2191 divina‘,
744 2128 866 2183 licet
894 2138 1059 2183 tu'me
1082 2130 1289 2196 adhuc,
1322 2130 1463 2199 quod
1508 2130 1597 2185 ille
1647 2131 1835 2184 melius

248 2219 419 2282 novit,
443 2235 606 2289 quam
642 2231 719 2289 tu,
752 2229 938 2290 utpote
979 2220 1396 2290 quatriduanum
1443 2222 1591 2275 dicas
1631 2220 1830 2286 fetere;

249 2324 371 2361 nam
404 2325 505 2365 nec
526 2310 725 2366 desunt
754 2327 918 2381 super
946 2328 1031 2367 me
1061 2312 1145 2382 pie
1174 2312 1367 2367 ﬂentes
1397 2328 1611 2368 sorores
1630 2354 1644 2379 ,
1694 2314 1836 2368 inter

246 2416 385 2469 quas
420 2416 548 2471 rogo
577 2412 634 2456 et
666 2411 717 2455 tu
754 2404 1151 2467 annumercris,
1178 2404 1229 2459 id
1254 2412 1335 2458 est
1355 2444 1369 2468 ,
1406 2412 1463 2457 ut
1492 2404 1562 2457 sit
1590 2405 1642 2457 in
1674 2415 1724 2458 te
1749 2420 1838 2458 so-

250 2490 431 2544 rex-ius
459 2499 515 2545 et
543 2506 648 2546 non
676 2492 1037 2561 parricidialis
1057 2492 1283 2548 allectus
1306 2534 1319 2557 ,
1352 2508 1457 2563 quo
1488 2493 1530 2547 si
1555 2509 1641 2548 me
1663 2494 1831 2547 fetere

248 2582 376 2650 quia
423 2590 577 2652 potes
614 2583 966 2647 confitearis,
1011 2600 1138 2639 vere
1182 2600 1288 2639 non
1342 2597 1667 2648 succenseo,
1728 2584 1836 2637 imo

252 2671 581 2726 omnimodis
608 2672 717 2742 97
750 2672 988 2741 postulo;
1025 2674 1313 2729 dummodo
1354 2672 1662 2727 mellilluam
1688 2673 1834 2728 illam

252 2762 469 2817 υιιιιιίιιί
501 2779 712 2818 merear
739 2765 929 2819 audire
950 2780 1161 2829 vocem,
1196 2766 1651 2820 resurrectionem
1680 2765 1833 2829 mihi,

251 2854 350 2906 tibi
405 2854 724 2908 miraculum
776 2856 1201 2925 promittentem.
1257 2854 1489 2909 Tantum
1542 2870 1717 2925 rogo,
1780 2863 1838 2907 ut

253 2943 560 3011 periculum
615 2944 945 2998 audientium
1004 2945 1296 3009 attendas,
1349 2954 1498 2999 tuum
1549 2946 1711 2999 etiam
1769 2960 1835 2998 ne

252 3034 611 3104 nullipendas.
636 3037 844 3090 Dictum
873 3037 1035 3101 enim,
1053 3046 1109 3091 ut
1134 3037 1315 3099 credo,
1332 3036 1605 3101 divinitus,
1623 3036 1833 3091 etiamsi

1949 1844 2050 1899 Vos
2080 1857 2253 1900 autent
2284 1865 2444 1918 genus
2478 1849 2719 1917 electum,
2756 1850 2930 1920 regale
2970 1849 3323 1904 sacerdotium
3352 1845 3523 1920 (Petr.

1938 1952 1996 1999 ιι,
2040 1936 2115 2005 9).
2155 1936 2488 1993 Sententiam
2521 1955 2733 2009 quoque
2755 1940 3031 2007 cujusdam
3074 1942 3124 1995 in
3154 1940 3390 2009 decretis
3414 1938 3529 2010 98

1938 2030 2266 2083 sanctissimi
2290 2046 2439 2099 papae
2468 2048 2578 2102 prae
2606 2034 2779 2088 oculis
2812 2034 3091 2089 habuisses
3115 2034 3343 2089 dicentis
3377 2051 3389 2086 τ
3422 2030 3522 2085 Pe-

1931 2118 2022 2188 jus
2054 2118 2253 2171 nullum
2290 2121 2476 2189 judico
2508 2122 2620 2191 fore
2649 2123 2838 2187 scelus,
2871 2141 3028 2193 quam
3055 2124 3383 2178 Christianos
3410 2141 3529 2191 pro-

1937 2209 2067 2278 priis
2094 2210 2367 2264 detrahere
2404 2212 2782 2266 sacerdotibus.
2814 2213 3091 2267 Piaculum
3124 2214 3284 2267 etiam
3308 2214 3533 2267 maledi-

1938 2298 2133 2352 ctionis
2186 2297 2356 2353 Cbam
2412 2301 2742 2357 advertisses
2797 2301 3192 2374 (Gen.tx,25),
3230 2313 3391 2373 atque
3414 2304 3533 2373 ejus

1938 2388 2184 2458 exemplo
2241 2390 2630 2446 verecundiora
2684 2393 2853 2461 patris
2904 2394 3179 2448 denudare
3227 2394 3523 2447 timuisses.

1938 2479 2189 2535 Canoncs
2224 2480 2387 2534 etiam
2424 2489 2476 2535 et
2512 2491 2825 2537 sanctorum
2875 2482 3098 2537 Patrum
3143 2484 3369 2538 concilia
3416 2500 3527 2539 non

1938 2570 2362 2639 posthabuisses,
2430 2572 2485 2625 in
2534 2573 2732 2642 quibus
2779 2574 3061 2629 damnatos
3108 2574 3211 2630 hac
3259 2576 3323 2629 dc
3363 2590 3528 2629 causa

1940 2664 2136 2719 multos
2159 2664 2442 2719 advertere
2464 2675 2704 2735 poteras,
2739 2668 2784 2721 si
2815 2666 3059 2737 legisses.
3102 2666 3279 2722 Cariae
3308 2683 3524 2737 quoque

1942 2756 2103 2821 tradi,
2120 2765 2175 2810 et
2193 2756 2409 2812 infamis
2431 2755 2496 2829 [Ῑ.
2518 2746 2797 2824 infamem,
2817 2758 2892 2812 vel
2914 2774 3035 2813 cum
3056 2758 3301 2831 infamia]
3325 2758 3530 2829 absque

1940 2849 2045 2904 ulla
2098 2865 2191 2920 spe
2232 2850 2588 2905 restitutionis
2614 2851 2821 2906 cunctis
2856 2852 2979 2906 vitae
3012 2850 3199 2906 diebus
3224 2852 3397 2905 eidem
3431 2852 3526 2905 dc—

1941 2948 2145 3002 servire
2200 2948 2495 3002 timuisscs.
2532 2946 2839 3003 Vindictam
2884 2963 3100 3017 quoque
3147 2962 3245 3017 pro
3274 2945 3529 3001 Narcisso

1942 3038 2256 3093 beatissimo
2286 3037 2483 3093 factam
2511 3040 2851 3093 meminisses
2882 3038 3101 3108 (Eussn.
3129 3036 3296 3101 Hist,
3332 3037 3423 3090 lib.
3452 3052 3530 3101 vi,

255 3140 363 3177 non
397 3127 727 3191 memineris,
766 3143 870 3181 non
898 3129 1114 3199 ignoras
1146 3146 1160 3182 :
1202 3128 1304 3193 Qui
1339 3127 1663 3182 maledixerit
1700 3130 1839 3198 patri
1866 3111 1914 3177 C
1948 3148 1996 3186 c.
2026 3130 2114 3200 9);
2147 3146 2246 3185 nec
2261 3130 2701 3185 archidiaconum
2727 3131 2874 3202 (l59)
2900 3138 3143 3184 nostrum
3167 3129 3287 3184 ideo
3304 3128 3532 3183 fortuitu

254 3217 334 3269 rel
360 3219 539 3283 matri,
570 3229 733 3272 morte
762 3221 1020 3272 moriatur
1042 3218 1229 3291 (Leuit.
1262 3235 1351 3283 xx,
1380 3220 1458 3291 9).

324 3310 414 3364 ‘26.
466 3329 485 3361 ι
531 3310 680 3379 Quod
718 3327 840 3366 cum
870 3312 935 3365 ad
967 3320 1202 3367 mentem
1239 3311 1321 3365 vel
1354 3311 1441 3366 hic
1469 3311 1719 3382 relegens
1749 3327 1838 3367 re-

252 3402 500 3467 duxeris,
548 3411 829 3473 postquam
873 3402 1138 3472 duplicem
1170 3411 1398 3457 mortem
1430 3404 1746 3468 attenderis,
1778 3419 1842 3457 ac

251 3495 393 3547 duas
422 3494 549 3548 hinc
578 3495 867 3564 separatim
897 3493 1257 3562 subjacentes,
1277 3494 1327 3547 id
1356 3503 1458 3560 est,
1482 3495 1675 3563 cuique
1706 3496 1841 3549 diti-

253 3586 398 3639 sioni
452 3586 746 3656 propriam,
804 3586 1085 3655 agnoveris
1146 3587 1512 3652 substantias,
1571 3604 1840 3657 unamque

252 3676 566 3731 mortalitcr
594 3678 932 3731 solummodo
956 3678 1261 3741 mortalem,
1296 3678 1521 3732 alteram
1564 3680 1841 3733 immorta-

255 3767 385 3820 liter
425 3768 728 3834 mortalem,
782 3768 1084 3823 mortalitcr
1134 3770 1495 3823 immortalem
1534 3774 1839 3839 perpende-

257 3860 365 3924 ris;
418 3876 501 3923 ne,
539 3875 704 3932 rogo,
754 3860 1108 3926 obliviscaris,
1140 3877 1300 3931 quam
1327 3862 1579 3932 gravibus
1615 3873 1841 3918 matrem

259 3951 435 4019 ipsam
467 3953 648 4021 (quam
677 3968 745 4007 ne
772 3950 951 4007 forsan
982 3952 1345 4021 perfunctorie
1380 3954 1638 4024 accipias,
1667 3955 1843 4009 Eccle-

259 4043 396 4097 siam
428 4059 549 4098 esse
580 4044 674 4097 tibi
716 4043 938 4114 replico,
972 4044 1015 4097 si
1059 4052 1233 4096 tamen
1264 4059 1321 4098 es
1352 4044 1521 4109 filius;
1554 4047 1597 4098 si
1630 4062 1753 4107 non,
1780 4048 1843 4101 de

260 4144 315 4187 te
357 4141 450 4187 aut
486 4143 639 4204 pater
659 4144 754 4188 aut
778 4135 995 4203 quilibet
1036 4151 1231 4203 pareas
1263 4134 1498 4203 loquitur
1526 4153 1838 4205 germanus,

264 4222 349 4276 Ex
378 4222 525 4277 nobis
574 4224 834 4287 exierunt,
866 4225 955 4278 sed
998 4242 1099 4277 non
1130 4234 1276 4277 erant
1305 4241 1367 4277 ex
1410 4225 1553 4279 nobis
1581 4226 1605 4278 ?
1636 4228 1723 4281 Sis
1750 4244 1844 4280 au-

261 4322 389 4377 tem,
416 4311 665 4384 [subaudi
698 4312 862 4385 ﬁlius]
886 4314 959 4369 sis
985 4330 1197 4384 precor,
1232 4316 1306 4369 sis
1341 4318 1510 4385 rogo),
1543 4333 1607 4370 ne
1644 4328 1841 4384 tamen,

1946 3234 2283 3289 percussum,
2300 3220 2424 3289 quia
2443 3228 2495 3273 tu
2513 3219 2691 3273 adhuc
2722 3219 2796 3273 nil
2818 3220 3038 3289 pateris,
3064 3219 3380 3290 cogitasses,
3405 3234 3529 3272 eum

1945 3311 2145 3366 diutius
2178 3319 2543 3380 exspectatus,
2590 3310 2779 3365 durius
2809 3310 3040 3366 feriatur
3080 3327 3185 3366 non
3212 3327 3527 3377 conversus,

1946 3404 2087 3473 quod
2127 3412 2182 3459 et
2208 3420 2237 3459 a
2269 3413 2321 3459 te
2351 3412 2405 3459 et
2436 3419 2465 3458 a
2494 3403 2599 3458 tuis
2640 3402 2992 3473 complicibus
3022 3411 3231 3457 avertat
3275 3402 3526 3471 omnipo-

1948 3504 2065 3549 tens
2098 3496 2257 3550 Dens.

2013 3587 2103 3639 27.
2151 3604 2169 3637 ι
2219 3586 2284 3639 Ει
2308 3584 2444 3641 forte
2483 3594 2555 3651 te,
2590 3585 2683 3651 illi,
2713 3586 3090 3641 observatores
3111 3584 3239 3649 mei,
3263 3583 3387 3639 dum
3419 3582 3519 3635 mi-

1943 3679 1997 3732 hi
2042 3677 2265 3742 inimici,
2317 3677 2412 3731 tibi
2438 3676 2624 3732 volunt
2658 3693 2851 3747 parere
2895 3671 3168 3747 morigeri,
3197 3675 3526 3729 fefellerunt.

1946 3767 2114 3821 Sicuti
2136 3768 2405 3835 quondam
2430 3766 2834 3822 illisanctorum
2865 3767 2970 3821 nisi
2994 3774 3118 3822 sunt
3148 3765 3334 3820 fallere
3369 3764 3521 3834 (160)

1945 3868 2166 3921 coetum,
2194 3859 2283 3928 qui
2315 3866 2503 3913 contra
2533 3858 2891 3912 Athanasium
2930 3857 3214 3912 brachium
3244 3856 3528 3925 cujusdam

1944 3950 2097 4020 quasi
2132 3950 2343 4004 Arsenii
2373 3950 2605 4005 concilio
2628 3949 2942 4003 obtulerunt
2971 3948 3208 4003 excisum
3237 3965 3251 4011 ;
3281 3946 3359 4002 sic
3391 3955 3444 3999 ct
3470 3954 3529 3999 tu

1945 4055 2157 4110 quoque
2198 4040 2485 4109 quemdam
2518 4040 2681 4111 (Deus
2709 4047 2900 4109 parcat
2940 4037 3057 4109 tibi)
3088 4038 3189 4091 mei
3221 4036 3343 4091 odio
3375 4034 3529 4088 fefel-

1947 4130 2077 4194 listi,
2111 4130 2200 4198 qui
2238 4128 2521 4197 epistolam
2562 4127 2712 4199 (101)
2754 4128 3013 4182 conviciis
3041 4126 3255 4198 plenam
3299 4141 3328 4178 a
3359 4132 3449 4179 tuo
3477 4125 3529 4178 ci

1947 4222 2037 4275 illo
2060 4220 2172 4289 jam
2202 4220 2344 4274 dicto
2373 4220 2631 4289 magistro
2656 4219 2802 4289 (162)
2834 4220 2961 4272 olim
2993 4218 3314 4273 destinatam
3346 4213 3527 4285 profe-

1948 4329 2093 4378 rens,
2138 4322 2190 4368 et
2230 4321 2505 4368 auctorem
2544 4311 2670 4365 facti
2707 4311 3031 4382 investigare
3070 4310 3245 4364 nitens
3319 4324 3441 4362 cum
3476 4314 3529 4361 te

331 4468 478 4539 “55)
511 4468 705 4542 Sermo
760 4470 827 4524 de
874 4470 1183 4542 parricidio,
1215 4487 1376 4542 quem
1419 4471 1558 4527 Urso
1594 4475 1705 4527 suis
1732 4490 1846 4527 ma-
1873 4462 1926 4521 D
1956 4474 2362 4542 conspiratione
2392 4472 2653 4526 adversus
2682 4470 3177 4542 Hugoncmuregem
3208 4468 3532 4542 prtecipnus,

261 4540 419 4611 nibus
446 4540 779 4609 scripserat,
809 4551 896 4594 est
937 4556 998 4593 ea
1034 4541 1260 4611 epistola
1294 4542 1550 4595 llatlierio
1581 4546 1838 4611 exitialis,

263 4609 327 4661 de
356 4625 459 4677 qua
489 4626 671 4663 sermo
699 4611 804 4663 erit
849 4620 1054 4679 postea.
1106 4610 1463 4665 Parricidium
1519 4624 1698 4668 autem
1756 4609 1843 4669 hic

264 4680 544 4746 ingeritur,
571 4682 698 4748 quia
721 4695 843 4733 cum
869 4682 1143 4748 parricidii
1175 4683 1390 4735 nomine
1412 4699 1515 4735 non
1544 4694 1646 4737 tam
1674 4701 1837 4749 mors,

263 4762 424 4820 quam
449 4766 609 4804 omne
642 4750 863 4820 gravius
891 4750 1093 4820 malum
1125 4753 1260 4819 patri
1308 4753 1388 4805 vel
1419 4754 1605 4820 patria:
1634 4756 1836 4808 illatum

261 4819 613 4888 signiﬁcetur,
645 4819 709 4873 ea
740 4819 964 4889 epistola
994 4837 1157 4874 causa
1201 4821 1299 4874 fuit
1334 4819 1517 4876 eorum
1552 4827 1836 4889 malorum,

264 4904 379 4960 qua:
428 4889 692 4945 Batherio
736 4890 1001 4958 spirituali
1035 4891 1258 4946 Ursonis
1302 4894 1439 4960 patri
1479 4895 1833 4949 obvenerunt.

267 4959 341 5034 De
375 4961 670 5028 parricidio
710 4961 925 5034 quidem
977 4962 1028 5014 in
1086 4959 1399 5034 Ratherium
1456 4964 1556 5017 hoc
1605 4965 1721 5019 loco
1758 4967 1840 5034 agi

262 5030 343 5083 vel
386 5046 450 5084 ex
483 5032 974 5106 eo__conlirmatur,
1028 5032 1163 5106 quia
1196 5032 1335 5106 idem
1389 5034 1674 5089 Ratherius
1722 5030 1846 5106 poSt

264 5116 429 5170 paura
462 5103 531 5172 ab
558 5101 769 5155 llrsone
796 5102 1022 5169 expetit,
1051 5110 1109 5154 ut
1133 5102 1383 5170 deinceps
1414 5106 1673 5159 sororium
1702 5101 1844 5172 ,ἰιοιι

263 5171 657 5240 parricidialem
680 5172 927 5240 affectum
957 5187 1080 5239 erga
1110 5186 1166 5225 se
1191 5174 1411 5225 nutriat.

331 5239 973 5311 (l57)71’atrisnomit.e
1030 5242 1264 5309 seipsuin
1320 5242 1607 5299 llathcrins
1654 5255 1844 5311 vocat,

258 5327 415 5406 quem
450 5310 599 5365 Urso
620 5310 901 5379 cujusdam
925 5312 1163 5379 epistolze
1180 5321 1234 5365 et
1259 5314 1547 5368 moliminis
1568 5328 1844 5371 auctorem
1919 5322 1931 5333 '

384 5398 451 5406 ι.-
464 5396 556 5406 Α-ιη

1951 4544 2051 4597 etsi
2097 4539 2332 4612 primum
2376 4558 2404 4595 a
2448 4558 2598 4612 nece,
2645 4542 2711 4596 ad
2740 4539 2903 4611 quam
2945 4539 3090 4595 illum
3131 4554 3259 4609 gens
3301 4539 3532 4591 barbara

1950 4624 2069 4685 post
2105 4610 2497 4685 recuperatam
2549 4610 2821 4685 Veronam
2866 4612 3250 4685 destinaverat,
3293 4615 3530 4685 ereptus,

1950 4676 2135 4753 postea
2199 4676 2399 4747 tamen,
2449 4683 2574 4737 dum
2618 4681 3081 4753 btecBatlierius
3125 4676 3535 4753 scriberet,_vcl

1948 4747 2147 4817 iuorte,
2173 4754 2253 4808 vel
2293 4754 2659 4826 aliquo_gravi
2695 4752 2990 4826 infortunio
3016 4763 3313 4826 percussus
3331 4762 3398 4826 ex
3429 4747 3532 4825 hoe

1949 4825 2068 4879 loco
2095 4819 2460 4897 cognoscitur.
2489 4819 2543 4875 lit
2571 4833 2771 4897 autem,
2797 4819 3159 4892 quodcunque
3182 4819 3360 4897 fuerit,
3388 4819 3536 4897 casui

1948 4887 2191 4967 fortuitov
2222 4895 2707 4967 Ursusrvertebat,
2749 4887 3377 4967 propterea__'qu_od.ipsc
3415 4887 3539 4967 licet

1944 4965 2184 5031 ejusdem
2238 4966 2547 5020 rebellionis
2606 4962 2877 5024 conscius,
2938 4973 2993 5015 et
3041 4962 3299 5015 llathcrio
3330 4962 3537 5023 pariter

1945 5036 2249 5093 oblocntus.
2283 5035 2417 5089 nihil
2447 5034 2627 5104 adhuc
2658 5035 2779 5087 ntali
2813 5032 3141 5100 patiebatur.
3240 5094 3258 5104 Δ
3318 5094 3328 5104 ο
3386 5094 3396 5102 ,
3492 5094 3501 5104 _
3529 5093 3537 5100 ι

2021 5104 2167 5173 (160)
2209 5106 2344 5160 Male
2400 5106 2451 5158 in
2498 5103 2643 5177 vulg.
2694 5094 2885 5177 facere,
2918 5111 2979 5177 et_
3012 5094 3419 5177 posteafecisti,
3454 5094 3541 5177 ubi

1947 5162 2033 5229 (δι’
2056 5162 2342 5296 elotitextus
2380 5162 2651 5231 sententia
2694 5162 3080 5240 corrigendum
3132 5169 3230 5225 l'uil
3257 5162 3460 5231 Ῑαηενεν
3493 5172 3549 5215 υἱ

1948 5246 2062 5296 [ιιῖιί
2094 5246 2199 5296 isti.

1965 5244 2069 5297 ’8Ϊυῖ
2074 5244 2154 5296 list
2164 5247 2179 5297 ἱ
2190 5284 2199 5296 .

1965 5250 1994 5297 ἰ’
2018 5250 2199 5297 “ι’ἶιι.ςιὶ.

1945 5252 1961 5313 Ι
2000 5250 2169 5394 I(ltil)
2214 5316 2337 5371 llaec
2390 5316 2475 5370 illa
2534 5324 2618 5394 est
2651 5310 2913 5406 lepisltola,
2958 5303 3352 5406 qumnl'tlfmyis
3384 5318 3545 5406 "if-1:):

2771 5378 2991 5406 :I.n-nll:.
3078 5381 3115 5406 D
3143 5374 3337 5406 .I'Iﬂ':l\
3368 5383 3544 5406 ﬂlllnlil
