4018 5406
219 248 329 321 243

1176 259 1743 329 ΡΒᾹιΟΟῐΠΟΒΕΜ
1786 261 1962 317 LIBRI
2005 261 2156 317 SEX.
2189 292 2259 302 —
2296 262 2419 315 LIB.
2462 262 2545 315 lll.

3388 263 3494 319 2W

223 375 518 433 occasione
544 374 825 430 considero
869 371 1187 445 profecisse,
1210 385 1269 429 ut
1298 376 1500 429 nullum
1529 377 1660 429 mihi
1689 393 1806 430 am—
1840 385 1883 442 Α
1912 382 2069 447 gister
2093 384 2205 449 ejus
2231 379 2381 451 (Luc.
2410 396 2481 439 γι,
2508 378 2619 447 40).
2650 377 2740 432 Va!
2762 386 2941 434 autem
2971 378 3041 441 ei,
3073 380 3163 449 qui
3195 380 3367 449 ipsum
3390 396 3497 436 non

226 469 368 539 ptius
400 482 567 537 quam
599 476 649 520 te
682 464 887 519 videam
932 463 1387 533 amplectendam,
1414 465 1505 533 qui
1545 465 1676 518 mihi
1701 482 1812 517 ma-

227 559 392 613 teries
425 567 697 611 tantorum
756 555 903 610 fuisti
941 556 1225 610 bonorum.
1254 554 1298 611 Ο
1328 565 1506 609 autem
1532 571 1636 620 me,
1667 564 1719 610 et
1758 565 1817 609 ut

228 648 333 702 hoc
391 647 593 711 dicam,
644 646 762 716 ipso
812 646 914 699 mei
966 644 1260 699 infortunio
1299 646 1813 710 fortunatissimum,

228 740 454 794 etiamsi
517 738 653 793 nihil
708 737 851 792 aliud
878 752 1041 807 quam
1072 746 1123 791 te
1158 737 1361 805 tibique
1390 736 1701 790 consimiles
1721 752 1815 790 co-

226 832 484 902 gnovisse
508 830 628 899 ejus
648 828 911 884 beneflcio
932 828 1247 898 contigisset
1272 827 1403 881 mihi
1428 843 1442 891 ;
1468 828 1609 880 umle
1637 827 1816 880 omnia

227 940 338 978 non
384 922 560 978 solum
602 922 694 976 tibi
728 935 984 990 parcens,
1016 919 1111 973 sed
1157 928 1211 972 et
1258 917 1561 972 uberrimas
1591 932 1688 985 pro
1736 917 1819 970 hs

230 1016 334 1069 tibi
355 1014 565 1085 gratias
591 1014 855 1077 referens,
884 1012 1171 1075 admoneo,
1201 1010 1296 1076 fili,
1318 1018 1376 1063 ut
1396 1009 1648 1079 quiajattt
1678 1025 1819 1063 nunc

230 1107 592 1163 indicibiliter
630 1104 876 1175 profuisti
932 1104 1086 1165 mihi,
1141 1117 1337 1157 caveas
1380 1116 1445 1155 ne
1471 1100 1690 1155 omnino
1713 1100 1817 1154 mei

226 1198 358 1252 odio
398 1196 644 1251 ohfueris
696 1196 812 1250 tibi.
849 1193 1044 1249 Verum
1074 1203 1132 1246 ut
1160 1192 1391 1260 quodam
1422 1201 1543 1245 utar
1570 1204 1821 1258 compen-

231 1290 343 1357 dio,
369 1288 670 1344 festinante
687 1286 896 1350 nuntio,
925 1293 980 1339 et
998 1283 1243 1339 chartula
1267 1282 1552 1337 deﬁciente
1575 1280 1817 1341 omnino,

231 1388 428 1450 parcat
487 1380 585 1434 tibi
631 1376 1026 1448 Omnipotentis
1074 1375 1220 1444 justa
1259 1374 1433 1443 pietas
1481 1372 1820 1442 resipiscenti

236 1486 399 1540 rogo;
432 1471 543 1524 imo
573 1480 631 1523 ut
662 1468 951 1537 resipiscas
1002 1467 1115 1535 ipsa
1166 1464 1395 1532 benigne
1435 1461 1695 1516 concedat
1722 1476 1820 1530 po-

234 1559 379 1615 stulo
405 1580 417 1613 :
450 1560 570 1614 sine
601 1573 762 1613 causa
791 1557 957 1622 enim,
989 1560 1247 1625 quantum
1272 1553 1476 1607 scilicet
1502 1551 1565 1606 ad
1593 1550 1665 1603 tui
1694 1565 1819 1619 spe-

233 1660 349 1705 ctat
374 1651 677 1715 laesionem,
718 1664 803 1704 me
826 1650 941 1719 ipsa
972 1648 1075 1703 scit
1103 1662 1133 1701 a
1171 1655 1221 1701 te
1242 1646 1345 1702 hoc
1372 1645 1483 1715 pati
1515 1661 1531 1709 ;
1567 1644 1610 1699 si
1644 1653 1819 1697 tamen

234 1746 542 1817 profectum
571 1745 680 1815 pati
701 1743 821 1814 quis
843 1744 945 1797 rite
968 1742 1141 1812 possit
1162 1740 1269 1795 dici
1294 1741 1396 1796 isto
1416 1754 1615 1810 genere
1645 1738 1822 1792 dicen-
1855 1726 1897 1783 Β

236 1839 315 1903 di,
344 1845 618 1907 quatenus
648 1851 745 1905 per
784 1846 834 1888 te
863 1849 1079 1904 quoque
1126 1832 1200 1886 tui
1228 1833 1573 1902 corrigantur
1603 1829 1829 1899 compli-

235 1944 354 1995 ces,
409 1943 511 1983 nec
546 1944 576 1982 a
614 1936 705 1981 tuo
751 1926 996 1981 derivato
1047 1925 1265 1979 nomine
1313 1924 1615 1977 vocitentur
1647 1922 1828 1976 Ursini

240 2020 328 2074 vel
361 2018 585 2084 Ursani,
625 2018 719 2073 sed
766 2018 833 2072 ab
883 2032 947 2073 eo
977 2018 1068 2085 qui
1105 2017 1278 2071 dixit:
1316 2015 1508 2069 Discite
1543 2032 1574 2069 a
1599 2031 1677 2066 me
1706 2015 1830 2079 quia

239 2112 378 2165 mitis
407 2127 526 2164 sum
566 2120 614 2163 et
662 2110 877 2163 Immitis
906 2108 1060 2162 corde
1096 2107 1311 2178 (Matth.
1351 2123 1438 2169 ιι,
1478 2106 1608 2175 20);
1655 2115 1707 2158 et
1738 2120 1831 2174 per

240 2216 394 2256 suum
420 2199 716 2269 quemdam
748 2214 761 2251 :
798 2197 1015 2252 Obedite
1035 2197 1329 2267 prwpositis
1369 2196 1550 2248 vestris
1572 2204 1617 2247 et
1652 2194 1834 2262 subju-

238 2303 347 2346 cele
396 2292 472 2346 eis
525 2289 717 2362 (Hebr.
774 2304 891 2354 xttt,
943 2288 1020 2357 7),
1056 2286 1313 2357 appellari
1354 2285 1475 2355 jure
1522 2294 1833 2340 mereantur

239 2380 535 2437 Christiani
567 2379 649 2433 vel
682 2379 855 2448 agnei,
886 2379 937 2432 id
960 2388 1044 2431 est
1074 2378 1232 2431 mites
1263 2393 1367 2430 nun
1405 2376 1529 2439 feri,
1561 2383 1833 2428 amatores

240 2486 344 2525 non
373 2469 635 2523 irrisores
663 2477 955 2537 pastorum.
986 2466 1139 2533 Quod
1171 2466 1217 2520 si
1247 2466 1375 2518 mihi
1404 2463 1649 2533 provenit
1678 2478 1836 2515 oran-

241 2560 305 2624 ti,
358 2559 608 2614 lzetitiam
664 2558 835 2628 ipsam
886 2556 1253 2621 dissimulare,
1303 2557 1497 2611 nedum
1540 2554 1836 2625 reprimere

246 2652 403 2707 valeo
442 2652 714 2716 minime;
751 2650 891 2719 quod
938 2649 982 2704 si
1012 2664 1141 2713 non,
1171 2648 1412 2718 peccatis
1448 2647 1582 2701 meis
1606 2648 1830 2716 imputo.

246 2742 451 2798 Saltem
500 2757 635 2798 vero
684 2743 785 2797 hoc
838 2741 959 2797 diva
1008 2742 1181 2810 pietas
1212 2740 1471 2795 concedat
1512 2738 1743 2809 postulo,
1780 2748 1839 2791 ut

243 2835 376 2888 dum
423 2844 648 2904 peccata
704 2848 823 2887 mea
879 2832 1166 2886 adversum
1196 2846 1304 2895 mc,
1338 2830 1445 2883 imo
1473 2830 1758 2883 adversum
1788 2836 1837 2881 te

245 2926 590 2997 pronuntias,
620 2925 708 2979 illa
744 2924 1020 2988 remittat;
1058 2924 1182 2978 dum
1215 2931 1272 2976 tu
1302 2938 1364 2978 ea
1408 2920 1694 2984 describis,
1722 2920 1835 2990 ipsa

248 3017 450 3081 deleat,
498 3025 659 3085 teque
711 3015 763 3068 in
802 3015 907 3069 hoc
934 3014 1187 3085 praesenti
1220 3013 1416 3069 saeculo
1445 3026 1837 3083 recognoscere

1918 469 2081 522 habet
2118 470 2462 539 magistrum,
2494 470 2585 537 qui
2618 470 2719 523 hoc
2742 469 2893 535 dicit,
2926 470 3233 539 Dominum,
3257 471 3499 524 cuicon—

1917 561 2123 615 similes
2162 560 2298 615 ellici
2336 576 2441 615 non
2475 562 2882 631 comparatione
2921 577 3229 633 possumus,
3258 563 3350 619 sed
3376 564 3499 617 imi-

1920 653 2128 705 latione
2154 652 2431 714 debemus,
2482 667 2582 707 nec
2611 654 2943 718 omnimoda,
2980 655 3075 708 sed
3100 655 3168 708 ab
3197 656 3311 723 ipso
3341 654 3502 713 nobis

1918 748 2183 810 prmeepta
2211 757 2225 804 ;
2254 742 2344 809 qui
2378 742 2479 794 etsi
2509 741 2771 794 tributum
2795 742 2997 795 munda
3027 740 3274 806 reddidit,
3299 741 3501 798 Caesari

1918 848 2037 900 quae
2072 832 2322 896 Czesaris,
2363 832 2468 886 Deo
2495 832 2783 887 exsolvens
2827 848 2946 902 qua:
2971 842 3129 888 erant
3164 834 3258 889 Dei
3284 833 3499 904 (Matth.

1920 938 2055 983 xxtt.
2087 922 2209 991 2|);
2250 933 2506 991 quantum
2558 922 2759 995 [supple
2789 922 2995 995 tamen]
3037 926 3294 981 mundum
3324 927 3500 993 ipsum

1920 1014 2034 1084 ipsa
2065 1030 2158 1068 sua
2189 1014 2493 1068 humilitate
2514 1015 2826 1082 calcaverit,
2860 1016 3070 1085 sibique
3094 1016 3375 1072 subactum
3406 1018 3505 1072 tibi

1920 1106 2084 1160 etiam
2137 1106 2237 1175 ipsi
2285 1107 2698 1175 supponendum
2745 1109 3168 1172 monstraverit,
3214 1117 3503 1178 postquam

1920 1195 2135 1249 dixerat
2166 1212 2179 1247 :
2218 1193 2353 1247 Data
2392 1204 2467 1248 est
2515 1195 2643 1248 mihi
2675 1196 2842 1249 omnis
2880 1204 3107 1264 potestas
3140 1197 3192 1249 in
3226 1195 3351 1249 cwlo
3379 1206 3425 1249 et
3451 1196 3507 1250 iu

1922 1296 2063 1340 terra
2121 1286 2338 1355 (Matth.
2393 1301 2604 1351 xxvnt,
2655 1285 2785 1356 18);
2850 1301 3010 1355 quem
3063 1285 3243 1355 potius
3290 1286 3511 1340 timeres

1921 1376 2196 1431 dominum
2225 1394 2291 1430 an
2316 1393 2549 1442 servum,
2584 1375 2966 1444 suhjicientcm
2984 1392 3049 1430 an
3077 1376 3380 1441 subactum,
3412 1375 3514 1429 da-

1925 1474 2035 1519 tum
2064 1465 2133 1536 ιι.
2162 1464 2495 1537 dantem]an
2535 1466 2919 1535 possidentem,
2949 1480 3046 1534 per
3074 1480 3235 1519 unum
3269 1478 3509 1519 commo-

1922 1572 2059 1611 nens
2085 1557 2467 1626 discipulorum
2519 1564 2780 1625 quantum
2820 1556 2886 1609 ad
2916 1556 3124 1625 ipsum,
3153 1564 3410 1625 quantum
3442 1552 3513 1606 ad

1926 1660 1978 1706 te
2028 1652 2259 1719 pertinet
2307 1652 2687 1721 magistrorum
2717 1692 2733 1713 ,
2776 1650 2849 1705 ait
2881 1669 2893 1703 :
2933 1650 3156 1704 Obedire
3180 1659 3375 1720 oportet
3405 1648 3513 1702 Deo

1928 1744 2092 1812 magis
2138 1760 2293 1811 quant
2339 1743 2633 1797 hominibus
2690 1742 2828 1813 (Act.
2862 1741 3027 1812 v,29)
3076 1742 3242 1813 (l75).
3283 1741 3349 1793 Et
3396 1739 3473 1792 uti

1929 1848 2035 1903 que
2068 1834 2172 1888 hoc
2225 1849 2331 1887 non
2362 1834 2414 1888 in
2438 1834 2668 1898 exedra,
2714 1849 2818 1887 non
2854 1832 2906 1887 in
2938 1831 3186 1902 analogio
3211 1828 3379 1900 (ﬁt),
3406 1844 3516 1882 non

1930 1924 1983 1977 in
2011 1926 2265 1990 amboue,
2296 1925 2391 1979 sed
2439 1934 2563 1979 ante
2593 1925 2862 1994 principes
2902 1922 3105 1987 saeculi,
3140 1923 3281 1976 inter
3318 1921 3518 1986 minas,

1932 2018 2072 2069 inter
2100 2014 2288 2085 flagra,
2313 2016 2453 2069 inter
2476 2017 2621 2084 ipsos
2640 2014 2734 2069 tibi
2753 2014 3027 2068 clamabat
3047 2012 3349 2076 caedentes;
3376 2009 3524 2080 quod

1933 2112 1988 2157 tu
2040 2118 2140 2158 nec
2195 2103 2394 2165 dicere,
2455 2119 2522 2157 ne
2554 2103 2679 2156 dum
2726 2116 2887 2171 agere
2921 2101 3109 2166 audes,
3135 2115 3255 2155 eum
3285 2098 3381 2155 tibi
3403 2096 3521 2166 jam

1933 2196 2032 2265 ipsi
2058 2196 2377 2265 subigantur
2404 2196 2783 2266 imperatores.

2003 2288 2090 2341 50.
2132 2286 2325 2343 Verum
2358 2296 2414 2340 ut
2448 2286 2557 2354 jam
2586 2287 2653 2340 ad
2683 2286 2952 2355 inceptmu
2989 2286 3225 2347 redeant,
3275 2282 3521 2353 praeterit

1934 2395 2067 2435 sane
2090 2380 2343 2434 sacerdos
2375 2387 2429 2433 et
2470 2378 2630 2433 levita
2656 2418 2671 2441 ,
2704 2394 2810 2431 non
2856 2392 2915 2431 se
2945 2375 3302 2445 intelligentes
3328 2372 3520 2428 eadem

1935 2470 2267 2525 descendere
2304 2470 2413 2534 via,
2462 2484 2562 2523 nec
2592 2466 2698 2521 ulla
2731 2466 2883 2521 fratri
2920 2466 3203 2521 vulnerato
3231 2463 3524 2519 conferunt

1936 2562 2212 2618 remedia:
2250 2570 2304 2616 et
2357 2570 2417 2615 ut
2462 2562 2573 2625 isti,
2627 2558 2769 2629 quod
2824 2558 2964 2611 Deus
3022 2563 3250 2621 avertat,
3296 2552 3523 2623 tempori

1936 2654 2153 2724 proprie
2175 2653 2425 2707 videatur
2461 2650 2772 2713 concinere,
2804 2648 2930 2718 quia
2958 2647 3047 2702 ubi
3091 2644 3391 2701 abundavit
3418 2642 3523 2697 ini-

1938 2742 2353 2815 quitasUlatt/a.
2389 2757 2534 2805 xxrv,
2572 2740 2680 2812 l2),
2714 2738 3030 2809 refrigescet
3058 2736 3299 2792 cbaritas
3328 2734 3525 2790 multo-

1941 2852 2096 2902 rum;
2145 2834 2323 2889 nullus
2381 2832 2652 2887 invenitur
2702 2832 2794 2902 qui
2853 2831 2947 2885 Dei
3003 2828 3195 2885 saltem
3250 2832 3521 2896 respectu,

1941 2932 2153 2993 timore,
2185 2928 2267 2981 vel
2294 2940 2478 2981 amore
2509 2925 2722 2990 audeat,
2754 2924 2885 2993 quin
2916 2922 3097 2993 potius
3124 2920 3253 2975 velit
3280 2918 3526 2974 esurien-

1952 3031 2057 3076 tem
2090 3019 2331 3082 reﬁcere,
2381 3018 2653 3072 sitientem
2683 3024 2890 3086 potare,
2927 3015 3127 3069 nudum
3170 3011 3393 3072 vestire,
3426 3009 3515 3064 in-

248 3106 437 3169 faciat,
467 3081 592 3174 quia
630 3081 1075 3159 inaestimabiliter
1108 3102 1204 3157 tibi
1245 3081 1602 3172 ipsiobfneris
1627 3099 1834 3171 [Leon-

1952 3115 2164 3168 firmum
2206 3112 2286 3166 vel
2330 3111 2722 3165 incarceratum
2760 3107 2997 3170 visitare,
3030 3104 3297 3158 dolentem
3321 3114 3519 3157 conso-

251 3195 479 3269 tendis],
519 3194 721 3267 [supple
779 3192 855 3265 et]
910 3193 1037 3246 dum
1092 3192 1587 3262 irrecupcrabiliter
1622 3206 1705 3244 me
1739 3206 1836 3243 no-

245 3298 375 3339 cere
398 3283 766 3350 contenderis,
792 3280 1142 3335 indicibiliter
1162 3282 1292 3334 mihi
1318 3279 1608 3349 profueris.
1642 3277 1836 3333 Valeas

248 3375 304 3430 in
338 3375 587 3440 Domino,
610 3388 825 3444 precor,
851 3372 944 3437 fili,
970 3380 1268 3436 correctus,
1294 3386 1471 3425 amen.
1525 3390 1542 3421 ι

320 3471 413 3525 29.
452 3470 594 3525 inter
641 3470 779 3534 hzec,
825 3468 871 3522 si
921 3466 1103 3522 dicere
1139 3466 1389 3531 audeam,
1430 3474 1575 3520 stant
1618 3465 1837 3520 simula-

247 3562 936 3633 cra(l7l)101undique
956 3561 1081 3624 fixa,
1099 3560 1302 3614 nullum
1322 3560 1403 3614 vel
1419 3560 1499 3614 sui
1516 3575 1675 3612 causa
1695 3561 1839 3613 soni-

252 3664 369 3707 tum
392 3653 598 3717 dantia,
618 3652 769 3721 quasi
788 3651 879 3719 qui
909 3650 1021 3719 ipsa
1048 3648 1418 3702 taciturnitate
1436 3648 1839 3701 videanturcla-

254 3757 430 3804 mare,
463 3755 523 3795 se
554 3740 777 3793 rationis
822 3738 1062 3807 expertia
1090 3737 1416 3792 omnimodis
1456 3751 1597 3790 esse.
1631 3735 1736 3789 Sed
1774 3750 1838 3788 ne

258 3830 411 3893 mihi,
430 3830 523 3883 sed
547 3831 722 3897 potius
750 3828 852 3882 sibi
876 3836 1229 3882 succenseant
1248 3842 1407 3896 rogo;
1438 3842 1541 3878 non
1568 3826 1707 3879 enitr
1738 3826 1838 3879 hoc

256 3937 351 3976 eos
363 3936 482 3975 esse
498 3921 608 3975 scio
626 3920 705 3974 vel
722 3920 865 3983 dico,
883 3919 974 3973 sed
990 3934 1055 3973 ne
1071 3917 1193 3986 jure
1208 3918 1457 3972 dicantur
1472 3916 1611 3969 haud
1631 3916 1839 3969 modice

258 4014 443 4078 timeo,
470 4013 595 4068 dum
617 4021 671 4067 ct
696 4012 845 4084 (l7'2)
877 4012 944 4065 ab
975 4011 1193 4065 homine
1235 4008 1410 4063 factos
1442 4009 1546 4063 dici
1578 4008 1844 4078 patienter

259 4106 421 4168 ferre,
454 4105 563 4159 imo
588 4104 780 4158 uberes
804 4102 1008 4173 gratias
1029 4100 1229 4155 dicenti
1263 4100 1469 4154 referre
1505 4100 1695 4163 audio;
1721 4115 1841 4151 nam

261 4211 359 4250 nec
389 4204 570 4260 erunt,
603 4197 647 4250 si
670 4196 889 4259 dixero,
915 4208 1016 4247 nec
1047 4208 1150 4247 non
1181 4202 1357 4255 erunt,
1382 4194 1426 4247 si
1468 4202 1721 4254 tacuero;
1751 4191 1843 4244 sed

260 4287 510 4359 [subaudi
537 4286 719 4358 erunt]
749 4287 795 4341 si
827 4285 1062 4339 dixerint
1093 4284 1175 4339 vel
1204 4285 1577 4339 consenserint
1602 4284 1837 4338 omnino.

260 4378 329 4432 Et
356 4394 390 4433 ο
411 4393 575 4448 quam
624 4378 907 4448 pulchrius
939 4378 1119 4431 vocari
1149 4374 1468 4444 perfectum.
1495 4392 1657 4444 quam
1689 4375 1844 4429 facti-

259 4470 405 4525 cium
437 4470 450 4523 !
484 4469 760 4539 Perfectus
812 4478 986 4522 autem
1030 4469 1197 4522 cuiuis
1253 4470 1370 4534 erit,
1401 4470 1443 4522 si
1472 4470 1537 4523 sit
1568 4470 1699 4523 sicut
1738 4486 1847 4522 ma-

335 4690 484 4761 (l'll)
524 4688 954 4761 Simulacrormn
1006 4689 1222 4742 nomine
1272 4703 1365 4761 eos
1393 4688 1677 4761 episcopos
1701 4689 1844 4740 (1ρεὶ-

265 4759 433 4830 gnare
466 4759 711 4824 'videtnr,
746 4759 838 4828 qui
874 4760 924 4830 in
979 4760 1079 4813 hac
1112 4774 1207 4830 sua
1235 4760 1540 4830 calamitate
1588 4768 1843 4827 tanquam

270 4828 413 4884 inata
458 4830 748 4883 simulacra
789 4829 919 4881 nihil
953 4844 1047 4897 pro
1086 4845 1144 4883 se
1184 4828 1559 4897 loquebantur.

336 4900 485 4971 (172)
511 4900 617 4971 Eos
638 4899 1295 4971 episcopus‘perstringit,
1328 4899 1420 4971 qui
1447 4914 1505 4951 se
1536 4898 1603 4951 ab
1631 4899 1848 4971 nurnine

266 4968 550 5039 episcopos
597 4968 769 5025 factos
812 4968 1083 5031 dicebant,
1128 4976 1184 5021 et
1207 4968 1508 5039 dicentibus
1537 4969 1738 5039 gratias
1768 4985 1848 5021 re-

268 4986 550 5039 eptscopos
597 4986 769 5025 tactos
812 4986 1083 5031 arcebant,
1128 4986 1184 5021 et
1207 4986 1508 5021 utcenunns
1575 4986 1738 5020 rattas
1768 4986 1847 5021 re—

268 5037 534 5110 ferebant.
592 5040 887 5110 Episcopos
936 5038 1187 5093 nimirum
1241 5037 1365 5110 licet
1401 5038 1493 5110 ‘ab
1537 4986 1847 5095 {hominibus

267 5108 490 5173 electos,
534 5110 616 5164 vel
635 5108 921 5171 decretos,
954 5124 1056 5161 non
1104 5119 1281 5161 tamen
1308 5108 1374 5160 ab
1400 5108 1729 5172 hominibus,
1758 5110 1851 5163 sed

270 5196 299 5231 ιι
325 5178 433 5250 Deo
459 5180 576 5250 ipsa
606 5196 761 5235 sacra
789 5180 1129 5250 ordinatione
1166 5180 1443 5250 institutos
1483 5177 1609 5231 alibi
1651 5182 1852 5250 saepius

272 5248 494 5318 ingerit.
528 5248 659 5305 Vide
706 5250 922 5318 initium
971 5248 1090 5311 libri
1146 5248 1419 5316 sequentis
1469 5248 1693 5302 num.2.
1733 5249 1848 5306 Mox

272 5317 561 5406 ιιινιιιτίιένιξὶε)ν
583 5320 721 5374 male
750 5321 801 5373 in
829 5317 1054 5388 vulgatis
1090 5318 1281 5373 audeo.

1941 3207 2063 3273 lari,
2080 3207 2478 3278 angustiantcm
2505 3202 2565 3275 [ι.
2588 3198 2978 3272 angustiatum]
3005 3196 3270 3261 relevere,
3293 3207 3523 3263 prarser-

1942 3301 2035 3354 tim
2088 3316 2208 3353 cum
2254 3297 2608 3352 iuterdicatur
2653 3294 2823 3358 nulli;
2868 3292 3134 3360 siquidem
3184 3303 3284 3343 nec
3322 3286 3527 3341 factum

1943 3389 2087 3459 (I75)
2124 3388 2317 3458 legitur
2349 3388 2417 3440 ab
2444 3385 2632 3440 eadem
2666 3382 3019 3454 generatione
3058 3380 3403 3447 antiquorum
3436 3374 3530 3429 ali-

1942 3482 2051 3543 cui,
2109 3479 2251 3548 quod
2304 3478 2587 3547 perspicue
2624 3482 2925 3528 monstrant
2961 3471 3110 3525 Pauli
3164 3468 3417 3538 Epistola:
3470 3466 3527 3521 in

1942 3585 2161 3627 carcere
2210 3571 2389 3632 editae,
2446 3570 2496 3621 in
2533 3568 2731 3636 quibus
2757 3574 2810 3619 et
2842 3563 3266 3618 ministrantium
3309 3560 3526 3614 videtur

1942 3664 2271 3726 meminisse,
2320 3676 2418 3715 ncc
2477 3660 2631 3713 timet
2679 3674 2747 3713 ne
2801 3658 2930 3710 fiant
2976 3654 3326 3724 deprehensae
3356 3651 3527 3724 (l76),

1942 3771 2063 3811 cum
2098 3762 2151 3809 et
2176 3769 2234 3808 se
2268 3762 2322 3807 et
2351 3752 2472 3807 illos
2513 3751 2632 3821 plus
2658 3750 2828 3805 Deum
2873 3764 3039 3819 quam
3069 3755 3334 3802 terrorem
3363 3756 3531 3799 nove-

1945 3846 2013 3899 rit
2046 3846 2251 3899 timere.

2014 3938 2101 3992 51.
2151 3935 2438 3991 Puemisso
2486 3934 2632 4006 (I77)
2681 3932 2924 3993 eamdem
2960 3931 3093 3985 mihi
3147 3943 3312 3999 quam
3368 3928 3529 3982 beato

1943 4026 2241 4098 Augustino
2290 4024 2412 4078 ﬁdtl
2457 4022 2737 4078 catholica:
2791 4020 3167 4077 credulitatem
3197 4032 3339 4084 esse,
3394 4016 3525 4071 licet

1948 4120 2020 4173 illi
2059 4118 2215 4187 102
2246 4117 2404 4184 longe
2448 4113 2733 4168 dissimilis
2789 4112 2951 4166 fuerit
2987 4119 3041 4166 ct
3067 4110 3131 4165 ad
3170 4106 3533 4179 indagandum

1946 4210 2213 4265 acuminis
2265 4208 2550 4271 vivacitas,
2603 4214 2657 4259 et
2706 4205 2772 4257 ad
2827 4203 3113 4258 tenendum
3165 4200 3534 4272 intelligentia:

1952 4299 2248 4369 capacitas,
2303 4305 2355 4351 et
2384 4296 2448 4349 ad
2482 4294 2862 4364 proferendum
2910 4291 3231 4361 eloquentia:
3284 4290 3535 4357 facultas,

1952 4396 2006 4441 ct
2050 4389 2115 4441 ad
2143 4388 2245 4441 hoc
2270 4402 2389 4439 cum
2424 4385 2514 4437 Dei
2549 4384 2718 4451 gratia
2753 4382 3167 4452 promerendum
3198 4380 3319 4435 vitm
3349 4379 3527 4451 quali-

1953 4488 2069 4542 las;
2104 4485 2157 4531 et
2185 4474 2441 4530 abdicans
2466 4474 2533 4526 ab
2563 4488 2676 4537 ore,
2715 4472 2797 4524 vel
2839 4472 3001 4527 corde
3032 4485 3291 4541 respuens
3312 4481 3529 4526 omnem

1951 4700 2178 4758 timeres,
2212 4694 2511 4759 Dominum,
2540 4709 2605 4745 au
2629 4707 2869 4756 servum;
2900 4691 3375 4761 subjicieu_tem,_au
3402 4685 3532 4739 sub-

1953 4777 2125 4821 actum
2158 4783 2173 4829 ;
2220 4766 2449 4829 dantem,
2483 4758 2553 4817 an
2577 4765 2952 4833 possidentem,
2978 4758 3049 4815 ait
3084 4779 3096 4815 :
3130 4758 3351 4813 Obedire
3379 4770 3533 4826 opor-

1956 4845 2179 4989 u:((,l?7l-i).
2202 4904 2514 4975 Analogium
2543 4905 2682 4958 tdem
2718 4913 2802 4959 est
2832 4919 2894 4957 ac
2926 4903 3206 4973 pulpitum.
3240 4898 3374 4951 Vide
3396 4898 3535 4953 Can.

1955 4993 2172 5117 3“lini-5)
2202 5046 2256 5117 Id
2287 5055 2391 5111 est,
2424 5064 2514 5102 nec
2549 5046 2601 5099 id
2629 5047 2847 5117 factum,
2879 5058 2969 5117 seu
2995 5060 3084 5117 nec
3113 5037 3467 5117 interdictum.

2029 5108 2172 5187 (176)
2207 5116 2279 5187 Si
2314 5108 2540 5171 tenenda
2591 5108 2659 5169 sit
2700 5108 2858 5170 lectio
2905 5113 3256 5187 depreheusw,
3290 5108 3410 5187 hate
3442 5119 3542 5159 vox

1960 5178 2191 5244 refertur
2219 5186 2283 5240 ad
2314 5188 2589 5256 epistolas,
2619 5188 2690 5240 ita
2719 5195 2775 5240 ut
2804 5178 2993 5256 sensus
3042 5181 3133 5239 sit,
3155 5192 3253 5256 uec
3279 5178 3547 5256 timebit?

1956 5258 2189 5330 epistola:
2215 5248 2701 5330 deprehendantur,
2737 5266 2791 5309 ct
2819 5255 2870 5330 _ii
2920 5253 3235 5330 detegantur
3255 5317 3267 5330 Ι
3292 5250 3400 5330 qui
3436 5248 3538 5330 sibi

1962 5317 2385 5406 titinistrabant:
2436 5328 2519 5406 vel
2547 5325 2923 5406 corrigendum
2969 5317 3064 5406 est
3089 5317 3425 5406 deprehensi,
3476 5317 3549 5369 ita
