4018 5406
532 296 637 356 ΞΠ

1465 304 1792 359 annua"
1831 301 2044 360 EPISC.
2089 298 2339 357 vanos
2382 300 2531 360 orr.
2575 303 2752 361 mas
2782 278 2841 359 t}

3697 298 3813 355 2i?

526 419 718 468 contra
741 399 936 480 Deum,
965 415 1179 471 etiamsi
1209 414 1614 486 deprehendere
1652 417 1793 472 torte
1843 417 2112 480 nesciam,
2145 420 2188 479 Α
2219 417 2549 485 passibilitcr
2596 417 2881 488 pertulisse
2932 415 3212 471 conﬁteor.
3258 392 3341 471 Et.
3379 414 3500 471 cum
3546 414 3600 471 id
3627 415 3789 471 dies:

524 502 799 570 haeresim,
829 505 1090 561 conﬁteor
1110 521 1196 562 me
1219 505 1442 562 credere
1469 507 1754 576 aequalem,
1781 508 2109 564 coesscntia-

524 590 653 657 lem,
676 593 762 649 vel
789 604 850 650 ut
877 596 949 650 ita
980 596 1277 666 proferam,
1332 598 1849 653 consubstantialem
1879 608 2109 655 aeterna-

520 682 653 737 liter
677 682 961 740 Trinitatis
1010 687 1292 751 unitatem,
1346 688 1571 742 ttnitatis
1602 687 1946 753 Trinitatem,
2006 689 2107 744 hoc

522 785 612 829 est
638 773 855 831 Patrem
886 786 940 832 et
968 767 1163 832 Filium
1195 787 1249 833 et
1279 777 1544 848 Spiritum
1583 790 1852 845 sanctum,
1881 782 2108 837 creatri-

516 881 639 921 cem
680 874 735 923 et
774 869 1209 939 gubernatricem
1253 871 1629 927 universorum
1658 888 1779 943 qua:
1827 883 1953 927 sunt
1991 873 2105 928 sive

514 955 571 1010 in
625 957 788 1024 caelo,
819 959 933 1014 sive
957 959 1011 1013 in
1065 969 1230 1025 terra,
1281 970 1363 1027 et,
1413 963 1458 1017 si
1489 964 1725 1035 adjicere
1751 981 1888 1036 opus
1925 968 2016 1030 sit,
2048 966 2101 1019 in

518 1050 680 1114 mari,
760 1060 814 1106 et
861 1051 914 1105 in
955 1054 1207 1109 omnibus
1236 1054 1466 1126 abyssis,
1514 1058 1588 1111 ita
1639 1075 1746 1114 una
1808 1061 2102 1129 eademque

516 1151 771 1198 manente
822 1145 1125 1200 substantia
1166 1147 1405 1213 deitatis,
1448 1164 1801 1218 personarum
1851 1152 2096 1222 proprie-

517 1242 634 1288 tate
663 1233 938 1301 distincta,
962 1244 1019 1290 ut
1045 1235 1209 1293 Pater
1246 1239 1315 1294 sit
1342 1241 1434 1309 qui
1462 1243 1668 1297 creavit
1691 1243 1896 1307 omnia,
1928 1242 2098 1297 Filius

507 1337 611 1392 per
630 1338 790 1394 quem
833 1337 1015 1382 creata
1048 1338 1173 1384 sunt
1202 1332 1382 1386 omnia
1405 1372 1419 1398 ,
1467 1331 1701 1403 Spiritus
1741 1342 1959 1389 sanctus
1989 1350 2097 1404 quo

509 1425 694 1470 creata
739 1425 866 1472 sunt
891 1419 1107 1486 omnia;
1170 1420 1385 1477 Patrem
1418 1423 1541 1478 Filii
1575 1425 1973 1488 auctoritatem,
2005 1424 2111 1484 Fi—,

503 1503 637 1559 lium
670 1506 849 1563 Patris
876 1510 1197 1580 sapientiam
1222 1510 1397 1583 (l78),
1426 1512 1690 1583 Spiritum
1718 1524 1964 1569 sanctum
1992 1514 2090 1569 Pa-

503 1596 607 1652 tris
633 1605 689 1652 et
715 1597 841 1654 Filii
887 1603 1250 1671 pronuntians
1276 1607 1746 1663 communitatem.
1798 1606 1893 1663 His
1920 1608 2093 1664 tribus

502 1702 672 1743 unam
698 1691 1053 1763 eamdemque
1094 1695 1273 1750 inesse
1316 1696 1543 1754 credens
1568 1697 1787 1754 deitatis
1811 1700 2092 1770 aequalita-

2209 505 2378 561 Credo
2401 508 2455 561 in
2481 506 2735 577 Spiritum
2761 514 3020 571 sanctum,
3046 508 3338 575 statimque
3367 504 3656 577 subjungo,
3674 523 3790 559 sar-

2212 608 2348 649 ctam
2376 594 2667 650 Ecclesium
2693 613 2714 660 ,'
2749 611 2855 651 non
2882 596 3302 665 quaternitatem
3330 594 3439 649 illic
3469 595 3672 664 cogito,
3702 596 3795 647 Sed

2207 695 2451 741 sanctam
2477 685 2773 740 Ecclesiam
2801 687 3128 741 catholicam
3163 686 3536 741 tantummodo
3557 700 3680 741 esse
3710 699 3797 738 me

2206 777 2429 831 credere
2458 776 2736 840 conﬁteor,
2768 792 2867 846 per
2895 792 3061 831 unum
3106 776 3336 841 scilicet,
3367 775 3421 830 id
3454 785 3540 830 est
3560 773 3797 829 catholi-

2205 884 2326 923 cum
2357 868 2649 938 baptisma,
2681 877 2734 922 et
2763 883 2861 938 per
2891 867 2984 922 Dei
3014 867 3245 938 gratiam
3276 876 3332 921 et
3358 865 3518 921 ﬁdem
3538 871 3670 937 qua:
3698 879 3799 935 per

2203 959 2547 1015 dilectionem
2593 968 2853 1029 operatur
2899 957 3043 1030 (Gal.
3093 974 3144 1022 v,
3180 958 3275 1028 6);
3322 972 3422 1028 per
3459 971 3582 1026 qua:
3625 956 3796 1010 etiam

2202 1061 2511 1107 sanctorum
2542 1050 2980 1106 communionem
3038 1058 3092 1105 et
3124 1049 3504 1105 remissionem
3534 1053 3796 1118 peccatoé

2201 1157 2320 1196 rum
2354 1156 2452 1196 nos
2476 1151 2848 1211 percepturos,
2879 1142 2925 1199 si
2953 1141 3303 1206 voluerimus,
3329 1139 3564 1195 conﬁdo.
3598 1137 3797 1193 Carnis

2198 1248 2329 1288 vero
2356 1233 2837 1297 resurrectionem,
2887 1232 3029 1287 sicut
3060 1232 3112 1286 in
3160 1232 3390 1287 Domino
3414 1230 3542 1286 Jesu
3569 1229 3797 1285 Christo

2198 1339 2382 1379 veram
2420 1332 2473 1379 et
2499 1340 2604 1378 non
2647 1324 3043 1394 phantasticam
3073 1323 3186 1378 scio
3224 1330 3279 1377 et
3302 1323 3570 1378 conﬁteor
3596 1320 3789 1379 fuisse.

2198 1414 2271 1469 ita
2293 1421 2349 1469 et
2375 1415 2614 1469 omnium
2644 1424 2753 1469 tam
2783 1415 3081 1469 electorum
3107 1429 3271 1484 quam
3311 1414 3671 1484 reproborum
3704 1412 3794 1466 fit-'-

2196 1516 2374 1563 tnram
2424 1506 2686 1563 conﬁteor
2715 1520 2871 1573 esse;
2924 1505 3018 1561 sed
3047 1505 3367 1571 electorum,
3413 1512 3475 1559 ut
3500 1519 3629 1559 cum
3663 1518 3793 1558 cor-

2194 1616 2327 1672 pore
2355 1608 2411 1655 et
2439 1601 2619 1655 anima
2655 1611 2781 1655 eant
2804 1599 2855 1654 in
2883 1599 3047 1654 vitam
3068 1608 3325 1654 :eternam
3349 1614 3363 1663 ;
3399 1595 3787 1666 reproborum,

2192 1678 2252 1747 ut
2277 1698 2407 1747 eant
2432 1690 2684 1746 similiter
2705 1705 2829 1745 cum
2857 1690 3039 1744 anima
3061 1697 3115 1744 et
3136 1702 3366 1759 corpore
3388 1688 3442 1743 in
3456 1685 3787 1756 supplicium

522 1789 653 1844 tem,
680 1780 813 1835 nihil
835 1781 888 1836 in
920 1783 1005 1839 his
1027 1784 1179 1855 prius
1207 1795 1301 1841 aut
1324 1788 1615 1858 posterius,
1638 1789 1775 1844 nihil
1800 1790 1973 1860 majus
1999 1797 2094 1844 aut
2126 1787 2167 1847 Β
2194 1794 2455 1841 aeternum
2481 1799 2497 1850 ;
2551 1784 2645 1839 sed
2685 1791 2747 1837 ut
2787 1782 2862 1837 illi
2898 1783 3106 1852 absque
3151 1781 3345 1836 timore
3388 1793 3490 1849 per
3507 1776 3789 1847 justitiam

516 1872 697 1929 minus
721 1887 841 1930 esse
864 1875 1192 1947 intelligens,
1229 1887 1284 1934 et
1312 1879 1527 1935 Patrem
1564 1895 1593 1934 a
1622 1895 1681 1941 se
1708 1881 1841 1950 ipso,
1873 1895 1977 1937 non
2022 1879 2091 1937 ab

500 1963 610 2019 alio
630 2006 645 2031 ,
677 1963 874 2020 Filium
900 1982 930 2021 a
949 1966 1112 2023 Patre
1135 1968 1274 2034 solo,
1300 1967 1560 2040 Spiritum
1583 1979 1832 2026 sanctum
1871 1986 1901 2024 a
1927 1969 2090 2026 Patre

501 2068 630 2111 esse
674 2065 731 2112 et
770 2056 926 2124 Filio,
979 2057 1196 2115 Patrem
1224 2062 1387 2116 credo
1431 2061 1629 2116 Filium
1677 2060 2009 2117 aeternaliter
2035 2070 2089 2116 et

500 2147 855 2207 ineil‘abiliter
912 2151 1204 2223 genuisse;
1258 2152 1455 2208 Filium
1499 2154 1832 2210 aeternaliter
1859 2162 1917 2211 et
1950 2155 2086 2211 iuet-

498 2241 741 2298 fabiliter
764 2258 799 2299 a
826 2243 989 2301 Patre
1017 2244 1136 2301 solo
1162 2245 1426 2317 genitum,
1461 2262 1567 2302 non
1607 2246 1811 2303 factum
1841 2262 1981 2314 esse,
2007 2247 2085 2302 uti

495 2334 678 2391 lumen
727 2336 795 2391 de
821 2336 1048 2404 lumine,
1088 2338 1315 2394 verbum
1341 2339 1392 2393 in
1425 2340 1608 2404 corde,
1640 2338 1748 2405 vel,
1777 2348 1838 2395 ut
1867 2355 2088 2410 expres-

501 2426 619 2483 sius
655 2426 865 2497 loqnar,
900 2428 1103 2498 aliquid
1145 2429 1394 2496 dicibile;
1430 2430 1692 2500 Spiritum
1729 2439 1997 2496 sanctum,
2033 2431 2084 2484 id

505 2526 612 2583 est,
638 2518 1157 2574 consubstantialem
1208 2521 1490 2576 amborum
1536 2521 1892 2591 charitatem,
1947 2538 2086 2576 nun-

503 2622 667 2676 quam
693 2609 774 2664 eis
818 2609 1075 2677 defuisse,
1111 2626 1343 2682 eumque
1374 2612 1441 2668 ab
1472 2612 1576 2668 isto
1602 2613 1669 2667 ad
1700 2612 1873 2680 illum,
1901 2614 1970 2669 ab
1994 2614 2085 2669 illo

496 2697 566 2751 ad
621 2698 781 2753 istum
833 2698 1153 2767 illocaliter,
1206 2700 1577 2769 immobiliter,
1633 2702 1983 2770 mternaliter,
2022 2719 2084 2759 ac

494 2802 596 2856 per
642 2788 745 2844 hoc
782 2796 838 2845 et
886 2790 1233 2848 inellabiliter
1279 2794 1598 2864 procedere,
1648 2795 1717 2850 ad
1742 2795 2083 2866 inspirandos

499 2878 793 2937 electorum
842 2883 1050 2940 animos
1079 2900 1108 2939 a
1140 2883 1301 2941 Patre
1341 2893 1396 2941 et
1426 2884 1563 2941 Filio
1599 2887 1761 2952 mitti,
1813 2903 1844 2943 a
1882 2903 1940 2942 se
1968 2880 2083 2958 ipso

491 2971 680 3027 venire
729 2975 1139 3045 lemporaliter;
1191 2967 1389 3032 Filium
1437 2978 1612 3033 solum
1649 2980 1717 3034 de
1768 2977 1932 3034 Patre
1963 2982 2081 3035 sine

497 3072 673 3119 matre
701 3066 1053 3133 acternaliter,
1085 3069 1152 3122 de
1184 3077 1357 3125 matre
1388 3071 1506 3126 siue
1540 3079 1694 3140 patre
1726 3079 1910 3125 natum
1944 3079 2080 3125 tem-

2196 1876 2537 1953 repulsionis,
2572 1877 2646 1931 ita
2670 1875 2759 1931 isti
2796 1874 3001 1945 absque
3026 1887 3123 1944 spe
3144 1870 3310 1927 ullius
3338 1886 3435 1943 per
3457 1868 3785 1926 miserier

2195 1968 2341 2024 diam
2365 1968 2815 2040 recuperationi‘s.

2264 2059 2353 2115 52.
2387 2059 2513 2116 Haec
2537 2060 2604 2116 de
2624 2059 2999 2116 inetl’abilitate
3024 2066 3187 2115 tanta:
3208 2055 3785 2129 incomprehensibili-

2194 2154 2320 2209 tatis
2360 2160 2534 2219 tanto,
2584 2161 2646 2207 ut
2693 2166 2907 2219 vereor,
2934 2151 3265 2223 petulantius
3288 2192 3303 2216 ,
3334 2160 3539 2221 quanto
3566 2146 3785 2219 simpli-

2192 2245 2308 2300 cius
2338 2259 2444 2299 non
2498 2243 2829 2309 discutienti,
2881 2243 2975 2299 sed
3005 2251 3183 2299 tamen
3210 2241 3490 2313 cogitanti,
3524 2241 3777 2313 ignosce,

2192 2334 2381 2400 lector,
2408 2350 2611 2405 quaeso,
2642 2334 2859 2404 ignosce
2889 2333 3020 2389 mihi
3046 2350 3061 2400 ;
3092 2348 3269 2389 caecus
3305 2333 3450 2387 enim
3497 2331 3630 2398 illis,
3658 2331 3784 2402 qni-

2192 2426 2291 2481 bus
2316 2426 2440 2480 talia
2467 2426 2766 2480 debuerant
2791 2423 3148 2489 considerari,
3181 2423 3353 2488 idest,
3381 2421 3559 2477 beatis
3589 2420 3781 2476 mundi

2190 2518 2372 2572 cordis
2396 2515 2587 2584 oculis,
2626 2531 2730 2570 non
2760 2514 2990 2570 videndo
3015 2516 3201 2579 miser,
3250 2513 3344 2569 sed
3375 2513 3645 2583 palpando
3675 2513 3781 2567 ista

2187 2608 2519 2679 perstrinxi;
2545 2620 2599 2663 et
2621 2608 2777 2663 sicuti
2802 2623 2947 2662 careo
2970 2623 3074 2662 non
3097 2607 3212 2663 visa
3238 2607 3518 2677 cupientes
3548 2604 3779 2669 referre,

2190 2700 2475 2770 nequimus
2504 2699 2605 2755 nisi
2632 2699 2871 2755 adhibita
2926 2699 3281 2754 similitudine
3318 2698 3550 2770 quadam
3581 2712 3777 2752 eorum

2189 2808 2309 2864 quae
2333 2793 2506 2858 vidit;
2556 2791 2630 2846 ita
2675 2800 2729 2848 et
2753 2807 2853 2863 ego
2887 2791 3136 2863 indigens
3166 2790 3402 2860 propriis
3440 2786 3618 2859 (l79),
3655 2803 3783 2857 qua:

2186 2885 2373 2954 utique
2399 2885 2452 2939 in
2483 2884 2591 2939 Deo
2617 2883 2763 2937 nulla
2796 2884 2849 2937 in
2876 2881 2977 2939 hac
3024 2882 3176 2943 nobis
3204 2890 3502 2938 occurrunt
3531 2881 3783 2936 mortali-

2190 2975 2317 3031 tatis
2371 2974 2692 3039 colluvione,
2738 2991 2835 3045 per
2872 2974 3117 3044 quaedam
3160 2974 3342 3043 captui
3390 2986 3511 3028 meo
3561 2971 3775 3031 facilia,

2184 3082 2292 3121 non
2320 3075 2501 3126 tamen
2547 3081 2576 3119 a
2617 3064 2916 3136 Scriptura:
2942 3074 3143 3122 sanctae
3174 3064 3499 3119 auctoritate
3549 3062 3783 3133 penitus

495 3155 775 3224 poraliter.
816 3155 891 3212 De
921 3157 1126 3228 Spiritu
1170 3170 1361 3216 sancto
1404 3171 1585 3218 autem
1610 3171 1931 3232 conceptum
1957 3177 2078 3217 cum
2108 3165 2152 3228 C
2185 3165 2443 3213 extranea
2471 3157 2801 3221 conducens,
2850 3156 3225 3215 ratiocinaudo
3254 3156 3494 3211 animum
3530 3154 3772 3209 interro-

497 3245 685 3310 audio,
740 3263 848 3303 non
897 3246 1157 3318 Spiritum
1208 3261 1454 3306 sanctum
1480 3261 1691 3322 patrem
1722 3252 1887 3307 alium
1921 3252 2082 3307 intel-

490 3335 602 3406 ligo
626 3377 641 3399 ,
692 3337 785 3392 sed
811 3340 993 3407 credo,
1018 3341 1142 3411 quia
1184 3342 1236 3397 in
1261 3344 1424 3399 corde
1451 3343 1631 3400 Patris
1677 3361 1903 3401 manens
1924 3356 2081 3401 teter-

492 3428 693 3484 naliter
718 3427 970 3495 Verbum,
1004 3433 1219 3504 quando
1247 3436 1416 3491 voluit
1453 3452 1546 3491 sua
1578 3436 1866 3510 Patrisque
1894 3438 2081 3494 volun-

491 3528 604 3575 tate
628 3520 699 3574 ita
730 3522 895 3577 exivit
915 3539 943 3577 a
967 3523 1149 3591 Patre,
1179 3534 1234 3581 et
1257 3528 1402 3583 venit
1428 3527 1481 3583 in
1515 3529 1794 3595 mundttm,
1823 3538 1882 3585 ut
1906 3546 2081 3600 neque

492 3608 715 3669 Patrem
740 3629 914 3686 neque
943 3616 1114 3687 ipsum
1146 3619 1474 3689 relinqueret
1500 3621 1730 3687 coelum;
1762 3637 1858 3691 per
1880 3637 2078 3691 corpus

491 3708 640 3772 quod
666 3715 777 3761 tota
817 3708 977 3763 simul
1005 3709 1244 3765 Trinitas
1266 3711 1319 3765 in
1347 3722 1502 3771 utero
1530 3712 1721 3767 matris
1750 3712 1985 3783 Virginis
2011 3726 2072 3766 ex

496 3793 801 3849 substantia
829 3794 1071 3866 ejusdem
1108 3799 1298 3852 matris
1334 3814 1549 3869 semper
1579 3799 1818 3868 Virginis
1855 3807 2079 3869 operata

498 3895 605 3952 est,
637 3886 846 3943 visibile
874 3888 1184 3949 hominibus
1213 3889 1438 3944 factum.
1478 3890 1687 3945 Etcum
1711 3891 1871 3945 audio
1901 3909 1913 3943 :
1955 3889 2082 3944 Ver-

497 3978 623 4031 bum
661 3994 784 4031 caro
814 3978 1011 4048 factum
1043 3990 1116 4035 est
1138 3981 1317 4052 (Joan.
1351 3996 1387 4047 ι,
1421 3982 1534 4051 14),
1565 3998 1671 4037 non
1704 3982 1872 4038 Deum
1905 3982 1959 4036 in
1988 3983 2080 4037 ho-

497 4067 701 4123 ninem
724 4082 1065 4132 conversum,
1094 4070 1187 4126 sed
1213 4079 1465 4127 manente
1488 4071 1943 4127 incommutabilis
1969 4071 2081 4127 dei-

493 4157 627 4214 tati‘s
678 4159 997 4225 substantia,
1052 4162 1126 4216 ita
1158 4161 1393 4218 Verbum
1442 4161 1543 4217 sibi
1592 4163 1868 4218 hominem
1894 4163 2079 4217 nuisse

495 4248 782 4311 conﬁteor.
831 4260 891 4305 ut
939 4251 1079 4307 sicut
1131 4266 1195 4306 ex
1243 4267 1472 4322 corpore
1510 4260 1567 4307 et
1612 4254 1794 4308 anima
1829 4251 2080 4309 rationali

492 4356 642 4397 unus
666 4350 749 4397 est
772 4343 954 4409 homo,
997 4343 1068 4398 ita
1093 4358 1158 4399 ex
1191 4343 1409 4401 homine
1444 4353 1497 4400 et
1519 4345 1631 4400 Deo
1656 4362 1794 4403 unus
1822 4347 1895 4402 sit
1922 4346 2079 4404 Jesns

496 4432 768 4502 Christus,
833 4450 939 4491 non
988 4436 1341 4506 compositus,
1391 4435 1484 4492 sed
1537 4436 1876 4494 ineﬁ‘abiliter
1921 4440 2076 4511 103

490 4524 831 4594 perexistens
854 4536 1031 4582 natus.
1059 4526 1285 4583 Passum
1315 4543 1465 4596 vero,
1498 4538 1791 4596 mortuum,

491 4623 634 4682 tum,
682 4616 877 4687 dieque
925 4618 1080 4673 tertia
1115 4619 1503 4686 resurrexisse,
1554 4620 1832 4691 ctelosque
1886 4636 2077 4677 ascen-

492 4704 641 4761 disse
669 4719 797 4761 cnm
823 4707 985 4762 audio
1003 4749 1018 4774 ,
1050 4722 1227 4778 neque
1261 4708 1482 4763 Christo
1507 4709 1852 4776 divisionem,
1903 4725 2079 4780 neque

496 4797 613 4854 Deo
637 4798 1047 4869 passibilitatem
1073 4799 1324 4865 ascribo;
1351 4799 1445 4855 sed
1475 4801 1614 4855 sicut
1641 4801 1821 4865 homo,
1855 4802 1946 4870 qui
1976 4802 2079 4855 uti-

497 4904 605 4959 que
629 4905 763 4948 caro
778 4892 1027 4947 etanima
1056 4900 1172 4956 est,
1200 4890 1524 4947 interfectus
1552 4892 1752 4947 dicitur
1778 4891 1846 4947 ab
1873 4891 2079 4962 aliquo,

492 4997 619 5038 cum
640 4983 828 5055 utique
862 4984 1041 5040 anima
1070 4983 1351 5039 rationalis
1378 4992 1610 5039 mortem
1660 4999 1768 5039 non
1809 4984 2036 5055 recipiat
2061 5002 2077 5047 ;

494 5072 573 5126 ita
601 5072 775 5130 Deum
801 5074 857 5129 in
903 5074 1126 5131 homine
1152 5089 1314 5146 quem
1339 5074 1649 5145 assumpsit,
1672 5074 1744 5128 'ea
1769 5073 1948 5130 omnia
1980 5074 2081 5127 im-

570 5206 719 5281 (178)
751 5209 944 5267 Vocem
970 5213 1305 5281 sapientiam,
1335 5225 1455 5281 quae
1479 5209 1533 5281 in
1561 5209 1702 5280 vulg.
1732 5208 1941 5272 deerat,
1962 5224 2090 5277 sup-

490 5273 770 5332 nlevim'ns
806 5296 873 5332 ex
914 5273 1073 5334 simili
1113 5282 1237 5334 ﬁdei
1280 5273 1636 5336 professione.
1653 5273 1841 5338 vanam
1899 5273 2089 5336 auctor

2181 3250 2326 3321 gari,
2354 3249 2487 3319 quid
2513 3250 2579 3302 de
2605 3248 2714 3303 Deo
2733 3248 2957 3319 ejusque
2980 3255 3229 3302 creatura
3250 3245 3497 3310 sentiret,
3530 3244 3785 3314 experiri

2181 3342 2433 3397 videlicet
2462 3341 2721 3411 gestiens,
2769 3349 2951 3395 utrum
3008 3338 3168 3410 (alias
3221 3353 3353 3393 sane
3404 3336 3777 3408 plurimorum

2182 3433 2539 3489 mstimatione
2600 3430 2991 3501 vituperabilis,
3045 3431 3151 3488 mei
3210 3430 3381 3500 ipsius
3418 3427 3777 3497 damnabilis)

2182 3540 2251 3579 ne
2281 3533 2337 3578 ct
2380 3524 2434 3578 in
2466 3522 2766 3577 assertione
2788 3521 2929 3575 'ﬁdei
2961 3520 3189 3575 inveniri
3222 3519 3459 3575 valerem
3492 3520 3779 3575 catholica:

2182 3612 2484 3683 culpabilis,
2514 3621 2569 3666 et
2598 3612 2717 3666 ideo
2735 3610 2857 3679 jure
2876 3610 3223 3680 expellendus
3255 3624 3284 3663 a
3317 3610 3614 3665 commisso
3641 3606 3776 3662 mihi

2184 3703 2493 3774 praesulatu,
2545 3702 2647 3756 boc
2681 3712 2767 3755 est
2822 3700 3076 3756 Ecclesiae
3108 3698 3457 3765 Veronensis,
3507 3698 3553 3753 si
3587 3706 3775 3753 tamen

2182 3795 2515 3851 decrevisset
2540 3792 2837 3850 auctoritas
2884 3792 3098 3848 concilii
3129 3791 3484 3856 universalis;
3547 3805 3779 3859 respon-

2184 3899 2331 3962 dere,
2361 3896 2730 3953 ineﬁ'abilitate
2753 3896 2828 3952 rei
2847 3894 3190 3963 novitateque
3206 3891 3541 3963 probationis
3554 3906 3776 3962 permo-

2193 4009 2277 4055 tus
2310 3999 2457 4070 (180)
2486 4010 2665 4054 tamen
2696 4013 2801 4054 non
2830 3996 3056 4062 distulit,
3073 3995 3285 4050 valente
3308 3995 3415 4049 Deo
3440 4008 3542 4065 per
3564 3993 3778 4064 sapien-

2187 4104 2315 4158 tiam
2344 4102 2512 4173 ipsius
2534 4100 2713 4156 omnia
2746 4108 2949 4155 creata.
2978 4097 3133 4165 Quod
3173 4110 3495 4166 responsum
3522 4109 3650 4150 cum
3684 4107 3774 4156 ea,

2185 4221 2347 4275 quam
2396 4202 2678 4259 Athanasii
2726 4201 2985 4264 dicimus,
3037 4197 3239 4253 Nicmni
3286 4210 3505 4268 quoque
3553 4193 3775 4250 concilii

2185 4304 2309 4370 ﬁde,
2346 4302 2505 4375 ιοά,
2531 4318 2653 4357 cum
2681 4300 2904 4356 ariditas
2949 4296 3202 4369 ingenioli
3253 4294 3511 4349 vitiorum
3544 4292 3774 4362 pulvere

2183 4405 2411 4477 Squalidi
2441 4403 2781 4467 contulisset,
2831 4398 3075 4470 nihilque
3092 4396 3381 4454 dissentire
3409 4395 3563 4466 (181)
3594 4393 3668 4448 ab
3695 4393 3777 4447 eis

1824 4492 1879 4586 ξι
1906 4492 2076 4601 εἴ,ιῖἦῖ
2104 4521 2154 4581 D
2183 4507 2462 4579 percipere
2488 4503 2776 4568 valuisset;
2811 4515 2976 4556 ausus
3006 4514 3126 4555 sum
3156 4492 3262 4553 non
3304 4495 3651 4553 defendentis
3676 4496 3775 4551 ob-

2179 4606 2493 4672 stinatione,
2530 4602 2624 4658 sed
2650 4601 2924 4657 invenisse
2953 4614 3039 4655 me
3066 4598 3291 4669 quaesita
3316 4596 3593 4652 credentis
3616 4610 3777 4652 secu-

2180 4699 2362 4763 ritate,
2384 4694 2705 4751 creatricem
2736 4702 2791 4748 et
2820 4692 3255 4763 gubernatricem
3300 4690 3547 4747 omnium
3587 4688 3774 4744 Trini-

2183 4790 2312 4844 tatis
2336 4788 2624 4851 unitatem,
2655 4787 2879 4840 unitatis
2908 4784 3230 4839 Trinitatem
3261 4782 3425 4839 corde
3453 4783 3681 4837 credere
3706 4782 3774 4836 ad

2182 4881 2467 4948 justitiam,
2504 4888 2560 4934 et
2603 4893 2699 4935 ore
2724 4878 2970 4934 conﬁteri
3009 4877 3075 4932 ad
3108 4876 3334 4934 salutem
3365 4875 3540 4948 (Rom.
3567 4891 3625 4939 κ,
3660 4875 3772 4943 l0).

2183 4973 2403 5029 Gaudeo
2426 4971 2609 5042 igitur,
2636 4972 2682 5026 si
2708 4985 2812 5026 non
2835 4984 2993 5036 erro;
3021 4970 3104 5025 sin
3131 4985 3262 5025 vero
3290 4977 3496 5035 autem,
3527 4967 3774 5022 charita-

2185 5067 2301 5123 tive
2333 5063 2653 5137 reprehendi
2685 5063 3012 5120 omnimodis
3038 5063 3307 5119 desidero.

2228 5213 2532 5276 robationis,
2570 5227 2672 5267 non
2702 5211 2899 5266 distulit
2950 5219 3123 5280 tamen
3170 5208 3497 5280 respondere,
3547 5207 3774 5269 valente,

2190 5278 2243 5338 id
2266 5293 2348 5338 est
2370 5282 2612 5340 iuvante.
2648 5281 2778 5340 Deo.
2812 5292 2919 5335 etc.
2959 5279 3145 5334 Valere
3169 5278 3312 5333 enim
3344 5294 3442 5340 pro
3461 5278 3653 5340 juuare
3680 5292 3773 5331 ac-
