4018 5406
1187 298 1758 368 ιδιιι-ειορυιοιιυιι
1797 299 1974 355 LIBRI
2016 299 2169 356 SEX.
2194 331 2264 340 —
2291 300 2418 356 LIB.
2461 303 2546 357 IV.

3361 313 3432 369 25

3433 313 3467 366 0

1115 449 3465 476 mw

1062 556 1522 645 INCIPIT
1592 556 1950 643 LIBER
2021 557 2604 662 QUARTUS.

266 797 318 850 1.
369 794 523 850 Solet
590 793 762 848 fessus
813 791 1128 862 plerumque
1185 792 1392 854 viator,
1454 792 1615 845 unius
1670 790 1774 844 diei
1805 797 1851 852 Α
1882 791 1964 845 lus
2008 799 2184 860 potest
2210 807 2288 844 va:
2335 791 2386 844 in
2416 808 2543 861 euge
2572 802 2910 860 convertere,
2963 813 3069 854 non
3120 800 3227 857 illic
3259 803 3467 861 scilicet
3521 821 3534 832 '

193 886 409 941 etiamsi
470 883 647 937 valeat
702 882 893 936 confici
943 882 1066 945 iter,
1117 882 1168 935 in
1208 880 1438 934 alterum
1485 882 1784 934 transferre

196 977 398 1047 [supple
440 974 638 1046 diem],
694 989 757 1028 ne
788 989 906 1028 sera
938 973 1141 1028 scilicet
1203 974 1417 1039 adeptio
1444 973 1654 1041 copiam
1686 972 1783 1026 de-

193 1077 350 1136 neget
386 1065 702 1135 quiescendi
734 1063 955 1117 lassate.
1003 1064 1300 1118 Consuevit
1329 1072 1382 1116 et
1431 1073 1591 1116 nauta
1626 1063 1786 1116 indu-

193 1157 385 1219 strias,
425 1156 468 1209 si
496 1155 711 1224 quando
739 1164 929 1207 ventus
955 1152 1134 1207 ﬂando
1171 1154 1478 1207 contrarius
1507 1154 1783 1223 preprium

194 1246 495 1309 interdicit,
541 1244 856 1313 contiguum
882 1243 1164 1314 cujuslibet
1192 1243 1379 1297 insulae
1401 1253 1585 1312 petere
1612 1244 1780 1307 littus,

189 1352 297 1406 quo
347 1335 570 1404 scaphis
605 1335 835 1404 adeptis,
891 1351 957 1389 ne
1011 1335 1065 1388 in
1117 1335 1306 1406 syrtim
1360 1335 1511 1388 navis
1563 1335 1783 1398 incidat,

190 1444 405 1492 earum,
438 1437 499 1480 ut
547 1429 820 1497 quondam
853 1427 1069 1493 Paulus,
1103 1437 1286 1482 utatur
1331 1427 1612 1496 adjutoriis
1643 1428 1782 1497 (Act.

199 1538 350 1584 nrt,
385 1522 496 1590 17).
529 1520 682 1587 Quod
708 1530 872 1575 etnos
896 1519 1198 1590 exemplum
1223 1535 1328 1573 non
1353 1520 1632 1583 indecens,
1661 1534 1784 1588 pro-

188 1613 427 1681 positum
459 1611 609 1681 (182)
637 1611 797 1665 unius
817 1611 919 1665 diei
949 1626 1255 1666 sermonem
1285 1609 1580 1665 transferre
1607 1609 1786 1680 coegit

199 1705 252 1757 in
279 1703 542 1767 alterum,
588 1718 655 1758 ne
699 1703 889 1758 lectori
936 1703 1184 1758 videlicet
1228 1703 1454 1758 inferret
1503 1702 1785 1773 prolixitas

190 1793 502 1858 fastidium,
555 1809 690 1849 neve
719 1794 991 1849 contraria
1037 1795 1359 1864 quibusdam
1391 1794 1637 1859 dicturis,
1688 1793 1785 1848 ali-

186 1887 355 1956 quod,
375 1893 436 1938 ut
463 1883 683 1948 assolet,
712 1883 928 1938 all'erret
954 1883 1065 1954 ipsa
1097 1883 1440 1953 loquacitatis
1465 1882 1784 1953 importuni-

188 1984 271 2029 tas
295 1973 601 2045 periculum
644 1973 792 2043 (185)
826 1990 840 2028 :
871 1974 1029 2026 tertia
1071 1974 1215 2027 enim
1255 1973 1386 2026 hora
1440 1973 1546 2027 diei
1577 1971 1782 2043 Spiritu

190 2073 384 2119 sancto
411 2063 599 2126 amati,
651 2071 830 2117 musto
877 2063 1040 2117 etiam
1072 2079 1280 2118 summe
1313 2064 1511 2117 madidi
1546 2063 1682 2130 (Act.
1717 2079 1777 2127 ιι,

1885 883 2116 952 puniens
2137 883 2400 947 districte,
2433 899 2567 952 quos
2595 885 2682 939 hic
2711 888 2956 942 concedit
2980 893 3176 946 mutari
3215 894 3466 966 benigne.

1888 973 2004 1026 Dixi
2031 973 2286 1026 Ecclesia:
2326 972 2464 1027 ﬁlios
2501 981 2593 1027 aut
2624 989 2744 1029 esse
2774 976 2999 1032 clericos
3036 989 3090 1032 et
3141 986 3460 1050 monachos,

1887 1075 1978 1118 aut
2001 1063 2247 1126 famulos,
2272 1072 2364 1116 aut
2388 1062 2723 1119 laboratores
2749 1082 2935 1122 servos
2974 1078 3028 1122 et
3049 1069 3245 1125 liberos
3277 1074 3424 1145 (188)
3453 1093 3467 1140 ;

1887 1163 1979 1207 aut
2011 1152 2206 1206 milites
2237 1153 2424 1222 regni;
2460 1161 2661 1206 terram
2714 1153 2924 1210 Domini
2975 1159 3318 1215 commissam
3362 1173 3468 1216 tua:

1887 1257 1982 1295 rex
2013 1241 2314 1296 defensioni
2359 1260 2371 1293 :
2413 1241 2652 1296 redditus
2702 1259 2829 1297 vero
2866 1254 2958 1299 aut
2993 1244 3255 1317 [subaudi
3303 1252 3458 1322 esse]

1888 1334 2144 1388 Sanctmn
2181 1341 2491 1387 sanctorum
2517 1331 2726 1388 Domini
2770 1344 2825 1388 et
2866 1337 2933 1389 ad
2956 1337 3046 1406 jus
3067 1340 3340 1400 pertinere
3381 1357 3475 1396 sa-

1887 1423 2187 1486 cerdotum,
2225 1429 2319 1475 aut
2345 1437 2465 1476 esse
2494 1420 2637 1489 juris
2666 1423 2762 1486 tui,
2797 1432 2888 1477 aut
2918 1425 3216 1482 incolarum
3246 1431 3391 1502 pagi.

1953 1516 2009 1571 .5.
2043 1513 2167 1569 llazc
2203 1529 2332 1569 vero
2360 1523 2415 1568 et
2444 1522 2568 1568 ante
2595 1514 2871 1584 prailibavi
2911 1525 2967 1571 et
2993 1519 3150 1575 modo
3178 1523 3333 1577 retuli
3362 1564 3377 1587 ,
3411 1534 3471 1580 ut

1885 1611 2288 1681 deprehendere
2331 1615 2374 1668 si
2426 1627 2677 1682 possum,
2731 1621 2971 1683 satagam
3019 1631 3139 1685 qua:
3187 1618 3470 1684 dissensio,

1885 1705 2026 1772 quod
2061 1705 2339 1759 dissidium
2374 1705 2517 1758 inter
2565 1713 2617 1760 te
2669 1706 2841 1775 possit
2875 1721 2995 1762 esse
3031 1717 3086 1762 et
3122 1713 3469 1781 episcopum,

1885 1809 2006 1848 cum
2035 1803 2089 1848 tu
2119 1795 2261 1850 illius
2286 1794 2562 1860 defensor,
2593 1795 2680 1850 ille
2711 1805 2834 1852 tuus
2863 1812 2983 1853 esse
3032 1799 3228 1854 debeat
3249 1809 3432 1870 pastor
3457 1821 3470 1867 ;

1885 1883 1974 1939 ille
2013 1885 2108 1940 tibi
2161 1884 2432 1939 seminare
2470 1885 2800 1956 Spiritualia,
2853 1894 2907 1941 tu
2951 1887 3000 1942 ei
3048 1889 3382 1956 ministrare,
3423 1901 3478 1947 et

1884 1973 2069 2042 utique
2095 1988 2161 2027 ex
2193 1981 2283 2027 tuo
2304 1989 2408 2027 non
2436 1988 2501 2027 ex
2531 1989 2651 2038 suo,
2675 1974 2870 2030 debeas
2897 1975 3134 2031 carnalia
3162 1995 3175 2042 ;
3208 1979 3286 2034 sic
3318 1981 3465 2033 enim

1887 2076 2024 2114 unus
2070 2078 2257 2116 eorum
2297 2071 2352 2117 et
2395 2063 2706 2132 expressius
2745 2064 2910 2119 dicit:
2937 2065 2998 2120 Si
3027 2084 3120 2121 nos
3148 2069 3289 2122 vobis
3315 2070 3474 2139 spiri-

189 2159 302 2226 15),
336 2158 504 2212 etiam
532 2157 634 2226 ipsi
662 2157 981 2211 dicebantur
1012 2156 1244 2225 theologi
1273 2155 1351 2226 [id
1392 2141 1468 2209 est
1500 2154 1777 2225 apostoli],
1814 2141 1854 2198 Β
1883 2149 2051 2203 tualia
2089 2151 2478 2214 seminavimus,
2522 2168 2766 2222 magnum
2816 2165 2889 2208 est
2937 2157 2982 2208 si
3023 2166 3194 2210 vestra
3237 2160 3476 2214 carnalia

186 2251 384 2306 nedum
428 2264 527 2305 nos
557 2249 670 2306 sole
695 2250 978 2305 occidente
1007 2249 1271 2319 quidlibet
1300 2250 1480 2304 sobrie
1505 2249 1779 2319 judicare-

183 2355 308 2395 mur
335 2340 509 2412 loqui.
1103 2378 1122 2404 ο

252 2433 308 2486 Ξ.
339 2432 636 2501 Postquam
669 2431 834 2502 igitur
863 2432 1078 2500 negotio
1107 2475 1118 2496 ,
1173 2434 1316 2502 quod
1358 2449 1417 2487 se
1462 2432 1782 2488 simulacro-

193 2540 309 2576 rum
343 2523 494 2594 (184)
543 2524 657 2577 sive
685 2523 920 2592 pastoris
947 2532 1002 2576 ct
1034 2524 1156 2578 idoli
1199 2541 1360 2578 causa
1392 2525 1534 2578 ultro
1560 2525 1776 2590 obtulit,

181 2611 590 2676 satisfaciendo,
639 2613 854 2683 paulqu
880 2631 910 2666 ιι
965 2615 1133 2684 qui-.1,
1187 2623 1247 2668 ut
1308 2615 1545 2682 videtur,
1606 2617 1778 2671 otiose

177 2704 634 2768 exorbitavimus,
684 2705 952 2773 siquidem
1005 2720 1103 2760 nec
1127 2707 1478 2776 congruentia
1511 2707 1778 2762 omnimo-

183 2794 265 2849 dis
293 2797 540 2865 quzedam
575 2795 878 2860 retulimus,
913 2805 967 2850 et
991 2798 1226 2866 aliquem
1270 2813 1368 2852 nos
1406 2797 1544 2852 forte
1574 2798 1778 2854 laesisse

185 2886 436 2942 timemus
467 2906 480 2941 :
513 2904 661 2942 nunc
694 2888 762 2942 ad
815 2889 1174 2957 indagandum
1205 2891 1335 2960 quid
1382 2891 1596 2956 moliri,
1648 2893 1776 2961 quid

184 2978 332 3049 (185)
363 2988 557 3033 contra
604 2987 656 3033 te
681 2980 881 3034 sentire
907 2980 1098 3034 debeat
1145 2990 1238 3034 aut
1267 2981 1440 3036 valeat
1471 2970 1816 3052 episcopus,’

182 3078 240 3122 nt
269 3069 554 3138 coepimus,
602 3085 971 3138 properemus.
1011 3070 1116 3124 Sed
1145 3071 1272 3140 quia
1307 3072 1467 3141 paulo
1496 3072 1776 3127 verbosius

182 3159 333 3214 (ια’υεί
364 3176 569 3223 sumus,
597 3161 712 3229 ipsa
743 3160 795 3214 in
821 3160 1068 3216 ordinem
1100 3169 1158 3215 ut
1185 3159 1429 3216 confecta
1455 3172 1582 3217 sunt
1611 3163 1775 3217 redu-

180 3268 388 3306 camus.
440 3252 593 3318 Dixi,
649 3253 752 3307 nisi
802 3252 990 3318 fallor,
1029 3254 1311 3324 episcopos
1351 3270 1379 3308 a
1411 3255 1520 3309 Deo
1547 3255 1682 3319 solo,
1717 3265 1776 3308 ut

181 3362 355 3416 reges,
389 3355 442 3400 et
481 3347 832 3415 pnes-lautius
863 3347 1033 3402 multo
1059 3363 1220 3416 quam
1253 3363 1427 3418 rcges,
1461 3347 1584 3416 quia
1609 3357 1664 3402 et
1691 3364 1776 3402 re-

183 3450 272 3500 ges
301 3435 371 3488 ab
417 3435 688 3504 episcopis
736 3436 992 3502 instituti,
1041 3439 1276 3507 episcopi
1316 3453 1495 3492 veroa
1529 3439 1765 3507 regibus,

1885 2252 2138 2294 metamus
2171 2240 2222 2311 (1
2249 2239 2370 2295 Cor.
2403 2259 2480 2306 Ix,
2519 2244 2645 2313 1-1);
2677 2244 2764 2299 ille
2789 2255 2838 2299 te
2867 2247 3207 2314 benedicere,
3246 2258 3298 2302 tu
3349 2266 3472 2304 eum

1885 2333 2050 2388 debes
2076 2333 2382 2400 honorare;
2425 2343 2700 2406 postremo
2749 2346 2927 2392 vestra
2967 2339 3126 2392 etiam
3163 2341 3472 2411 temporalia

1884 2423 1957 2476 ita
1999 2437 2028 2475 a
2062 2423 2170 2477 Deo
2199 2433 2324 2478 sunt
2362 2440 2570 2478 summa
2602 2425 3030 2494 mquilibratione
3053 2427 3246 2493 divisa,
3274 2439 3334 2483 ut
3374 2445 3474 2484 nec

1884 2522 1937 2565 tu
1993 2509 2130 2579 ejus,
2191 2514 2316 2582 quia
2364 2528 2468 2566 non
2513 2511 2657 2580 ejus,
2705 2515 2796 2568 sed
2847 2515 3055 2569 Domini
3098 2526 3240 2583 sunt,
3275 2517 3473 2575 debeas

1885 2605 2134 2659 invadere
2163 2605 2311 2676 (l89)
2343 2623 2356 2669 ;
2387 2605 2474 2659 ille
2507 2615 2593 2658 tua
2620 2622 2719 2661 nec
2749 2622 2963 2676 cupere,
2995 2610 3096 2663 nisi
3140 2619 3346 2665 tantum
3375 2627 3473 2682 pro

1883 2705 1984 2750 llltl)
2029 2695 2221 2750 animus
2257 2695 2450 2760 salute,
2498 2695 2569 2749 illi
2621 2697 2765 2749 enim
2807 2697 3040 2750 dicitur:
3073 2697 3195 2751 Non
3225 2716 3470 2769 quaeren-

1879 2797 1954 2842 tes
1979 2789 2160 2841 datum
2189 2789 2278 2841 sed
2318 2787 2547 2856 fructum
2581 2787 2802 2858 (Philip.
2835 2805 2888 2842 tv
2914 2830 2929 2854 ,
2978 2790 3102 2860 17);
3145 2791 3238 2845 tibi
3269 2801 3471 2859 autem,

1877 2893 1998 2933 cum
2018 2878 2156 2932 Deus
2180 2886 2414 2948 rogatur,
2439 2878 2652 2942 dicitur,
2677 2886 2729 2932 et
2751 2879 2954 2932 utinam
2977 2895 3082 2934 non
3103 2880 3455 2946 lnl’ructuose,

1878 2970 2146 3025 clamatur
2172 2989 2183 3022 :
2213 2971 2314 3035 Qui
2346 2969 2607 3031 dixerunt,
2634 2969 2938 3023 haereditate
2962 2971 3320 3038 possideamus
3350 2989 3473 3025 san-

1878 3060 2139 3112 ctuarium
2186 3058 2298 3121 Dei,
2345 3058 2485 3112 Deus
2533 3075 2696 3123 meus,
2733 3075 2866 3128 pone
2906 3058 3024 3113 illos
3053 3069 3105 3113 ut
3139 3070 3306 3113 rotam
3334 3071 3471 3126 ,elc.

1880 3151 2049 3222 (Psal.
2071 3152 2407 3222 Lxxxu,15);
2450 3159 2502 3206 et
2520 3169 2534 3206 :
2555 3149 2676 3204 Non
2692 3150 2930 3221 alligabis
2951 3169 3007 3206 os
3033 3153 3146 3207 bovi
3189 3154 3461 3208 trituranti

1879 3244 1929 3315 (1
1964 3243 2088 3298 Cor.
2113 3261 2191 3309 ιιι,
2217 3244 2292 3312 9).

1946 3337 1998 3389 4.
2035 3335 2146 3391 Vox
2168 3347 2347 3391 autem
2379 3337 2501 3392 boni
2525 3337 2760 3408 episcopi
2787 3340 2876 3394 illa
2908 3339 3067 3394 debet
3091 3341 3287 3410 saepius
3309 3356 3461 3398 esse:

1879 3426 2062 3480 Omnis
2103 3429 2281 3481 anima
2325 3430 2665 3496 potestatibus
2710 3430 3102 3502 sublimioribus
3141 3433 3349 3484 subdita
3401 3434 3470 3484 sit

187 3524 343 3594 105
371 3525 472 3579 etsi
499 3526 625 3596 eligi
658 3525 741 3579 vel
773 3527 987 3581 decerni
1016 3567 1031 3591 ,
1066 3544 1170 3581 non
1199 3528 1380 3583 valent
1427 3538 1605 3583 tamen
1630 3531 1773 3583 ordi-

1883 3516 2058 3586 (Rom.
2088 3533 2205 3581 un,
2237 3517 2284 3586 1)
2313 3535 2325 3582 ;
2351 3526 2405 3570 et
2431 3535 2442 3568 :
2474 3517 2692 3570 Reddite
2715 3536 2832 3588 qua:
2851 3531 2971 3572 sunt
2997 3520 3221 3572 Cmsaris
3245 3520 3466 3584 Cwsari,

181 3618 317 3678 nari,
354 3617 632 3673 institutos
661 3617 832 3688 (186).
863 3618 969 3673 Nec
995 3619 1196 3674 dixisse
1225 3633 1309 3672 me
1332 3621 1579 3688 paenitet,
1603 3635 1774 3689 quan-

183 3707 472 3776 doquidem
531 3717 587 3762 et
629 3708 745 3777 Ipse
793 3709 1155 3762 testimouimu
1193 3710 1462 3778 perhibet,
1493 3711 1581 3777 qui
1612 3709 1760 3762 solus

184 3798 293 3865 ipse
324 3798 423 3851 sibi
471 3797 843 3852 testimonium
872 3797 1013 3852 ferre
1053 3798 1223 3851 valet:
1281 3798 1395 3866 ipse
1425 3798 1569 3850 enim
1596 3797 1725 3850 dicit
1757 3815 1768 3849 :

183 3888 292 3960 Ego
321 3891 443 3944 misi
494 3904 583 3943 eos
630 3899 817 3943 metere
847 3888 1028 3960 (Joan.
1059 3905 1133 3952 ιν,
1177 3889 1306 3958 58);
1359 3897 1415 3942 et
1440 3888 1605 3941 multa
1639 3889 1764 3941 hinc

184 3980 517 4044 testimonia,
570 3978 761 4041 multa,
821 3979 1058 4047 inquam,
1113 3989 1237 4032 sunt
1286 3987 1341 4032 et
1397 3978 1622 4030 intiuila.
1681 3978 1773 4031 Vae

181 4079 355 4123 autem
371 4070 764 4140 usurpantibus
790 4068 1005 4140 [scilicet
1024 4068 1419 4140 episcopatum]
1440 4085 1542 4122 non
1569 4068 1768 4137 jussis;

182 4159 457 4226 permissis
497 4173 607 4211 non
654 4157 876 4211 missis:
917 4174 995 4212 va)
1038 4159 1122 4213 his
1172 4159 1238 4212 de
1282 4159 1477 4227 quibus
1530 4157 1769 4211 dicitur:

185 4243 545 4315 Regnaverant
575 4262 721 4315 reges
745 4254 794 4298 et
818 4262 920 4299 non
948 4263 1012 4300 ea:
1043 4264 1144 4312 me,
1173 4249 1435 4317 principes
1463 4249 1771 4301 exstiterunt

182 4346 222 4386 et
264 4336 502 4404 ignoravi
555 4335 701 4407 (Ose.
735 4351 853 4400 vm,
906 4337 982 4405 4).
1035 4335 1124 4391 Va:
1165 4337 1380 4391 aliunde
1426 4338 1768 4392 ascendenti-

182 4425 293 4489 bus,
322 4435 374 4480 et
405 4443 513 4482 non
536 4443 635 4497 per
655 4427 853 4482 ostium
880 4427 1204 4482 intrantibus
1226 4427 1405 4500 (Joan.
1434 4445 1490 4494 ιι,
1522 4429 1572 4499 1)
1598 4429 1767 4498 (187).

185 4514 332 4570 l'nde
355 4531 450 4571 eos
481 4515 680 4572 liberet
712 4515 907 4570 Pastor
942 4517 1132 4582 bonus,
1167 4517 1258 4587 qui
1284 4517 1650 4571 cunetivalens
1679 4533 1770 4572 so-

247 4655 393 4728 (18‘2)
433 4656 589 4728 Vulg.
617 4658 664 4710 si
703 4657 1046 4726 propositam.
1101 4655 1403 4711 Delevimus
1452 4655 1769 4726 particulam

178 4727 395 4787 si,'cum
428 4727 688 4789 abundet,
718 4743 1046 4796 sensumque
1081 4728 1394 4795 suspendat.

243 4797 389 4868 (185)
415 4797 684 4852 Coustruc
714 4815 727 4849 :
764 4796 908 4850 Neve
929 4798 1296 4868 importunitas
1337 4797 1448 4864 ipsa
1479 4797 1769 4868 loquacita-

1875 3618 1921 3661 et
1948 3621 2064 3677 qnte
2105 3618 2224 3660 sunt
2259 3608 2350 3661 Dei
2385 3607 2492 3660 Deo
2527 3608 2739 3677 (Matth.
2775 3624 2912 3672 nn,
2959 3610 3092 3678 21);
3126 3619 3217 3664 et:
3247 3610 3459 3664 Reddite

1876 3699 2113 3752 omnibus
2155 3699 2349 3761 debita,
2380 3700 2464 3750 cui
2500 3699 2754 3751 tributum
2785 3699 3037 3751 tributum
3063 3739 3078 3761 ,
3129 3700 3214 3752 cui
3254 3700 3468 3770 vectigal

1875 3790 2092 3857 vectigal
2113 3787 2288 3855 (Ποιη.
2313 3804 2430 3851 xm,
2457 3788 2543 3858 7);
2569 3798 2620 3842 et
2646 3807 2658 3841 :
2688 3789 2809 3842 Non
2836 3798 2908 3842 est
2928 3799 3153 3857 potestas
3179 3790 3280 3842 nisi
3303 3807 3333 3842 a
3360 3791 3468 3844 Deo

1876 3884 2061 3954 (ΗΜΛ,
2096 3885 2148 3955 1)
2174 3901 2187 3949 ;
2225 3894 2278 3937 et
2306 3903 2316 3937 :
2342 3884 2556 3938 Obedite
2580 3886 2871 3954 pra'positis
2907 3886 3086 3938 vestris
3116 3895 3162 3938 et
3201 3884 3468 3954 subjace:e

1874 3979 1948 4031 eis
1979 3975 2164 4045 (Hebr.
2215 3993 2331 4039 xm,
2374 3977 2477 4046 l7).
2521 3977 2585 4030 Et
2626 3977 2766 4047 quod
2817 3977 3033 4045 quidam
3085 3976 3466 4047 pulcherrime,
3510 4017 3521 4028 .

1877 4068 2219 4130 Obedientia,
2267 4067 2477 4136 inquit,
2520 4084 2636 4137 qua:
2685 4067 2975 4138 majoribus
3019 4066 3303 4136 praebetur,
3356 4065 3462 4118 Deo

1873 4158 2182 4222 exhibetur;
2214 4165 2374 4226 atque
2411 4166 2728 4211 cmterorum
2763 4157 3087 4228 liujusmodi.
3119 4158 3270 4225 Quod
3305 4158 3348 4211 si
3382 4157 3454 4210 nil

1873 4246 2016 4300 aliud
2048 4256 2235 4301 contra
2274 4256 2324 4299 te
2351 4248 2531 4308 sentit,
2563 4247 2839 4315 prtedieat,
2879 4255 2933 4299 et
2969 4248 3212 4316 pI‘IDCIle
3251 4248 3461 4314 episco-

1871 4351 1991 4405 pus,
2023 4351 2130 4390 non
2161 4337 2318 4390 modo
2347 4343 2398 4390 te
2437 4337 2538 4390 isto
2566 4336 2628 4407 [Ῑ.
2671 4335 2794 4407 iste]
2828 4334 3096 4390 olfendere
3117 4377 3132 4395 .
3165 4335 3256 4389 sed
3292 4334 3462 4388 multo

1873 4428 2066 4495 magis,
2095 4436 2278 4497 utpote
2300 4443 2396 4497 per
2427 4427 2486 4499 [Ι.
2511 4427 2631 4498 pro]
2673 4434 2724 4481 te
2756 4428 3013 4491 sentiens,
3045 4427 3200 4481 debet
3224 4427 3458 4496 placare.

1875 4515 1968 4571 Sin
2010 4533 2188 4586 secus,
2217 4519 2357 4587 quod
2386 4519 2548 4584 absit,
2579 4532 2680 4572 nec
2713 4517 2958 4588 praebere
2995 4518 3335 4587 patientiam,
3365 4517 3458 4572 sed

1907 4657 2091 4727 (187)
2145 4659 2392 4726 Sequens
2439 4657 2704 4712 sententia
2754 4657 3092 4726 deprecativa
3139 4669 3265 4722 est;
3310 4666 3460 4726 rogat

1874 4731 2018 4783 enim
2052 4770 2065 4791 ,
2102 4738 2156 4780 ιιι
2191 4745 2284 4783 eos
2315 4730 2404 4797 qui
2453 4728 2668 4780 aliunde
2713 4729 3088 4789 ascendentes,
3119 4737 3172 4782 et
3224 4745 3326 4782 non
3361 4743 3457 4796 per

1872 4802 2068 4877 ostium
2112 4800 2375 4877 intrantes
2403 4800 2770 4877 episcopatum
2803 4808 3128 4877 usurparunt
3175 4797 3456 4877 majus-si,

176 4865 240 4938 tis
261 4867 468 4935 afferret
505 4867 729 4937 aliquod
756 4867 1046 4938 periculum
1081 4867 1313 4938 [dicturis
1348 4865 1616 4921 contraria
1647 4870 1764 4938 qui-
1792 4868 1846 4926 D
1873 4887 1963 4924 nec
1989 4870 2154 4933 missi,
2188 4870 2239 4924 id
2267 4878 2368 4932 est,
2393 4870 2508 4922 sine
2554 4865 2836 4921 vocatione
2865 4865 2947 4938 et.‘
2967 4869 3218 4922 missione
3252 4865 3455 4938 divina,

176 4935 413 5002 busdam,
446 4935 753 5007 insignibus
806 4937 1011 5007 scilicet
1042 4937 1194 4999 viris,
1240 4951 1374 5004 quos
1422 4935 1760 5006 perstrinxit,

176 5019 237 5060 ac
266 5007 318 5077 in
342 5006 586 5073 sequenti
611 5021 834 5077 quoque
857 5006 994 5077 libro
1026 5007 1370 5077 perstringet.

244 5076 386 5146 (184)
408 5078 462 5133 In
491 5075 824 5149 praecedenti
867 5076 1002 5149 libro
1031 5092 1176 5132 num.
1340 5075 1624 5149 simulacra
1653 5078 1764 5145 ﬁxa

174 5145 587 5226 perstrinxerat,
612 5149 667 5202 id
697 5155 784 5201 est
809 5145 1232 5226 episcoposuqui
1265 5145 1432 5226 irrisui
1464 5147 1760 5226 subsidium

1872 4956 1989 5004 eos,
2021 4941 2260 5008 inquam,
2297 4941 2455 5002 unde,
2499 4939 2549 4992 id
2596 4948 2699 5004 est,
2749 4940 2816 4990 ab
2861 4937 2952 5008 illo
2981 4955 3057 4990 me
3103 4937 3458 4991 liberctDcus

1871 5022 2056 5079 pastor
2086 5007 2258 5064 borius
2281 5051 2295 5073 ,
2344 5011 2434 5078 qui
2467 5011 2611 5063 solus
2639 5007 2986 5079 cunctivalens
3016 5015 3194 5079 potest
3224 5024 3298 5079 ea:
3330 5020 3460 5079 con-

1870 5076 2082 5135 vertere
2107 5083 2158 5133 in
2193 5096 2320 5149 euge
2343 5076 2492 5143 {non
2523 5080 2629 5131 illic
2659 5078 2880 5149 scilicet,
2913 5077 2963 5149 id
2994 5078 3158 5149 estin
3191 5076 3293 5129 alia
3322 5076 3455 5149 vita,

1870 5151 2088 5226 puniens
2131 5146 2379 5226 distriete,
2415 5165 2540 5218 quos
2567 5151 2672 5212 hic,
2703 5147 2881 5226 seu'iu
2918 5146 3022 5223 hac
3052 5147 3180 5209 vita,
3220 5146 3456 5226 concedit
