4018 5406
555 303 657 358 251

1527 302 1854 360 unum"
1889 301 2103 360 ense.
2146 302 2401 361 venou.
2429 280 2593 364 opp.
2632 302 2810 363 rans
2846 278 2896 360 ιζ

3235 250 3249 264 .

3711 302 3811 358 25?.

560 414 788 470 delectat
826 412 1046 484 exsequi
1078 412 1404 480 vindictam;
1437 423 1521 469 est
1543 415 1686 470 unde
1708 415 1782 468 illi
1809 413 1976 470 facias
1999 413 2138 484 inju-
2168 420 2212 476 Α
2243 417 2444 474 dictum
2475 436 2489 473 :
2527 418 2603 473 Tu
2629 420 2774 489 prior
2795 415 2987 487 (dicas)
3012 414 3311 484 iniquitates
3341 421 3459 468 tuas
3479 455 3493 479 ,
3540 423 3597 467 ut
3619 413 3814 482 justiﬁ-

557 507 728 571 riam,
785 515 840 560 et
893 507 986 561 tibi
1040 515 1148 561 tam
1195 521 1412 577 gravem
1472 521 1576 561 non
1631 507 1922 562 contrahas
1979 507 2139 578 106

559 603 778 649 nexam.
811 594 1022 650 Habent
1069 594 1335 670 (subaudi!
1381 594 1638 667 episcopi]
1663 604 1957 651 conventus
2000 597 2138 650 inter

558 704 618 743 se
648 687 946 757 generales,
977 689 1208 760 synodos
1227 689 1582 754 universales,
1609 706 1845 746 canones
1865 691 2136 760 antiquos,

561 780 794 836 concilia
838 782 1128 851 descripta,
1160 791 1469 836 sanctorum
1499 783 1714 838 decreta
1745 784 1985 849 Patrum,
2015 800 2138 839 san—

560 869 769 924 ctiones
795 869 1127 924 diversorum
1155 871 1488 940 pontiﬁcum.
1522 872 1661 927 Nihil
1693 883 1775 929 est
1802 875 1943 944 quod
1973 875 2142 943 possit

561 955 705 1012 inter
731 973 826 1014 eos
871 959 1206 1029 contingere,
1257 961 1398 1014 unde
1441 961 1718 1030 proprium
1767 963 1908 1017 inter
1946 977 2006 1017 se
2033 978 2139 1017 non

560 1050 768 1119 possint
784 1048 1041 1117 judicium
1068 1051 1330 1105 invenire.
1353 1051 1637 1107 Postremo
1656 1062 1734 1108 est
1754 1053 1908 1108 sedes
1929 1053 2142 1108 univer-

560 1137 710 1201 salis,
741 1137 1075 1209 principalis,
1105 1141 1369 1210 capitalis,
1400 1142 1528 1211 quia
1574 1144 1707 1214 ipsis
1743 1145 2012 1214 capitibus
2036 1146 2139 1200 Ec-

557 1228 735 1282 clesia:
770 1229 1018 1299 insignis,
1070 1231 1290 1296 nutrix,
1337 1242 1543 1297 mater,
1583 1233 1749 1304 judex
1794 1245 1850 1289 et
1883 1237 2143 1306 magistra

556 1316 820 1372 omnium.
850 1316 907 1372 Si
934 1319 1061 1388 quid
1085 1332 1272 1377 contra
1303 1337 1415 1378 rem
1450 1335 1632 1378 actum
1663 1326 1733 1380 ab
1760 1324 1941 1395 aliquo
1970 1325 2050 1379 vel
2088 1325 2140 1379 in

559 1405 741 1475 aliquo
765 1415 849 1462 est
874 1407 1066 1463 borum
1092 1425 1107 1475 ;
1138 1410 1190 1465 in
1223 1427 1285 1466 ea
1311 1413 1562 1482 judicari,
1591 1415 1894 1470 examinari
1922 1457 1936 1482 ,
1963 1416 2047 1470 vel
2077 1416 2148 1470 le-

559 1497 663 1565 gali
689 1507 870 1568 potest
893 1501 1173 1556 sanctione
1201 1505 1378 1573 puniri
1407 1505 1576 1575 (l90).
1619 1506 1725 1562 llos
1748 1523 1878 1578 ergo
1903 1508 2142 1574 consule,

561 1589 628 1643 ad
665 1589 786 1645 illos
816 1606 929 1646 rem
959 1591 1145 1659 defer,
1193 1593 1300 1648 illis
1341 1610 1562 1651 causam
1596 1598 1895 1653 committe.
1923 1597 1978 1652 Si
2019 1599 2145 1668 quid

558 1694 846 1750 perperam
874 1690 1061 1737 contra
1091 1691 1143 1738 te
1167 1685 1437 1740 invenitur
1463 1696 1665 1754 actum,
1693 1687 1854 1743 crede
1883 1689 2036 1751 mihi,
2061 1688 2146 1741 di-

2240 511 2370 565 ceris
2398 508 2520 580 (Job
2551 525 2641 574 ιι,
2680 508 2736 579 3)
2765 526 2780 575 ;
2805 507 2949 578 juste
2973 548 2988 571 ,
3029 514 3086 560 ut
3129 514 3214 560 est
3240 505 3367 558 illttd
3394 523 3406 556 :
3435 503 3516 557 Ex
3543 519 3632 556 ore
3661 512 3748 556 tuo
3769 514 3815 557 te

2231 601 2438 669 judico,
2485 616 2629 653 serve
2669 613 2891 668 nequam
2929 595 3080 668 (Luc.
3132 610 3243 660 xu,
3284 593 3490 663 22).Et
3540 593 3632 646 hic
3677 593 3815 645 enim

2239 693 2390 762 quasi
2408 691 2712 746 cautionem
2728 686 3014 758 quamdam
3029 687 3170 740 inter
3192 693 3244 738 te
3257 692 3312 740 et
3327 685 3492 737 Deum
3513 680 3818 736 consideres

2239 781 2567 852 propositam
2592 797 2604 831 :
2626 778 2772 848 juste
2791 778 2934 832 enim
2960 791 3024 831 ex
3044 790 3139 831 ore
3159 789 3259 830 suo
3279 774 3505 842 quisque
3521 771 3817 840 judicatur:

2242 869 2666 925 misericorditer
2691 867 2847 937 107
2869 881 2998 920 vero
3021 864 3169 934 prior
3190 863 3502 931 iniquitates
3527 861 3717 915 dicens
3738 860 3820 929 ju-

2241 961 2523 1018 slilicatur.
2571 959 2709 1014 l-linc
2749 969 2835 1014 est
2876 956 3017 1026 quod
3049 955 3103 1010 in
3140 953 3336 1010 scholis
3369 951 3676 1024 huiusmodi
3722 967 3822 1004 nu-

2244 1053 2440 1107 triendi
2475 1052 2623 1122 (l9l)
2667 1058 2860 1120 sponte
2902 1046 3193 1104 commissa
3231 1044 3571 1107 conﬁtentes,
3611 1041 3823 1096 veniam

2243 1145 2403 1199 citius
2431 1150 2738 1208 merentur,
2770 1141 3075 1210 pertinaces
3099 1137 3188 1192 ditt
3213 1136 3378 1206 virgis
3405 1135 3706 1190 caeduntur.
3739 1131 3829 1186 Di-

2244 1235 2321 1288 cit
2348 1242 2528 1287 autem
2574 1232 2730 1300 hujus
2765 1229 3031 1285 cautionis
3054 1227 3266 1281 Veritas
3298 1225 3546 1280 ministra
3577 1241 3590 1276 :
3618 1221 3686 1276 In
3723 1237 3826 1292 qua

2245 1339 2489 1377 mensura
2517 1323 2681 1376 mensi
2725 1319 2951 1388 fueritis,
2981 1316 3276 1370 remetiatur
3296 1314 3436 1369 vobis
3480 1312 3698 1385 (Matth.
3732 1326 3827 1372 vlt,

2244 1413 2300 1482 ‘2)
2330 1431 2345 1469 :
2372 1412 2425 1468 id
2469 1420 2575 1476 est,
2609 1411 2654 1466 si
2679 1410 2849 1480 justa,
2892 1407 3077 1476 justa;
3127 1405 3168 1458 si
3221 1401 3580 1465 misericordi,
3619 1399 3830 1454 miseri-

2247 1503 2419 1568 cordi,
2467 1502 2560 1556 ubi
2591 1509 2647 1555 et
2673 1499 2939 1555 sententia
2984 1493 3211 1550 sollicite
3237 1491 3396 1548 debet
3436 1490 3527 1545 illa
3564 1488 3828 1560 pensari:

2250 1593 2484 1659 Quisine
2505 1599 2713 1659 peccato
2743 1597 2816 1642 est
2846 1595 3094 1648 vestrum,
3119 1585 3317 1653 primus
3335 1581 3392 1639 in
3415 1578 3562 1633 i-‘Iam
3593 1576 3825 1646 lapidem

2249 1683 2420 1736 mittat
2439 1679 2620 1752 (Joan.
2643 1695 2762 1744 vtu,
2778 1680 2853 1748 7).
2873 1677 3120 1734 Cavenda
3139 1674 3305 1728 etiam
3329 1679 3410 1726 est
3430 1666 3830 1722 Pharisaeorum

561 1769 754 1825 stricte
789 1770 1152 1827 vindicabitur
1189 1771 1397 1844 judicio
1442 1790 1754 1840 canonum;
1808 1792 1931 1830 nam
1981 1775 2146 1830 alium
2177 1786 2223 1846 Β
2251 1775 2503 1836 imitatio,
2530 1772 2621 1842 qui
2649 1769 3034 1834 observabant,
3075 1775 3132 1821 ut
3166 1769 3421 1834 caperent
3447 1757 3736 1814 Dominum
3780 1755 3831 1805 iu

561 1874 682 1915 esse
709 1860 936 1928 nullum,
980 1863 1072 1932 qui
1108 1879 1299 1920 manus
1331 1863 1581 1936 impune,
1625 1874 1681 1921 et
1715 1866 1831 1937 ipso
1863 1866 1972 1921 Deo
2000 1867 2139 1921 inta-

563 1961 672 2011 cto.
702 1953 874 2022 possit
902 1954 1194 2011 immittere
1235 1956 1288 2011 in
1334 1957 1514 2027 aliquo
1539 1957 1600 2030 [Ι.
1629 1957 1882 2030 aliquem]
1914 1959 2141 2025 borum;

565 2056 671 2097 non
712 2044 860 2100 vales
895 2045 1160 2112 invenire,
1198 2048 1412 2104 etiamsi
1444 2050 1636 2119 pennis
1664 2050 1838 2121 possis
1871 2050 2073 2105 volare.

635 2135 689 2189 5.
714 2135 794 2190 Tu
833 2135 970 2192 forte
997 2145 1208 2206 contra,
1259 2139 1524 2208 siquidem
1551 2141 1729 2196 ethoc
1761 2141 1846 2196 die
1873 2140 2050 2196 audivi
2069 2141 2148 2194 di-

564 2234 710 2279 ctum
739 2241 771 2280 a
805 2227 1038 2296 quodam
1077 2229 1355 2296 hesterna,
1387 2246 1493 2286 non
1522 2231 1716 2286 minori
1746 2231 1956 2287 insania
1986 2248 2147 2301 quam

563 2315 814 2382 stultitia,
845 2318 994 2388 quid,
1044 2319 1243 2390 inquis,
1275 2336 1412 2391 opus
1431 2320 1648 2389 judice,
1693 2323 1910 2392 quando
1943 2322 2054 2391 jam
2085 2338 2150 2376 eo

570 2405 777 2461 utimur
805 2409 1075 2464 censore?
1132 2425 1258 2464 nam
1302 2410 1568 2466 intantum
1610 2419 1693 2466 est
1735 2410 2062 2476 dill'amatus,
2092 2416 2153 2463 ttt

565 2511 758 2552 omnes
789 2499 1060 2566 noverint,
1106 2502 1250 2568 quod
1273 2501 1397 2570 jure
1434 2502 1508 2556 sit
1550 2501 1907 2556 damnandus.
1955 2498 2152 2555 Totum

570 2588 674 2642 hoc
709 2587 888 2644 dicere
917 2599 1064 2644 recte
1099 2591 1388 2660 potuisses,
1432 2591 1476 2645 si
1514 2590 1682 2660 ipsius
1722 2589 2060 2645 confessione
2100 2590 2150 2642 in

569 2677 802 2734 concilio
827 2680 1086 2734 canonice
1113 2680 1354 2736 discussa
1379 2681 1733 2751 percepisses.
1767 2679 1896 2744 Sed,
1914 2695 1947 2734 ο
1969 2680 2154 2734 cathe-

571 2768 670 2824 dra
701 2771 1021 2842 pestilentiae
1053 2770 1224 2844 (Psal.
1256 2789 1298 2839 ι,
1331 2772 1384 2844 l)
1404 2812 1419 2836 ,
1451 2788 1557 2843 qua
1585 2773 1776 2828 beatus
1804 2771 1890 2827 ille
1918 2771 2002 2825 vir
2034 2786 2156 2826 rex-

573 2877 678 2932 que
705 2859 834 2916 Sion
863 2871 1197 2929 mansuetus,
1233 2862 1326 2933 qui
1358 2877 1456 2932 pro
1486 2861 1640 2916 nobis
1662 2862 1826 2918 homo
1850 2868 1933 2915 est
1961 2859 2155 2924 factus,

2247 1865 2412 1920 verbo
2435 1863 2630 1935 (Marc.
2658 1879 2761 1927 xu,
2786 1862 2894 1930 l5);
2919 1858 3059 1913 unde
3080 1866 3135 1911 et
3157 1857 3405 1911 humana:
3425 1851 3557 1905 satis
3583 1845 3836 1901 conside-

2248 1962 2433 2010 ranter
2463 1951 2607 2023 (I92)
2633 1951 2796 2022 leges,
2827 1947 3103 2003 advocatis
3127 1943 3312 1998 insciis
3353 1939 3679 1995 studuerunt
3705 1949 3834 2003 pro-

2248 2044 2452 2098 videre.
2501 2041 2557 2096 Si
2589 2055 2716 2111 ergo
2756 2038 3092 2096 saecularium
3121 2034 3244 2105 quis
3271 2073 3287 2098 ,
3329 2046 3434 2085 non
3475 2027 3577 2082 nisi
3610 2023 3837 2094 proprio

2249 2134 2527 2189 convictus
2557 2131 2702 2202 (193)
2735 2144 2852 2194 ore,
2897 2137 3075 2198 potest
3113 2121 3381 2187 damnari,
3415 2127 3618 2189 quanto
3659 2116 3839 2169 minus

2249 2226 2360 2292 ille,
2385 2225 2539 2294 cujus
2561 2221 2825 2292 judicium
2848 2220 2902 2274 in
2926 2234 3087 2272 manu
3112 2212 3447 2272 solummodo
3479 2220 3564 2265 est
3592 2207 3711 2269 Dei,
3739 2205 3836 2259 de-

2250 2318 2341 2372 bet
2369 2314 2516 2386 (194)
2547 2313 2612 2367 ad
2635 2312 2844 2366 libitum
2871 2309 3171 2364 invidorum
3203 2306 3504 2375 aliquorum
3535 2297 3836 2355 cavillatio-

2252 2406 2410 2460 nibus
2438 2401 2640 2472 subrigi
2672 2401 2736 2474 [f.
2762 2398 2996 2470 subigi]!
3031 2397 3130 2464 Qui
3157 2395 3302 2450 enim
3326 2393 3453 2456 scis,
3479 2391 3669 2444 eadem
3697 2386 3838 2468 ἰηῑηέ

2255 2497 2361 2551 mia
2392 2509 2498 2565 qua
2528 2493 2824 2548 intentione
2847 2531 2862 2555 ,
2910 2498 2965 2544 et
2999 2489 3046 2542 si
3092 2487 3252 2551 scias,
3289 2499 3394 2554 qua
3439 2497 3505 2536 ex
3551 2479 3842 2534 occasione

2253 2587 2338 2642 vel
2368 2601 2529 2642 causa
2561 2583 2723 2639 fuerit
2759 2591 2874 2637 orta
2901 2622 2914 2644 ,
2971 2595 3078 2650 quo
3122 2578 3314 2632 atiectu
3363 2571 3675 2646 propalata,
3727 2569 3842 2623 zelo

2255 2677 2552 2741 charitatis,
2580 2691 2648 2729 an
2677 2673 2792 2728 zelo
2815 2671 2998 2726 livoris
3023 2667 3215 2739 (l95)?

2327 2767 2380 2822 6.
2406 2767 2473 2821 Et
2508 2774 2568 2820 ut
2591 2766 2657 2819 ad
2685 2779 2799 2818 rem
2846 2758 3218 2816 ratiocinaudo
3245 2755 3548 2818 veniamus,
3583 2750 3840 2811 subsiste,

2257 2873 2409 2930 rogo,
2439 2856 2732 2929 paululum,
2764 2863 2818 2910 et
2847 2853 3143 2908 videamus.
3175 2849 3285 2904 Lex
3325 2855 3380 2902 et
3417 2847 3520 2902 hoc
3548 2844 3717 2898 etiam
3746 2857 3840 2894 ve-

575 2951 897 3022 dedignatur
936 2952 1158 3007 sedere!
1207 2969 1241 3007 o
1288 2951 1576 3007 nefandum
1612 2959 1667 3006 et
1706 2950 1762 3006 in
1811 2951 1925 3020 ipsa
1978 2950 2158 3004 radice
2211 2959 2348 3005 Ctus
2377 2947 2644 3018 prohibet,
2673 2945 2885 2999 viduam
2914 2951 2968 2996 et
3016 2941 3348 3011 repudiatam
3381 2934 3718 2992 sacerdotem
3752 2947 3845 2986 ac-

573 3042 929 3113 premendum
968 3042 1230 3113 judicium
1264 3044 1276 3096 l
1318 3058 1351 3096 o
1389 3042 1573 3112 iniqua
1615 3041 1882 3097 sententia
1907 3081 1922 3106 ,
1965 3048 2020 3095 et
2066 3040 2156 3094 illa

2262 3041 2442 3111 cipere
2471 3037 2653 3111 (Leuit.
2697 3052 2790 3090 xxt
2815 3076 2830 3102 ,
2877 3034 2987 3106 Η).
3035 3033 3389 3088 Consecratus
3421 3042 3550 3082 vero
3581 3026 3692 3080 Deo
3732 3024 3846 3076 vir-

577 3132 772 3209 [[.‘illi]
799 3132 896 3188 soli
926 3133 1122 3188 szeculo
1151 3135 1389 3204 propria,
1434 3149 1541 3203 quo
1565 3147 1663 3203 pro
1706 3131 1884 3196 nobis,
1917 3131 2045 3186 solis
2075 3145 2160 3184 se-
2189 3141 2233 3203 ρ
2263 3131 2415 3202 gines
2462 3136 2611 3184 tanto
2650 3128 2821 3198 magis
2854 3141 2886 3179 a
2931 3122 3215 3193 cujuslibet
3261 3136 3360 3175 usu
3387 3159 3402 3184 ,
3447 3118 3717 3186 colloquio
3762 3113 3848 3166 vel

577 3223 758 3279 ditiosi
814 3221 956 3294 vulgi
1029 3222 1505 3277 acclamationibus
1569 3219 2164 3291 comprehendebantur

580 3322 891 3372 sanctorum
917 3314 1100 3378 millia,
1131 3323 1184 3369 et
1211 3314 1579 3370 farciebantur
1605 3313 1981 3370 innocentibus
2007 3328 2163 3384 erga-

579 3405 763 3459 stula!
813 3420 846 3460 ο
891 3405 1051 3476 digna
1079 3448 1093 3471 ,
1133 3408 1217 3462 cui
1261 3409 1374 3479 ipsa
1429 3407 1640 3463 Domini
1674 3407 1855 3464 obviet
1891 3407 2162 3462 sententia

581 3497 810 3552 dicentis
833 3515 845 3550 :
869 3496 1044 3552 Nolite
1050 3499 1298 3568 judicare
1319 3500 1600 3553 secundum
1617 3499 1825 3568 faciem,
1852 3497 1942 3552 sed
1955 3498 2163 3566 justum

575 3587 839 3663 judicium
881 3589 1074 3660 ('Joan.
1119 3605 1193 3644 vn
1213 3633 1228 3651 .
1249 3589 1320 3644 2i
1342 3591 1382 3659 ).
1412 3590 1480 3644 Et
1498 3591 1564 3646 de
1585 3590 1784 3659 seipso,
1808 3589 1940 3644 sicut
1977 3589 2159 3652 audio,

579 3677 774 3746 inquit,
811 3678 1000 3748 judico
1051 3677 1178 3750 (1b.,
1226 3679 1350 3749 50);
1399 3681 1540 3736 sicut
1585 3681 1765 3746 audio,
1804 3680 1999 3750 inquit,
2054 3693 2161 3732 non

580 3767 722 3822 sicut
743 3768 942 3822 audivi.
973 3768 1269 3824 Praeteritis
1292 3771 1436 3824 enim
1465 3770 1916 3824 calumniatorum
1941 3784 2163 3824 accusa-

581 3857 842 3921 tionibus,
866 3858 1224 3927 subsequente
1253 3874 1382 3914 vero
1409 3859 1645 3913 accusati
1674 3859 2054 3928 responsione,
2077 3859 2166 3929 ju-

583 3955 725 4001 stum
755 3945 897 4001 valet
917 3946 1081 4014 judex
1102 3947 1282 4015 justus
1315 3956 1369 4002 et
1394 3963 1499 4001 non
1535 3948 1802 4002 violentus
1829 3948 2163 4016 discernere,

582 4043 645 4087 ut
675 4036 841 4104 possit
863 4036 1129 4090 veraciter
1151 4037 1331 4091 dicere
1357 4055 1369 4090 :
1397 4036 1545 4092 Sicut
1570 4039 1729 4091 aud-.0
1749 4038 1955 4108 judico,
1981 4040 2032 4093 id
2061 4050 2163 4106 est,

583 4124 728 4178 sicut
764 4123 848 4177 lex
883 4125 994 4194 ipsa
1025 4125 1302 4192 decernit,
1337 4142 1441 4180 non
1477 4127 1617 4181 sicut
1665 4142 1850 4181 rumor
1875 4127 2165 4184 furentium

584 4214 794 4282 garrit;
828 4214 968 4269 sicut
991 4229 1228 4284 praesens
1252 4216 1365 4286 ipse
1390 4215 1610 4281 fatetur,
1642 4233 1747 4270 non
1788 4227 1946 4287 prout
1975 4220 2168 4273 absen-

586 4312 668 4361 tes
710 4304 1238 4359 insidiantur:unde
1283 4305 1500 4374 quidam
1547 4305 1721 4360 facete
1764 4307 1915 4372 satis,
1952 4308 2033 4361 Ad
2069 4325 2168 4378 pu-

586 4397 859 4462 niendum,
900 4398 1094 4467 inquit,
1143 4408 1406 4468 properat,
1451 4398 1554 4450 cito
1579 4398 1669 4467 qui
1689 4397 1896 4467 judicat
1923 4417 1941 4464 ;
1973 4400 2038 4454 ad
2070 4416 2168 4469 pu-

2266 3222 2384 3276 visu
2421 3221 2575 3276 decet
2605 3219 2721 3273 fore
2750 3215 3133 3272 remotissimus
3159 3211 3350 3283 (Nunt.
3377 3225 3507 3273 xxx,
3540 3207 3611 3276 5),
3644 3213 3849 3274 quanto

2266 3315 2437 3386 magis
2480 3328 2677 3384 sponso
2719 3311 3025 3366 castissimo
3051 3308 3126 3362 illi
3169 3315 3222 3360 et
3247 3319 3356 3376 prie
3398 3303 3522 3356 [iliis
3561 3298 3848 3354 hominum

2265 3407 2628 3478 pulcherrimo
2653 3402 2826 3474 (Psal.
2853 3418 2996 3468 xuv,
3020 3401 3075 3472 ὅ)
3099 3413 3156 3454 se
3176 3397 3395 3452 student
3417 3406 3640 3450 servare
3663 3389 3852 3444 castis-

2265 3501 2451 3566 sitnas,
2478 3508 2534 3554 ct
2559 3493 2675 3568 ipso
2695 3510 2795 3552 nec
2818 3496 2945 3550 dum
2971 3506 3118 3557 actu,
3147 3503 3418 3553 sermone,
3444 3483 3655 3546 auditu,
3684 3481 3848 3536 etiam

2266 3593 2526 3663 cogitatu,
2556 3590 2609 3645 in
2633 3598 2891 3660 quantum
2933 3585 3136 3640 homini
3168 3579 3558 3637 studiosissime
3594 3590 3721 3630 cum
3754 3573 3850 3626 Dci

2265 3682 2534 3753 adjutorio
2580 3679 2771 3735 nitenti
2816 3675 3072 3748 possibile
3109 3683 3223 3740 est,
3292 3671 3543 3727 illibatas.
3599 3667 3854 3722 Canoues

2265 3776 2429 3830 etiam
2463 3773 2634 3829 sancti
2679 3769 3136 3827 cohabitationem
3166 3763 3432 3835 episcopis
3479 3757 3854 3815 omnimudam

2267 3863 2595 3918 interdicunt
2621 3859 2905 3915 mulierum
2933 3863 3130 3927 przeter
3157 3852 3301 3923 (196)
3339 3851 3449 3905 illic
3474 3854 3852 3917 excepturum.

2267 3951 2462 4008 Videas
2487 3947 2780 4020 quamlibet
2803 3948 2994 4002 barum
3019 3943 3270 4012 episcopo
3313 3954 3455 4010 szepe
3490 3947 3750 4004 couoquu,
3800 3935 3854 3986 id

2266 4043 2429 4098 etiam
2448 4039 2688 4096 solitarie
2709 4035 2993 4107 aliquoties
3014 4033 3150 4096 fieri,
3166 4040 3218 4086 et
3239 4046 3336 4101 per
3349 4028 3540 4098 vulgus
3555 4023 3849 4080 diﬂamari.

2268 4132 2497 4188 Yolesne
2541 4144 2688 4195 eum,
2736 4137 2795 4181 ut
2835 4139 3043 4188 censes,
3081 4132 3267 4192 utpote
3308 4119 3665 4180 ditiumatum,
3698 4115 3856 4184 quasi

2267 4223 2372 4277 hoc
2399 4219 2536 4285 solo,
2567 4226 2628 4272 ut
2653 4216 2856 4281 dixisti,
2906 4215 2988 4269 sui
3037 4225 3320 4268 censorem
3365 4207 3617 4263 eﬁ‘ectum
3669 4205 3856 4259 statim

2269 4313 2466 4368 debere
2491 4309 2732 4379 deponi?
2761 4306 2863 4375 Qui
2890 4306 2976 4361 vel
3020 4304 3289 4374 quomodo
3317 4301 3461 4356 enim
3507 4299 3639 4362 seis,
3673 4306 3858 4352 utrum

2270 4413 2477 4460 secreta
2504 4402 2722 4473 quidem
2755 4400 2870 4464 tibi,
2903 4397 3004 4452 sibi
3028 4403 3206 4449 autem
3229 4402 3285 4447 et
3311 4393 3419 4447 Deo
3444 4387 3734 4444 manifesta
3766 4385 3858 4440 ali-

587 4489 868 4552 nirndum,
901 4489 1114 4558 inquit,
1149 4504 1254 4543 non
1291 4489 1357 4544 ad
1407 4489 1818 4544 discernendum
1847 4507 1860 4544 :
1897 4491 1978 4544 Ea:
2008 4492 2170 4546 verbis
2201 4491 2247 4549 D
2273 4511 2399 4565 qua,
2429 4493 2521 4549 sed
2563 4502 2742 4546 tamen
2771 4489 2878 4559 pia,
2912 4487 2967 4542 id
3003 4494 3105 4550 est,
3135 4483 3404 4539 lucranda:
3429 4480 3623 4534 animae
3647 4481 3856 4532 ratione

589 4579 728 4632 enim
752 4581 876 4643 tuis,
905 4579 1098 4648 inquit,
1122 4579 1516 4649 justi/icaberis,
1545 4589 1592 4633 et
1622 4597 1686 4633 ex
1712 4581 1875 4634 verbis
1902 4581 2004 4633 tuis
2022 4581 2172 4649 judi-
2271 4586 2373 4638 hoc
2403 4590 2624 4652 c0gatur
2649 4579 2794 4650 (l97)
2821 4577 3018 4640 facere,
3065 4575 3204 4629 sicut
3239 4571 3456 4642 quidam
3484 4583 3583 4622 nec
3628 4565 3858 4619 minoris

589 4669 788 4727 (aberis
815 4669 1029 4739 (Matth.
1061 4686 1158 4734 xu,
1188 4671 1302 4738 57),
1336 4671 1387 4724 id
1417 4678 1520 4735 est,
1568 4678 1622 4724 et
1649 4671 1982 4725 saeculariter
2005 4680 2058 4725 et
2087 4673 2172 4724 di-
2272 4671 2430 4726 famte
2461 4669 2910 4724 anachoretarum
2951 4662 3241 4734 quamdam
3274 4655 3690 4712 famosissimam
3725 4653 3856 4723 legi-

590 4761 736 4828 vine,
771 4761 1196 4816 misericorditer
1228 4769 1282 4816 et
1296 4761 1482 4831 juste;
1518 4761 1966 4828 misericorditer,
2006 4771 2067 4818 ut
2090 4769 2173 4817 est
2275 4770 2364 4816 tur
2401 4758 2732 4816 convertisse
2762 4752 3140 4812 meretricem?
3168 4749 3394 4816 Quidam
3425 4745 3585 4801 etiam
3613 4742 3856 4811 ejusdem

580 4939 583 4941 ’
625 4961 810 5038 __(tao)
850 4956 1322 5038 lilipsuttl_pluries
1351 4954 1555 5038 inualiis
1584 4952 1991 5038 'poslerior‘i’bius
2020 4968 2149 5038 fitte-

2267 4959 2462 5015 livoris.
2491 4955 2604 5011 Hoc
2621 4955 2750 5037 loco
2774 4953 2993 5038 pr'opius
3021 4940 3859 5038 acceditadghjeetionem‘paulu
