4018 5406
171 285 280 342 9.53

1124 280 1696 348 PR.-El..OQUl0RUM
1737 280 1911 336 LIBRI
1954 284 2105 340 SEX.
2152 313 2212 330 ι·-
2259 287 2386 342 LIB.
2426 289 2512 345 IV.

3332 300 3435 354 254

173 416 275 452 nec
300 399 480 452 minus
505 395 689 451 valens
713 394 992 465 propositi,
1024 395 1217 463 pretio,
1251 405 1309 447 ut
1341 395 1506 447 moris
1537 403 1670 455 erat,
1701 393 1760 445 il-
1790 395 1836 454 Α
1866 396 2122 468 legimus,
2189 417 2309 456 cum
2358 402 2508 456 ltalia
2557 420 2586 458 a
2646 405 3016 477 Langobardis
3059 409 3430 477 invaderetur,

175 492 348 544 lectas
373 490 606 559 quadam
633 488 684 541 in
719 487 936 541 civitate
976 484 1206 554 hospitio
1245 485 1613 538 introducebat
1642 484 1753 554 pel-

176 581 310 636 lices
337 598 350 645 ;
381 590 435 633 et
462 596 590 634 cum
645 578 768 633 inde
798 576 1168 632 diﬂ‘amaretur
1191 577 1242 630 in
1273 585 1502 640 tantum,
1532 588 1587 628 ut
1618 576 1755 646 igni-

173 673 274 725 bus
301 670 417 724 dari
450 670 647 724 debere
679 668 1066 723 acclamaretur
1093 685 1107 731 ;
1157 677 1302 721 unita
1334 668 1484 736 copia
1530 683 1755 721 conver-

176 777 358 816 sarum
403 761 678 815 excedens
726 759 918 815 seculo
965 759 1198 824 claruit,
1233 759 1374 813 utin
1414 759 1499 813 illa
1546 760 1757 829 pepulis

176 851 528 906 refertissima
566 851 928 916 Alexandria,
977 866 1095 920 quae
1147 850 1313 904 ternis
1364 851 1524 922 108
1573 867 1756 905 earum

177 941 414 996 millibus
442 957 509 996 eo
537 944 772 997 intrante
814 941 1206 1006 abundaverat,
1239 941 1496 997 meretrix
1531 957 1629 998 nec
1656 957 1759 994 una

176 1049 240 1090 eo
276 1033 595 1090 discedente
625 1033 848 1088 inveniri
878 1033 1101 1088 valeret.

246 1127 301 1178 7.
326 1125 465 1192 Quid
497 1125 696 1194 inquis,
728 1133 779 1179 et
808 1125 851 1179 si
881 1124 975 1180 lilii
1019 1123 1314 1194 approbent
1359 1123 1532 1179 scelus
1569 1123 1762 1192 (I98)?

178 1218 288 1287 ligo
334 1234 365 1272 e
417 1218 664 1283 diverso,
691 1218 811 1286 quis
837 1217 961 1283 hoc,
991 1217 1132 1282 dico,
1176 1217 1345 1282 novit,
1394 1217 1494 1270 nisi
1541 1215 1672 1286 ipse,
1709 1223 1764 1268 et

181 1307 365 1360 Dens?
400 1305 515 1360 Non
566 1306 741 1378 legisti
767 1325 778 1358 ε
808 1305 938 1360 Cum
968 1315 1141 1360 autem
1189 1306 1471 1359 dormirent
1509 1305 1761 1366 homines,

180 1397 310 1450 renit
336 1397 604 1460 inimicus,
635 1406 681 1451 et
710 1397 1135 1467 superseminavit
1166 1397 1369 1449 zizania
1398 1399 1450 1448 in
1484 1395 1652 1448 medio
1675 1395 1765 1446 tri-

181 1487 266 1538 tici
293 1496 339 1539 et
361 1486 489 1539 abiit
513 1486 730 1558 (Matth.
768 1502 886 1551 xur,
917 1486 1009 1557 25)
1036 1503 1048 1539 :
1083 1495 1142 1540 ut
1172 1486 1438 1555 intelligas
1465 1501 1573 1541 uno
1606 1483 1764 1540 semi-

183 1585 344 1630 nante
389 1575 554 1629 verba
599 1576 880 1640 doctrinae,
931 1576 1094 1630 alium
1137 1591 1293 1645 posse
1333 1577 1624 1646 subrepere
1673 1575 1762 1644 qui

183 1667 384 1718 inserat
410 1680 596 1719 semen
624 1666 893 1721 luxuria)?
920 1666 1171 1720 Dicamus
1193 1677 1246 1720 et
1269 1665 1412 1719 aliud
1444 1684 1455 1719 :
1483 1665 1762 1726 Ebriosus,

1862 489 2049 543 relicto
2069 505 2229 559 grege
2253 492 2318 545 ad
2352 491 2656 548 Mauritium
2691 496 2836 566 (I99)
2864 502 3119 554 transisse
3142 501 3164 553 ?
3187 500 3436 569 Nunquid

1854 580 1963 651 jam
1996 581 2093 634 iste
2125 581 2396 650 paululum
2417 582 2528 650 jam
2557 585 2729 639 dictus
2757 585 2972 657 [scilicet
3015 589 3072 642 S.
3101 588 3434 660 Gregorius],

1858 687 1979 726 cum
2008 671 2058 725 ei
2089 671 2226 726 idem
2265 681 2406 727 esset
2432 683 2710 742 suspectus
2729 675 3025 742 Mauritius,
3053 692 3173 731 cum
3196 687 3250 732 et
3271 677 3436 731 tilium

1859 761 1974 829 ejus
2008 779 2038 816 e
2072 779 2228 817 sacro
2257 762 2404 817 fonte
2432 763 2570 817 idem
2602 766 2928 834 suscepisset
2955 777 3197 833 sanctus,
3225 778 3278 822 et
3302 783 3438 837 quo-

1862 857 1989 911 tidie
2019 856 2090 910 illi
2122 857 2262 910 idem
2294 857 2685 926 improperaret
2717 858 2895 928 109,
2924 860 3064 928 quod
3099 875 3196 914 suo
3227 860 3438 930 adjuto-

1861 949 1962 1014 rio,
1995 948 2132 1002 facto
2160 956 2214 1002 et
2258 949 2477 1003 decreto
2531 949 2891 1018 apostolalum
2941 951 3126 1020 prima:
3175 951 3318 1007 sedis
3365 953 3440 1006 in-

1861 1038 2052 1107 deptus
2074 1035 2281 1099 fuisset,
2307 1051 2431 1091 cum
2457 1037 2655 1090 invitus
2682 1037 2923 1108 fugisset,
2942 1049 2996 1092 et
3022 1039 3265 1094 renitens
3288 1040 3439 1094 illum

1862 1125 1940 1200 [id
1971 1136 2044 1182 est
2094 1126 2239 1181 illum
2276 1126 2629 1196 apostolatum
2657 1168 2671 1190 ,
2720 1145 2809 1181 seu
2853 1128 3269 1200 pontiﬁcatum],
3322 1130 3445 1184 licet

1861 1219 2232 1274 consentiente
2256 1259 2269 1282 ,
2317 1219 2408 1272 sed
2449 1226 2570 1288 post
2604 1222 2899 1287 poenitente
2937 1220 3123 1274 eodem
3169 1219 3442 1285 Mauritio,

1863 1309 2086 1365 sortitus
2113 1307 2319 1372 fuisset,
2351 1308 2419 1362 ita
2453 1309 2716 1378 agendum
2745 1309 3003 1373 decrevit,
3033 1316 3091 1362 ut
3135 1308 3338 1363 scilicet
3376 1310 3448 1362 ob

1865 1401 2261 1471 improbitatem
2296 1399 2490 1454 civium
2531 1408 2586 1454 et
2624 1400 2986 1455 incursionem
3025 1401 3258 1455 hostium
3285 1400 3431 1472 (⁸200)

1866 1491 2134 1546 transiens
2200 1489 2762 1560 Constantinopolim,
2830 1491 3156 1560 relinqueret
3228 1506 3446 1562 gregem

1865 1581 2257 1637 commissum?
2317 1580 2693 1650 Nunquidnam
2741 1590 2794 1636 et
2837 1582 3298 1637 excellentissimos
3357 1597 3446 1636 re-

1864 1670 2190 1727 cordationis
2238 1679 2390 1740 pater
2441 1669 2769 1739 Augustinus
2799 1670 2970 1740 (epist.
3022 1670 3171 1740 29.8),
3220 1670 3345 1724 dum
3376 1670 3450 1724 si-

183 1756 434 1826 inquiunt
460 1757 1017 1826 cauones,episcopus
1042 1765 1133 1810 aut
1155 1757 1368 1811 desinat
1395 1765 1488 1810 aut
1528 1756 1766 1825 depona-
1797 1749 1842 1808 Β
1873 1761 2012 1816 milis
2039 1767 2255 1829 urgeret
2280 1759 2436 1826 ratio,
2469 1760 2539 1813 ita
2568 1760 2833 1828 agendum
2858 1760 3112 1821 decrevit,
3145 1769 3234 1813 aut
3259 1775 3446 1814 exerit»

186 1855 270 1899 tur
318 1849 478 1913 (can.
535 1857 703 1916 apost.
759 1846 886 1916 42).
949 1845 1015 1898 Et
1074 1861 1216 1916 smpe
1274 1845 1520 1899 videmus
1573 1842 1770 1897 multos

183 1935 425 2006 ejusdem
475 1939 681 1992 ordinis
727 1937 1030 2006 hnjusmodi
1063 1938 1194 1992 vitio
1238 1937 1392 2007 quasi
1440 1936 1767 2000 servientes,

184 2027 552 2096 cum.penitus
575 2042 681 2097 qua
714 2029 764 2082 id
796 2027 1094 2083 intentione
1117 2036 1279 2098 agant
1319 2027 1488 2082 simus
1524 2026 1772 2096 ignoran-

188 2125 286 2172 tes.
315 2115 499 2172 Potest
524 2118 668 2171 enim
698 2118 836 2184 fieri,
862 2128 921 2172 ut
945 2119 1172 2173 ebriosis
1191 2118 1342 2188 quasi
1374 2118 1617 2172 ebriosus
1645 2117 1766 2186 quis

186 2208 482 2263 secundum
516 2209 830 2280 Apostolum
855 2211 954 2266 hoc
983 2210 1146 2265 faciat
1173 2210 1565 2273 convescendo,
1596 2217 1654 2262 ut
1682 2222 1773 2261 eos

189 2298 324 2353 lucri
350 2297 536 2365 faciat,
569 2309 662 2353 aut
684 2299 791 2354 alio
817 2300 996 2370 aliquo
1025 2299 1149 2355 licet
1170 2300 1400 2364 occulto,
1426 2309 1604 2353 tamen
1634 2298 1774 2352 bono

190 2387 382 2444 aﬂectu
410 2389 462 2444 id
491 2399 638 2462 agat.
663 2389 966 2447 Rectumne
991 2406 1122 2460 ergo
1145 2406 1334 2445 censes
1369 2389 1439 2444 ob
1475 2386 1772 2442 istiusmodi

190 2479 494 2544 infamiam,
540 2481 746 2550 absque
771 2479 1110 2537 confessione
1153 2480 1371 2550 propria
1403 2495 1526 2534 eum
1577 2478 1769 2548 deponi

190 2569 392 2623 debere
418 2569 485 2623 ad
514 2569 658 2638 vulgi
690 2569 1025 2624 clamorem?
1051 2568 1354 2624 Seditiones
1374 2577 1551 2623 autem
1583 2567 1775 2636 praeda:

192 2669 248 2714 et
275 2659 415 2714 bella
445 2675 607 2730 quam
637 2661 746 2716 sint
765 2662 970 2730 gravia,
990 2671 1187 2730 praeter
1207 2660 1310 2714 alia
1341 2660 1452 2730 ipsa
1478 2660 1776 2730 approbant

193 2751 505 2806 homicidia.
539 2751 762 2806 Dicente
796 2761 975 2806 autem
1017 2750 1280 2805 Domino:
1310 2748 1529 2804 Necesse
1558 2758 1674 2812 est,
1719 2757 1773 2800 ut

193 2843 401 2897 veniant
426 2842 681 2896 scandala
712 2842 927 2913 (Matth.
963 2858 1113 2905 xvttt,
1147 2841 1269 2912 57);
1311 2849 1364 2895 ct
1389 2859 1401 2893 :
1429 2839 1615 2910 Surget
1655 2853 1775 2909 gens

193 2941 376 2984 contra
400 2943 620 3001 gentem,
647 2942 693 2986 et
720 2947 933 3001 regnum
959 2931 1203 2984 adversus
1228 2945 1436 2999 regnum
1473 2927 1622 2998 (Luc.
1659 2941 1771 2989 nt,

193 3024 281 3090 10)
309 3040 322 3086 ;
352 3033 407 3077 et
437 3022 539 3078 Job
564 3037 579 3076 :
611 3021 765 3076 Nihil
791 3024 844 3079 in
874 3033 1012 3076 terra
1038 3023 1148 3076 sine
1188 3039 1347 3075 causa
1375 3021 1432 3091 [it
1456 3020 1575 3090 (Job
1599 3037 1651 3085 v,
1680 3022 1732 3090 6)
1763 3039 1774 3075 :

1870 1851 1957 1922 pio
1999 1850 2317 1904 monstravit
2364 1849 2414 1902 in
2464 1848 2698 1903 talibus?
2745 1848 2837 1904 llle
2882 1858 3057 1904 autem
3085 1890 3099 1914 ,
3148 1850 3236 1919 qui
3288 1850 3452 1904 inter-

1870 1951 2088 2013 rogatus
2113 1941 2179 1994 ah
2208 1940 2450 1995 hostibus
2475 1939 2541 1994 de
2568 1939 2804 2004 nomine,
2834 1941 3174 2010 respondisse
3199 1940 3452 2004 refertur,

1873 2049 2086 2088 servum
2161 2047 2218 2086 se
2287 2030 2401 2085 fore
2455 2029 2700 2096 Christi,
2768 2031 3028 2098 hosteque
3094 2031 3456 2083 'consonanter

1872 2124 2246 2195 respondente,
2289 2136 2346 2176 se
2393 2120 2660 2192 flagellum
2705 2137 2822 2176 esse
2861 2121 3078 2184 Christi,
3130 2120 3300 2174 fuitne
3327 2120 3450 2188 jure

1873 2213 2230 2278 damnandus,
2273 2211 2417 2282 quod
2464 2211 2740 2266 civitatem
2787 2211 2928 2265 illico
2959 2210 3201 2265 hostibus
3247 2211 3458 2279 aperuit

1873 2303 2242 2357 intrantibus?
2270 2301 2576 2355 Cunctosne
2601 2314 2729 2368 ergo
2749 2297 2957 2367 iudicas
2977 2296 3340 2365 deponendos,
3362 2296 3455 2364 qui

1875 2395 2098 2450 rebelles
2116 2394 2328 2464 regibus
2355 2393 2498 2447 cives
2521 2408 2536 2456 ;
2559 2400 2612 2446 et
2635 2390 2772 2446 lilios
2796 2404 2915 2444 esse
2945 2389 3196 2452 scientes,
3227 2402 3332 2441 non
3359 2402 3454 2440 eos

1875 2500 1930 2544 nt
1961 2490 2280 2560 punirentur
2310 2484 2679 2556 prodiderunt,
2729 2481 2823 2537 sed
2850 2497 2881 2536 e
2909 2489 3097 2536 contra
3134 2479 3329 2534 missas
3370 2478 3451 2533 eis

1877 2581 2139 2642 fecerunt,
2167 2575 2303 2629 lilios
2326 2586 2510 2628 eorum
2539 2572 2969 2642 baptizaverunt,
2994 2568 3418 2640 prtedicaverunt
3436 2606 3452 2630 ,

1875 2668 2328 2729 chrismaverunt,
2353 2661 2726 2734 paenitentiam
2753 2657 3108 2724 indulserunt,
3133 2654 3451 2712 reconcilia-

1876 2765 2072 2814 verunt
2095 2756 2120 2809 ?

1947 2852 2001 2907 8.
2042 2849 2147 2904 Sed
2203 2848 2340 2902 forte
2377 2847 2495 2901 ideo
2525 2853 2578 2898 tu
2625 2843 2729 2898 hoc
2776 2849 2921 2896 recte
2969 2849 3020 2895 te
3049 2849 3206 2909 putas
3249 2838 3454 2904 dicere,

1879 2942 2005 3011 quia
2035 2937 2354 2994 sententiam
2404 2934 2596 2989 recolis
2641 2931 2851 2986 Domini
2879 2930 3108 2984 dicentis
3139 2947 3152 2982 :
3195 2927 3256 2982 Si
3294 2927 3454 2995 offers

1880 3047 2068 3084 munus
2100 3039 2246 3082 tuum
2273 3027 2340 3080 ad
2381 3024 2570 3087 altare,
2602 3031 2706 3076 etc.
2738 3020 2955 3088 (Matth.
2980 3036 3031 3083 v,
3071 3018 3202 3087 25);
3245 3024 3299 3071 et
3324 3017 3453 3086 quia

193 3124 501 3184 emergente
543 3111 831 3181 cujuslibet
874 3113 1156 3167 occasione
1221 3113 1318 3176 rei,
1369 3112 1666 3182 contingat,
1720 3120 1771 3164 ut

1881 3121 2022 3174 sicut
2049 3133 2155 3171 non
2187 3114 2399 3184 prolicit
2436 3113 2487 3167 in
2521 3111 2741 3164 vulnere
2778 3109 3252 3168 medicamentum,
3285 3104 3330 3158 si
3363 3102 3462 3157 ad-

192 3219 351 3272 SinC,
375 3202 592 3273 aliquod
643 3204 694 3257 in
753 3203 971 3258 civitate
1029 3203 1332 3268 dissidium,
1389 3212 1480 3256 aut
1521 3218 1551 3256 a
1611 3218 1775 3270 regno

191 3292 482 3346 divortium
511 3333 526 3356 ,
576 3292 706 3345 fiant
748 3291 889 3345 nulla
935 3291 1346 3346 homicidiorum
1394 3290 1465 3363 [Ι.
1521 3292 1776 3345 nonnulla

194 3381 571 3454 homicidia],
617 3395 808 3436 omnes
858 3381 1040 3436 dicant
1092 3383 1458 3435 machinatum
1511 3382 1564 3436 id
1605 3391 1775 3436 totum

194 3476 358 3529 fuisse
406 3474 740 3543 episcopum.
790 3472 1058 3528 Censesne
1103 3489 1224 3527 eum
1255 3515 1269 3538 ,
1321 3473 1466 3529 nulla
1503 3486 1802 3543 praeeunte—

192 3565 453 3621 canonica
499 3563 939 3629 examinatione,
998 3563 1083 3617 vel
1129 3565 1346 3633 propria
1397 3563 1772 3629 confessione,

193 3655 564 3725 deponendum
591 3671 605 3721 ;
634 3663 727 3708 aut
748 3656 893 3724 quod
924 3655 1388 3710 inconvenientius
1414 3656 1602 3722 multo,
1633 3655 1771 3724 inju-

193 3749 438 3802 riandum
461 3748 532 3802 ob
559 3747 875 3812 clamorem,
905 3747 994 3801 illo
1017 3750 1133 3802 solo
1155 3757 1404 3818 negante,
1427 3752 1780 3804 cunctorum?

191 3839 327 3906 Quid
357 3841 526 3907 enim,
575 3841 620 3894 si
664 3841 772 3894 erit
807 3839 874 3894 ab
905 3841 1208 3910 hujusmodi
1257 3841 1510 3896 immunis
1537 3840 1780 3911 ﬂagitio?

193 3930 323 3983 Nam
358 3940 412 3984 tu
459 3931 604 3985 unde
633 3947 738 3984 non
767 3945 889 3986 esse
921 3929 1124 4002 [supple
1153 3932 1470 4004 immunem]
1513 3932 1778 4002 conjicis?

195 4023 325 4090 Quia
363 4039 485 4078 cum
544 4022 1020 4088 malefactoribus,
1070 4024 1285 4094 inquis,
1339 4025 1479 4079 inter
1511 4025 1777 4095 agendum

193 4123 560 4176 conversatus,
624 4129 749 4167 cum
809 4112 939 4182 ipsis
990 4123 1074 4168 est
1130 4114 1582 4183 comprehensus;
1633 4115 1782 4170 vide-

195 4203 317 4258 licet
345 4219 448 4256 non
479 4203 610 4274 quid
643 4203 914 4268 senserit,
945 4203 1038 4258 sed
1077 4202 1164 4257 ubi
1209 4202 1392 4268 fuerit,
1436 4203 1779 4271 cogitandum

195 4311 310 4350 esse
330 4296 576 4364 judicans
603 4312 618 4359 ;
652 4310 775 4348 cum
815 4305 1034 4349 econtra
1060 4295 1343 4349 Dominum
1382 4309 1484 4348 non
1511 4294 1574 4347 de
1595 4308 1779 4362 opere,

196 4385 286 4440 sed
314 4385 380 4438 de
412 4387 714 4441 intentione
741 4386 1048 4441 noverimus
1071 4385 1334 4454 judicare.
1375 4384 1512 4452 Quid
1558 4386 1700 4439 enim
1732 4385 1776 4439 si

1880 3212 1986 3265 huc
2025 3208 2225 3263 ferrum
2271 3206 2323 3258 in
2358 3218 2422 3257 eo
2453 3203 2560 3265 sit;
2608 3201 2679 3254 ita
2717 3215 2824 3252 non
2863 3196 3077 3267 prolicit
3102 3193 3416 3264 paenitentia
3445 3231 3461 3257 ,

1879 3301 2224 3359 discordante
2270 3297 2536 3368 proximo,
2587 3300 2790 3362 quanto
2840 3291 3014 3361 magis
3069 3285 3464 3349 Domino,ani-

1879 3409 2024 3449 mum
2055 3390 2203 3462 (9.0l)
2234 3387 2482 3443 habentis
2511 3384 2758 3456 [subaudi
2782 3378 3131 3450 discordem],
3159 3393 3280 3432 cum
3308 3375 3461 3446 prin-

1879 3486 2070 3556 cipalis
2094 3482 2301 3537 Domini
2337 3481 2602 3534 habeatur
2631 3474 2897 3530 sententia
2937 3471 3166 3526 dicentis
3193 3489 3204 3524 :
3234 3468 3356 3523 Nisi
3386 3484 3465 3523 re-

1879 3575 2122 3631 miseritis
2152 3569 2443 3624 hominibus
2485 3575 2693 3632 peccata
2742 3579 2943 3625 eorum,
2994 3577 3084 3613 nec
3117 3557 3276 3612 Pater
3302 3567 3468 3610 vester

1880 3666 2098 3720 remittet
2139 3661 2277 3715 vobis
2308 3667 2518 3728 peccata
2560 3666 2722 3709 vestra
2764 3651 2976 3723 (Matth.
3019 3664 3183 3710 xvttt,
3208 3647 3322 3714 55).
3361 3646 3471 3701 Sed

1880 3755 1999 3826 quis
2027 3753 2091 3806 ad
2131 3753 2244 3806 lucc
2283 3746 2620 3819 [subauditur
2644 3739 3044 3812 cognoscenda]
3079 3738 3327 3799 idoneus,
3360 3735 3471 3795 nisi

1880 3845 2026 3901 solus
2076 3842 2167 3896 ille
2223 3839 2314 3909 qui
2350 3837 2530 3892 omnia
2584 3833 2733 3888 novit
2784 3832 2965 3888 Deus?
2995 3829 3280 3898 Quomodo
3319 3826 3464 3880 enim

1880 3936 2006 4000 scis,
2035 3941 2214 3987 utrum
2237 3929 2338 3985 etsi
2365 3927 2668 3982 discordem
2713 3933 2922 3982 actum.
2953 3920 3277 3976 concordem
3306 3915 3472 3971 alicui

1880 4027 2002 4098 quis
2041 4023 2239 4079 habeat
2285 4019 2567 4075 animum?
2613 4015 2726 4071 Non
2768 4007 2983 4086 legisti:
3037 4011 3099 4067 Si
3121 4011 3238 4080 ﬁeri
3275 4017 3477 4079 potest,

1881 4140 1996 4178 cum
2027 4119 2263 4175 omnibus
2289 4114 2582 4170 hominibus
2620 4127 2799 4180 pacem
2842 4108 3086 4163 habentes
3112 4103 3337 4175 ?(Rom.
3369 4117 3478 4163 3mL

1883 4215 1993 4285 18.)
2049 4211 2162 4266 Non
2208 4207 2403 4262 audisti
2439 4224 2451 4259 :
2497 4203 2804 4272 Quicunque
2842 4197 3078 4261 voluerit,
3121 4196 3320 4247 amicus
3352 4207 3475 4246 esse.

1881 4305 2060 4361 sa'culi
2104 4303 2285 4372 hujus,
2311 4298 2554 4352 inimicus
2591 4295 2686 4348 Dei
2707 4286 3252 4357 constituitur?(.lac.
3285 4301 3356 4347 tv,
3388 4284 3472 4353 4.)

1883 4397 2072 4454 Nescis
2108 4395 2308 4447 dictum
2339 4403 2458 4444 esse
2490 4402 2504 4440 :
2555 4385 2661 4450 Qui
2689 4385 2930 4437 dixerunt
2962 4379 3119 4449 patri,
3155 4375 3232 4429 vel
3290 4375 3476 4438 matri,

197 4477 295 4530 hoc
322 4478 484 4542 bona,
514 4478 638 4548 quia
673 4477 846 4546 justa,
873 4477 981 4546 egit
1015 4477 1354 4530 intentione?
1383 4475 1544 4530 Verbi
1581 4475 1771 4544 gratia,

1888 4505 1987 4542 non
2016 4485 2249 4540 novimus
2274 4497 2376 4544 vos,
2412 4478 2498 4532 isti
2520 4475 2876 4529 custodierunt
2901 4477 3262 4524 testamentum
3293 4465 3480 4518 tuum?L

195 4568 355 4622 veluti
403 4568 672 4624 Jeremins
717 4571 1001 4639 propheta,
1051 4568 1142 4638 qui
1180 4583 1276 4637 per
1318 4567 1668 4629 charitatem,
1721 4574 1780 4619 nt

195 4661 322 4715 dicit
357 4662 544 4716 beatus
571 4661 896 4732 Gregorius,
921 4662 1046 4715 dum
1062 4660 1210 4714 cives
1236 4660 1306 4713 ab
1333 4660 1575 4728 ingressu
1606 4657 1776 4728 Atlgy—

196 4753 266 4824 pti
330 4768 435 4808 nou
481 4753 658 4822 potuit
713 4753 1008 4817 cohibere,
1075 4752 1279 4806 studuit
1343 4751 1468 4805 illnc
1517 4767 1637 4805 cum
1698 4751 1777 4804 eis

197 4851 244 4898 et
275 4843 385 4914 ipse
433 4843 789 4899 descendere.
841 4843 910 4900 Et
962 4858 1148 4900 revera
1197 4858 1356 4915 quem
1404 4843 1775 4917 episcoporum

171 4985 187 5022 f

259 5071 403 5142 (I98)
436 5071 492 5128 ld
518 5081 603 5128 est
629 5091 640 5124 :
671 5071 733 5127 Si
759 5068 964 5142 etp/iiii
983 5070 1260 5140 approbent
1305 5066 1496 5131 scolas,
1527 5067 1778 5142 nimirum

198 5141 236 5194 si
264 5136 312 5196 in
343 5136 532 5197 eodem
581 5143 796 5198 scelere
821 5136 1187 5204 involvuntur,
1217 5155 1323 5208 quo
1352 5145 1505 5208 pater
1542 5136 1782 5192 diffama-

197 5220 296 5264 tur.
322 5212 826 5283 Respondetautem
854 5209 1083 5283 ﬁliorum
1110 5207 1320 5279 culpam
1344 5207 1583 5283 aliunde,
1601 5222 1772 5283 quam

196 5296 256 5334 ex
286 5278 442 5363 patre
467 5299 626 5352 posse
661 5281 935 5363 originem
961 5281 1173 5363 ducerez
1202 5278 1323 5335 cum
1351 5279 1452 5331 hoc
1482 5278 1779 5363 seminaute

195 5349 347 5400 verba
376 5349 659 5400 doctrinm-
690 5349 836 5400 alius
879 5349 1052 5400 possit
1093 5353 1400 5400 subrepere.
1450 5349 1538 5400 nui
1582 5351 1782 5400 inserat.

1883 4581 2061 4652 (De-ut.
2116 4587 2313 4637 χχχιιι,
2365 4571 2443 4642 9.)
2513 4569 2629 4623 Non
2688 4565 2880 4620 recolis
2931 4564 3134 4618 dictum
3182 4558 3466 4627 Josaphat,

1880 4650 2004 4729 dum
2031 4667 2354 4739 adjutorium
2379 4662 2646 4734 prmberet
2667 4657 2884 4714 Achab:
2904 4655 3072 4725 Impia
3096 4652 3295 4724 prwbes
3315 4650 3472 4702 auxi-

1879 4767 2026 4827 lium,
2071 4772 2117 4816 et
2173 4762 2254 4815 his
2301 4757 2391 4829 qui
2441 4755 2660 4810 oderunt
2700 4751 2868 4805 Deum
2912 4745 3145 4802 amicitia
3186 4741 3424 4814 jungeris
3452 4739 3484 4791 3"

1881 4855 1965 4928 (ιι
2006 4851 2192 4908 Paral.
2235 4867 2348 4915 xu,
2409 4847 2490 4918 2.)
2549 4845 2619 4900 Et
2677 4841 2918 4914 psalmus
2961 4837 3055 4892 tibi
3097 4851 3204 4890 non
3234 4829 3482 4890 occurrit.

1887 5073 1980 5129 sed
2009 5069 2255 5136 Justinus
2287 5065 2331 5122 ll
2364 5064 2682 5136 imperabat.
2713 5058 2917 5136 Exinde
2941 5066 3072 5136 vero
3100 5049 3285 5136 lapsus

1888 5115 2952 5210 iur,"quia-SuGregoriinesemplum
2990 5115 3274 5186 allaturus,
3322 5115 3488 5186 hujus

1887 5204 2046 5269 astate
2075 5204 2390 5268 Mauritium
2414 5207 2710 5273 imperasse
2738 5204 2980 5252 noverat.

1960 5261 2504 5354 ἰέῦόῑῖῖέιὶίὲὸιηιταί·
2542 5261 3485 5354 "onustae('Psstpiéteatl‘e'l‘ft'l-

1889 5330 2366 5400 ....‘~.'sf’a}'..1;}i’rit
2389 5357 2630 5400 tempore
2654 5330 2762 5395 ulla
2787 5336 2838 5388 in
2866 5349 2981 5388 eam
3013 5330 3258 5384 hostium
3304 5330 3491 5381 incur~
