4018 5406
527 225 635 281 255

1434 218 1759 278 BATHI'JRII
1796 217 2011 274 EPISC.
2056 213 2305 273 VERON.
2347 215 2496 274 OPP.
2538 216 2717 274 PARS
2750 217 2792 273 l.

3678 220 3792 278 256

523 338 707 392 dicens
740 352 753 391 :
792 333 981 389 Nonne
1014 333 1103 404 qui
1120 318 1345 387 ‘oJerunt
1389 342 1456 397 te,
1500 331 1741 396 Domine,
1784 330 2019 393 oderam,
2057 338 2104 381 et
2135 336 2181 390 Α
2208 329 2453 399 quoniam
2474 330 2848 399 appropinquat
2868 330 3146 401 redemptio
3174 334 3503 405 restra(L::c.
3540 336 3789 406 “1.28);

521 442 676 493 super
691 424 927 478 inimicos
939 434 1055 477 tuas
1071 422 1388 477 tabescebam
1406 428 1425 493 (
1434 418 1575 475 Psal.
1599 435 1855 485 cxxxvut,
1871 419 1962 489 2|)
1980 435 1994 483 ;
2016 426 2065 471 et
2089 434 2100 469 :

530 513 579 567 1"
584 514 809 568 acieutes
835 514 1289 584 pramaricationes
1314 513 1451 566 adiri
1484 509 1657 581 (Psal.
1698 527 1750 577 ο,
1780 510 1858 581 5),
1888 521 1943 564 et
1966 518 2108 564 totus

526 607 614 661 ille
643 606 911 677 psalmus;
943 615 997 660 et
1022 623 1034 658 :
1062 604 1355 658 ertabitur
1384 604 1596 673 justus,
1626 619 1742 657 cum
1789 601 1970 657 viderit
1999 600 2109 655 vin-

525 696 721 749 dictam
743 694 913 765 (Psal.
932 711 1061 759 LVII,
1091 696 1209 764 ll);
1237 692 1554 764 et:luiquos
1581 693 1702 746 odio
1721 689 2107 759 Itabui?(l‘sal.

527 800 718 849 cxvut,
758 786 904 856 115.)
972 786 1248 841 Postremo
1299 786 1581 840 Dominum
1634 785 1897 839 dicentem
1930 784 1972 838 si
2003 799 2108 836 non

531 878 728 932 recolis
755 896 767 930 :
796 877 918 931 Non
941 879 1052 932 veni
1070 895 1261 949 pacem
1275 879 1498 942 mittere,
1522 877 1613 930 sed
1634 876 1865 947 gladium
1893 875 2108 947 (Matth.

535 986 595 1033 ι,
634 970 771 1045 54),
806 979 859 1025 et
890 971 943 1025 in
967 970 1068 1026 Job
1094 972 1158 1026 de
1184 970 1473 1026 concordia
1514 968 1799 1039 impiorum
1827 986 1839 1021 :
1873 966 2111 1023 Membra

532 1062 771 1115 carnium
793 1061 906 1131 ejus
939 1061 1255 1116 caluerentin
1284 1060 1382 1115 sibi
1414 1060 1551 1132 (Job
1582 1075 1692 1123 xu,
1718 1058 1784 1112 14
1818 1057 1995 1129 );ιιηα
2022 1057 2112 1112 uni

531 1156 830 1220 adhtcrebit,
849 1165 897 1211 et
912 1173 1002 1211 uec
1018 1156 1340 1226 spiraculum
1356 1155 1544 1210 incedit
1568 1170 1659 1225 per
1677 1154 1804 1207 eas?
1826 1151 1874 1222 (Ι
1885 1151 2012 1215 bitl.,
2034 1152 2112 1222 7.)

528 1248 590 1303 In
620 1256 767 1303 tanta
800 1263 931 1320 ergo
957 1249 1276 1304 diversitate
1300 1247 1427 1317 quis
1458 1248 1559 1301 nisi
1592 1247 1740 1301 solus
1765 1246 1906 1301 Deus
1938 1253 2117 1315 potest

531 1352 886 1409 cognoscere,
920 1338 1026 1395 nisi
1061 1346 1153 1392 aut
1177 1337 1376 1401 verbis,
1411 1345 1501 1391 aut
1535 1336 1856 1407 quibusdam
1898 1344 2115 1391 actuum

539 1429 895 1500 coniecturis,
919 1444 1065 1499 quis,
1096 1428 1247 1499 quid,
1286 1443 1391 1499 qua
1422 1435 1547 1499 agat
1592 1427 1931 1494 intentione;
1989 1442 2113 1482 cum

542 1523 755 1579 etiamsi
773 1522 972 1577 malam
992 1537 1110 1576 eam
1126 1520 1449 1576 omnimodis
1464 1520 1698 1575 sciamus
1711 1536 1855 1584 esse,
1874 1527 2115 1575 nostrum

546 1612 909 1668 ministerium
949 1612 1039 1677 sit,
1066 1619 1124 1664 ut
1161 1609 1493 1671 melioretur,
1520 1609 1806 1681 vigilanter
1831 1607 2119 1664 insistere?

2211 421 2446 489 itemque
2481 436 2494 473 :
2536 418 2753 489 Vigilate
2782 420 2954 490 itaque
3006 424 3402 494 omnitempore
3444 437 3676 490 orantes,
3730 436 3795 480 ut

2209 513 2353 581 digiti
2382 511 2679 565 Itabeamini
2705 510 2882 581 fugere
2908 511 3009 565 ista
3049 515 3224 567 omnia
3251 531 3367 584 qua:
3396 527 3612 569 ventura
3641 527 3792 581 sunt,

2211 614 2257 659 et
2281 615 2420 659 stare
2449 615 2569 659 ante
2594 606 2789 661 Filium
2816 606 3037 662 hominis
3065 604 3215 676 (Luc.
3250 623 3362 671 ut,
3391 608 3505 677 56).
3533 609 3796 662 Animam

2211 713 2341 767 ergo
2362 697 2493 753 dare
2522 715 2618 769 pro
2647 700 2857 764 ovibus,
2888 715 2983 754 cor
3007 700 3310 777 exhilarare
3365 700 3432 772 [Ι.
3482 700 3796 772 exhalare],

2211 789 2453 861 vigilare,
2479 800 2531 846 et
2552 808 2727 858 orare,
2755 809 2861 847 non
2887 791 3070 861 fugere
3094 793 3146 847 in
3174 793 3443 847 communi
3468 794 3803 849 necessitate

2214 882 2576 953 praecipimur,
2608 899 2730 938 cum
2782 884 2832 938 in
2876 883 3096 961 'spe'ciali
3147 883 3202 938 id
3233 884 3453 938 minime
3506 883 3804 953 prohibea-

2215 986 2355 1024 mur.
3682 1036 3685 1037 ν

2287 1059 2374 1113 10.
2418 1059 2609 1115 Desine
2637 1076 2767 1134 ergo
2793 1062 2909 1117 hinc
2947 1070 3152 1118 tantum
3181 1062 3390 1134 quivis,
3439 1073 3496 1119 et
3545 1064 3592 1120 si
3641 1078 3809 1119 esce-

2218 1149 2393 1204 dendo
2420 1150 2531 1221 jam
2568 1152 2793 1221 dixeris,
2824 1153 3158 1209 defendendo
3187 1163 3541 1229 augmentare
3599 1155 3805 1223 scelus,

2217 1257 2285 1297 ne
2313 1242 2461 1314 (202)
2495 1253 2546 1297 tu
2578 1245 2755 1314 potius
2788 1254 2845 1301 et
2872 1262 2904 1302 a
2937 1246 3215 1317 temporali
3269 1259 3326 1301 et
3377 1262 3409 1301 a
3459 1247 3809 1317 sempiterno

2218 1335 2423 1391 honore
2445 1336 2680 1393 videaris
2702 1337 2825 1407 jure
2838 1339 3206 1413 deponendus,
3228 1340 3355 1411 quia
3376 1354 3502 1395 cum
3529 1339 3585 1394 in
3609 1338 3807 1394 eodem

2219 1425 2296 1481 sis
2327 1427 2552 1491 honore,
2586 1443 2689 1482 non
2717 1429 3004 1501 intelligis;
3028 1440 3084 1487 et
3120 1431 3241 1487 ideo
3272 1430 3681 1501 comparandus
3713 1430 3808 1501 ju-

2221 1518 2418 1573 mentis
2470 1519 2650 1591 potius
2696 1536 2856 1590 quam
2913 1522 3204 1592 episcopis,
3262 1522 3554 1593 pecoribus
3600 1522 3811 1577 videris

2222 1623 2383 1676 quam
2416 1609 2745 1678 pastorilms,
2777 1611 2901 1666 dum
2926 1621 2981 1666 et
3007 1612 3235 1681 teipsum
3263 1620 3371 1665 tam
3404 1610 3722 1682 vilipendis,
3752 1618 3814 1665 et

539 1703 887 1758 Damuandus
937 1675 1211 1758 enimvero
1234 1700 1355 1765 Job,
1387 1717 1508 1757 cum
1555 1675 1699 1757 dicat
1732 1719 1745 1755 :
1792 1699 2005 1768 Frater,
2037 1702 2117 1771 fui
2146 1675 2193 1733 Β
2223 1675 2331 1751 tum
2372 1675 2537 1768 ilitpie
2565 1700 2836 1754 contraire
2864 1675 3305 1770 legibus-niteris,
3343 1676 3450 1771 pro.
3561 1713 3811 1770 quoque.

538 1794 858 1860 draconum,
877 1804 925 1849 et
942 1795 1113 1849 socius
1131 1794 1289 1865 110
1300 1794 1650 1847 struthionum
1668 1794 1691 1848 ?
1706 1792 1763 1867 (1
1767 1795 1828 1849 ob
1846 1812 1976 1862 xxx,
2000 1795 2117 1868 29.)

544 1886 891 1941 Damnandus
920 1885 1059 1941 Loth
1087 1886 1140 1940 in
1194 1886 1399 1942 scelere
1459 1884 1896 1941 Sodomitarum?
1958 1885 2120 1941 Dam-

545 1977 710 2032 nandi
761 1977 954 2047 quibus
993 1978 1123 2033 dicit
1176 1977 1513 2047 Apostolus:
1567 1976 1635 2032 In
1681 1977 1851 2032 media
1892 1976 2121 2031 nationis

540 2083 715 2137 prava:
752 2077 798 2122 et
820 2083 1094 2137 perverse,
1136 2067 1191 2121 in
1219 2066 1408 2137 quibus
1438 2065 1618 2121 lucetis
1657 2069 1791 2121 sicut
1835 2066 2121 2121 luminaria

542 2157 597 2210 in
650 2156 802 2223 caelo,
847 2156 1054 2212 rerbum
1105 2158 1222 2212 vita:
1276 2156 1880 2228 continentes?(l’ltilip.
1920 2173 1984 2223 ιι,
2032 2156 2119 2223 15,

541 2247 651 2315 16.)
680 2247 1026 2302 Damnandus
1053 2247 1276 2318 angelus
1320 2248 1427 2303 imo
1453 2248 1739 2318 episcopus
1770 2248 1881 2314 ille,
1909 2248 1995 2303 cui
2043 2248 2125 2303 di-

542 2338 685 2392 citur
713 2339 765 2409 in
806 2338 1130 2409 Apocalypsi
1167 2355 1182 2394 :
1219 2337 1343 2394 Scio
1373 2340 1462 2393 ubi
1488 2339 1713 2405 ltabitas,
1747 2339 1835 2392 ubi
1864 2338 2009 2393 sedes
2048 2349 2123 2393 est

545 2425 779 2489 Satanaz,
812 2437 860 2481 et
881 2438 1019 2482 tenes
1045 2444 1229 2483 nomen
1276 2445 1469 2493 meum,
1510 2438 1557 2483 et
1590 2444 1692 2481 non
1723 2428 1921 2497 negasti
1965 2426 2123 2495 [idem

543 2518 752 2572 meum?
776 2517 958 2589 (Apoc.
989 2533 1050 2583 ιι,
1078 2519 1200 2587 15.)
1241 2518 1590 2573 Damnandus
1629 2516 1741 2573 Noe
1772 2528 1825 2573 et
1851 2518 1944 2572 lilii
1980 2518 2118 2588 ejus,

551 2607 697 2676 quod
734 2623 854 2662 cum
883 2609 1228 2679 serpentibus
1259 2608 1460 2664 fuerint
1507 2609 1559 2663 in
1601 2610 1765 2663 arca?
1809 2609 2126 2663 Damnanda

548 2706 657 2752 tota
702 2699 1052 2769 generaliter,
1077 2700 1166 2755 cui
1212 2700 1430 2764 dicitur,
1460 2700 1699 2755 Ecclesia
1732 2718 1745 2755 :
1772 2699 1917 2754 Sicut
1946 2699 2117 2753 lilium

549 2788 687 2843 inter
709 2789 907 2858 spinas,
941 2790 1017 2844 sic
1041 2791 1212 2844 antica
1235 2806 1349 2844 mea
1380 2791 1513 2844 inter
1527 2789 1711 2859 filias?
1741 2788 1917 2860 (Cant.
1949 2806 2009 2854 ιι,
2040 2790 2121 2859 2.)

617 2881 672 2935 9.
702 2878 757 2934 Si
794 2895 923 2936 vero
952 2880 1269 2952 negligenda
1314 2880 1533 2934 minime
1568 2879 1723 2933 navis
1773 2878 2030 2933 Ecclesia:
2072 2880 2124 2932 in

547 2972 961 3042 tranquillitate,
999 2982 1200 3043 quanto
1240 2973 1415 3027 minus
1463 2973 1515 3026 in
1565 2972 1923 3042 tempestate?
1977 2971 2039 3025 Et
2079 2972 2123 3026 si

2222 1788 2266 1844 si
2300 1797 2477 1844 tamen
2529 1789 2658 1844 illud
2705 1804 2856 1846 esses
2883 1791 3026 1862 quod
3062 1793 3277 1847 vocaris
3308 1832 3324 1858 ,
3378 1790 3628 1861 piissime
3684 1804 3816 1861 pro-

2219 1879 2495 1951 mulgatis.
2528 1879 2662 1935 Nam
2695 1891 2748 1955 et
2777 1883 2919 1952 quod
2942 1883 3453 1954 gigantomachiam,
3481 1892 3540 1938 et
3568 1885 3816 1943 theoma-

2223 1970 2421 2036 cbiam,
2446 1970 2529 2025 vel
2552 1972 2731 2041 potius
2755 1972 3165 2028 idolomachiam
3195 1973 3343 2029 illam
3374 1983 3521 2030 tuam
3565 1976 3673 2029 ista
3710 1975 3816 2031 ad-

2224 2059 2332 2114 huc
2357 2060 2410 2114 in
2442 2076 2501 2115 re
2529 2061 2661 2116 mihi
2692 2062 3013 2132 opposuisti,
3039 2079 3380 2136 nequaquam
3415 2073 3469 2120 et
3494 2065 3598 2120 hoc
3615 2065 3816 2121 vitium

2222 2151 2518 2220 promisisti
2549 2150 2610 2224 [Ι.
2643 2152 2962 2226 permisisti]
2990 2153 3179 2220 celari,
3214 2171 3427 2225 nempe,
3451 2155 3583 2210 dum
3635 2156 3816 2226 magis

2224 2239 2578 2311 philopompi,
2615 2258 2776 2313 quam
2825 2244 2939 2298 veri
2992 2244 3322 2316 philosophi,
3378 2245 3507 2300 licet
3560 2245 3813 2303 habitum

2224 2333 2547 2401 praetendas,
2578 2349 2780 2389 morem
2804 2336 3049 2401 secteris,
3080 2336 3572 2406 gigantomachiam
3608 2337 3819 2407 saepius

2226 2438 2385 2491 quam
2412 2426 2882 2495 psychomachiam
2911 2442 3017 2497 non
3050 2428 3210 2482 modo
3241 2427 3506 2499 relegens,
3538 2426 3636 2482 sed
3655 2435 3713 2481 et
3728 2440 3819 2481 re-

2227 2512 2432 2579 colens,
2455 2516 2626 2586 magis
2652 2525 2704 2571 te
2755 2515 3016 2572 idolorum
3069 2517 3333 2573 cultorem
3393 2533 3555 2587 quam
3601 2517 3817 2573 Christi

2227 2605 2569 2661 demonstras
2589 2607 2932 2677 pontiﬁcem;
2963 2608 3071 2664 imo
3100 2609 3368 2664 idolumte
3394 2609 3813 2674 esseinsinuas,

2227 2696 2354 2751 dum
2399 2705 2507 2752 tam
2537 2698 2871 2767 meticulose,
2902 2716 2969 2756 ne
2994 2717 3025 2755 a
3050 2702 3377 2774 gigantibus,
3409 2703 3520 2758 imo
3549 2704 3707 2772 ιιι
3746 2705 3817 2758 ab

2227 2803 2313 2853 eo,
2344 2789 2432 2857 qui
2468 2789 2744 2844 exsultavit
2776 2802 2831 2845 ut
2857 2792 3002 2863 gigas
3030 2793 3099 2847 ad
3132 2793 3443 2849 currendum
3470 2796 3609 2848 viam
3634 2794 3816 2863 (Psal.

2229 2894 2388 2956 xviii,
2427 2879 2504 2951 6),
2533 2891 2849 2949 persecutus
2895 2883 3265 2953 consequaris,
3303 2884 3817 2954 comprehendaris,

2230 2966 2522 3036 dejiciaris,
2558 2970 2763 3026 frivolis
2786 2972 3220 3042 vaniloquiorum
3263 2975 3604 3045 ambagibus,
3653 2977 3816 3047 quasi

547 3065 879 3118 deserendus
946 3079 1285 3133 nequaquam
1362 3078 1488 3134 grex
1556 3061 1681 3131 lupo
1728 3062 2120 3122 dissimulante,
2153 3047 2194 3107 C
2228 3066 2348 3127 post
2376 3059 2624 3115 arborem
2657 3076 2686 3114 a
2709 3061 2891 3118 calore
2924 3061 3041 3131 ejus
3064 3064 3251 3133 (Ibid.,
3282 3065 3501 3136 7),cum
3533 3082 3642 3121 non
3680 3082 3813 3137 pos-

549 3160 753 3218 quanto
783 3151 959 3207 minus
989 3152 1337 3207 imminente?
1368 3152 1424 3208 Si
1463 3151 1581 3207 sani
1606 3151 1968 3217 custodiendi,
1996 3151 2124 3222 aegri

549 3241 774 3297 omnino
814 3242 1154 3313 negligendi?
1188 3243 1358 3298 Etubi
1386 3244 1492 3298 erit
1519 3263 1531 3297 :
1568 3241 1690 3296 Non
1723 3252 1796 3297 est
1825 3259 1952 3313 opus
1973 3244 2126 3321 sanis

548 3342 802 3407 medicus,
827 3342 916 3396 sed
945 3342 1081 3396 male
1111 3342 1416 3396 habentibus
1438 3342 1463 3394 7
1488 3340 1703 3413 (Matth.
1743 3356 1822 3406 rx,
1855 3340 1968 3410 l2.)
1999 3342 2130 3408 Quis

558 3441 736 3487 autem
768 3431 933 3486 lilium
964 3449 1199 3504 unquam
1250 3435 1475 3489 charum
1529 3433 1692 3486 etiam
1734 3433 1787 3486 in
1820 3433 2128 3501 phrencsim

552 3520 757 3576 dimisit
808 3531 1021 3589 actum;
1070 3540 1192 3578 cum
1233 3512 1332 3578 etsi
1364 3540 1469 3578 non
1515 3523 1688 3592 ligari,
1722 3530 1993 3593 utcunque
2024 3523 2132 3578 sal-

549 3623 659 3670 tem
704 3608 940 3685 ‘potuerit
968 3615 1260 3670 custodiri?
1310 3615 1442 3668 Nam
1494 3630 1618 3669 cum
1660 3622 1715 3667 et
1753 3613 1818 3668 de
1854 3613 2132 3669 vilissimis

551 3720 830 3761 servorum
852 3706 1134 3763 videamus
1161 3705 1214 3759 id
1242 3719 1482 3775 persaepe
1528 3703 1643 3759 ﬁeri
1684 3704 1952 3773 personis,
2006 3704 2130 3759 dum

551 3795 874 3861 consulitur,
911 3811 977 3850 ne
1006 3794 1399 3865 periclitentur,
1429 3794 1613 3858 sanis;
1640 3802 1842 3863 quanto
1874 3794 2045 3861 magis
2082 3792 2129 3848 si

553 3899 777 3941 necesse
818 3884 1003 3950 fuerit,
1064 3886 1129 3940 de
1160 3885 1529 3940 dilectissimis
1566 3885 1649 3955 agi
1683 3886 1930 3956 congruit
1965 3886 2133 3941 ﬁliis?

552 3973 757 4045 Nempe
786 3991 905 4030 cum
936 3975 1117 4029 divina
1140 3976 1253 4031 suis
1280 3975 1611 4045 pastoribus,
1644 3989 1780 4042 quos
1808 3975 1985 4045 lupina
2014 3990 2136 4044 spe-

555 4065 763 4120 cialiter
815 4066 1133 4137 praesciebat
1190 4066 1500 4120 incursione
1539 4063 1895 4130 int‘estaudos,
1959 4066 2133 4134 pietas

555 4157 842 4227 consulens
870 4158 1228 4213 concessisset
1254 4158 1441 4212 dicens
1484 4175 1496 4210 :
1527 4155 1587 4211 Si
1617 4174 1700 4211 vos
1723 4159 1979 4226 persecuti
2020 4159 2135 4228 fue-

556 4249 659 4301 rint
682 4248 736 4301 in
761 4264 920 4302 uuam
934 4248 1210 4314 civitatem,
1242 4248 1403 4319 fugite
1432 4250 1487 4302 in
1500 4247 1659 4301 aliam
1680 4246 1896 4317 (Matth.
1922 4263 1977 4313 κ,
2006 4250 2091 4320 15)
2115 4266 2130 4316 ;

556 4339 682 4408 quid
721 4340 773 4395 iu
803 4340 1039 4410 generali
1068 4350 1210 4397 esset
1237 4340 1559 4396 necessitate
1606 4340 1894 4410 agendum,
1947 4349 2001 4395 et
2035 4356 2134 4397 suo

556 4439 611 4485 et
647 4432 963 4485 mercenarii
990 4432 1315 4487 monstravit
1364 4430 1629 4501 exemplo,
1680 4432 1864 4486 dicens
1908 4428 2130 4486 :Bonns

557 4528 737 4590 pastor
763 4521 992 4574 animam
1016 4538 1166 4575 suam
1205 4523 1294 4575 dat
1316 4538 1409 4592 pro
1431 4522 1626 4585 avibus,
1653 4522 2006 4576 mercenarius
2034 4540 2130 4575 au-

558 4619 657 4664 tem
686 4609 859 4680 fugit?
888 4609 1067 4680 (Joan.
1112 4627 1166 4676 x,
1216 4612 1297 4674 11,
1334 4612 1440 4682 12.)
1497 4612 1562 4666 Et
1607 4612 1730 4667 alibi
1772 4631 1786 4668 :
1825 4612 1921 4668 His
1955 4625 2130 4668 autem

558 4700 674 4768 ﬁeri
722 4702 1103 4772 incipientibus,
1160 4704 1397 4774 respicite
1447 4713 1494 4758 et
1540 4703 1703 4758 levate
1740 4706 1912 4774 capita
1934 4719 2129 4772 vestra,

629 4899 779 4969 (202)
817 4898 971 4955 Nunc
1007 4899 1171 4954 alium
1221 4900 1428 4954 inducit
1473 4902 1959 4968 reprehendentem
2006 4916 2130 4957 eum

559 4972 893 5039 episcopum.
946 4969 1037 5039 qui
1085 4971 1187 5025 etsi
1246 4985 1369 5024 cum
1430 4971 1722 5025 rebellibus
1769 4980 2018 5032 steterat,
2075 4989 2134 5027 se

562 5049 738 5093 tamen
769 5056 799 5093 a
840 5048 990 5093 tanto
1028 5040 1333 5095 rebellionis
1381 5040 1610 5099 crimine
1654 5041 1915 5095 hactenus
1960 5044 2140 5097 dct’en-

559 5109 732 5181 derat.
754 5107 863 5181 Nisi
882 5124 976 5181 pro
994 5110 1105 5181 [iam
1126 5111 1378 5165 credatur
1394 5110 1672 5179 legendum
1688 5113 1802 5173 hoc,
1820 5120 2136 5166 construen-

559 5177 688 5230 dum
733 5178 838 5232 erit
878 5179 977 5232 sic.
1029 5179 1216 5234 Desine
1260 5196 1382 5248 ergo
1432 5177 1595 5250 quivis
1645 5181 1970 5248 defendendo
2023 5183 2134 5237 lucc

560 5257 934 5325 augumentare
961 5250 1128 5305 scelus
1148 5260 1375 5316 tantum,
1404 5250 1501 5304 etsi
1527 5251 1820 5304 excedenda
1842 5250 1960 5318 jam
1988 5251 2136 5305 dixe-

562 5329 670 5377 ris,
712 5332 793 5379 ne,
820 5327 925 5371 etc.
1802 5355 1807 5358 ρ

637 5384 778 5406 ΙΔΛΨΧ
823 5387 921 5406 IV__
944 5396 979 5406 ,ι
1160 5399 1173 5406 -
1336 5390 1369 5406 1ο
1537 5388 1549 5406 Ι
1674 5399 1686 5406 .

637 5384 778 5406 ΙΔΛΨΧ

2162 4394 2210 4453 D

2229 3151 2325 3215 sis,
2350 3151 2668 3224 absconsus,
2690 3155 2758 3209 ab
2784 3168 2850 3209 eo
2878 3154 3083 3211 scilicet
3109 3157 3462 3228 corrigendus
3512 3158 3821 3214 inveniaris

2232 3244 2479 3299 foliorum
2506 3244 2565 3316 [ι.
2595 3243 2760 3318 foliis]
2792 3248 2926 3303 licus
2974 3249 3296 3318 campestris
3336 3258 3511 3306 tectus
3540 3249 3701 3321 (Gen.
3729 3266 3817 3316 ιιι,

2232 3338 2309 3403 7),
2351 3353 2458 3394 non
2480 3339 2602 3407 agni
2628 3339 2740 3393 veri
2773 3339 3080 3396 innocentia
3109 3342 3361 3409 vestitus,
3388 3342 3572 3398 tinctis
3601 3342 3823 3398 fucatus

2232 3426 2394 3481 Indiae
2425 3426 2696 3482 caloribus
2724 3427 2845 3499 (Job
2877 3445 3069 3493 xxvrtt,
3096 3429 3205 3501 l6),
3232 3446 3338 3485 non
3363 3431 3484 3485 nive
3511 3432 3563 3485 in
3594 3432 3821 3487 Selmon

2233 3521 2509 3578 diralbatus
2536 3519 2708 3593 (Psal.
2741 3538 2907 3587 vau,
2943 3523 3062 3594 16),
3096 3533 3147 3579 te
3181 3524 3391 3578 munire
3420 3525 3681 3589 conaris;
3715 3541 3819 3580 nec

2232 3629 2436 3684 pennas
2461 3613 2721 3669 columba:
2749 3611 2879 3683 (lb.,
2906 3614 3023 3683 15),
3052 3613 3105 3669 id
3133 3622 3246 3680 est,
3272 3615 3527 3669 virtutem
3551 3615 3823 3684 simplici-

2235 3706 2358 3759 latis
2404 3705 2537 3760 velis
2574 3720 2851 3759 assumere
2880 3704 3052 3776 (205),
3078 3705 3275 3774 quibus
3296 3705 3477 3761 evoles
3505 3715 3566 3760 ut
3596 3708 3822 3776 requie-

2234 3813 2377 3861 scas,
2407 3797 2500 3851 sed
2532 3796 2676 3850 milvi
2704 3795 2890 3867 (Zacli.
2919 3812 2970 3861 v,
2997 3796 3074 3867 9),
3103 3796 3300 3866 quibus
3337 3796 3621 3853 extollaris
3639 3807 3702 3852 ut
3723 3814 3825 3853 va-

2234 3903 2460 3954 nescas;
2491 3903 2590 3942 nec
2614 3889 3010 3958 deargentatas,
3042 3897 3103 3942 ut
3158 3889 3269 3942 sint
3313 3889 3618 3958 posteriora
3654 3892 3733 3944 tui
3765 3892 3830 3945 in.

2234 3978 2415 4047 specie
2444 3978 2559 4032 auri
2584 3977 2702 4047 (Ps.
2762 3995 2930 4043 van,
2969 3978 3082 4049 14),
3134 3977 3227 4033 sed
3276 3994 3434 4033 verso
3472 3979 3524 4033 in
3582 3981 3835 4034 scoriam

2235 4075 2457 4137 argento
2489 4065 2643 4137 (Isai.
2670 4084 2708 4131 ι,
2735 4067 2850 4136 22),
2884 4082 3076 4121 aurum
3109 4068 3292 4137 potius
3329 4067 3625 4138 Ethiopite
3658 4066 3819 4138 (Gen.

2234 4173 2295 4221 ιι,
2325 4158 2433 4226 12),
2466 4156 2609 4227 quod
2662 4173 2768 4213 non
2819 4168 3066 4227 aequatur
3108 4158 3406 4228 sapientiae,
3455 4174 3621 4229 quam
3690 4159 3837 4215 illud-

2236 4246 2407 4317 Ophir
2436 4247 2695 4317 optimum
2727 4247 2900 4302 ambis
2929 4246 3049 4308 (ΙΙΙ
3076 4246 3204 4317 Reg.
3240 4265 3292 4309 ιι,
3321 4249 3432 4317 ll),
3463 4249 3611 4319 quod
3641 4265 3827 4306 _vcrus

2238 4352 2420 4398 noster
2462 4342 2720 4412 paciﬁcus
2770 4341 2862 4412 qui
2914 4340 3041 4397 fecit
3088 4348 3319 4412 utraque
3365 4358 3530 4396 unum
3589 4341 3816 4413 (Ephes.

2237 4450 2296 4495 ιι,
2329 4433 2439 4505 M),
2469 4433 2696 4488 navibus
2748 4431 3079 4500 comparatis
3136 4432 3391 4502 praecepit
3444 4431 3548 4486 sibi
3606 4430 3827 4496 afferri,-

2234 4525 2429 4594 quibus
2460 4523 2731 4594 laquearia
2761 4521 2842 4579 vel
2864 4538 2991 4577 vasa
3017 4532 3244 4579 exornet
3275 4523 3358 4578 sui
3391 4522 3597 4592 templi,
3657 4524 3825 4577 corda

2235 4613 2489 4669 videlicet
2520 4613 2757 4675 illorum,
2802 4612 2856 4666 in
2896 4612 3092 4681 quibus
3131 4612 3248 4681 ipse
3289 4611 3556 4677 habitare,
3597 4620 3655 4666 et
3708 4613 3828 4667 the~

2233 4718 2456 4759 saurum
2500 4698 2909 4758 desiderabilem
2940 4700 3192 4771 dignatur
3218 4700 3534 4757 recondere.
3579 4700 3823 4757 Stultum

2242 4900 2522 4956 inveniaris
2567 4898 2758 4953 scilicet
2787 4897 3124 4967 corrigendus
3161 4896 3227 4949 ab
3258 4913 3350 4961 ea,
3378 4895 3587 4950 conaris
3605 4905 3822 4967 temu-

2244 4974 2355 5025 nire
2382 4971 2576 5041 frivolis
2604 4964 3017 5041 uaniloquiorum
3045 4966 3374 5041 ambagibus,
3399 4976 3563 5041 tectus
3587 4964 3824 5041 foliisﬁ-

2243 5056 2332 5096 cus
2361 5034 2684 5107 campestris,
2710 5034 2812 5091 non
2838 5038 3045 5107 vestitus
3086 5034 3385 5107 innocentia
3416 5036 3541 5107 agni
3572 5034 3703 5107 ceri,
3738 5036 3827 5107 fu-

2237 5125 2383 5164 catus
2407 5103 2665 5164 coloribus
2713 5107 2886 5160 tinctis
2912 5105 3101 5170 ludite,
3147 5122 3250 5158 non
3302 5105 3577 5159 dealbatus
3620 5103 3736 5156 nire
3771 5105 3824 5155 in

2240 5181 2451 5234 Selmon
2476 5197 2493 5243 ;
2518 5195 2608 5233 nec
2631 5177 2754 5231 velis
2777 5192 3038 5247 assumere
3055 5191 3279 5247 pennas,
3314 5184 3419 5247 etc.
3448 5172 3823 5247 Repreltendit

2235 5251 2546 5319 episcopum
2570 5288 2585 5312 ,
2606 5248 2696 5316 qui
2727 5259 2863 5319 sese
2884 5242 3143 5319 hactenus
3174 5244 3462 5319 defendere
3501 5253 3556 5298 et
3604 5242 3825 5319 munire

2237 5312 2384 5374 visus
2420 5312 2519 5374 'est
2570 5312 2665 5386 per
2723 5314 3184 5406 vaniloquentiaml
3254 5314 3571 5406 saecularem
3642 5312 3826 5406 pptius

2793 5380 3076 5406 _‘—:-.;l="__
3216 5382 3586 5406 .A-.-.':n-l.-_-nn
3618 5380 3794 5406 -.ΙΑΑΩΑ
