4018 5406
193 281 292 334 237

1078 278 1648 347 Ριι.ει.ορωοιιιιιι
1687 278 1867 335 LIBRI
1910 281 2063 338 SEX.
2099 314 2166 321 -—-
2195 283 2324 338 LIB.
2368 283 2451 338 IV.

3353 290 3456 345 238

194 413 410 468 quoque
444 395 628 450 uuunli
659 395 1000 464 sapientiam,
1027 410 1188 463 quam
1213 394 1492 448 confundit
1525 394 1772 448 inﬁrmus
1801 397 1846 454 Α
1879 394 1988 464 10),
2027 411 2132 449 non
2167 397 2352 466 utique
2391 397 2513 460 illae,
2565 411 2684 466 qua:
2721 399 2990 468 quondam
3040 415 3200 470 super
3245 412 3456 459 montes

193 499 244 539 et
275 486 569 554 despectus
594 483 644 554 (1
672 482 795 537 Cor.
839 500 877 548 ι,
907 483 1020 550 27),
1052 484 1328 551 speciosus
1360 498 1469 554 prce
1500 483 1623 538 liliis
1670 483 1768 536 ho-

193 575 398 628 mimuu
428 583 616 629 uoster
663 571 834 643 (l’sal.
885 589 1029 637 sLtv,
1063 574 1142 642 5),
1197 574 1366 643 magis
1418 574 1770 643 amplectens,

194 683 351 737 quam
381 677 642 720 :eternam
667 666 811 719 illam
838 681 1128 734 veramque
1171 666 1515 734 sapientiam,
1550 666 1771 719 fatuita-

195 772 300 813 tem
331 775 359 811 ιι
395 759 502 812 tuis
534 757 638 812 illis
667 757 983 812 doctoribus
1009 772 1144 826 quos
1187 757 1396 819 laudas,
1429 773 1565 825 quos
1591 755 1770 817 ell'ers,

191 864 326 918 quos
351 848 689 919 magnificas,
720 847 1073 912 :cstimatam;
1118 857 1359 900 mutuata
1389 848 1456 900 ab
1504 845 1772 917 Egyptiis

190 958 316 995 vasa
346 941 547 1010 (Exod.
583 957 681 1004 xu,
711 940 801 1009 55)
838 958 941 994 ιιοιι
977 941 1028 994 in
1090 940 1421 994 tabernaculi
1455 939 1772 994 utensilibus

189 1032 425 1097 Domini,
464 1033 558 1087 sed
585 1034 637 1086 in
679 1033 1012 1087 ornamentis
1061 1033 1298 1100 ejus-lem
1337 1033 1583 1103 congeris
1609 1031 1772 1101 {Egy-

186 1126 286 1194 pti,
311 1124 488 1178 lanam
516 1134 570 1179 et
601 1124 766 1178 linum
798 1125 1004 1178 Domini
1038 1140 1158 1177 cum
1197 1125 1326 1194 ipsis
1354 1123 1600 1196 [subaudi
1631 1124 1772 1177 vasi-

187 1214 310 1285 bus]
344 1216 551 1269 servire
581 1229 779 1282 cogens
837 1215 1032 1284 regina:
1058 1215 1177 1268 cmli
1213 1214 1431 1286 (Jerem.
1463 1229 1608 1276 xuv,
1660 1213 1765 1280 l7),

185 1307 288 1359 hoc
328 1314 414 1358 est
467 1314 695 1358 terrena:
727 1302 1028 1367 altitudini;
1083 1305 1208 1357 dum
1259 1304 1380 1358 dolo
1426 1303 1694 1356 devictum
1739 1318 1766 1353 a

185 1397 356 1450 Mario
391 1395 737 1465 Jugurtham,
778 1411 940 1464 quam
965 1395 1112 1466 ligno
1140 1397 1425 1451 subactam
1470 1411 1512 1449 ‘a
1553 1395 1767 1450 Christo

184 1488 363 1543 seculi
388 1502 674 1557 pompam;
704 1497 921 1557 captum
960 1486 1274 1556 Siphacem,
1306 1502 1469 1556 quam
1501 1484 1764 1554 dejectqu

182 1600 210 1634 a
237 1579 500 1634 Michaele
531 1579 820 1632 draconem
861 1578 1040 1649 (Apoc.
1075 1594 1172 1643 xu,
1205 1578 1283 1646 7),
1318 1578 1766 1645 triumphantem-

181 1687 285 1736 que
326 1677 513 1722 nostro
547 1668 598 1720 in
621 1667 824 1736 przelio,
858 1667 942 1721 cui
977 1683 1082 1720 non
1111 1681 1174 1720 es
1221 1681 1383 1735 equo,
1430 1667 1524 1721 sed
1574 1681 1763 1721 ascen-

180 1764 308 1814 dere
331 1761 598 1814 debueras
624 1775 691 1813 ex
732 1758 979 1822 adverso,
1010 1758 1305 1813 introducis
1365 1777 1376 1811 :

179 1850 522 1918 Pompeium,
549 1857 604 1901 et
639 1846 971 1915 chotarum,
1023 1847 1390 1918 Catonemque
1440 1847 1764 1902 facundissi-

178 1956 325 1993 mum
353 1939 535 2008 potius
567 1953 730 2006 quam
755 1937 995 2000 Petrum,
1038 1945 1092 1990 et
1121 1936 1368 2002 Paulum,
1399 1935 1768 2007 Joannemque

177 2030 428 2086 recolens
461 2028 678 2083 Domini
704 2027 1148 2092 dilectissimum;
1187 2027 1335 2081 Bella
1376 2046 1468 2098 per
1499 2029 1767 2083 Emathios

175 2122 404 2193 (Lucan.
430 2121 467 2175 l.
510 2137 550 2186 ι,
605 2136 659 2174 v.
695 2122 770 2190 l),
800 2136 963 2190 quam
995 2121 1219 2174 concilia
1255 2137 1282 2175 a
1319 2123 1631 2178 doctoribus
1673 2140 1767 2178 ce-

172 2213 385 2269 lebrata
414 2212 767 2277 Christianis,
828 2212 935 2265 imo
991 2211 1340 2268 bellatoribus
1399 2213 1768 2269 invictissimis

173 2319 272 2376 per
309 2302 718 2358 amtenissimos
746 2301 958 2372 depicta
987 2311 1187 2356 sancta:
1243 2301 1539 2373 Scriptura:
1573 2305 1768 2373 sepius

179 2395 424 2462 relegens
450 2407 711 2462 campos;
743 2393 940 2462 jusque
967 2392 1150 2445 datum
1183 2392 1393 2458 sceleri,
1425 2409 1585 2462 quam
1612 2409 1767 2462 regu-

179 2483 283 2537 lam
308 2491 576 2536 statutam
610 2481 697 2550 pie
721 2480 931 2534 vivendi
970 2498 983 2533 :

301 2574 452 2636 Major
477 2577 526 2623 in
554 2575 743 2635 exiguo
766 2573 988 2622 certabat
1018 2586 1227 2636 corpore
1247 2575 1424 2624 victus.

178 2655 318 2726 quod
369 2655 614 2716 Statius;
663 2668 824 2724 quam
873 2654 1036 2709 virtus
1086 2655 1137 2708 in
1200 2655 1504 2723 inﬁrmitate
1556 2656 1766 2726 perﬁci-

179 2760 266 2801 tur
291 2746 374 2818 (11
407 2745 531 2800 Cor.
558 2761 656 2810 xu,
688 2743 764 2815 9),
818 2743 961 2813 quod
1013 2744 1144 2798 dicit
1185 2744 1490 2813 Apostolus.
1543 2744 1610 2798 Et
1645 2744 1765 2799 ideo

178 2837 592 2909 percutiendum
624 2843 674 2888 te
701 2851 729 2888 a
761 2844 940 2889 monte
962 2834 1078 2888 sine
1105 2835 1352 2889 manibus
1381 2848 1569 2890 verere
1593 2835 1765 2906 (204),

179 2929 307 2980 dum
340 2929 390 2980 in
424 2927 574 2980 illum
625 2940 732 2979 non
767 2924 920 2978 times
959 2923 1253 2990 oll‘endere,
1300 2926 1603 2995 suspicans,
1658 2927 1766 2980 imo

180 3019 380 3072 docens
425 3024 640 3070 montes
703 3014 1016 3084 coagulatos
1057 3023 1290 3069 montem
1337 3030 1454 3070 esse
1487 3016 1579 3070 Dei
1635 3016 1767 3070 ube-

181 3124 297 3163 rem
330 3106 499 3177 (Psal.
547 3122 714 3169 vau,
743 3105 852 3177 l7),
879 3105 928 3158 id
950 3114 1054 3170 est,
1090 3105 1442 3160 divisionibus
1467 3105 1759 3176 gratiarum
1794 3098 1838 3160 C

185 3215 323 3270 quos
353 3198 462 3251 vult
489 3205 540 3251 et
568 3204 729 3265 prout
760 3195 870 3248 vult
895 3193 1292 3258 fecundantem,
1318 3195 1461 3264 quod
1505 3205 1561 3249 tu
1597 3196 1763 3249 audes

184 3293 362 3346 dicere
393 3289 508 3343 ﬁeri
542 3288 611 3342 ab
634 3287 873 3352 homine,
901 3285 1027 3341 licet
1056 3286 1340 3356 aliquoties
1367 3296 1422 3340 et
1442 3287 1637 3357 partim
1667 3301 1765 3355 per

179 3384 451 3437 hominem
506 3379 756 3452 [subaudi
810 3377 955 3449 fiat];
1009 3387 1063 3433 et
1095 3379 1214 3433 ideo
1259 3378 1385 3449 quia
1414 3377 1481 3432 de
1513 3387 1654 3433 terra
1681 3392 1760 3442 es,

181 3478 307 3528 dum
339 3473 651 3528 caelestibus
700 3469 914 3540 penitus
943 3468 1208 3524 abdicatis
1249 3468 1316 3523 de
1367 3475 1514 3522 terra
1555 3467 1762 3521 solum-

183 3567 344 3620 modo
370 3563 629 3634 loqueris,
662 3562 790 3616 time
814 3575 882 3616 ne
902 3575 933 3615 a
957 3561 1191 3616 dracone
1225 3559 1318 3615 illo
1343 3560 1568 3628 antiquo
1597 3559 1764 3612 devo-

181 3659 344 3724 reris,
368 3659 495 3713 dum
528 3655 684 3711 cibus
705 3655 821 3724 ejus
844 3669 964 3710 esse
993 3654 1185 3708 ambis.
1217 3653 1308 3709 Sic
1345 3654 1490 3708 enim
1520 3653 1593 3708 illi
1627 3667 1754 3721 pro-

180 3749 351 3812 misit,
387 3746 547 3816 112
577 3745 668 3815 qui
692 3744 908 3798 mentiri
937 3744 1109 3799 nescit
1138 3762 1151 3797 :
1183 3742 1424 3806 Terram,
1482 3743 1679 3813 inquit,
1714 3744 1766 3798 nl

179 3850 260 3891 cst
291 3847 557 3900 terrenos,
586 3836 824 3888 comedas
853 3835 1052 3888 cunctis
1099 3833 1278 3888 diebus
1319 3835 1438 3888 vitm
1475 3843 1580 3887 tua:
1610 3832 1764 3904 (Ceu.

178 3946 261 3992 in,
311 3927 427 3998 14).
480 3926 791 3981 Meminisse
843 3934 1023 3980 autem
1073 3925 1358 3992 debueras,
1398 3925 1616 3996 quando
1650 3927 1767 3980 haec

179 4028 378 4086 astute,
415 4028 473 4073 ut
498 4019 591 4073 tibi
617 4017 922 4081 videbatur,
947 4015 1280 4086 proferebas,
1310 4016 1529 4071 Cariath
1560 4013 1768 4086 Sepncr

178 4112 367 4184 (Iosue
389 4125 484 4175 xv,
506 4109 604 4174 l6;
637 4107 818 4162 Judic.
861 4125 898 4171 ι,
928 4107 1042 4178 12),
1075 4106 1126 4162 id
1155 4116 1262 4173 est,
1291 4107 1766 4162 civitatemlinera-

178 4221 319 4269 rum,
351 4218 382 4257 a
413 4200 576 4258 Josue
616 4200 793 4270 (203),
823 4199 914 4270 qui
949 4198 1187 4253 viviticat
1215 4200 1266 4253 in
1296 4200 1489 4270 spiritu
1515 4215 1653 4269 quos
1680 4199 1767 4252 lit-

180 4307 296 4350 tera
320 4291 522 4348 occidit
548 4289 634 4359 (Il
672 4288 795 4342 Cor.
841 4305 927 4354 ιιι,
955 4288 1036 4359 6),
1077 4287 1189 4356 jam
1232 4304 1353 4342 esse
1407 4289 1764 4353 destructam,

173 4387 396 4456 jamque
423 4398 649 4454 regnum
675 4381 768 4435 Dei
799 4396 904 4436 non
928 4380 981 4434 in
1010 4380 1260 4436 sermone
1289 4381 1609 4446 consistere,
1671 4380 1766 4436 sed

179 4477 232 4530 iu
258 4476 463 4529 virtute
496 4472 545 4545 (1
573 4470 698 4526 Cor.
731 4486 803 4536 Iv,
852 4470 978 4540 9.0);
1026 4469 1139 4539 jam
1199 4487 1360 4526 manu
1410 4472 1605 4527 fortem
1663 4487 1762 4525 no-
1794 4457 1843 4515 D

181 4577 376 4630 strum,
416 4563 580 4617 David
621 4561 828 4616 scilicet
851 4561 1099 4626 alterum,
1140 4562 1446 4631 cuijuravit
1479 4561 1762 4626 Dominus,

181 4667 226 4709 et
276 4673 382 4709 nou
411 4655 671 4725 paenitebit
703 4671 853 4720 eum;
896 4653 971 4707 Tu
1001 4671 1053 4707 es
1091 4655 1356 4718 sacerdos,
1409 4655 1676 4724 inquiens,
1711 4658 1763 4710 iu

182 4756 436 4799 a’temum
468 4742 636 4815 (Psal.
669 4759 780 4807 etx,
805 4744 883 4812 4),
914 4743 1245 4812 percussisse
1297 4743 1487 4798 vallem
1548 4746 1762 4800 Salina-

183 4852 301 4891 rum
322 4834 407 4904 (II
443 4834 570 4906 Reg.
606 4850 724 4900 VIII,
757 4833 867 4903 15),
894 4834 944 4889 id
971 4843 1074 4898 est,
1104 4834 1489 4904 loquacitatem
1534 4839 1765 4908 superbe

183 4925 531 4998 sapientium,
586 4925 706 4980 ideo
746 4939 1059 4994 expressam
1108 4925 1264 4980 vallis
1301 4927 1582 4993 vocabulo,
1637 4931 1764 5000 quia

181 5024 374 5086 omnis,
396 5021 485 5092 qui
515 5035 567 5073 se
591 5019 790 5074 exaltat
819 5018 1184 5072 liumiliabitur
1211 5017 1364 5090 (Luc.
1393 5035 1504 5085 xxv,
1525 5021 1632 5092 ll),
1659 5039 1764 5076 non

182 5119 307 5186 quia
329 5111 587 5168 convalles
614 5111 958 5166 abundabunt
984 5111 1243 5179 frumento
1279 5108 1452 5182 (Psal.
1484 5128 1628 5177 LXIV,
1654 5114 1764 5184 14),

185 5210 235 5261 id
263 5215 368 5268 est,
399 5203 522 5273 quia
548 5205 633 5273 qui
655 5220 712 5257 se
735 5201 975 5254 Immiliat
997 5202 1311 5256 exaltabilur
1332 5199 1486 5260 (Luc.
1514 5219 1624 5267 xxv,
1655 5205 1762 5272 11),

181 5301 248 5352 ab
278 5313 345 5351 eo
374 5296 578 5350 scilicet
606 5297 698 5366 qui
729 5293 917 5347 emittit
947 5291 1111 5360 fontes
1140 5295 1191 5347 in
1216 5292 1558 5359 convallibus,
1592 5306 1647 5348 ut
1680 5297 1762 5348 iu-

850 5395 1200 5406 μΑΑ.Ι..-----..--ι
1268 5401 1408 5406 ._--_

1876 485 2274 556 steterunt(Ps.
2301 503 2416 551 οιιι,
2435 486 2489 558 6)
2513 487 2898 554 Ecclesiarum,
2923 491 2974 544 id
2993 502 3093 556 est,
3127 505 3336 548 tumore
3362 511 3456 551 ccs

1878 575 1944 629 ad
1997 585 2206 646 tempus
2241 589 2634 648 cooperuerunt
2676 583 3130 651 persecutionum.
3163 586 3282 640 Jam
3342 589 3452 643 Deo

1875 669 2104 737 gratias,
2148 670 2215 722 ab
2246 669 2617 740 increpatione
2653 673 2767 737 Dei,
2803 675 2926 729 licet
2972 685 3027 731 tu
3071 693 3164 732 eas
3199 694 3454 735 revocare

1876 763 1926 815 in
1955 762 2031 816 tui
2061 761 2228 831 ipsius
2252 762 2564 831 pra-judicio
2590 767 2906 830 contendas,
2957 767 3227 838 fugerunt,
3261 787 3449 826 ascen-

1875 851 2072 904 tletllltl
2098 861 2153 905 et
2183 852 2579 907 descenderunt
2608 855 2659 908 in
2695 855 2896 921 locum,
2947 874 3106 927 quem
3147 861 3227 914 eis
3265 860 3452 915 funda-

1878 942 1945 994 vit
1973 939 2090 1011 (Ps.
2151 956 2269 1007 cur,
2331 944 2407 1012 8),
2443 945 2492 997 id
2538 956 2640 1010 est,
2683 949 3066 1018 perpetualiter
3120 954 3312 1005 locavit
3351 952 3456 1006 Do-

1873 1034 2073 1098 minus,
2121 1043 2180 1087 ut
2225 1050 2332 1088 non
2387 1039 2798 1092 committantur
2848 1057 3054 1108 rursus,
3112 1043 3238 1098 licet
3286 1045 3454 1098 velint

1871 1125 2083 1193 operire
2106 1134 2336 1191 terram;
2362 1128 2489 1195 quia
2515 1130 2616 1182 etsi
2647 1131 2822 1185 adhuc
2855 1132 2907 1186 in
2939 1131 3209 1201 aliquibus
3238 1133 3451 1190 laborat

1874 1232 2101 1285 regnum
2143 1216 2256 1278 Dei.
2285 1228 2339 1272 et
2368 1221 2665 1275 adversarii
2697 1223 2804 1276 sint
2831 1224 3018 1288 multi;
3050 1235 3227 1279 tamen
3261 1226 3311 1279 in
3345 1243 3453 1280 ma-

1874 1307 2013 1360 xima
2048 1305 2161 1376 jam
2193 1319 2348 1378 parte
2395 1311 2577 1365 saeculi
2618 1313 2816 1367 ostium
2860 1330 3114 1384 magnum
3145 1324 3200 1369 et
3230 1317 3451 1370 evidens

1872 1401 2115 1467 aperitur
2136 1401 2429 1470 apostolico
2457 1404 2690 1457 sermoni
2729 1403 2780 1473 (Ι
2813 1404 2934 1458 Cor.
2984 1421 3093 1470 xvr,
3122 1406 3183 1472 9;
3219 1406 3281 1459 II
3321 1407 3448 1460 Cor.

1873 1504 1931 1551 ιι,
1961 1489 2070 1557 12),
2102 1505 2207 1544 non
2238 1493 2444 1562 utique,
2477 1501 2536 1547 ut
2562 1494 2742 1548 ethoc
2768 1495 2965 1561 dicam,
2996 1496 3136 1550 inter
3181 1499 3314 1553 istos
3367 1514 3451 1552 ca-

1872 1580 2119 1651 taclysmi
2148 1593 2380 1649 montes,
2411 1584 2530 1640 illos
2551 1585 2744 1654 quibus
2799 1586 3042 1641 Ecclesia
3088 1597 3324 1656 pmetur,
3369 1589 3451 1643 la-

1872 1685 2046 1741 vetur,
2079 1678 2387 1741 mandetur,
2421 1687 2480 1730 ut
2511 1688 2564 1731 tu
2597 1677 2790 1731 docere
2841 1677 3007 1732 altum
3038 1680 3250 1743 sapiens
3276 1681 3450 1750 cupis,

1436 1758 1764 1827 Scipionem.
1800 1752 1840 1809 Β
1871 1782 1998 1822 suos
2028 1767 2288 1822 Dominus
2313 1770 2513 1823 emittit
2540 1769 2719 1825 fontes
2750 1769 2922 1838 (Psal.
2954 1787 3070 1835 cut,
3107 1772 3226 1840 10);
3253 1773 3346 1826 sed
3374 1774 3452 1826 in-

1873 1866 1955 1911 ter
1976 1872 2071 1911 eos
2097 1873 2234 1927 quos
2255 1859 2396 1929 rigat
2418 1861 2483 1913 de
2510 1861 2881 1930 superioribus
2909 1861 3039 1932 (1b.,
3064 1861 3177 1933 15),
3201 1863 3282 1918 his
3304 1864 3450 1918 vide-

1869 1949 2010 2012 licet,
2040 1951 2091 2003 in
2122 1966 2350 2020 quorum
2380 1954 2578 2008 vertice
2612 1955 2721 2024 ipse
2747 1964 2829 2010 est
2870 1967 3205 2026 praeparatus
3253 1957 3354 2029 (Is.
3389 1975 3451 2024 ιι,

1866 2042 1946 2111 2),
1975 2043 2064 2112 qui
2097 2051 2150 2096 et
2176 2044 2241 2097 de
2271 2054 2455 2097 monte
2485 2045 2620 2114 lapis
2649 2057 2730 2101 est
2766 2047 3009 2102 abscisus
3043 2050 3159 2104 sine
3195 2051 3447 2105 manibus

1870 2137 2032 2209 (Drm.
2064 2155 2124 2202 ιι,
2156 2138 2273 2208 51),
2309 2139 2360 2192 id
2393 2150 2499 2204 est,
2525 2140 2641 2194 sine
2661 2142 2972 2210 operatione
2999 2143 3141 2196 virili
3188 2159 3252 2197 ex
3282 2145 3450 2197 semi-

1870 2246 1936 2284 ne
1956 2229 2123 2284 David
2154 2231 2449 2285 secundum
2482 2246 2700 2286 carnem
2729 2242 2888 2288 natus
2918 2234 3170 2290 Christus
3197 2236 3371 2305 (Rom.
3406 2253 3447 2299 ι,

1869 2324 1950 2394 5).
1984 2324 2119 2385 Νοη,
2149 2324 2388 2393 inquam,
2421 2323 2712 2378 mundatur
2737 2325 2976 2379 Ecclesia
3016 2327 3172 2396 aquis
3200 2326 3446 2398 Egy‘pti,

1868 2431 1987 2484 qua:
2018 2424 2180 2469 ruunt
2237 2429 2357 2468 cum
2385 2415 2680 2484 praecipitio
2712 2434 2724 2468 :
2771 2416 2972 2486 (supple
3019 2419 3134 2488 sed)
3171 2419 3325 2487 aquis
3355 2419 3441 2473 Si-

1789 2525 1798 2532 ·
1868 2508 1972 2570 loe,
2007 2523 2125 2577 qua:
2148 2507 2349 2562 vadunt
2375 2522 2496 2561 eum
2526 2507 2740 2562 silentio
2768 2507 2921 2563 llsai.
2949 2525 3062 2572 VIII,
3087 2510 3162 2580 6).
3196 2509 3329 2565 Nam
3346 2513 3448 2566 etsi

1867 2603 2074 2662 Abana,
2099 2611 2152 2655 et
2184 2601 2467 2670 Pharphar
2506 2600 2652 2656 fluvii
2703 2601 2948 2656 Damasci
2982 2602 3236 2658 meliores
3267 2604 3450 2657 omni-

1869 2690 1967 2744 bus
2001 2691 2168 2760 aquis
2186 2690 2349 2744 Israel
2370 2689 2568 2758 iudicio
2599 2692 3011 2746 :estimabantur
3050 2691 3294 2747 Naaman
3326 2692 3450 2764 Syri

1869 2779 1974 2849 (IV
2005 2780 2130 2850 Reg.
2177 2797 2230 2843 ν,
2266 2781 2378 2850 12);
2424 2790 2602 2836 tamen
2636 2783 2848 2837 nonnisi
2897 2782 2951 2836 in
2997 2782 3234 2838 Jordane
3265 2792 3452 2838 nostro

1868 2871 2086 2940 septies,
2135 2887 2239 2926 non
2291 2873 2408 2926 sine
2453 2873 2731 2943 mysterio,
2769 2874 2977 2929 lavatus
3023 2890 3052 2928 a
3103 2873 3250 2944 lepra
3279 2874 3456 2943 potuit

1869 2963 2115 3016 mtmdari
2143 2962 2332 3034 (lbid.,
2355 2963 2466 3033 M).
2501 2965 2590 3018 Illa
2621 2964 2697 3038 [id
2719 2975 2791 3019 est
2821 2964 3082 3037 Ecclesia]
3100 2966 3286 3031 etiam,
3308 2981 3448 3036 quze,

1872 3051 1978 3123 [hic
1999 3053 2137 3107 deest
2164 3056 2377 3124 aliquod
2401 3056 2608 3109 verbum
2630 3097 2644 3120 ,
2675 3071 2740 3109 ex
2769 3072 2850 3125 gr.
2884 3055 3223 3128 invehitur.].
3266 3101 3280 3113 .
3327 3065 3352 3111 .'
3384 3095 3397 3110 .
3433 3095 3448 3111 .

1872 3145 1923 3197 in
1955 3146 2211 3210 medicos,
2245 3145 2296 3200 id
2327 3157 2430 3212 est,
2461 3145 2625 3202 falsos
2648 3146 3095 3217 theologos,quos
3115 3157 3170 3202 et
3197 3158 3251 3202 tu
3269 3146 3446 3202 adhuc

1870 3237 2116 3301 sectaris,
2139 3238 2264 3290 dum
2285 3238 2682 3306 propositiones
2711 3248 2764 3292 et
2784 3239 3184 3308 assumptioues
3209 3239 3263 3294 in
3283 3253 3448 3294 causa

1871 3329 2128 3384 Ecclesia:
2158 3329 2454 3384 introducis
2481 3329 2641 3384 Tullii
2665 3329 2960 3396 Ciceronis,
2996 3346 3026 3385 a
3057 3331 3207 3386 nullo
3249 3333 3446 3387 horum

1870 3418 2043 3486 potuit
2070 3419 2538 3487 curari,quamvis
2565 3419 2730 3472 multa
2768 3420 3004 3488 potuerit
3036 3421 3270 3489 perpeti.
3309 3420 3446 3474 Nam

1870 3518 1925 3564 et
1972 3510 2335 3578 catapharsun
2371 3518 2426 3563 et
2483 3511 2798 3579 ap0pbasim
2855 3521 3004 3566 tuum
3057 3513 3160 3567 hac
3207 3513 3260 3571 in
3289 3521 3445 3582 parte

1873 3610 2077 3655 tantum
2106 3602 2430 3666 decidemus,
2466 3609 2523 3654 ut
2553 3601 2604 3654 in
2633 3618 2742 3657 uno
2770 3601 3039 3658 salubrius
3086 3618 3150 3658 ac
3196 3604 3439 3674 pruden-

1875 3696 1978 3751 litis
2001 3694 2116 3750 fore
2137 3696 2426 3751 doceamus
2452 3695 2759 3764 responderi
2790 3695 3084 3750 secundum
3107 3694 3450 3765 Apostolum,

1871 3789 1993 3857 quia
2025 3788 2070 3842 si
2097 3787 2386 3841 dixerimus
2431 3787 2682 3857 quoniam
2715 3791 2982 3854 peccatum
3035 3802 3137 3838 non
3176 3785 3450 3849 habemus,

1871 3881 1970 3950 ipsi
2001 3895 2095 3932 nos
2115 3879 2436 3941 seducimus,
2458 3887 2512 3930 et
2529 3880 2716 3930 veritas
2738 3877 2790 3929 iu
2824 3876 2970 3929 nobis
2992 3891 3094 3928 non
3116 3887 3189 3928 est
3215 3873 3265 3944 (I
3285 3871 3452 3929 Joau.

1874 3987 1912 4033 ι,
1944 3969 2034 4038 8);
2078 3968 2132 4022 in
2161 3966 2333 4021 altero
2363 3975 2543 4020 autem
2574 3980 2681 4018 non
2707 3963 2881 4019 solum
2909 3965 2963 4018 in
3014 3979 3202 4019 eorum
3223 3977 3453 4018 numero

1876 4061 2032 4131 113
2064 4073 2288 4114 currere
2311 4071 2637 4126 magnopere
2660 4056 2912 4120 vitemus,
2947 4055 3038 4124 qui
3095 4053 3454 4110 firmaverunt

1872 4153 1973 4208 sibi
1997 4164 2296 4214 sermones,
2328 4163 2606 4203 sermones
2633 4147 2892 4218 malignos
2914 4145 3032 4218 (Ps.
3065 4163 3219 4210 Lxut,
3249 4146 3452 4217 6);sed

1871 4245 2035 4298 etiam
2063 4242 2208 4297 salva
2265 4239 2528 4295 catholica
2580 4238 2683 4293 [ide
2736 4247 2791 4292 et
2840 4237 3098 4293 reclinata
3140 4239 3312 4304 fovea,
3350 4239 3454 4294 hoc

1873 4344 1957 4390 est
1985 4331 2144 4388 ollicii
2166 4331 2334 4387 nostri
2359 4329 2590 4400 jacwra,
2631 4329 2880 4384 malimus
2904 4329 3096 4384 alienis
3113 4329 3455 4384 sermonibus

1873 4425 2154 4482 humiliter
2181 4424 2394 4489 cedere,
2422 4436 2580 4492 quam
2625 4421 2978 4492 pertinaciter
3007 4421 3450 4476 contentionibus

1871 4519 2165 4575 deservire.

1943 4680 2027 4733 11.
2061 4678 2125 4732 Ει
2148 4678 2264 4733 lucc
2285 4677 2500 4746 quidem
2527 4676 2708 4731 omnia
2748 4676 2814 4731 ad
2842 4675 2894 4731 id
2930 4676 3366 4746 conjectandum,
3393 4681 3454 4728 ut
3505 4682 3528 4704 ⁶

1871 4773 1915 4828 si
1949 4771 2070 4824 talis
2095 4769 2280 4834 etiam,
2317 4768 2458 4838 quod
2487 4767 2649 4832 absit,
2673 4767 2888 4837 aliquis,
2915 4774 2972 4820 ut
3004 4775 3057 4821 tu
3100 4765 3255 4828 dicis,
3295 4765 3447 4818 inve-

1873 4862 2053 4916 niatur
2099 4859 2496 4929 episcoporum,
2549 4872 2656 4910 non
2701 4871 2856 4926 posse
2916 4857 3268 4911 convincatur
3309 4854 3457 4924 judi-

1874 4952 1987 5008 cari
2016 4952 2117 5006 nisi
2138 4967 2167 5005 a
2193 4949 2467 5015 semet,ab
2495 4947 2602 5003 ullo
2625 4949 2926 5011 hominum,
2944 4957 3168 5019 excepta
3191 4945 3458 5000 duntaxat

1877 5042 2200 5097 auctoritate
2233 5053 2518 5095 canonum.
2549 5038 2595 5091 Α
2627 5047 2798 5093 semet
2823 5048 3003 5092 autem
3040 5051 3171 5108 pura
3217 5034 3361 5090 inter
3397 5051 3458 5090 se

1875 5145 1928 5188 et
1963 5133 2129 5187 Deum
2145 5129 2537 5201 autquemlihel
2571 5130 2673 5184 sibi
2696 5128 3146 5198 elegeritlidelcm
3173 5132 3456 5193 patronum

1873 5221 2221 5278 confessione
2247 5220 2542 5291 judicatur,
2577 5229 2637 5274 ut
2670 5235 2776 5274 non
2813 5232 2842 5270 a
2875 5217 2986 5272 Deo
3027 5217 3272 5272 districte
3315 5216 3460 5286 judi-

1872 5321 2056 5376 cetur;
2099 5316 2192 5367 scd
2227 5313 2372 5382 prior
2404 5308 2716 5376 iniquitates
2753 5319 2879 5360 suas
2919 5307 3206 5361 adversum
3243 5319 3304 5358 se
3331 5319 3461 5360 con-
