4018 5406
561 293 668 350 259

1514 283 1839 338 liATllERll
1878 281 2093 338 EPISC.
2138 281 2390 337 VERON.
2433 281 2584 337 OPI’.
2626 281 2805 337 PARS
2843 281 2881 334 l.

3723 281 3837 338 £60

560 401 827 459 Canonica
853 415 980 456 vero
1020 396 1292 468 judicatur
1312 396 1664 462 auctoritate,
1708 396 1751 449 si
1794 393 2134 449 examinatus
2164 398 2207 455 Α
2238 393 2543 463 specialiter
2587 393 2855 463 principes
2884 392 2965 446 vel
3024 392 3322 459 ministros,
3371 410 3506 464 quos
3560 394 3649 450 ille
3706 394 3833 451 Rex

562 492 818 566 legitime,
840 494 1045 548 crimen
1085 505 1242 544 suum
1272 488 1327 542 in
1371 485 1600 542 concilio
1646 486 1864 555 proprio
1897 483 2137 554 publica-

562 587 697 642 verit
724 578 838 641 ore.
882 584 927 638 A
957 583 1182 638 Domino
1218 595 1349 637 vero
1399 577 1582 634 multis
1630 578 1803 633 modis
1836 576 2134 647 judicatur,

560 680 686 734 dum
736 676 1029 733 secundum
1070 671 1448 734 Psalmistam,
1498 677 1593 723 aut
1643 667 1995 729 infirmitate,
2045 673 2139 718 aut

560 769 794 834 danmis,
840 776 934 821 aut
986 764 1323 820 inimicorum
1354 758 1809 823 infestationibus,
1866 763 1961 810 aut
2017 753 2137 809 aliis

559 860 967 929 quibuscunque
1006 852 1354 909 alllieticnum
1405 849 1714 922 generibus,
1764 862 1868 901 non
1916 844 2133 915 quidem

557 948 795 1019 iubente,
819 945 911 1000 sed
936 942 1277 1014 permittente
1302 938 1436 1003 Deo,
1460 938 1515 992 in
1542 937 1660 1007 ejus
1682 933 1975 990 afﬂictione
2015 933 2134 987 vin-

558 1039 786 1102 dicatur,
816 1044 875 1090 ut
920 1042 1014 1088 aut
1061 1031 1388 1101 corripiatur
1418 1029 1473 1083 in
1528 1026 1785 1099 pratsenti
1820 1025 2037 1090 s:eculo,
2068 1038 2136 1079 ne

556 1140 678 1180 cum
702 1125 901 1180 mundo
927 1124 1214 1179 damnetur
1246 1121 1300 1175 in
1332 1119 1545 1184 futuro;
1577 1127 1673 1172 aut
1699 1126 1759 1172 ut
1787 1115 1992 1170 ferrum
2019 1116 2135 1185 ejus

557 1214 753 1268 mentis
786 1213 853 1267 ad
895 1210 1246 1267 subtilitatem
1279 1208 1557 1279 perveniat
1614 1204 1900 1270 acuminis,
1947 1204 2135 1257 alienun

554 1316 765 1360 erasum
792 1304 918 1358 lima
944 1302 1250 1374 pravitatis,
1289 1315 1395 1370 quo
1426 1308 1479 1354 et
1510 1299 1626 1370 ipse
1664 1310 1912 1353 resecare
1938 1296 1989 1351 iu
2017 1295 2135 1350 aliis

555 1396 698 1451 male
725 1393 1041 1466 pullulantia
1071 1392 1247 1446 valeat
1269 1389 1467 1445 cordis.

624 1486 712 1541 l2.
739 1488 811 1541 At
850 1494 1020 1541 totum
1056 1484 1129 1538 ita
1183 1497 1243 1537 se
1288 1482 1489 1535 habere
1536 1494 1643 1533 non
1696 1476 1988 1541 Catonicis,
2040 1476 2135 1530 sed

553 1574 850 1634 Dominicis
895 1575 1253 1646 approbemus
1297 1571 1546 1641 eloquiis.
1589 1570 1633 1623 A
1682 1569 1826 1624 nullo
1859 1568 2132 1621 hominum

552 1668 833 1737 episcopos
868 1664 1214 1738 judicandos,
1260 1671 1316 1718 et
1366 1660 1651 1732 Apostolus
1678 1660 1921 1730 perhibet
1951 1659 2135 1713 dicexs

554 1762 620 1815 de
641 1762 740 1825 eis,
766 1761 892 1814 dum
914 1758 979 1814 de
1007 1773 1067 1814 se
1103 1773 1118 1811 :
1147 1755 1250 1822 Qui
1279 1766 1451 1810 autem
1488 1755 1697 1827 judicat
1741 1771 1845 1820 me,
1880 1752 2134 1807 Dominus

553 1859 630 1905 est
659 1850 709 1921 (Ι
750 1847 875 1904 Cor.
905 1848 1146 1920 tv,4);et
1175 1865 1187 1901 :
1212 1845 1513 1918 Spiritualis
1534 1845 1791 1915 dijudicat
1813 1845 2009 1908 omnia,
2032 1845 2140 1912 ipse

555 1953 731 1997 autem
769 1959 801 1996 a
825 1942 1027 1996 nemine
1041 1939 1320 2010 Judicatur
1340 1936 1391 2011 (I
1429 1937 1551 1992 Cor.
1578 1952 1638 2001 tt,
1666 1936 1754 2006 l5)
1772 1953 1786 2003 ;
1806 1944 1860 1990 ct
1883 1935 2140 1989 Dominus

553 2033 632 2088 sal
677 2031 994 2087 infatuatum
1054 2044 1152 2084 nec
1222 2028 1274 2082 in
1328 2026 1667 2097 sterquilinio
1738 2040 1989 2080 asserens
2046 2038 2139 2094 po-

552 2121 786 2176 nendum
825 2119 975 2192 (Luc.
1009 2134 1121 2182 ιιγ,
1152 2116 1264 2187 '55).
1306 2115 1349 2170 A
1376 2124 1568 2181 semet,
1592 2123 1652 2169 ut
1684 2115 1826 2170 idem
1853 2113 2139 2185 Apostolus

551 2212 682 2268 dicit
723 2230 735 2267 :
771 2211 834 2267 Si
863 2210 1202 2280 nosmetipsos
1232 2208 1621 2278 judicaremus,
1652 2224 1756 2261 non
1786 2207 1966 2278 utique
1983 2206 2139 2276 judi-

553 2320 792 2358 caremur
825 2301 883 2373 (Ι
903 2300 1026 2356 Cor.
1052 2315 1129 2367 tu,
1158 2298 1272 2371 51);
1302 2308 1358 2355 et
1378 2298 1505 2353 illud
1533 2299 1598 2353 de
1625 2298 1808 2371 Moyse
1832 2316 1844 2351 :
1882 2297 2065 2352 Posuit
2090 2308 2139 2353 et

552 2393 756 2447 labrum
785 2407 1009 2456 arneum,
1035 2389 1092 2444 in
1128 2405 1230 2461 quo
1261 2388 1565 2443 lavarentur
1591 2387 1768 2441 Aaron
1792 2397 1839 2441 et
1868 2386 1969 2455 lilii
2000 2387 2137 2458 ejus,

554 2501 671 2539 cum
695 2483 1091 2554 ingrederentur
1117 2481 1173 2535 in
1222 2489 1428 2544 sancta,
1454 2493 1570 2549 quae
1598 2478 1792 2547 fecerat
1819 2478 1883 2532 de
1917 2477 2139 2548 speculis

553 2556 852 2636 mulierum,
866 2587 982 2641 qua:
1006 2569 1331 2625 excubabant
1355 2569 1410 2622 in
1432 2569 1567 2622 ostio
1587 2566 1913 2621 tabernaculi
1934 2566 2133 2639 (Exod.

554 2676 783 2726 xxxvm,
807 2661 883 2732 8).
914 2661 955 2714 Δ
985 2660 1235 2725 Domino,
1268 2667 1326 2714 ut
1359 2668 1415 2714 et
1451 2657 1619 2713 illud:
1664 2655 1893 2711 Visitabo
1921 2659 1976 2711 in
1992 2659 2138 2728 uirga

553 2755 850 2825 iniquitates
863 2769 1062 2819 eorum,
1084 2761 1131 2806 et
1160 2753 1213 2805 in
1227 2750 1519 2806 verberibus
1540 2760 1751 2820 peccata
1765 2764 1944 2803 eorum
1960 2746 2134 2819 (Psal.

553 2860 817 2910 Lxxxvm,
839 2842 950 2917 33).
976 2842 1093 2898 Non
1129 2852 1310 2897 autem
1344 2841 1452 2896 hoc
1476 2842 1608 2896 dicit
1636 2840 1704 2894 ab
1729 2855 1815 2906 eo,
1856 2840 1947 2909 qui
1973 2840 2136 2910 pedes

553 2936 937 3008 discipulorum
959 2935 1153 2991 lavisse
1182 2935 1379 3007 legitur
1401 2936 1452 2989 iu
1477 2933 1768 3004 Evangelio
1796 2932 1979 3005 (Joan.
2013 2948 2133 2998 sui,

553 3028 630 3093 5).
678 3026 948 3083 Canonica
980 3041 1107 3082 vero
1157 3026 1477 3082 auctoritate
1527 3026 1795 3095 quomodo
1836 3023 2132 3093 judicetur,

2242 502 2422 556 regum
2443 486 2846 557 potentissimus
2861 483 3063 557 [supple
3084 485 3281 558 posuit]
3306 487 3356 541 in
3380 486 3642 551 Ecclesia,
3658 504 3832 558 quam

2239 573 2396 627 nolite
2426 584 2637 644 tangere
2660 575 2883 628 cltristos
2908 575 3091 628 meos?
3118 572 3288 647 (Psal.
3322 591 3430 640 Ctv,
3456 575 3573 647 i3.)
3600 575 3831 630 Wili'am

2239 664 2403 718 etiam
2454 667 2721 735 quoddam
2772 675 2970 722 vocant
3025 667 3257 737 signum,
3314 667 3454 735 quod
3506 668 3598 737 qui
3659 668 3833 738 regali

2240 755 2487 810 habuerit
2520 756 2685 822 dono,
2710 769 2765 811 et
2793 755 3022 825 alicujus
3060 756 3248 812 invasu
3289 757 3447 810 alicui
3489 755 3834 826 suhjacuerit

2239 846 2456 911 damno,
2489 847 2700 901 vindice
2738 846 3044 902 defenditur
3069 847 3267 917 gladio.
3296 847 3451 915 Quod
3497 858 3682 903 autem
3716 857 3835 901 ter-

2242 937 2450 993 ribilius
2501 938 2732 992 inveniri
2780 948 2959 1009 potest
3026 938 3236 1009 signum
3294 954 3456 1008 quam
3515 937 3833 1009 ροιιιὶῐίωιιι

2236 1028 2483 1099 pcdalum
2514 1028 2723 1100 (207)?
2752 1028 3209 1099 Perspicaciorem
3234 1045 3393 1100 quam
3413 1029 3694 1084 desideras
3707 1028 3835 1083 wil-

2239 1116 2369 1181 fam,
2392 1133 2553 1188 quam
2574 1133 2692 1173 eam
2718 1134 2879 1188 quam
2896 1120 3071 1191 capite
3112 1128 3323 1191 gestant
3349 1119 3644 1174 coronam?
3672 1117 3831 1172 Stola

2236 1220 2390 1273 vero,
2420 1207 2654 1277 planeta,
2702 1208 3014 1270 dalmatica.
3045 1209 3340 1279 cingulum,
3375 1209 3562 1281 caliga:
3605 1218 3662 1264 et
3698 1224 3830 1263 sana

2238 1296 2377 1350 dalia
2413 1297 2540 1366 quid
2589 1297 2706 1363 tibi,
2748 1298 2960 1353 etiamsi
3012 1300 3084 1353 nil
3120 1301 3266 1354 intus
3321 1300 3466 1354 aliud
3516 1299 3831 1371 intelligere

2238 1385 2464 1450 valeres,
2497 1386 2601 1440 nisi
2645 1386 3085 1443 manifestissima
3118 1388 3316 1442 divina:
3342 1389 3586 1443 tuitionis
3615 1392 3834 1458 pariter

2240 1483 2293 1528 et
2313 1477 2694 1540 venerationis,
2725 1477 2852 1531 dum
2883 1487 3069 1532 contra
3112 1490 3430 1534 cancrorum
3475 1478 3833 1534 consuetudi-

2240 1583 2360 1622 nem
2400 1583 2492 1623 eos
2537 1569 2621 1624 bis
2663 1570 2738 1624 uti
2765 1571 2963 1635 cernis,
2995 1572 3089 1627 tibi
3126 1572 3357 1642 produnt
3396 1572 3666 1644 insignia?
3708 1588 3833 1642 qua:

2239 1660 2400 1713 etiam
2426 1659 2520 1713 tibi
2544 1676 2610 1715 ne
2639 1659 2949 1730 tuojndicio
2974 1661 3314 1727 obvenerint,
3337 1678 3442 1716 non
3474 1662 3609 1716 nihil
3636 1662 3835 1725 timeo,

2170 1778 2215 1837 Β
2244 1750 2367 1803 dum
2401 1761 2508 1804 tam
2540 1750 2795 1820 vilipeudi
2824 1766 2853 1805 a
2887 1760 2938 1806 te
2970 1751 3275 1817 considero,
3302 1760 3361 1806 ut
3386 1752 3559 1823 magis
3586 1752 3831 1823 praedari

2240 1854 2293 1899 et
2323 1845 2517 1908 occidi,
2548 1859 2709 1913 quam
2740 1845 2825 1899 his
2845 1853 2998 1916 optes
3021 1843 3252 1899 defendi.

2310 1933 2399 1988 15.
2426 1933 2522 1988 llis
2541 1943 2733 1988 contra
2778 1942 2885 1992 tam
2936 1932 3405 2004 perversissimam
3459 1941 3515 1986 et
3561 1932 3832 1988 inconvea

2240 2026 2635 2081 nientissimum
2665 2026 2830 2081 etiam
2880 2026 3035 2080 laicis
3076 2022 3341 2093 judicium
3394 2024 3640 2079 breviter
3688 2040 3832 2094 pra:-

2239 2118 2406 2183 lectis,
2449 2133 2556 2173 non
2611 2127 2663 2175 te
2715 2133 2873 2189 quem
2911 2133 3072 2188 supra
3117 2131 3248 2188 rogo
3304 2116 3641 2179 consideres,
3700 2129 3831 2169 cum

2232 2209 2578 2284 {subauditur
2619 2208 2880 2282 episcopi]
2935 2208 3078 2263 inter
3127 2222 3186 2262 se
3229 2220 3441 2277 quoque
3478 2205 3726 2275 propria,
3783 2207 3831 2259 si

2240 2305 2447 2375 aliquid
2478 2303 2837 2368 excesserint,
2865 2302 3099 2357 habeant
3146 2300 3368 2372 judicia.
3402 2297 3674 2353 Vidistine
3732 2316 3834 2353 un-

2239 2410 2402 2465 quam
2434 2394 2659 2449 militem
2695 2403 2788 2447 aut
2811 2392 3100 2463 plebeium,
3135 2391 3228 2460 qui
3260 2404 3424 2444 ausus
3455 2387 3620 2443 fuerit
3648 2403 3831 2459 repre-

2240 2483 2501 2550 hendere,
2541 2483 2736 2537 nedum
2762 2482 3004 2551 judicare
3031 2481 3268 2550 judicem
3301 2477 3598 2550 palatinum
3629 2476 3780 2548 (208)
3804 2478 3834 2531 3

2241 2578 2478 2649 Denique
2511 2576 2851 2633 satisfactmn
2886 2576 2977 2631 tibi
3019 2575 3132 2645 jam
3184 2590 3304 2629 esse
3331 2580 3564 2644 poterat,
3612 2571 3830 2643 judices

2239 2682 2334 2722 eos
2358 2665 2438 2739 [id
2458 2674 2536 2720 est
2565 2663 2869 2736 episcopos]
2897 2679 3016 2718 esse
3047 2664 3313 2727 oumium,
3363 2676 3467 2715 non
3508 2660 3687 2714 solum
3731 2659 3829 2712 ho-

2238 2758 2464 2821 minum,
2499 2755 2593 2811 sed
2636 2764 2691 2810 et
2738 2754 3074 2826 angelorum,
3128 2760 3494 2823 apostatarum
3544 2750 3736 2821 utique
3774 2747 3827 2819 (I

2238 2845 2361 2901 Cor.
2404 2861 2478 2911 vr,
2522 2846 2600 2916 5).
2644 2843 2752 2901 Sed
2800 2846 2867 2897 ad
2914 2842 3314 2907 inculcaudum,
3368 2856 3436 2896 ne
3489 2838 3829 2893 volubilitate

2238 2939 2467 2994 excedat
2500 2938 2741 2993 animum
2774 2936 3108 2991 diversarum
3140 2948 3418 2998 curarum,
3445 2931 3641 2986 iterum
3681 2930 3829 2984 arbi-

2240 3036 2355 3082 tror
2387 3026 2774 3098 replicandum,
2806 3024 3007 3095 aliquid
3038 3023 3227 3086 etiam,
3259 3022 3401 3092 quod
3431 3019 3615 3076 forsan
3644 3021 3828 3075 adhuc

556 3127 821 3173 monstrat
852 3118 985 3173 satis
1023 3117 1304 3173 evidenter
1328 3116 1418 3187 qui
1448 3115 1582 3171 dicit
1616 3133 1629 3168 :
1662 3114 1810 3169 Sicut
1838 3114 2017 3174 audio,
2039 3115 2131 3183 ju-
2159 3129 2206 3191 ο
2236 3129 2330 3173 aut
2383 3120 2600 3191 ignoras
2656 3126 2750 3172 aut
2795 3115 3122 3181 dissimulas,
3164 3113 3545 3185 adjiciendum.
3597 3111 3829 3167 Noveris

555 3209 672 3262 dico
694 3206 877 3280 (Joan.
897 3223 953 3273 v,
977 3207 1068 3277 30)
1084 3250 1099 3273 ,
1123 3217 1177 3263 et
1201 3225 1214 3261 :
1246 3207 1329 3262 Ea:
1350 3223 1439 3262 ore
1461 3215 1549 3260 tuo
1572 3215 1622 3259 te
1632 3204 1817 3275 Judico
1839 3204 1992 3273 (Luc.
2017 3220 2130 3267 xu,

552 3298 666 3370 2|).
697 3298 764 3353 Et
790 3297 1099 3369 Apostolus,
1131 3306 1190 3352 ut
1215 3297 1379 3352 etiam
1410 3297 1515 3352 hoc
1563 3296 1618 3350 in
1668 3296 1919 3366 praesenti
1949 3296 2139 3351 obsor-

556 3388 788 3444 vandum
838 3388 1143 3460 intelligas,
1188 3389 1242 3443 in
1289 3395 1554 3458 quantum
1610 3386 1896 3443 Dominum
1949 3386 2138 3442 adesse

554 3477 888 3543 consideras,
931 3477 1059 3533 dum
1111 3476 1293 3547 aliquo
1349 3474 1639 3532 manifesto
1671 3490 1783 3531 sua:
1834 3475 2138 3545 praesentiae

548 3568 774 3639 judicio,
811 3578 907 3623 aut
936 3568 1165 3624 invitum
1193 3576 1249 3624 et
1280 3576 1554 3633 coactum,
1584 3567 1925 3637 perspicuam
1956 3574 2137 3620 tamen

554 3660 834 3716 veritatem
883 3668 1224 3731 promentem
1266 3673 1333 3714 ac
1370 3666 1562 3729 sponte
1613 3656 1960 3713 confitentem
1983 3696 1999 3722 ,
2045 3664 2139 3710 aut

555 3750 735 3819 aliquo
756 3751 903 3821 justo
956 3759 1012 3805 et
1059 3748 1216 3822 legali
1247 3748 1452 3821 judicio
1491 3747 1888 3818 deprehensum
1936 3745 2142 3801 revelat

556 3840 611 3895 in
658 3841 894 3911 publico,
948 3840 1148 3906 Nolite,
1203 3840 1401 3910 inquit,
1458 3847 1581 3892 ante
1630 3846 1829 3905 tempus
1872 3837 2136 3905 judicare,

554 3929 720 3984 donec
762 3929 932 3985 ueniat
961 3928 1237 3995 Dominus,
1279 3927 1369 3999 qui
1396 3936 1445 3982 et
1482 3925 1801 3981 illuminabit
1836 3925 2140 3980 abscondita

556 4019 887 4074 tenebrarum
937 4017 1013 4091 (I
1065 4017 1190 4074 Cor.
1237 4034 1315 4085 Iv,
1362 4018 1441 4088 5).
1499 4015 1921 4071 Mundeburdem
1960 4023 2139 4070 autem

556 4110 715 4181 vulgo
740 4109 1011 4180 quoddam
1049 4122 1218 4179 genus
1245 4107 1442 4180 regalis
1477 4114 1677 4163 vocant
1705 4103 1965 4172 tuitionis,
1995 4104 2142 4175 quod

557 4199 649 4268 qui
700 4199 971 4268 habuerit,
1004 4199 1227 4270 speciali
1273 4198 1508 4269 quodam
1534 4196 1819 4269 privilegio
1871 4196 1948 4251 ita
1993 4197 2141 4267 regia

559 4296 741 4343 tuetur
765 4289 1087 4345 auctoritate
1112 4289 1447 4359 plerumque,
1477 4294 1538 4342 ut
1582 4300 1684 4343 nec
1714 4287 1790 4353 vi,
1822 4296 1922 4343 nec
1938 4285 2143 4358 judicio

557 4376 781 4447 aliquid,
812 4378 975 4433 etiam
1023 4377 1077 4432 in
1114 4376 1272 4447 culpa
1298 4377 1688 4449 deprehensus,
1739 4376 1806 4431 ab
1841 4375 2022 4446 aliquo
2049 4390 2144 4446 pa-

2239 3212 2420 3280 itaque
2446 3220 2679 3282 quatuor
2704 3208 2914 3264 futuros
2942 3207 3162 3262 ordines
3192 3206 3244 3260 in
3263 3205 3497 3278 judicio;
3531 3221 3702 3259 unum
3733 3204 3826 3275 qui

2233 3301 2440 3371 judicet
2467 3318 2590 3357 cum
2615 3302 2741 3367 Deo,
2769 3300 2933 3356 alium
2974 3300 3065 3370 qui
3091 3314 3186 3370 per
3203 3297 3464 3369 judicium
3489 3297 3758 3353 liberetur
3797 3310 3828 3351 a

2238 3391 2370 3457 Deo,
2400 3393 2617 3448 tertium
2646 3392 2740 3462 qui
2788 3406 2888 3463 per
2908 3390 3173 3461 judicium
3218 3388 3524 3455 damnetur,
3570 3396 3829 3459 quartum

2239 3484 2329 3555 qui
2362 3480 2470 3551 jam
2492 3482 2765 3551 judicatus
2791 3483 2860 3538 ad
2897 3482 2971 3537 nil
3017 3482 3182 3549 aliud,
3210 3492 3272 3536 ut
3310 3480 3606 3543 credimus.
3629 3478 3826 3543 aderit,

2241 3575 2344 3630 nisi
2376 3584 2432 3629 ut
2469 3575 2584 3646 ipsa
2619 3572 2853 3644 amplius
2877 3574 3088 3645 piorum
3134 3570 3393 3627 felicitate
3436 3568 3738 3635 crucietur,
3770 3576 3829 3623 ut

2242 3665 2294 3718 in
2348 3663 2555 3734 psalmo
2615 3662 2812 3734 legitur
2864 3680 2878 3716 :
2931 3659 3187 3716 Peccator
3241 3659 3448 3725 ridebit,
3489 3670 3537 3713 et
3565 3659 3831 3713 irascetur

2242 3752 2416 3826 (Psal.
2445 3769 2523 3819 ιιι,
2551 3752 2664 3824 10),
2696 3760 2750 3807 et
2804 3752 2946 3822 quod
2981 3767 3095 3823 prae
3144 3750 3391 3822 angustia
3421 3749 3648 3819 spiritus
3699 3758 3829 3805 sunt

2241 3844 2460 3901 dicturi.
2502 3843 2569 3898 Et
2607 3851 2666 3897 ut
2694 3844 2796 3898 hoc
2825 3841 3245 3898 evidentissimis
3270 3841 3499 3912 pandam
3538 3841 3828 3911 exemplis,

2242 3933 2364 3987 audi
2426 3933 2709 3989 Dominum
2772 3931 3173 4003 promittentem
3224 3950 3238 3985 :
3296 3929 3575 3998 Sedebitis,
3629 3932 3828 4003 inquit,

2242 4038 2397 4092 super
2445 4023 2590 4077 sedes
2646 4022 2921 4078 duodecim
2968 4020 3186 4093 (Matth.
3227 4037 3326 4088 xu,
3379 4020 3497 4093 28),
3545 4021 3598 4076 id
3640 4031 3724 4077 est
3773 4022 3829 4076 in

2242 4111 2392 4168 soliis
2428 4110 2811 4182 apostolorum,
2828 4126 2937 4167 non
2958 4109 3173 4182 quidem
3189 4111 3525 4168 solummodo
3539 4111 3829 4167 duodecim

2243 4201 2478 4270 illorum,
2515 4204 2607 4260 sed
2652 4212 2717 4283 et.
2738 4204 2978 4261 omnium
3006 4203 3251 4276 ejusdem
3313 4202 3472 4261 ollicii
3522 4203 3828 4275 justorum.

2244 4294 2313 4352 Et
2339 4312 2407 4353 ne
2452 4312 2650 4352 novum
2679 4296 2784 4351 hoc
2833 4307 2890 4351 et
2928 4295 3113 4353 forsan
3145 4313 3177 4351 ιι
3205 4297 3362 4353 nobis
3406 4298 3646 4353 :estimes
3700 4313 3831 4352 cou-

2236 4383 2520 4453 jectatum,
2552 4385 2675 4441 audi
2711 4400 2776 4439 ex
2806 4385 2891 4440 bis
2917 4400 3106 4449 unum,
3146 4386 3240 4441 sed
3276 4384 3389 4456 jam
3437 4385 3658 4440 tertium
3682 4385 3831 4440 decis

558 4465 745 4532 tiatur,
794 4475 1082 4535 antequam
1115 4466 1168 4520 in
1215 4464 1376 4537 11‘
1416 4465 1700 4535 praesentia
1738 4465 1978 4535 ejusdem
2026 4478 2137 4518 ma-

2246 4490 2415 4539 mum,
2467 4474 2593 4545 quia
2658 4472 3140 4557 postllatthiam,
3205 4486 3235 4528 e
3296 4473 3435 4529 coelo
3499 4482 3753 4528 vocatum
3810 4492 3825 4525 ς

550 4553 768 4626 jcstatis
826 4557 1097 4611 audiatur.
1157 4554 1215 4611 Si
1275 4563 1457 4610 autem
1508 4556 1755 4612 mortalis
1793 4556 1867 4611 ita
1922 4556 2142 4611 timetur

556 4648 897 4721 potestas,‘si
934 4648 1131 4705 litteris
1165 4647 1433 4705 sententia
1467 4647 1680 4718 prolata
1730 4648 1888 4703 hodie
1920 4647 2139 4718 quidem

559 4740 978 4796 subsistentibus
1021 4739 1192 4812 (906),
1223 4754 1349 4795 cras
1377 4751 1510 4794 vero
1538 4746 1634 4792 aut
1673 4738 1818 4809 igne,
1856 4746 1950 4792 aut
1978 4752 2137 4807 aqua,

561 4840 654 4886 aut
674 4840 941 4888 vetustate
979 4831 1194 4897 deletis,
1218 4829 1426 4884 nullum
1454 4828 1620 4884 robur
1649 4827 2035 4892 obtinentibus,
2066 4827 2141 4881 ita

560 4922 890 4988 custoditur;
928 4937 1035 4993 qua
1067 4919 1393 4984 reverentia,
1422 4933 1530 4989 quo
1552 4919 1748 4974 timore
1770 4918 1913 4972 illius
1935 4917 2138 4974 debent

562 5014 766 5068 servari
796 5015 993 5078 edicta,
1029 5012 1201 5082 cujus,
1230 5010 1369 5066 caelo
1419 5019 1478 5067 et
1533 5019 1676 5066 terra
1724 5011 2142 5075 transeuntibus,

567 5117 673 5156 non
720 5112 999 5160 transeunt
1038 5102 1242 5157 verba?
1282 5100 1479 5174 (Marc.
1525 5116 1649 5169 xm,
1677 5102 1792 5174 51.)
1822 5101 1992 5169 Quem
2017 5117 2145 5157 vero

565 5198 891 5267 apertiorem
930 5196 1161 5268 requiris
1189 5194 1612 5251 Mundeburdem
1642 5196 1711 5251 ad
1742 5194 2141 5252 defendendum

2247 4563 2499 4629 Nescitis,
2531 4565 2625 4629 ait,
2649 4564 2899 4635 quoniam
2948 4563 3159 4635 angelos
3188 4564 3535 4625 iudicabimus
3561 4564 3587 4618 ‘I
3614 4563 3669 4635 (1
3698 4564 3825 4619 Cor.

2244 4669 2321 4721 vr,
2349 4652 2427 4725 5.)
2467 4654 2691 4710 Frustra
2713 4662 2892 4709 autem
2916 4655 2981 4710 de
3008 4654 3136 4711 sede
3164 4653 3322 4722 hujus
3352 4654 3557 4709 ordinis
3584 4655 3827 4718 dubitas,

2244 4758 2365 4800 cum
2396 4747 2671 4815 apostolos
2693 4760 2805 4808 eos,
2830 4753 3090 4814 quantum
3115 4754 3168 4800 et
3209 4745 3262 4801 id
3289 4754 3477 4816 agunt,
3503 4760 3625 4800 esse
3660 4747 3826 4807 scias,

2244 4834 2286 4889 si
2307 4842 2484 4889 tamen
2500 4843 2554 4889 et
2572 4834 2712 4889 idem
2730 4844 2781 4890 te
2793 4850 2897 4888 non
2913 4834 3047 4887 fallit
3060 4835 3396 4898 vocabulum,
3413 4835 3534 4903 quia
3551 4834 3827 4894 Cra-cum;

2249 4933 2305 4980 et
2340 4923 2626 4980 Psalmista
2666 4925 2918 4981 concinat
2943 4943 2955 4977 :
2983 4922 3271 4994 Principes,
3309 4925 3576 4993 inquiens,
3613 4923 3831 4992 populo-

2250 5032 2368 5069 rum
2412 5017 2710 5087 congregati
2737 5022 2856 5069 sunt
2882 5012 3039 5085 115
3069 5030 3186 5066 eum
3214 5012 3323 5067 Deo
3356 5012 3621 5067 Abraham
3648 5009 3826 5081 (Psal.

2253 5123 2404 5174 XLVI,
2435 5107 2544 5179 l0).
2573 5107 2895 5178 Congregati
2940 5120 3073 5161 vero
3113 5104 3239 5175 quid
3293 5113 3472 5174 agant,
3495 5103 3833 5158 exsultantes

2250 5200 2457 5255 scilicet
2486 5198 2538 5253 in
2569 5198 2761 5270 gloria,
2794 5195 3040 5252 laetantes
3067 5195 3124 5251 in
3152 5194 3418 5250 cubilibus
3444 5195 3578 5259 suis,
3611 5191 3746 5248 dicit
3778 5191 3830 5244 iu
