  <div class='ocr_page' id='page_1' title='image "/cluster/home/n/w/nwhite01/storage/ocr_20150623/136/hvd.32044015471766/134.png"; bbox 0 0 4018 5406; ppageno 0'>
   <div class='ocr_carea' id='block_1_1' title="bbox 166 333 269 388">
    <p class='ocr_par' dir='ltr' id='par_1_1' title="bbox 166 333 269 388">
     <span class='ocr_line' id='line_1_1' title="bbox 166 333 269 388; baseline -0.019 0"><span class='ocrx_word' id='word_1_1' title='bbox 166 333 269 388; x_wconf 70' lang='grc'><strong><em>261</em></strong></span> 
     </span>
    </p>
   </div>
   <div class='ocr_carea' id='block_1_2' title="bbox 1113 291 2501 387">
    <p class='ocr_par' dir='ltr' id='par_1_2' title="bbox 1113 291 2501 387">
     <span class='ocr_line' id='line_1_2' title="bbox 1113 291 2501 387; baseline -0.005 -13"><span class='ocrx_word' id='word_1_2' title='bbox 1113 291 1687 387; x_wconf 59' lang='lat' dir='ltr'><strong><em>internecionem</em></strong></span> <span class='ocrx_word' id='word_1_3' title='bbox 1727 314 1904 371; x_wconf 80' lang='lat' dir='ltr'><strong><em>Luna</em></strong></span> <span class='ocrx_word' id='word_1_4' title='bbox 1943 312 2097 368; x_wconf 77' lang='lat' dir='ltr'><strong><em>sex.</em></strong></span> <span class='ocrx_word' id='word_1_5' title='bbox 2139 343 2207 353; x_wconf 86' lang='lat'><strong>—</strong></span> <span class='ocrx_word' id='word_1_6' title='bbox 2244 311 2369 367; x_wconf 82' lang='lat' dir='ltr'><strong><em>Lm.</em></strong></span> <span class='ocrx_word' id='word_1_7' title='bbox 2413 312 2501 367; x_wconf 82' lang='lat' dir='ltr'><strong><em>Iv.</em></strong></span> 
     </span>
    </p>
   </div>
   <div class='ocr_carea' id='block_1_3' title="bbox 3354 309 3457 363">
    <p class='ocr_par' dir='ltr' id='par_1_3' title="bbox 3354 309 3457 363">
     <span class='ocr_line' id='line_1_3' title="bbox 3354 309 3457 363; baseline 0.01 -1"><span class='ocrx_word' id='word_1_8' title='bbox 3354 309 3457 363; x_wconf 65' lang='lat'><strong><em>269.</em></strong></span> 
     </span>
    </p>
   </div>
   <div class='ocr_carea' id='block_1_4' title="bbox 170 424 3461 510">
    <p class='ocr_par' dir='ltr' id='par_1_4' title="bbox 170 424 3461 510">
     <span class='ocr_line' id='line_1_4' title="bbox 170 424 3461 510; baseline -0.005 -14"><span class='ocrx_word' id='word_1_9' title='bbox 170 446 281 498; x_wconf 54' lang='lat' dir='ltr'><strong><em>alio</em></strong></span> <span class='ocrx_word' id='word_1_10' title='bbox 305 440 447 496; x_wconf 86' lang='lat' dir='ltr'><strong><em>idem</em></strong></span> <span class='ocrx_word' id='word_1_11' title='bbox 474 438 679 510; x_wconf 80' lang='lat' dir='ltr'><strong>psalmo</strong></span> <span class='ocrx_word' id='word_1_12' title='bbox 709 457 720 492; x_wconf 89' lang='lat'>:</span> <span class='ocrx_word' id='word_1_13' title='bbox 756 436 932 490; x_wconf 78' lang='lat' dir='ltr'><strong><em>Clodii</em></strong></span> <span class='ocrx_word' id='word_1_14' title='bbox 956 435 1204 503; x_wconf 76' lang='lat' dir='ltr'><strong><em>ancipites</em></strong></span> <span class='ocrx_word' id='word_1_15' title='bbox 1238 434 1293 486; x_wconf 83' lang='lat' dir='ltr'><strong><em>in</em></strong></span> <span class='ocrx_word' id='word_1_16' title='bbox 1317 432 1555 485; x_wconf 85' lang='lat' dir='ltr'><strong><em>manibus</em></strong></span> <span class='ocrx_word' id='word_1_17' title='bbox 1580 446 1759 484; x_wconf 86' lang='lat' dir='ltr'><strong><em>eorum</em></strong></span> <span class='ocrx_word' id='word_1_18' title='bbox 1790 431 1837 490; x_wconf 78' lang='grc' dir='ltr'>Α</span> <span class='ocrx_word' id='word_1_19' title='bbox 1867 429 1949 481; x_wconf 86' lang='lat' dir='ltr'><strong><em>die</em></strong></span> <span class='ocrx_word' id='word_1_20' title='bbox 1990 428 2130 481; x_wconf 89' lang='lat' dir='ltr'><strong><em>mala</em></strong></span> <span class='ocrx_word' id='word_1_21' title='bbox 2153 428 2389 481; x_wconf 87' lang='lat' dir='ltr'><strong><em>liberabit</em></strong></span> <span class='ocrx_word' id='word_1_22' title='bbox 2434 443 2552 479; x_wconf 87' lang='lat' dir='ltr'><strong><em>eum</em></strong></span> <span class='ocrx_word' id='word_1_23' title='bbox 2585 425 2837 479; x_wconf 81' lang='lat' dir='ltr'><strong><em>Dominus</em></strong></span> <span class='ocrx_word' id='word_1_24' title='bbox 2867 424 3039 496; x_wconf 75' lang='lat' dir='ltr'><strong><em>(Psnl.</em></strong></span> <span class='ocrx_word' id='word_1_25' title='bbox 3078 440 3163 490; x_wconf 72' lang='grc' dir='ltr'><strong><em>ιι,</em></strong></span> <span class='ocrx_word' id='word_1_26' title='bbox 3194 424 3272 495; x_wconf 73' lang='grc'><strong><em>2).</em></strong></span> <span class='ocrx_word' id='word_1_27' title='bbox 3301 424 3375 480; x_wconf 77' lang='lat' dir='ltr'><strong><em>Da</em></strong></span> <span class='ocrx_word' id='word_1_28' title='bbox 3404 435 3461 482; x_wconf 89' lang='lat' dir='ltr'><strong><em>ct</em></strong></span> 
     </span>
    </p>
   </div>
   <div class='ocr_carea' id='block_1_5' title="bbox 168 524 1762 603">
    <p class='ocr_par' dir='ltr' id='par_1_5' title="bbox 168 524 1762 603">
     <span class='ocr_line' id='line_1_5' title="bbox 168 524 1762 603; baseline -0.009 -16"><span class='ocrx_word' id='word_1_29' title='bbox 168 537 242 587; x_wconf 85' lang='lat' dir='ltr'><strong><em>ad</em></strong></span> <span class='ocrx_word' id='word_1_30' title='bbox 266 533 563 603; x_wconf 76' lang='lat' dir='ltr'><strong><em>faciendam</em></strong></span> <span class='ocrx_word' id='word_1_31' title='bbox 593 530 873 585; x_wconf 75' lang='lat' dir='ltr'><strong><em>vindictam</em></strong></span> <span class='ocrx_word' id='word_1_32' title='bbox 920 529 972 579; x_wconf 89' lang='lat' dir='ltr'><strong><em>in</em></strong></span> <span class='ocrx_word' id='word_1_33' title='bbox 1017 526 1340 588; x_wconf 87' lang='lat' dir='ltr'><strong><em>nationibus,</em></strong></span> <span class='ocrx_word' id='word_1_34' title='bbox 1382 524 1762 592; x_wconf 86' lang='lat' dir='ltr'><strong><em>increpationes</em></strong></span> 
     </span>
    </p>
   </div>
   <div class='ocr_carea' id='block_1_6' title="bbox 169 610 1763 689">
    <p class='ocr_par' dir='ltr' id='par_1_6' title="bbox 169 610 1763 689">
     <span class='ocr_line' id='line_1_6' title="bbox 169 610 1763 689; baseline -0.005 -18"><span class='ocrx_word' id='word_1_35' title='bbox 169 624 229 675; x_wconf 85' lang='lat' dir='ltr'><strong><em>in</em></strong></span> <span class='ocrx_word' id='word_1_36' title='bbox 253 619 497 689; x_wconf 81' lang='lat' dir='ltr'><strong><em>populis;</em></strong></span> <span class='ocrx_word' id='word_1_37' title='bbox 519 619 589 671; x_wconf 90' lang='lat' dir='ltr'><strong><em>ad</em></strong></span> <span class='ocrx_word' id='word_1_38' title='bbox 618 617 914 687; x_wconf 86' lang='lat' dir='ltr'><strong><em>alligandos</em></strong></span> <span class='ocrx_word' id='word_1_39' title='bbox 948 632 1088 684; x_wconf 89' lang='lat' dir='ltr'><strong><em>reges</em></strong></span> <span class='ocrx_word' id='word_1_40' title='bbox 1118 630 1298 668; x_wconf 87' lang='lat' dir='ltr'><strong><em>eorum</em></strong></span> <span class='ocrx_word' id='word_1_41' title='bbox 1329 614 1381 667; x_wconf 92' lang='lat' dir='ltr'><strong><em>in</em></strong></span> <span class='ocrx_word' id='word_1_42' title='bbox 1429 610 1763 681; x_wconf 80' lang='lat' dir='ltr'><strong><em>compedibus</em></strong></span> 
     </span>
    </p>
   </div>
   <div class='ocr_carea' id='block_1_7' title="bbox 170 699 1762 771">
    <p class='ocr_par' dir='ltr' id='par_1_7' title="bbox 170 699 1762 771">
     <span class='ocr_line' id='line_1_7' title="bbox 170 699 1762 771; baseline -0.005 -12"><span class='ocrx_word' id='word_1_43' title='bbox 170 718 221 760; x_wconf 86' lang='lat' dir='ltr'><strong><em>et</em></strong></span> <span class='ocrx_word' id='word_1_44' title='bbox 250 708 451 760; x_wconf 86' lang='lat' dir='ltr'><strong><em>nobiles</em></strong></span> <span class='ocrx_word' id='word_1_45' title='bbox 474 722 654 759; x_wconf 85' lang='lat' dir='ltr'><strong><em>eorum</em></strong></span> <span class='ocrx_word' id='word_1_46' title='bbox 683 707 735 757; x_wconf 93' lang='lat' dir='ltr'><strong><em>in</em></strong></span> <span class='ocrx_word' id='word_1_47' title='bbox 782 703 1003 757; x_wconf 88' lang='lat' dir='ltr'><strong><em>manicis</em></strong></span> <span class='ocrx_word' id='word_1_48' title='bbox 1034 703 1237 771; x_wconf 79' lang='lat' dir='ltr'><strong><em>ferreis,</em></strong></span> <span class='ocrx_word' id='word_1_49' title='bbox 1264 712 1319 755; x_wconf 89' lang='lat' dir='ltr'><strong><em>ut</em></strong></span> <span class='ocrx_word' id='word_1_50' title='bbox 1350 701 1548 770; x_wconf 82' lang='lat' dir='ltr'><strong><em>faciant</em></strong></span> <span class='ocrx_word' id='word_1_51' title='bbox 1580 701 1633 752; x_wconf 88' lang='lat' dir='ltr'><strong><em>in</em></strong></span> <span class='ocrx_word' id='word_1_52' title='bbox 1666 699 1762 753; x_wconf 85' lang='lat' dir='ltr'><strong><em>.eis</em></strong></span> 
     </span>
    </p>
   </div>
   <div class='ocr_carea' id='block_1_8' title="bbox 169 790 1764 866">
    <p class='ocr_par' dir='ltr' id='par_1_8' title="bbox 169 790 1764 866">
     <span class='ocr_line' id='line_1_8' title="bbox 169 790 1764 866; baseline -0.004 -15"><span class='ocrx_word' id='word_1_53' title='bbox 169 799 433 865; x_wconf 80' lang='lat' dir='ltr'><strong><em>indicium</em></strong></span> <span class='ocrx_word' id='word_1_54' title='bbox 470 797 821 866; x_wconf 87' lang='lat' dir='ltr'><strong><em>conscriptum</em></strong></span> <span class='ocrx_word' id='word_1_55' title='bbox 848 794 1022 861; x_wconf 86' lang='lat' dir='ltr'><strong><em>(Psal.</em></strong></span> <span class='ocrx_word' id='word_1_56' title='bbox 1050 810 1232 860; x_wconf 81' lang='lat' dir='ltr'><strong><em>cxux,</em></strong></span> <span class='ocrx_word' id='word_1_57' title='bbox 1270 793 1408 862; x_wconf 87' lang='lat'><strong><em>6-9).</em></strong></span> <span class='ocrx_word' id='word_1_58' title='bbox 1447 792 1670 847; x_wconf 83' lang='lat' dir='ltr'><strong><em>Gladius</em></strong></span> <span class='ocrx_word' id='word_1_59' title='bbox 1718 790 1764 845; x_wconf 87' lang='lat' dir='ltr'><strong><em>si</em></strong></span> 
     </span>
    </p>
   </div>
   <div class='ocr_carea' id='block_1_9' title="bbox 171 881 1763 959">
    <p class='ocr_par' dir='ltr' id='par_1_9' title="bbox 171 881 1763 959">
     <span class='ocr_line' id='line_1_9' title="bbox 171 881 1763 959; baseline -0.004 -17"><span class='ocrx_word' id='word_1_60' title='bbox 171 890 296 959; x_wconf 84' lang='lat' dir='ltr'><strong>quis</strong></span> <span class='ocrx_word' id='word_1_61' title='bbox 332 890 406 944; x_wconf 87' lang='lat' dir='ltr'><strong><em>sit</em></strong></span> <span class='ocrx_word' id='word_1_62' title='bbox 439 904 546 943; x_wconf 89' lang='lat' dir='ltr'><strong><em>non</em></strong></span> <span class='ocrx_word' id='word_1_63' title='bbox 574 886 850 958; x_wconf 91' lang='lat' dir='ltr'><strong><em>intelligis,</em></strong></span> <span class='ocrx_word' id='word_1_64' title='bbox 885 902 1005 940; x_wconf 91' lang='lat' dir='ltr'><strong><em>cum</em></strong></span> <span class='ocrx_word' id='word_1_65' title='bbox 1031 900 1224 938; x_wconf 90' lang='lat' dir='ltr'><strong><em>manus</em></strong></span> <span class='ocrx_word' id='word_1_66' title='bbox 1253 899 1416 954; x_wconf 80' lang='lat' dir='ltr'><strong>opera</strong></span> <span class='ocrx_word' id='word_1_67' title='bbox 1448 882 1614 953; x_wconf 58' lang='lat'><strong><em>(“209),</em></strong></span> <span class='ocrx_word' id='word_1_68' title='bbox 1639 881 1763 951; x_wconf 89' lang='lat' dir='ltr'><strong><em>qui-</em></strong></span> 
     </span>
    </p>
   </div>
   <div class='ocr_carea' id='block_1_10' title="bbox 172 972 1764 1046">
    <p class='ocr_par' dir='ltr' id='par_1_10' title="bbox 172 972 1764 1046">
     <span class='ocr_line' id='line_1_10' title="bbox 172 972 1764 1046; baseline -0.004 -15"><span class='ocrx_word' id='word_1_69' title='bbox 172 980 276 1032; x_wconf 85' lang='lat' dir='ltr'><strong><em>bus</em></strong></span> <span class='ocrx_word' id='word_1_70' title='bbox 308 994 338 1033; x_wconf 91' lang='lat' dir='ltr'><strong><em>e</em></strong></span> <span class='ocrx_word' id='word_1_71' title='bbox 364 977 573 1046; x_wconf 86' lang='lat' dir='ltr'><strong><em>judicio</em></strong></span> <span class='ocrx_word' id='word_1_72' title='bbox 601 977 837 1031; x_wconf 92' lang='lat' dir='ltr'><strong><em>vindicta</em></strong></span> <span class='ocrx_word' id='word_1_73' title='bbox 866 985 919 1031; x_wconf 90' lang='lat' dir='ltr'><strong><em>et</em></strong></span> <span class='ocrx_word' id='word_1_74' title='bbox 949 975 1319 1045; x_wconf 79' lang='lat' dir='ltr'><strong><em>increpatione</em></strong></span> <span class='ocrx_word' id='word_1_75' title='bbox 1346 973 1539 1027; x_wconf 87' lang='lat' dir='ltr'><strong><em>victuri</em></strong></span> <span class='ocrx_word' id='word_1_76' title='bbox 1569 972 1764 1027; x_wconf 88' lang='lat' dir='ltr'><strong><em>libera-</em></strong></span> 
     </span>
    </p>
   </div>
   <div class='ocr_carea' id='block_1_11' title="bbox 176 1066 1766 1133">
    <p class='ocr_par' dir='ltr' id='par_1_11' title="bbox 176 1066 1766 1133">
     <span class='ocr_line' id='line_1_11' title="bbox 176 1066 1766 1133; baseline -0.001 -12"><span class='ocrx_word' id='word_1_77' title='bbox 176 1079 390 1133; x_wconf 85' lang='lat' dir='ltr'><strong><em>rentur,</em></strong></span> <span class='ocrx_word' id='word_1_78' title='bbox 425 1068 676 1123; x_wconf 90' lang='lat' dir='ltr'><strong><em>morituri</em></strong></span> <span class='ocrx_word' id='word_1_79' title='bbox 700 1069 1109 1133; x_wconf 75' lang='lat' dir='ltr'><strong><em>damnarentur,</em></strong></span> <span class='ocrx_word' id='word_1_80' title='bbox 1150 1067 1447 1132; x_wconf 83' lang='lat' dir='ltr'><strong><em>dederunt;</em></strong></span> <span class='ocrx_word' id='word_1_81' title='bbox 1482 1066 1766 1119; x_wconf 71' lang='lat' dir='ltr'><strong><em>advertere</em></strong></span> 
     </span>
    </p>
   </div>
   <div class='ocr_carea' id='block_1_12' title="bbox 171 1154 1766 1229">
    <p class='ocr_par' dir='ltr' id='par_1_12' title="bbox 171 1154 1766 1229">
     <span class='ocr_line' id='line_1_12' title="bbox 171 1154 1766 1229; baseline -0.003 -15"><span class='ocrx_word' id='word_1_82' title='bbox 171 1160 373 1229; x_wconf 79' lang='lat' dir='ltr'><strong><em>possis,</em></strong></span> <span class='ocrx_word' id='word_1_83' title='bbox 402 1168 462 1213; x_wconf 90' lang='lat' dir='ltr'><strong><em>ut</em></strong></span> <span class='ocrx_word' id='word_1_84' title='bbox 491 1159 565 1213; x_wconf 90' lang='lat' dir='ltr'><strong><em>ait</em></strong></span> <span class='ocrx_word' id='word_1_85' title='bbox 607 1174 746 1213; x_wconf 91' lang='lat' dir='ltr'><strong><em>unus</em></strong></span> <span class='ocrx_word' id='word_1_86' title='bbox 768 1174 952 1213; x_wconf 90' lang='lat' dir='ltr'><strong><em>eorum</em></strong></span> <span class='ocrx_word' id='word_1_87' title='bbox 986 1158 1097 1228; x_wconf 87' lang='lat' dir='ltr'><strong><em>jam</em></strong></span> <span class='ocrx_word' id='word_1_88' title='bbox 1131 1158 1367 1229; x_wconf 79' lang='lat' dir='ltr'><strong><em>gladium</em></strong></span> <span class='ocrx_word' id='word_1_89' title='bbox 1410 1166 1619 1221; x_wconf 90' lang='lat' dir='ltr'><strong><em>tenens,</em></strong></span> <span class='ocrx_word' id='word_1_90' title='bbox 1662 1154 1766 1209; x_wconf 87' lang='lat' dir='ltr'><strong><em>etsi</em></strong></span> 
     </span>
    </p>
   </div>
   <div class='ocr_carea' id='block_1_13' title="bbox 172 1248 1768 1320">
    <p class='ocr_par' dir='ltr' id='par_1_13' title="bbox 172 1248 1768 1320">
     <span class='ocr_line' id='line_1_13' title="bbox 172 1248 1768 1320; baseline -0.003 -15"><span class='ocrx_word' id='word_1_91' title='bbox 172 1267 284 1305; x_wconf 83' lang='lat' dir='ltr'><strong><em>non</em></strong></span> <span class='ocrx_word' id='word_1_92' title='bbox 343 1260 536 1320; x_wconf 86' lang='lat' dir='ltr'><strong><em>aperte</em></strong></span> <span class='ocrx_word' id='word_1_93' title='bbox 593 1252 831 1306; x_wconf 82' lang='lat' dir='ltr'><strong><em>vibrans.</em></strong></span> <span class='ocrx_word' id='word_1_94' title='bbox 881 1251 1035 1314; x_wconf 80' lang='lat' dir='ltr'><strong><em>Aliis,</em></strong></span> <span class='ocrx_word' id='word_1_95' title='bbox 1090 1251 1361 1319; x_wconf 88' lang='lat' dir='ltr'><strong><em>inquiens,</em></strong></span> <span class='ocrx_word' id='word_1_96' title='bbox 1409 1266 1588 1304; x_wconf 88' lang='lat' dir='ltr'><strong><em>sumus</em></strong></span> <span class='ocrx_word' id='word_1_97' title='bbox 1637 1248 1768 1302; x_wconf 89' lang='lat' dir='ltr'><strong><em>odor</em></strong></span> 
     </span>
    </p>
   </div>
   <div class='ocr_carea' id='block_1_14' title="bbox 176 1342 1764 1415">
    <p class='ocr_par' dir='ltr' id='par_1_14' title="bbox 176 1342 1764 1415">
     <span class='ocr_line' id='line_1_14' title="bbox 176 1342 1764 1415; baseline -0.001 -18"><span class='ocrx_word' id='word_1_98' title='bbox 176 1344 365 1398; x_wconf 84' lang='lat' dir='ltr'><strong><em>mortis</em></strong></span> <span class='ocrx_word' id='word_1_99' title='bbox 390 1345 443 1396; x_wconf 90' lang='lat' dir='ltr'><strong><em>in</em></strong></span> <span class='ocrx_word' id='word_1_100' title='bbox 474 1354 714 1411; x_wconf 86' lang='lat' dir='ltr'><strong><em>mortem,</em></strong></span> <span class='ocrx_word' id='word_1_101' title='bbox 741 1345 859 1397; x_wconf 89' lang='lat' dir='ltr'><strong><em>aliis</em></strong></span> <span class='ocrx_word' id='word_1_102' title='bbox 884 1345 1014 1397; x_wconf 86' lang='lat' dir='ltr'><strong><em>odor</em></strong></span> <span class='ocrx_word' id='word_1_103' title='bbox 1032 1346 1152 1398; x_wconf 66' lang='lat' dir='ltr'><strong><em>vita:</em></strong></span> <span class='ocrx_word' id='word_1_104' title='bbox 1180 1346 1233 1398; x_wconf 89' lang='lat' dir='ltr'><strong><em>in</em></strong></span> <span class='ocrx_word' id='word_1_105' title='bbox 1262 1345 1415 1398; x_wconf 72' lang='lat' dir='ltr'><strong><em>vitam</em></strong></span> <span class='ocrx_word' id='word_1_106' title='bbox 1434 1342 1518 1415; x_wconf 88' lang='lat' dir='ltr'><strong><em>(II</em></strong></span> <span class='ocrx_word' id='word_1_107' title='bbox 1564 1342 1764 1407; x_wconf 79' lang='lat' dir='ltr'><strong><em>Comi,</em></strong></span> 
     </span>
    </p>
   </div>
   <div class='ocr_carea' id='block_1_15' title="bbox 174 1433 1767 1504">
    <p class='ocr_par' dir='ltr' id='par_1_15' title="bbox 174 1433 1767 1504">
     <span class='ocr_line' id='line_1_15' title="bbox 174 1433 1767 1504; baseline 0 -17"><span class='ocrx_word' id='word_1_108' title='bbox 174 1434 301 1503; x_wconf 68' lang='lat'><strong>£6);</strong></span> <span class='ocrx_word' id='word_1_109' title='bbox 330 1443 388 1489; x_wconf 90' lang='lat' dir='ltr'><strong><em>et</em></strong></span> <span class='ocrx_word' id='word_1_110' title='bbox 414 1435 633 1489; x_wconf 90' lang='lat' dir='ltr'><strong><em>Simcon</em></strong></span> <span class='ocrx_word' id='word_1_111' title='bbox 686 1444 884 1504; x_wconf 85' lang='lat' dir='ltr'><strong><em>pra-ter</em></strong></span> <span class='ocrx_word' id='word_1_112' title='bbox 915 1435 1143 1489; x_wconf 90' lang='lat' dir='ltr'><strong><em>alterum</em></strong></span> <span class='ocrx_word' id='word_1_113' title='bbox 1190 1435 1401 1489; x_wconf 88' lang='lat' dir='ltr'><strong><em>scilicet</em></strong></span> <span class='ocrx_word' id='word_1_114' title='bbox 1429 1450 1647 1489; x_wconf 85' lang='lat' dir='ltr'><strong><em>sensum</em></strong></span> <span class='ocrx_word' id='word_1_115' title='bbox 1702 1433 1767 1487; x_wconf 90' lang='lat' dir='ltr'><strong><em>de</em></strong></span> 
     </span>
    </p>
   </div>
   <div class='ocr_carea' id='block_1_16' title="bbox 176 1522 1768 1593">
    <p class='ocr_par' dir='ltr' id='par_1_16' title="bbox 176 1522 1768 1593">
     <span class='ocr_line' id='line_1_16' title="bbox 176 1522 1768 1593; baseline -0.001 -16"><span class='ocrx_word' id='word_1_116' title='bbox 176 1523 460 1578; x_wconf 87' lang='lat' dir='ltr'><strong><em>Domino:</em></strong></span> <span class='ocrx_word' id='word_1_117' title='bbox 495 1522 566 1576; x_wconf 85' lang='lat' dir='ltr'><strong><em>Et</em></strong></span> <span class='ocrx_word' id='word_1_118' title='bbox 618 1540 732 1577; x_wconf 81' lang='lat' dir='ltr'><strong><em>erce</em></strong></span> <span class='ocrx_word' id='word_1_119' title='bbox 781 1526 981 1593; x_wconf 86' lang='lat' dir='ltr'><strong><em>positus</em></strong></span> <span class='ocrx_word' id='word_1_120' title='bbox 1033 1535 1105 1579; x_wconf 88' lang='lat' dir='ltr'><strong><em>est</em></strong></span> <span class='ocrx_word' id='word_1_121' title='bbox 1154 1526 1237 1577; x_wconf 86' lang='lat' dir='ltr'><strong><em>hic</em></strong></span> <span class='ocrx_word' id='word_1_122' title='bbox 1281 1526 1334 1577; x_wconf 89' lang='lat' dir='ltr'><strong><em>in</em></strong></span> <span class='ocrx_word' id='word_1_123' title='bbox 1364 1525 1571 1577; x_wconf 86' lang='lat' dir='ltr'><strong><em>ruinam</em></strong></span> <span class='ocrx_word' id='word_1_124' title='bbox 1615 1534 1663 1577; x_wconf 89' lang='lat' dir='ltr'><strong><em>et</em></strong></span> <span class='ocrx_word' id='word_1_125' title='bbox 1714 1524 1768 1576; x_wconf 87' lang='lat' dir='ltr'><strong><em>in</em></strong></span> 
     </span>
    </p>
   </div>
   <div class='ocr_carea' id='block_1_17' title="bbox 175 1614 1767 1686">
    <p class='ocr_par' dir='ltr' id='par_1_17' title="bbox 175 1614 1767 1686">
     <span class='ocr_line' id='line_1_17' title="bbox 175 1614 1767 1686; baseline 0.001 -20"><span class='ocrx_word' id='word_1_126' title='bbox 175 1614 611 1669; x_wconf 76' lang='lat' dir='ltr'><strong><em>resurrectionem</em></strong></span> <span class='ocrx_word' id='word_1_127' title='bbox 642 1614 927 1669; x_wconf 86' lang='lat' dir='ltr'><strong><em>multorum</em></strong></span> <span class='ocrx_word' id='word_1_128' title='bbox 977 1614 1129 1686; x_wconf 86' lang='lat' dir='ltr'><strong><em>(Luc.</em></strong></span> <span class='ocrx_word' id='word_1_129' title='bbox 1160 1632 1219 1680; x_wconf 86' lang='grc' dir='ltr'><strong><em>ιι,</em></strong></span> <span class='ocrx_word' id='word_1_130' title='bbox 1248 1614 1370 1684; x_wconf 72' lang='grc'><strong><em>54);</em></strong></span> <span class='ocrx_word' id='word_1_131' title='bbox 1401 1626 1456 1669; x_wconf 92' lang='lat' dir='ltr'><strong><em>et</em></strong></span> <span class='ocrx_word' id='word_1_132' title='bbox 1511 1614 1767 1668; x_wconf 88' lang='lat' dir='ltr'><strong><em>Dominus</em></strong></span> 
     </span>
    </p>
   </div>
   <div class='ocr_carea' id='block_1_18' title="bbox 174 1706 1766 1779">
    <p class='ocr_par' dir='ltr' id='par_1_18' title="bbox 174 1706 1766 1779">
     <span class='ocr_line' id='line_1_18' title="bbox 174 1706 1766 1779; baseline 0 -19"><span class='ocrx_word' id='word_1_133' title='bbox 174 1708 329 1775; x_wconf 82' lang='lat' dir='ltr'><strong><em>ipse:</em></strong></span> <span class='ocrx_word' id='word_1_134' title='bbox 364 1706 462 1760; x_wconf 85' lang='lat' dir='ltr'><strong><em>Est</em></strong></span> <span class='ocrx_word' id='word_1_135' title='bbox 492 1708 585 1777; x_wconf 85' lang='lat' dir='ltr'><strong><em>qui</em></strong></span> <span class='ocrx_word' id='word_1_136' title='bbox 618 1718 830 1761; x_wconf 89' lang='lat' dir='ltr'><strong><em>accusat</em></strong></span> <span class='ocrx_word' id='word_1_137' title='bbox 860 1725 946 1762; x_wconf 75' lang='lat' dir='ltr'><strong><em>vos</em></strong></span> <span class='ocrx_word' id='word_1_138' title='bbox 980 1708 1185 1777; x_wconf 81' lang='lat' dir='ltr'><strong><em>Moyses</em></strong></span> <span class='ocrx_word' id='word_1_139' title='bbox 1215 1708 1399 1779; x_wconf 76' lang='lat' dir='ltr'><strong><em>(Joan.</em></strong></span> <span class='ocrx_word' id='word_1_140' title='bbox 1436 1724 1488 1771; x_wconf 95' lang='lat' dir='ltr'><strong><em>v,</em></strong></span> <span class='ocrx_word' id='word_1_141' title='bbox 1522 1708 1652 1773; x_wconf 63' lang='lat'><strong><em>45);</em></strong></span> <span class='ocrx_word' id='word_1_142' title='bbox 1712 1718 1766 1761; x_wconf 91' lang='lat' dir='ltr'><strong><em>et</em></strong></span> 
     </span>
    </p>
   </div>
   <div class='ocr_carea' id='block_1_19' title="bbox 1866 515 3460 589">
    <p class='ocr_par' dir='ltr' id='par_1_19' title="bbox 1866 515 3460 589">
     <span class='ocr_line' id='line_1_19' title="bbox 1866 515 3460 589; baseline -0.002 -16"><span class='ocrx_word' id='word_1_143' title='bbox 1866 520 2243 589; x_wconf 84' lang='lat' dir='ltr'><strong><em>pcrjudicium</em></strong></span> <span class='ocrx_word' id='word_1_144' title='bbox 2274 518 2728 572; x_wconf 87' lang='lat' dir='ltr'><strong><em>damnandorum.</em></strong></span> <span class='ocrx_word' id='word_1_145' title='bbox 2766 515 2897 570; x_wconf 88' lang='lat' dir='ltr'><strong><em>Cum</em></strong></span> <span class='ocrx_word' id='word_1_146' title='bbox 2938 515 3239 580; x_wconf 75' lang='lat' dir='ltr'><strong><em>inculnerit,</em></strong></span> <span class='ocrx_word' id='word_1_147' title='bbox 3285 516 3460 584; x_wconf 81' lang='lat' dir='ltr'><strong><em>inquit</em></strong></span> 
     </span>
    </p>
   </div>
   <div class='ocr_carea' id='block_1_20' title="bbox 1866 604 3459 676">
    <p class='ocr_par' dir='ltr' id='par_1_20' title="bbox 1866 604 3459 676">
     <span class='ocr_line' id='line_1_20' title="bbox 1866 604 3459 676; baseline -0.002 -13"><span class='ocrx_word' id='word_1_148' title='bbox 1866 611 2055 664; x_wconf 84' lang='lat' dir='ltr'><strong><em>beatus</em></strong></span> <span class='ocrx_word' id='word_1_149' title='bbox 2089 608 2211 674; x_wconf 79' lang='lat' dir='ltr'><strong><em>Job,</em></strong></span> <span class='ocrx_word' id='word_1_150' title='bbox 2234 609 2501 661; x_wconf 75' lang='lat' dir='ltr'><strong><em>solventur</em></strong></span> <span class='ocrx_word' id='word_1_151' title='bbox 2516 608 2579 661; x_wconf 87' lang='lat' dir='ltr'><strong><em>de</em></strong></span> <span class='ocrx_word' id='word_1_152' title='bbox 2602 606 2714 660; x_wconf 89' lang='lat' dir='ltr'><strong><em>loco</em></strong></span> <span class='ocrx_word' id='word_1_153' title='bbox 2745 624 2840 659; x_wconf 90' lang='lat' dir='ltr'><strong><em>suo</em></strong></span> <span class='ocrx_word' id='word_1_154' title='bbox 2867 606 2986 676; x_wconf 84' lang='lat' dir='ltr'><strong><em>(Job</em></strong></span> <span class='ocrx_word' id='word_1_155' title='bbox 3030 622 3107 670; x_wconf 80' lang='lat' dir='ltr'><strong><em>v1,</em></strong></span> <span class='ocrx_word' id='word_1_156' title='bbox 3138 604 3244 674; x_wconf 83' lang='lat' dir='ltr'><strong><em>l7),</em></strong></span> <span class='ocrx_word' id='word_1_157' title='bbox 3274 606 3459 675; x_wconf 91' lang='lat' dir='ltr'><strong><em>utique</em></strong></span> 
     </span>
    </p>
   </div>
   <div class='ocr_carea' id='block_1_21' title="bbox 1869 692 3459 768">
    <p class='ocr_par' dir='ltr' id='par_1_21' title="bbox 1869 692 3459 768">
     <span class='ocr_line' id='line_1_21' title="bbox 1869 692 3459 768; baseline -0.001 -16"><span class='ocrx_word' id='word_1_158' title='bbox 1869 699 1957 752; x_wconf 90' lang='lat' dir='ltr'><strong><em>illo</em></strong></span> <span class='ocrx_word' id='word_1_159' title='bbox 2008 698 2252 763; x_wconf 87' lang='lat' dir='ltr'><strong><em>sinistro,</em></strong></span> <span class='ocrx_word' id='word_1_160' title='bbox 2285 708 2543 768; x_wconf 85' lang='lat' dir='ltr'><strong><em>perpetuo</em></strong></span> <span class='ocrx_word' id='word_1_161' title='bbox 2584 696 2837 749; x_wconf 74' lang='lat' dir='ltr'><strong><em>destinati</em></strong></span> <span class='ocrx_word' id='word_1_162' title='bbox 2871 694 3152 764; x_wconf 87' lang='lat' dir='ltr'><strong><em>supplicio.</em></strong></span> <span class='ocrx_word' id='word_1_163' title='bbox 3191 692 3300 748; x_wconf 90' lang='lat' dir='ltr'><strong><em>llos</em></strong></span> <span class='ocrx_word' id='word_1_164' title='bbox 3322 695 3459 751; x_wconf 85' lang='lat' dir='ltr'><strong><em>duos</em></strong></span> 
     </span>
    </p>
   </div>
   <div class='ocr_carea' id='block_1_22' title="bbox 1868 785 3460 857">
    <p class='ocr_par' dir='ltr' id='par_1_22' title="bbox 1868 785 3460 857">
     <span class='ocr_line' id='line_1_22' title="bbox 1868 785 3460 857; baseline -0.001 -14"><span class='ocrx_word' id='word_1_165' title='bbox 1868 789 1937 843; x_wconf 89' lang='lat' dir='ltr'><strong><em>ita</em></strong></span> <span class='ocrx_word' id='word_1_166' title='bbox 1966 804 2145 843; x_wconf 84' lang='lat' dir='ltr'><strong><em>sermo</em></strong></span> <span class='ocrx_word' id='word_1_167' title='bbox 2174 788 2519 857; x_wconf 84' lang='lat' dir='ltr'><strong><em>evangelicus</em></strong></span> <span class='ocrx_word' id='word_1_168' title='bbox 2576 787 2735 857; x_wconf 77' lang='lat'><strong><em>116</em></strong></span> <span class='ocrx_word' id='word_1_169' title='bbox 2775 785 2984 840; x_wconf 90' lang='lat' dir='ltr'><strong><em>meritis</em></strong></span> <span class='ocrx_word' id='word_1_170' title='bbox 3038 785 3460 855; x_wconf 81' lang='lat' dir='ltr'><strong><em>uniuscujusque</em></strong></span> 
     </span>
    </p>
   </div>
   <div class='ocr_carea' id='block_1_23' title="bbox 1865 875 3460 948">
    <p class='ocr_par' dir='ltr' id='par_1_23' title="bbox 1865 875 3460 948">
     <span class='ocr_line' id='line_1_23' title="bbox 1865 875 3460 948; baseline -0.003 -17"><span class='ocrx_word' id='word_1_171' title='bbox 1865 878 2163 948; x_wconf 75' lang='lat' dir='ltr'><strong><em>praemissis</em></strong></span> <span class='ocrx_word' id='word_1_172' title='bbox 2231 877 2441 942; x_wconf 80' lang='lat' dir='ltr'><strong><em>dividit,</em></strong></span> <span class='ocrx_word' id='word_1_173' title='bbox 2468 876 2698 930; x_wconf 89' lang='lat' dir='ltr'><strong><em>dicens:</em></strong></span> <span class='ocrx_word' id='word_1_174' title='bbox 2730 875 2887 929; x_wconf 86' lang='lat' dir='ltr'><strong><em>Ibunt</em></strong></span> <span class='ocrx_word' id='word_1_175' title='bbox 2940 876 2993 927; x_wconf 79' lang='lat' dir='ltr'><strong><em>lii</em></strong></span> <span class='ocrx_word' id='word_1_176' title='bbox 3047 876 3101 929; x_wconf 91' lang='lat' dir='ltr'><strong><em>in</em></strong></span> <span class='ocrx_word' id='word_1_177' title='bbox 3145 875 3460 945; x_wconf 84' lang='lat' dir='ltr'><strong><em>supplicium</em></strong></span> 
     </span>
    </p>
   </div>
   <div class='ocr_carea' id='block_1_24' title="bbox 1866 964 3458 1035">
    <p class='ocr_par' dir='ltr' id='par_1_24' title="bbox 1866 964 3458 1035">
     <span class='ocr_line' id='line_1_24' title="bbox 1866 964 3458 1035; baseline -0.003 -14"><span class='ocrx_word' id='word_1_178' title='bbox 1866 979 2141 1031; x_wconf 80' lang='lat' dir='ltr'><strong><em>wternum,</em></strong></span> <span class='ocrx_word' id='word_1_179' title='bbox 2165 966 2297 1035; x_wconf 83' lang='lat' dir='ltr'><strong><em>justi</em></strong></span> <span class='ocrx_word' id='word_1_180' title='bbox 2325 978 2495 1019; x_wconf 89' lang='lat' dir='ltr'><strong><em>autem</em></strong></span> <span class='ocrx_word' id='word_1_181' title='bbox 2526 968 2577 1018; x_wconf 88' lang='lat' dir='ltr'><strong><em>in</em></strong></span> <span class='ocrx_word' id='word_1_182' title='bbox 2626 967 2779 1019; x_wconf 86' lang='lat' dir='ltr'><strong><em>vitam</em></strong></span> <span class='ocrx_word' id='word_1_183' title='bbox 2813 976 3059 1018; x_wconf 68' lang='lat' dir='ltr'><strong><em>retentam</em></strong></span> <span class='ocrx_word' id='word_1_184' title='bbox 3083 964 3300 1031; x_wconf 78' lang='lat' dir='ltr'><strong><em>(Matth.</em></strong></span> <span class='ocrx_word' id='word_1_185' title='bbox 3329 981 3458 1031; x_wconf 78' lang='lat' dir='ltr'><strong>xxv,</strong></span> 
     </span>
    </p>
   </div>
   <div class='ocr_carea' id='block_1_25' title="bbox 1864 1058 3458 1129">
    <p class='ocr_par' dir='ltr' id='par_1_25' title="bbox 1864 1058 3458 1129">
     <span class='ocr_line' id='line_1_25' title="bbox 1864 1058 3458 1129; baseline -0.001 -16"><span class='ocrx_word' id='word_1_186' title='bbox 1864 1059 1979 1129; x_wconf 73' lang='grc'>46).</span> <span class='ocrx_word' id='word_1_187' title='bbox 2036 1059 2299 1127; x_wconf 86' lang='lat' dir='ltr'><strong><em>Quartum</em></strong></span> <span class='ocrx_word' id='word_1_188' title='bbox 2359 1074 2486 1113; x_wconf 90' lang='lat' dir='ltr'><strong><em>vero</em></strong></span> <span class='ocrx_word' id='word_1_189' title='bbox 2555 1058 2839 1113; x_wconf 85' lang='lat' dir='ltr'><strong><em>Psalmista</em></strong></span> <span class='ocrx_word' id='word_1_190' title='bbox 2895 1058 3227 1127; x_wconf 74' lang='lat' dir='ltr'><strong><em>prmdicente</em></strong></span> <span class='ocrx_word' id='word_1_191' title='bbox 3274 1059 3458 1112; x_wconf 89' lang='lat' dir='ltr'><strong><em>dicen-</em></strong></span> 
     </span>
    </p>
   </div>
   <div class='ocr_carea' id='block_1_26' title="bbox 1866 1152 3451 1225">
    <p class='ocr_par' dir='ltr' id='par_1_26' title="bbox 1866 1152 3451 1225">
     <span class='ocr_line' id='line_1_26' title="bbox 1866 1152 3451 1225; baseline 0.001 -18"><span class='ocrx_word' id='word_1_192' title='bbox 1866 1154 1935 1208; x_wconf 90' lang='lat' dir='ltr'><strong><em>do</em></strong></span> <span class='ocrx_word' id='word_1_193' title='bbox 1964 1154 2109 1225; x_wconf 70' lang='grc'>(211)</span> <span class='ocrx_word' id='word_1_194' title='bbox 2143 1172 2155 1208; x_wconf 92' lang='lat'><strong>:</strong></span> <span class='ocrx_word' id='word_1_195' title='bbox 2194 1154 2323 1208; x_wconf 87' lang='lat' dir='ltr'><strong><em>Ideo</em></strong></span> <span class='ocrx_word' id='word_1_196' title='bbox 2349 1172 2453 1209; x_wconf 89' lang='lat' dir='ltr'><strong><em>non</em></strong></span> <span class='ocrx_word' id='word_1_197' title='bbox 2495 1164 2768 1223; x_wconf 83' lang='lat' dir='ltr'><strong><em>resurgunt</em></strong></span> <span class='ocrx_word' id='word_1_198' title='bbox 2791 1154 2937 1224; x_wconf 88' lang='lat' dir='ltr'><strong><em>impii</em></strong></span> <span class='ocrx_word' id='word_1_199' title='bbox 2968 1154 3020 1206; x_wconf 91' lang='lat' dir='ltr'><strong><em>in</em></strong></span> <span class='ocrx_word' id='word_1_200' title='bbox 3045 1152 3250 1221; x_wconf 89' lang='lat' dir='ltr'><strong><em>judicio</em></strong></span> <span class='ocrx_word' id='word_1_201' title='bbox 3276 1152 3451 1224; x_wconf 87' lang='lat' dir='ltr'><strong><em>(Psal.</em></strong></span> 
     </span>
    </p>
   </div>
   <div class='ocr_carea' id='block_1_27' title="bbox 1868 1243 3458 1317">
    <p class='ocr_par' dir='ltr' id='par_1_27' title="bbox 1868 1243 3458 1317">
     <span class='ocr_line' id='line_1_27' title="bbox 1868 1243 3458 1317; baseline -0.002 -18"><span class='ocrx_word' id='word_1_202' title='bbox 1868 1262 1906 1312; x_wconf 90' lang='lat' dir='ltr'><strong><em>l,</em></strong></span> <span class='ocrx_word' id='word_1_203' title='bbox 1936 1246 1989 1317; x_wconf 83' lang='lat'>5)</span> <span class='ocrx_word' id='word_1_204' title='bbox 2026 1256 2139 1301; x_wconf 84' lang='lat' dir='ltr'><strong><em>:ita</em></strong></span> <span class='ocrx_word' id='word_1_205' title='bbox 2198 1256 2253 1301; x_wconf 91' lang='lat' dir='ltr'><strong><em>et</em></strong></span> <span class='ocrx_word' id='word_1_206' title='bbox 2310 1247 2452 1300; x_wconf 72' lang='lat' dir='ltr'><strong><em>idem</em></strong></span> <span class='ocrx_word' id='word_1_207' title='bbox 2503 1245 2704 1314; x_wconf 79' lang='lat' dir='ltr'><strong><em>excipit</em></strong></span> <span class='ocrx_word' id='word_1_208' title='bbox 2736 1260 2914 1299; x_wconf 88' lang='lat' dir='ltr'><strong><em>sermo</em></strong></span> <span class='ocrx_word' id='word_1_209' title='bbox 2949 1261 2961 1296; x_wconf 90' lang='lat'><strong>:</strong></span> <span class='ocrx_word' id='word_1_210' title='bbox 2997 1243 3101 1308; x_wconf 86' lang='lat' dir='ltr'><strong><em>Qui</em></strong></span> <span class='ocrx_word' id='word_1_211' title='bbox 3138 1254 3312 1297; x_wconf 85' lang='lat' dir='ltr'><strong><em>autem</em></strong></span> <span class='ocrx_word' id='word_1_212' title='bbox 3351 1260 3458 1297; x_wconf 89' lang='lat' dir='ltr'><strong><em>non</em></strong></span> 
     </span>
    </p>
   </div>
   <div class='ocr_carea' id='block_1_28' title="bbox 1868 1335 3455 1408">
    <p class='ocr_par' dir='ltr' id='par_1_28' title="bbox 1868 1335 3455 1408">
     <span class='ocr_line' id='line_1_28' title="bbox 1868 1335 3455 1408; baseline -0.002 -18"><span class='ocrx_word' id='word_1_213' title='bbox 1868 1339 2026 1391; x_wconf 87' lang='lat' dir='ltr'><strong><em>credit</em></strong></span> <span class='ocrx_word' id='word_1_214' title='bbox 2057 1338 2175 1408; x_wconf 83' lang='lat' dir='ltr'><strong><em>jam</em></strong></span> <span class='ocrx_word' id='word_1_215' title='bbox 2188 1339 2462 1408; x_wconf 84' lang='lat' dir='ltr'><strong><em>judicatus</em></strong></span> <span class='ocrx_word' id='word_1_216' title='bbox 2484 1347 2578 1404; x_wconf 89' lang='lat' dir='ltr'><strong><em>est,</em></strong></span> <span class='ocrx_word' id='word_1_217' title='bbox 2621 1338 2743 1408; x_wconf 88' lang='lat' dir='ltr'><strong><em>quia</em></strong></span> <span class='ocrx_word' id='word_1_218' title='bbox 2782 1353 2886 1391; x_wconf 88' lang='lat' dir='ltr'><strong><em>non</em></strong></span> <span class='ocrx_word' id='word_1_219' title='bbox 2935 1337 3098 1390; x_wconf 86' lang='lat' dir='ltr'><strong><em>credit</em></strong></span> <span class='ocrx_word' id='word_1_220' title='bbox 3148 1352 3202 1389; x_wconf 82' lang='grc' dir='ltr'><strong><em>ιη</em></strong></span> <span class='ocrx_word' id='word_1_221' title='bbox 3245 1335 3455 1389; x_wconf 78' lang='lat' dir='ltr'><strong><em>nomine</em></strong></span> 
     </span>
    </p>
   </div>
   <div class='ocr_carea' id='block_1_29' title="bbox 1867 1427 2884 1499">
    <p class='ocr_par' dir='ltr' id='par_1_29' title="bbox 1867 1427 2884 1499">
     <span class='ocr_line' id='line_1_29' title="bbox 1867 1427 2884 1499; baseline -0.002 -18"><span class='ocrx_word' id='word_1_222' title='bbox 1867 1429 2118 1499; x_wconf 86' lang='lat' dir='ltr'><strong><em>unigeniti</em></strong></span> <span class='ocrx_word' id='word_1_223' title='bbox 2150 1427 2280 1481; x_wconf 79' lang='lat' dir='ltr'><strong><em>Filii</em></strong></span> <span class='ocrx_word' id='word_1_224' title='bbox 2318 1427 2409 1482; x_wconf 86' lang='lat' dir='ltr'><strong><em>Dei</em></strong></span> <span class='ocrx_word' id='word_1_225' title='bbox 2435 1428 2613 1499; x_wconf 82' lang='lat' dir='ltr'><strong><em>(Joan.</em></strong></span> <span class='ocrx_word' id='word_1_226' title='bbox 2652 1443 2731 1491; x_wconf 84' lang='lat' dir='ltr'><strong><em>tu,</em></strong></span> <span class='ocrx_word' id='word_1_227' title='bbox 2780 1428 2884 1497; x_wconf 85' lang='lat' dir='ltr'><strong><em>l8).</em></strong></span> 
     </span>
    </p>
   </div>
   <div class='ocr_carea' id='block_1_30' title="bbox 1941 1517 3457 1590">
    <p class='ocr_par' dir='ltr' id='par_1_30' title="bbox 1941 1517 3457 1590">
     <span class='ocr_line' id='line_1_30' title="bbox 1941 1517 3457 1590; baseline -0.002 -16"><span class='ocrx_word' id='word_1_228' title='bbox 1941 1520 2025 1574; x_wconf 77' lang='grc'><strong><em>15.</em></strong></span> <span class='ocrx_word' id='word_1_229' title='bbox 2058 1519 2247 1590; x_wconf 64' lang='lat' dir='ltr'><strong><em>Operm</em></strong></span> <span class='ocrx_word' id='word_1_230' title='bbox 2278 1520 2511 1590; x_wconf 86' lang='lat' dir='ltr'><strong><em>pretium</em></strong></span> <span class='ocrx_word' id='word_1_231' title='bbox 2559 1530 2738 1573; x_wconf 83' lang='lat' dir='ltr'><strong><em>autem</em></strong></span> <span class='ocrx_word' id='word_1_232' title='bbox 2767 1520 2982 1573; x_wconf 89' lang='lat' dir='ltr'><strong><em>videtur</em></strong></span> <span class='ocrx_word' id='word_1_233' title='bbox 3030 1517 3319 1573; x_wconf 69' lang='lat' dir='ltr'><strong><em>malesana:</em></strong></span> <span class='ocrx_word' id='word_1_234' title='bbox 3366 1517 3457 1571; x_wconf 89' lang='lat' dir='ltr'><strong><em>hic</em></strong></span> 
     </span>
    </p>
   </div>
   <div class='ocr_carea' id='block_1_31' title="bbox 1866 1608 3459 1684">
    <p class='ocr_par' dir='ltr' id='par_1_31' title="bbox 1866 1608 3459 1684">
     <span class='ocr_line' id='line_1_31' title="bbox 1866 1608 3459 1684; baseline -0.004 -17"><span class='ocrx_word' id='word_1_235' title='bbox 1866 1614 2146 1684; x_wconf 85' lang='lat' dir='ltr'><strong><em>cujusdam</em></strong></span> <span class='ocrx_word' id='word_1_236' title='bbox 2174 1612 2395 1667; x_wconf 83' lang='lat' dir='ltr'><strong><em>obviare</em></strong></span> <span class='ocrx_word' id='word_1_237' title='bbox 2426 1612 2726 1675; x_wconf 72' lang='lat' dir='ltr'><strong><em>sementim,</em></strong></span> <span class='ocrx_word' id='word_1_238' title='bbox 2751 1612 2840 1679; x_wconf 89' lang='lat' dir='ltr'><strong><em>qui</em></strong></span> <span class='ocrx_word' id='word_1_239' title='bbox 2861 1610 3218 1679; x_wconf 78' lang='lat' dir='ltr'><strong><em>praesentibus</em></strong></span> <span class='ocrx_word' id='word_1_240' title='bbox 3239 1608 3459 1678; x_wconf 79' lang='lat' dir='ltr'><strong><em>quibus-</em></strong></span> 
     </span>
    </p>
   </div>
   <div class='ocr_carea' id='block_1_32' title="bbox 1868 1697 3461 1773">
    <p class='ocr_par' dir='ltr' id='par_1_32' title="bbox 1868 1697 3461 1773">
     <span class='ocr_line' id='line_1_32' title="bbox 1868 1697 3461 1773; baseline -0.004 -15"><span class='ocrx_word' id='word_1_241' title='bbox 1868 1706 1990 1759; x_wconf 87' lang='lat' dir='ltr'><strong><em>dam</em></strong></span> <span class='ocrx_word' id='word_1_242' title='bbox 2023 1718 2121 1758; x_wconf 90' lang='lat' dir='ltr'><strong><em>nec</em></strong></span> <span class='ocrx_word' id='word_1_243' title='bbox 2150 1703 2377 1768; x_wconf 89' lang='lat' dir='ltr'><strong><em>modice,</em></strong></span> <span class='ocrx_word' id='word_1_244' title='bbox 2411 1703 2543 1773; x_wconf 85' lang='lat' dir='ltr'><strong><em>proh</em></strong></span> <span class='ocrx_word' id='word_1_245' title='bbox 2570 1701 2739 1755; x_wconf 87' lang='lat' dir='ltr'><strong><em>dolor!</em></strong></span> <span class='ocrx_word' id='word_1_246' title='bbox 2759 1700 2985 1755; x_wconf 91' lang='lat' dir='ltr'><strong><em>eruditis</em></strong></span> <span class='ocrx_word' id='word_1_247' title='bbox 3010 1697 3276 1769; x_wconf 73' lang='lat' dir='ltr'><strong><em>episCOpis</em></strong></span> <span class='ocrx_word' id='word_1_248' title='bbox 3297 1710 3461 1752; x_wconf 86' lang='lat' dir='ltr'><strong><em>ausus</em></strong></span> 
     </span>
    </p>
   </div>
   <div class='ocr_carea' id='block_1_33' title="bbox 176 1786 3455 1869">
    <p class='ocr_par' dir='ltr' id='par_1_33' title="bbox 176 1786 3455 1869">
     <span class='ocr_line' id='line_1_33' title="bbox 176 1786 3455 1869; baseline -0.003 -18"><span class='ocrx_word' id='word_1_249' title='bbox 176 1801 243 1853; x_wconf 90' lang='lat' dir='ltr'><strong><em>de</em></strong></span> <span class='ocrx_word' id='word_1_250' title='bbox 278 1799 542 1868; x_wconf 88' lang='lat' dir='ltr'><strong><em>apostolis</em></strong></span> <span class='ocrx_word' id='word_1_251' title='bbox 570 1818 583 1852; x_wconf 90' lang='lat'>:</span> <span class='ocrx_word' id='word_1_252' title='bbox 615 1799 768 1865; x_wconf 86' lang='lat' dir='ltr'><strong><em>Ideo,</em></strong></span> <span class='ocrx_word' id='word_1_253' title='bbox 791 1801 961 1869; x_wconf 92' lang='lat' dir='ltr'><strong><em>inquit</em></strong></span> <span class='ocrx_word' id='word_1_254' title='bbox 984 1800 1189 1869; x_wconf 89' lang='lat' dir='ltr'><strong><em>judices</em></strong></span> <span class='ocrx_word' id='word_1_255' title='bbox 1212 1801 1361 1854; x_wconf 79' lang='lat' dir='ltr'><strong><em>vestri</em></strong></span> <span class='ocrx_word' id='word_1_256' title='bbox 1381 1800 1763 1868; x_wconf 70' lang='lat' dir='ltr'><strong><em>ernnt(d!attlt.</em></strong></span> <span class='ocrx_word' id='word_1_257' title='bbox 1802 1786 1839 1841; x_wconf 78' lang='grc' dir='ltr'><strong>Β</strong></span> <span class='ocrx_word' id='word_1_258' title='bbox 1869 1805 1953 1850; x_wconf 85' lang='lat' dir='ltr'><strong><em>est</em></strong></span> <span class='ocrx_word' id='word_1_259' title='bbox 1990 1795 2117 1849; x_wconf 92' lang='lat' dir='ltr'><strong><em>illud</em></strong></span> <span class='ocrx_word' id='word_1_260' title='bbox 2143 1796 2286 1865; x_wconf 88' lang='lat' dir='ltr'><strong><em>quod</em></strong></span> <span class='ocrx_word' id='word_1_261' title='bbox 2316 1795 2531 1849; x_wconf 88' lang='lat' dir='ltr'><strong><em>canitur</em></strong></span> <span class='ocrx_word' id='word_1_262' title='bbox 2559 1794 2705 1864; x_wconf 56' lang='lat'><strong><em>(2|?)</em></strong></span> <span class='ocrx_word' id='word_1_263' title='bbox 2736 1793 2789 1847; x_wconf 91' lang='lat' dir='ltr'><strong><em>in</em></strong></span> <span class='ocrx_word' id='word_1_264' title='bbox 2817 1791 3057 1848; x_wconf 83' lang='lat' dir='ltr'><strong><em>Ecclesia</em></strong></span> <span class='ocrx_word' id='word_1_265' title='bbox 3115 1790 3455 1860; x_wconf 88' lang='lat' dir='ltr'><strong><em>improbare,</em></strong></span> 
     </span>
    </p>
   </div>
   <div class='ocr_carea' id='block_1_34' title="bbox 176 1889 1765 1961">
    <p class='ocr_par' dir='ltr' id='par_1_34' title="bbox 176 1889 1765 1961">
     <span class='ocr_line' id='line_1_34' title="bbox 176 1889 1765 1961; baseline 0.001 -19"><span class='ocrx_word' id='word_1_266' title='bbox 176 1891 427 1959; x_wconf 72' lang='lat'><strong><em>111,27);</em></strong></span> <span class='ocrx_word' id='word_1_267' title='bbox 460 1900 556 1944; x_wconf 91' lang='lat' dir='ltr'><strong><em>et:</em></strong></span> <span class='ocrx_word' id='word_1_268' title='bbox 610 1890 718 1943; x_wconf 86' lang='lat' dir='ltr'><strong><em>Viri</em></strong></span> <span class='ocrx_word' id='word_1_269' title='bbox 761 1889 1011 1944; x_wconf 78' lang='lat' dir='ltr'><strong><em>Ninivilte</em></strong></span> <span class='ocrx_word' id='word_1_270' title='bbox 1059 1901 1269 1961; x_wconf 87' lang='lat' dir='ltr'><strong><em>surgent</em></strong></span> <span class='ocrx_word' id='word_1_271' title='bbox 1311 1891 1365 1945; x_wconf 89' lang='lat' dir='ltr'><strong><em>in</em></strong></span> <span class='ocrx_word' id='word_1_272' title='bbox 1400 1891 1606 1960; x_wconf 87' lang='lat' dir='ltr'><strong><em>judicio</em></strong></span> <span class='ocrx_word' id='word_1_273' title='bbox 1649 1908 1765 1945; x_wconf 88' lang='lat' dir='ltr'><strong><em>cum</em></strong></span> 
     </span>
    </p>
   </div>
   <div class='ocr_carea' id='block_1_35' title="bbox 173 1982 1766 2053">
    <p class='ocr_par' dir='ltr' id='par_1_35' title="bbox 173 1982 1766 2053">
     <span class='ocr_line' id='line_1_35' title="bbox 173 1982 1766 2053; baseline 0.001 -18"><span class='ocrx_word' id='word_1_274' title='bbox 173 1983 510 2051; x_wconf 68' lang='lat' dir='ltr'><strong><em>generatione</em></strong></span> <span class='ocrx_word' id='word_1_275' title='bbox 542 1982 668 2047; x_wconf 85' lang='lat' dir='ltr'><strong><em>hac,</em></strong></span> <span class='ocrx_word' id='word_1_276' title='bbox 688 1992 737 2035; x_wconf 88' lang='lat' dir='ltr'><strong><em>et</em></strong></span> <span class='ocrx_word' id='word_1_277' title='bbox 766 1983 1183 2036; x_wconf 86' lang='lat' dir='ltr'><strong><em>condemnabunt</em></strong></span> <span class='ocrx_word' id='word_1_278' title='bbox 1205 1999 1341 2047; x_wconf 90' lang='lat' dir='ltr'><strong><em>eam,</em></strong></span> <span class='ocrx_word' id='word_1_279' title='bbox 1370 1985 1493 2053; x_wconf 87' lang='lat' dir='ltr'><strong><em>quia</em></strong></span> <span class='ocrx_word' id='word_1_280' title='bbox 1517 1984 1766 2053; x_wconf 76' lang='lat' dir='ltr'><strong><em>paeniten-</em></strong></span> 
     </span>
    </p>
   </div>
   <div class='ocr_carea' id='block_1_36' title="bbox 175 2071 1765 2143">
    <p class='ocr_par' dir='ltr' id='par_1_36' title="bbox 175 2071 1765 2143">
     <span class='ocr_line' id='line_1_36' title="bbox 175 2071 1765 2143; baseline 0.002 -19"><span class='ocrx_word' id='word_1_281' title='bbox 175 2073 303 2124; x_wconf 89' lang='lat' dir='ltr'><strong><em>tiam</em></strong></span> <span class='ocrx_word' id='word_1_282' title='bbox 338 2082 554 2140; x_wconf 86' lang='lat' dir='ltr'><strong><em>egerunt</em></strong></span> <span class='ocrx_word' id='word_1_283' title='bbox 600 2071 652 2125; x_wconf 86' lang='lat' dir='ltr'><strong><em>in</em></strong></span> <span class='ocrx_word' id='word_1_284' title='bbox 695 2073 1068 2141; x_wconf 80' lang='lat' dir='ltr'><strong><em>prtedicatione</em></strong></span> <span class='ocrx_word' id='word_1_285' title='bbox 1112 2072 1475 2143; x_wconf 80' lang='lat' dir='ltr'><strong><em>Jontc(lbid.,</em></strong></span> <span class='ocrx_word' id='word_1_286' title='bbox 1518 2073 1640 2141; x_wconf 61' lang='lat' dir='ltr'><strong><em>ll);</em></strong></span> <span class='ocrx_word' id='word_1_287' title='bbox 1692 2081 1765 2138; x_wconf 92' lang='lat' dir='ltr'><strong><em>et,</em></strong></span> 
     </span>
    </p>
   </div>
   <div class='ocr_carea' id='block_1_37' title="bbox 178 2160 1769 2231">
    <p class='ocr_par' dir='ltr' id='par_1_37' title="bbox 178 2160 1769 2231">
     <span class='ocr_line' id='line_1_37' title="bbox 178 2160 1769 2231; baseline 0.001 -17"><span class='ocrx_word' id='word_1_288' title='bbox 178 2160 240 2215; x_wconf 88' lang='lat' dir='ltr'><strong><em>Si</em></strong></span> <span class='ocrx_word' id='word_1_289' title='bbox 268 2178 371 2214; x_wconf 87' lang='lat' dir='ltr'><strong><em>non</em></strong></span> <span class='ocrx_word' id='word_1_290' title='bbox 398 2162 655 2214; x_wconf 79' lang='lat' dir='ltr'><strong><em>venissem</em></strong></span> <span class='ocrx_word' id='word_1_291' title='bbox 684 2169 733 2215; x_wconf 89' lang='lat' dir='ltr'><strong><em>et</em></strong></span> <span class='ocrx_word' id='word_1_292' title='bbox 762 2160 966 2215; x_wconf 88' lang='lat' dir='ltr'><strong><em>locutus</em></strong></span> <span class='ocrx_word' id='word_1_293' title='bbox 996 2161 1212 2230; x_wconf 78' lang='lat' dir='ltr'><strong><em>fuissent</em></strong></span> <span class='ocrx_word' id='word_1_294' title='bbox 1242 2164 1339 2227; x_wconf 90' lang='lat' dir='ltr'><strong><em>eis,</em></strong></span> <span class='ocrx_word' id='word_1_295' title='bbox 1362 2172 1628 2231; x_wconf 85' lang='lat' dir='ltr'><strong><em>peccatum</em></strong></span> <span class='ocrx_word' id='word_1_296' title='bbox 1668 2180 1769 2216; x_wconf 86' lang='lat' dir='ltr'><strong><em>non</em></strong></span> 
     </span>
    </p>
   </div>
   <div class='ocr_carea' id='block_1_38' title="bbox 175 2249 1769 2322">
    <p class='ocr_par' dir='ltr' id='par_1_38' title="bbox 175 2249 1769 2322">
     <span class='ocr_line' id='line_1_38' title="bbox 175 2249 1769 2322; baseline 0.001 -18"><span class='ocrx_word' id='word_1_297' title='bbox 175 2251 419 2304; x_wconf 83' lang='lat' dir='ltr'><strong><em>haberent</em></strong></span> <span class='ocrx_word' id='word_1_298' title='bbox 449 2249 636 2321; x_wconf 86' lang='lat' dir='ltr'><strong><em>(Joan.</em></strong></span> <span class='ocrx_word' id='word_1_299' title='bbox 668 2267 760 2316; x_wconf 78' lang='lat' dir='ltr'><strong><em>xv,</em></strong></span> <span class='ocrx_word' id='word_1_300' title='bbox 789 2251 902 2319; x_wconf 70' lang='lat'><strong><em>2&#39;2).</em></strong></span> <span class='ocrx_word' id='word_1_301' title='bbox 937 2251 996 2305; x_wconf 88' lang='lat' dir='ltr'><strong><em>Si</em></strong></span> <span class='ocrx_word' id='word_1_302' title='bbox 1044 2267 1190 2315; x_wconf 92' lang='lat' dir='ltr'><strong><em>vero,</em></strong></span> <span class='ocrx_word' id='word_1_303' title='bbox 1248 2262 1309 2306; x_wconf 94' lang='lat' dir='ltr'><strong><em>ut</em></strong></span> <span class='ocrx_word' id='word_1_304' title='bbox 1338 2253 1469 2317; x_wconf 71' lang='lat' dir='ltr'><strong><em>dixi,</em></strong></span> <span class='ocrx_word' id='word_1_305' title='bbox 1498 2254 1620 2322; x_wconf 88' lang='lat' dir='ltr'><strong><em>quis</em></strong></span> <span class='ocrx_word' id='word_1_306' title='bbox 1667 2254 1769 2307; x_wconf 89' lang='lat' dir='ltr'><strong><em>iste</em></strong></span> 
     </span>
    </p>
   </div>
   <div class='ocr_carea' id='block_1_39' title="bbox 175 2340 1773 2413">
    <p class='ocr_par' dir='ltr' id='par_1_39' title="bbox 175 2340 1773 2413">
     <span class='ocr_line' id='line_1_39' title="bbox 175 2340 1773 2413; baseline 0.004 -21"><span class='ocrx_word' id='word_1_307' title='bbox 175 2340 247 2393; x_wconf 88' lang='lat' dir='ltr'><strong><em>sit</em></strong></span> <span class='ocrx_word' id='word_1_308' title='bbox 272 2356 377 2394; x_wconf 89' lang='lat' dir='ltr'><strong><em>non</em></strong></span> <span class='ocrx_word' id='word_1_309' title='bbox 417 2340 678 2409; x_wconf 81' lang='lat' dir='ltr'><strong><em>intelligis</em></strong></span> <span class='ocrx_word' id='word_1_310' title='bbox 708 2340 935 2411; x_wconf 80' lang='lat' dir='ltr'><strong><em>gladius,</em></strong></span> <span class='ocrx_word' id='word_1_311' title='bbox 964 2342 1328 2412; x_wconf 88' lang='lat' dir='ltr'><strong><em>interrogatus</em></strong></span> <span class='ocrx_word' id='word_1_312' title='bbox 1363 2343 1503 2397; x_wconf 89' lang='lat' dir='ltr'><strong><em>idem</em></strong></span> <span class='ocrx_word' id='word_1_313' title='bbox 1534 2343 1773 2413; x_wconf 80' lang='lat' dir='ltr'><strong><em>proferat</em></strong></span> 
     </span>
    </p>
   </div>
   <div class='ocr_carea' id='block_1_40' title="bbox 174 2426 1767 2502">
    <p class='ocr_par' dir='ltr' id='par_1_40' title="bbox 174 2426 1767 2502">
     <span class='ocr_line' id='line_1_40' title="bbox 174 2426 1767 2502; baseline 0.003 -21"><span class='ocrx_word' id='word_1_314' title='bbox 174 2426 374 2483; x_wconf 85' lang='lat' dir='ltr'><strong><em>Paulus</em></strong></span> <span class='ocrx_word' id='word_1_315' title='bbox 398 2447 411 2481; x_wconf 95' lang='lat'>:</span> <span class='ocrx_word' id='word_1_316' title='bbox 446 2427 699 2482; x_wconf 84' lang='lat' dir='ltr'><strong><em>Gladium</em></strong></span> <span class='ocrx_word' id='word_1_317' title='bbox 724 2430 935 2500; x_wconf 82' lang='lat' dir='ltr'><strong><em>spiritus</em></strong></span> <span class='ocrx_word' id='word_1_318' title='bbox 952 2430 1092 2501; x_wconf 87' lang='lat' dir='ltr'><strong><em>quod</em></strong></span> <span class='ocrx_word' id='word_1_319' title='bbox 1113 2440 1187 2485; x_wconf 88' lang='lat' dir='ltr'><strong><em>est</em></strong></span> <span class='ocrx_word' id='word_1_320' title='bbox 1212 2432 1417 2485; x_wconf 84' lang='lat' dir='ltr'><strong><em>verbum</em></strong></span> <span class='ocrx_word' id='word_1_321' title='bbox 1433 2432 1527 2486; x_wconf 91' lang='lat' dir='ltr'><strong><em>Dei</em></strong></span> <span class='ocrx_word' id='word_1_322' title='bbox 1552 2432 1767 2502; x_wconf 78' lang='lat' dir='ltr'><strong><em>(Ephes.</em></strong></span> 
     </span>
    </p>
   </div>
   <div class='ocr_carea' id='block_1_41' title="bbox 174 2519 1768 2591">
    <p class='ocr_par' dir='ltr' id='par_1_41' title="bbox 174 2519 1768 2591">
     <span class='ocr_line' id='line_1_41' title="bbox 174 2519 1768 2591; baseline 0.005 -22"><span class='ocrx_word' id='word_1_323' title='bbox 174 2534 253 2572; x_wconf 73' lang='lat' dir='ltr'><strong><em>vn.</em></strong></span> <span class='ocrx_word' id='word_1_324' title='bbox 286 2519 396 2589; x_wconf 79' lang='lat' dir='ltr'><strong><em>l7);</em></strong></span> <span class='ocrx_word' id='word_1_325' title='bbox 429 2528 485 2573; x_wconf 90' lang='lat' dir='ltr'><strong><em>et</em></strong></span> <span class='ocrx_word' id='word_1_326' title='bbox 518 2519 584 2573; x_wconf 88' lang='lat' dir='ltr'><strong><em>de</em></strong></span> <span class='ocrx_word' id='word_1_327' title='bbox 621 2519 809 2573; x_wconf 87' lang='lat' dir='ltr'><strong><em>ultima</em></strong></span> <span class='ocrx_word' id='word_1_328' title='bbox 864 2530 917 2573; x_wconf 90' lang='lat' dir='ltr'><strong><em>et</em></strong></span> <span class='ocrx_word' id='word_1_329' title='bbox 966 2521 1234 2590; x_wconf 65' lang='lat' dir='ltr'><strong><em>praecipua</em></strong></span> <span class='ocrx_word' id='word_1_330' title='bbox 1264 2524 1517 2591; x_wconf 87' lang='lat' dir='ltr'><strong><em>superbia</em></strong></span> <span class='ocrx_word' id='word_1_331' title='bbox 1554 2541 1566 2575; x_wconf 87' lang='lat'><strong>:</strong></span> <span class='ocrx_word' id='word_1_332' title='bbox 1601 2522 1768 2588; x_wconf 87' lang='lat' dir='ltr'><strong><em>Quem</em></strong></span> 
     </span>
    </p>
   </div>
   <div class='ocr_carea' id='block_1_42' title="bbox 173 2609 1770 2683">
    <p class='ocr_par' dir='ltr' id='par_1_42' title="bbox 173 2609 1770 2683">
     <span class='ocr_line' id='line_1_42' title="bbox 173 2609 1770 2683; baseline 0.002 -18"><span class='ocrx_word' id='word_1_333' title='bbox 173 2609 437 2665; x_wconf 83' lang='lat' dir='ltr'><strong><em>Dominus</em></strong></span> <span class='ocrx_word' id='word_1_334' title='bbox 465 2610 623 2665; x_wconf 72' lang='lat' dir='ltr'><strong><em>Iesus</em></strong></span> <span class='ocrx_word' id='word_1_335' title='bbox 653 2611 929 2679; x_wconf 76' lang='lat' dir='ltr'><strong><em>interﬁciet</em></strong></span> <span class='ocrx_word' id='word_1_336' title='bbox 955 2614 1143 2682; x_wconf 87' lang='lat' dir='ltr'><strong><em>spiritu</em></strong></span> <span class='ocrx_word' id='word_1_337' title='bbox 1192 2616 1299 2666; x_wconf 88' lang='lat' dir='ltr'><strong><em>oris</em></strong></span> <span class='ocrx_word' id='word_1_338' title='bbox 1338 2616 1417 2667; x_wconf 87' lang='lat' dir='ltr'><strong><em>sui</em></strong></span> <span class='ocrx_word' id='word_1_339' title='bbox 1444 2613 1526 2683; x_wconf 91' lang='lat' dir='ltr'><strong><em>(II</em></strong></span> <span class='ocrx_word' id='word_1_340' title='bbox 1589 2614 1770 2669; x_wconf 82' lang='lat' dir='ltr'><strong><em>Thess.</em></strong></span> 
     </span>
    </p>
   </div>
   <div class='ocr_carea' id='block_1_43' title="bbox 179 2701 1771 2775">
    <p class='ocr_par' dir='ltr' id='par_1_43' title="bbox 179 2701 1771 2775">
     <span class='ocr_line' id='line_1_43' title="bbox 179 2701 1771 2775; baseline 0.002 -20"><span class='ocrx_word' id='word_1_341' title='bbox 179 2717 242 2765; x_wconf 88' lang='lat' dir='ltr'><strong><em>tt,</em></strong></span> <span class='ocrx_word' id='word_1_342' title='bbox 270 2702 361 2769; x_wconf 90' lang='lat'><strong><em>8);</em></strong></span> <span class='ocrx_word' id='word_1_343' title='bbox 390 2711 445 2756; x_wconf 87' lang='lat' dir='ltr'><strong><em>et</em></strong></span> <span class='ocrx_word' id='word_1_344' title='bbox 477 2716 491 2754; x_wconf 90' lang='lat'><strong>:</strong></span> <span class='ocrx_word' id='word_1_345' title='bbox 520 2701 614 2754; x_wconf 84' lang='lat' dir='ltr'><strong><em>Est</em></strong></span> <span class='ocrx_word' id='word_1_346' title='bbox 637 2719 806 2755; x_wconf 87' lang='lat' dir='ltr'><strong><em>sermo</em></strong></span> <span class='ocrx_word' id='word_1_347' title='bbox 838 2703 935 2755; x_wconf 87' lang='lat' dir='ltr'><strong><em>Dei</em></strong></span> <span class='ocrx_word' id='word_1_348' title='bbox 969 2704 1112 2757; x_wconf 80' lang='lat' dir='ltr'><strong><em>vivus</em></strong></span> <span class='ocrx_word' id='word_1_349' title='bbox 1142 2716 1186 2757; x_wconf 89' lang='lat' dir='ltr'><strong><em>et</em></strong></span> <span class='ocrx_word' id='word_1_350' title='bbox 1210 2706 1387 2773; x_wconf 66' lang='lat' dir='ltr'><strong><em>efﬁcax</em></strong></span> <span class='ocrx_word' id='word_1_351' title='bbox 1408 2716 1453 2757; x_wconf 90' lang='lat' dir='ltr'><strong><em>et</em></strong></span> <span class='ocrx_word' id='word_1_352' title='bbox 1475 2706 1771 2775; x_wconf 82' lang='lat' dir='ltr'><strong><em>pertingens</em></strong></span> 
     </span>
    </p>
   </div>
   <div class='ocr_carea' id='block_1_44' title="bbox 177 2794 1766 2866">
    <p class='ocr_par' dir='ltr' id='par_1_44' title="bbox 177 2794 1766 2866">
     <span class='ocr_line' id='line_1_44' title="bbox 177 2794 1766 2866; baseline 0.003 -19"><span class='ocrx_word' id='word_1_353' title='bbox 177 2811 346 2864; x_wconf 82' lang='lat' dir='ltr'><strong><em>usque</em></strong></span> <span class='ocrx_word' id='word_1_354' title='bbox 375 2794 446 2847; x_wconf 90' lang='lat' dir='ltr'><strong><em>ad</em></strong></span> <span class='ocrx_word' id='word_1_355' title='bbox 474 2794 784 2849; x_wconf 80' lang='lat' dir='ltr'><strong><em>divisionem</em></strong></span> <span class='ocrx_word' id='word_1_356' title='bbox 807 2795 997 2848; x_wconf 79' lang='lat' dir='ltr'><strong><em>anima:</em></strong></span> <span class='ocrx_word' id='word_1_357' title='bbox 1020 2811 1082 2847; x_wconf 90' lang='lat' dir='ltr'><strong><em>ac</em></strong></span> <span class='ocrx_word' id='word_1_358' title='bbox 1109 2795 1322 2864; x_wconf 86' lang='lat' dir='ltr'><strong><em>spiritus</em></strong></span> <span class='ocrx_word' id='word_1_359' title='bbox 1345 2794 1530 2864; x_wconf 82' lang='lat' dir='ltr'><strong><em>(Hebr.</em></strong></span> <span class='ocrx_word' id='word_1_360' title='bbox 1560 2813 1635 2861; x_wconf 81' lang='lat' dir='ltr'><strong><em>1v,</em></strong></span> <span class='ocrx_word' id='word_1_361' title='bbox 1662 2797 1766 2866; x_wconf 70' lang='lat'><strong><em>12).</em></strong></span> 
     </span>
    </p>
   </div>
   <div class='ocr_carea' id='block_1_45' title="bbox 173 2882 1773 2953">
    <p class='ocr_par' dir='ltr' id='par_1_45' title="bbox 173 2882 1773 2953">
     <span class='ocr_line' id='line_1_45' title="bbox 173 2882 1773 2953; baseline 0.001 -17"><span class='ocrx_word' id='word_1_362' title='bbox 173 2882 461 2952; x_wconf 82' lang='lat' dir='ltr'><strong><em>Ancipites</em></strong></span> <span class='ocrx_word' id='word_1_363' title='bbox 492 2897 645 2947; x_wconf 90' lang='lat' dir='ltr'><strong><em>vero,</em></strong></span> <span class='ocrx_word' id='word_1_364' title='bbox 684 2882 737 2936; x_wconf 90' lang='lat' dir='ltr'><strong><em>id</em></strong></span> <span class='ocrx_word' id='word_1_365' title='bbox 776 2891 878 2944; x_wconf 89' lang='lat' dir='ltr'><strong><em>est,</em></strong></span> <span class='ocrx_word' id='word_1_366' title='bbox 919 2882 1004 2937; x_wconf 89' lang='lat' dir='ltr'><strong><em>bis</em></strong></span> <span class='ocrx_word' id='word_1_367' title='bbox 1027 2882 1171 2936; x_wconf 87' lang='lat' dir='ltr'><strong><em>acuti</em></strong></span> <span class='ocrx_word' id='word_1_368' title='bbox 1204 2898 1375 2951; x_wconf 83' lang='lat' dir='ltr'><strong><em>quare</em></strong></span> <span class='ocrx_word' id='word_1_369' title='bbox 1406 2884 1545 2948; x_wconf 88' lang='lat' dir='ltr'><strong><em>sint;</em></strong></span> <span class='ocrx_word' id='word_1_370' title='bbox 1572 2893 1773 2953; x_wconf 65' lang='lat' dir='ltr'><strong><em>praeter</em></strong></span> 
     </span>
    </p>
   </div>
   <div class='ocr_carea' id='block_1_46' title="bbox 176 2972 1773 3042">
    <p class='ocr_par' dir='ltr' id='par_1_46' title="bbox 176 2972 1773 3042">
     <span class='ocr_line' id='line_1_46' title="bbox 176 2972 1773 3042; baseline 0 -15"><span class='ocrx_word' id='word_1_371' title='bbox 176 2973 322 3027; x_wconf 89' lang='lat' dir='ltr'><strong><em>istud</em></strong></span> <span class='ocrx_word' id='word_1_372' title='bbox 381 2975 527 3042; x_wconf 88' lang='lat' dir='ltr'><strong><em>quod</em></strong></span> <span class='ocrx_word' id='word_1_373' title='bbox 562 2972 725 3027; x_wconf 89' lang='lat' dir='ltr'><strong><em>modo</em></strong></span> <span class='ocrx_word' id='word_1_374' title='bbox 762 2981 847 3027; x_wconf 90' lang='lat' dir='ltr'><strong><em>est</em></strong></span> <span class='ocrx_word' id='word_1_375' title='bbox 894 2973 1119 3037; x_wconf 89' lang='lat' dir='ltr'><strong><em>dictum,</em></strong></span> <span class='ocrx_word' id='word_1_376' title='bbox 1171 2973 1475 3036; x_wconf 87' lang='lat' dir='ltr'><strong><em>considera,</em></strong></span> <span class='ocrx_word' id='word_1_377' title='bbox 1535 2974 1676 3041; x_wconf 86' lang='lat' dir='ltr'><strong><em>quod</em></strong></span> <span class='ocrx_word' id='word_1_378' title='bbox 1718 2982 1773 3027; x_wconf 91' lang='lat' dir='ltr'><strong><em>et</em></strong></span> 
     </span>
    </p>
   </div>
   <div class='ocr_carea' id='block_1_47' title="bbox 174 3060 1768 3131">
    <p class='ocr_par' dir='ltr' id='par_1_47' title="bbox 174 3060 1768 3131">
     <span class='ocr_line' id='line_1_47' title="bbox 174 3060 1768 3131; baseline 0 -15"><span class='ocrx_word' id='word_1_379' title='bbox 174 3063 447 3131; x_wconf 80' lang='lat' dir='ltr'><strong><em>gehenna,</em></strong></span> <span class='ocrx_word' id='word_1_380' title='bbox 478 3062 531 3116; x_wconf 90' lang='lat' dir='ltr'><strong><em>id</em></strong></span> <span class='ocrx_word' id='word_1_381' title='bbox 560 3069 646 3116; x_wconf 89' lang='lat' dir='ltr'><strong><em>est</em></strong></span> <span class='ocrx_word' id='word_1_382' title='bbox 668 3060 863 3131; x_wconf 81' lang='lat' dir='ltr'><strong><em>duplex</em></strong></span> <span class='ocrx_word' id='word_1_383' title='bbox 888 3076 1072 3131; x_wconf 77' lang='lat' dir='ltr'><strong><em>ptena,</em></strong></span> <span class='ocrx_word' id='word_1_384' title='bbox 1103 3060 1234 3115; x_wconf 89' lang='lat' dir='ltr'><strong><em>illud</em></strong></span> <span class='ocrx_word' id='word_1_385' title='bbox 1264 3060 1768 3129; x_wconf 74' lang='lat' dir='ltr'><strong><em>vocaturjudicium</em></strong></span> 
     </span>
    </p>
   </div>
   <div class='ocr_carea' id='block_1_48' title="bbox 175 3150 1772 3219">
    <p class='ocr_par' dir='ltr' id='par_1_48' title="bbox 175 3150 1772 3219">
     <span class='ocr_line' id='line_1_48' title="bbox 175 3150 1772 3219; baseline 0.001 -16"><span class='ocrx_word' id='word_1_386' title='bbox 175 3151 545 3219; x_wconf 86' lang='lat' dir='ltr'><strong><em>conscriptum</em></strong></span> <span class='ocrx_word' id='word_1_387' title='bbox 598 3163 613 3202; x_wconf 91' lang='lat'><strong>:</strong></span> <span class='ocrx_word' id='word_1_388' title='bbox 667 3150 968 3219; x_wconf 87' lang='lat' dir='ltr'><strong><em>Compedes</em></strong></span> <span class='ocrx_word' id='word_1_389' title='bbox 1011 3163 1143 3204; x_wconf 89' lang='lat' dir='ltr'><strong><em>vero</em></strong></span> <span class='ocrx_word' id='word_1_390' title='bbox 1196 3158 1249 3204; x_wconf 91' lang='lat' dir='ltr'><strong><em>et</em></strong></span> <span class='ocrx_word' id='word_1_391' title='bbox 1300 3151 1527 3205; x_wconf 65' lang='lat' dir='ltr'><strong><em>manica:</em></strong></span> <span class='ocrx_word' id='word_1_392' title='bbox 1583 3151 1772 3206; x_wconf 67' lang='lat' dir='ltr'><strong><em>ferreae</em></strong></span> 
     </span>
    </p>
   </div>
   <div class='ocr_carea' id='block_1_49' title="bbox 176 3240 1773 3313">
    <p class='ocr_par' dir='ltr' id='par_1_49' title="bbox 176 3240 1773 3313">
     <span class='ocr_line' id='line_1_49' title="bbox 176 3240 1773 3313; baseline 0.003 -20"><span class='ocrx_word' id='word_1_393' title='bbox 176 3240 356 3313; x_wconf 85' lang='lat' dir='ltr'><strong><em>(Psal.</em></strong></span> <span class='ocrx_word' id='word_1_394' title='bbox 383 3257 569 3307; x_wconf 79' lang='lat' dir='ltr'><strong><em>cxux,</em></strong></span> <span class='ocrx_word' id='word_1_395' title='bbox 597 3241 656 3311; x_wconf 89' lang='lat'><strong><em>9)</em></strong></span> <span class='ocrx_word' id='word_1_396' title='bbox 681 3242 878 3295; x_wconf 85' lang='lat' dir='ltr'><strong><em>duritia</em></strong></span> <span class='ocrx_word' id='word_1_397' title='bbox 903 3241 1242 3296; x_wconf 87' lang='lat' dir='ltr'><strong><em>crudelitatis</em></strong></span> <span class='ocrx_word' id='word_1_398' title='bbox 1263 3251 1611 3312; x_wconf 72' lang='lat' dir='ltr'><strong><em>comparatae,</em></strong></span> <span class='ocrx_word' id='word_1_399' title='bbox 1640 3244 1773 3299; x_wconf 87' lang='lat' dir='ltr'><strong><em>satis</em></strong></span> 
     </span>
    </p>
   </div>
   <div class='ocr_carea' id='block_1_50' title="bbox 176 3331 1772 3403">
    <p class='ocr_par' dir='ltr' id='par_1_50' title="bbox 176 3331 1772 3403">
     <span class='ocr_line' id='line_1_50' title="bbox 176 3331 1772 3403; baseline 0.001 -16"><span class='ocrx_word' id='word_1_400' title='bbox 176 3333 232 3387; x_wconf 87' lang='lat' dir='ltr'><strong><em>in</em></strong></span> <span class='ocrx_word' id='word_1_401' title='bbox 284 3333 580 3403; x_wconf 83' lang='lat' dir='ltr'><strong><em>Evangelio</em></strong></span> <span class='ocrx_word' id='word_1_402' title='bbox 612 3333 880 3387; x_wconf 89' lang='lat' dir='ltr'><strong><em>habentur</em></strong></span> <span class='ocrx_word' id='word_1_403' title='bbox 909 3332 1124 3387; x_wconf 88' lang='lat' dir='ltr'><strong><em>dicente</em></strong></span> <span class='ocrx_word' id='word_1_404' title='bbox 1151 3350 1164 3384; x_wconf 90' lang='lat'><strong>:</strong></span> <span class='ocrx_word' id='word_1_405' title='bbox 1192 3331 1374 3402; x_wconf 82' lang='lat' dir='ltr'><strong><em>Ligate</em></strong></span> <span class='ocrx_word' id='word_1_406' title='bbox 1424 3332 1532 3386; x_wconf 87' lang='lat' dir='ltr'><strong><em>illis</em></strong></span> <span class='ocrx_word' id='word_1_407' title='bbox 1584 3350 1772 3388; x_wconf 89' lang='lat' dir='ltr'><strong><em>manus</em></strong></span> 
     </span>
    </p>
   </div>
   <div class='ocr_carea' id='block_1_51' title="bbox 175 3420 1771 3492">
    <p class='ocr_par' dir='ltr' id='par_1_51' title="bbox 175 3420 1771 3492">
     <span class='ocr_line' id='line_1_51' title="bbox 175 3420 1771 3492; baseline 0.001 -16"><span class='ocrx_word' id='word_1_408' title='bbox 175 3432 224 3476; x_wconf 88' lang='lat' dir='ltr'><strong><em>et</em></strong></span> <span class='ocrx_word' id='word_1_409' title='bbox 277 3422 434 3491; x_wconf 84' lang='lat' dir='ltr'><strong><em>pedes</em></strong></span> <span class='ocrx_word' id='word_1_410' title='bbox 468 3422 686 3492; x_wconf 75' lang='lat' dir='ltr'><strong><em>(Matth.</em></strong></span> <span class='ocrx_word' id='word_1_411' title='bbox 728 3437 863 3487; x_wconf 78' lang='lat' dir='ltr'><strong><em>xm,</em></strong></span> <span class='ocrx_word' id='word_1_412' title='bbox 895 3421 1004 3492; x_wconf 81' lang='grc'>1⁸5).</span> <span class='ocrx_word' id='word_1_413' title='bbox 1062 3420 1387 3476; x_wconf 78' lang='lat' dir='ltr'><strong><em>Judicantur</em></strong></span> <span class='ocrx_word' id='word_1_414' title='bbox 1414 3437 1563 3491; x_wconf 88' lang='lat' dir='ltr'><strong><em>ergo,</em></strong></span> <span class='ocrx_word' id='word_1_415' title='bbox 1592 3423 1771 3478; x_wconf 86' lang='lat' dir='ltr'><strong><em>vindi-</em></strong></span> 
     </span>
    </p>
   </div>
   <div class='ocr_carea' id='block_1_52' title="bbox 176 3511 1776 3583">
    <p class='ocr_par' dir='ltr' id='par_1_52' title="bbox 176 3511 1776 3583">
     <span class='ocr_line' id='line_1_52' title="bbox 176 3511 1776 3583; baseline 0.003 -16"><span class='ocrx_word' id='word_1_416' title='bbox 176 3514 435 3567; x_wconf 85' lang='lat' dir='ltr'><strong><em>cantibus</em></strong></span> <span class='ocrx_word' id='word_1_417' title='bbox 478 3523 533 3566; x_wconf 91' lang='lat' dir='ltr'><strong><em>ct</em></strong></span> <span class='ocrx_word' id='word_1_418' title='bbox 579 3512 988 3582; x_wconf 89' lang='lat' dir='ltr'><strong><em>increpantibus</em></strong></span> <span class='ocrx_word' id='word_1_419' title='bbox 1012 3511 1194 3581; x_wconf 89' lang='lat' dir='ltr'><strong><em>justis,</em></strong></span> <span class='ocrx_word' id='word_1_420' title='bbox 1230 3513 1412 3583; x_wconf 89' lang='lat' dir='ltr'><strong><em>iujusti</em></strong></span> <span class='ocrx_word' id='word_1_421' title='bbox 1442 3515 1693 3570; x_wconf 88' lang='lat' dir='ltr'><strong><em>manibus</em></strong></span> <span class='ocrx_word' id='word_1_422' title='bbox 1721 3527 1776 3572; x_wconf 90' lang='lat' dir='ltr'><strong><em>et</em></strong></span> 
     </span>
    </p>
   </div>
   <div class='ocr_carea' id='block_1_53' title="bbox 180 3608 1775 3682">
    <p class='ocr_par' dir='ltr' id='par_1_53' title="bbox 180 3608 1775 3682">
     <span class='ocr_line' id='line_1_53' title="bbox 180 3608 1775 3682; baseline 0.003 -20"><span class='ocrx_word' id='word_1_423' title='bbox 180 3608 532 3678; x_wconf 86' lang='lat' dir='ltr'><strong><em>ancipitibus,</em></strong></span> <span class='ocrx_word' id='word_1_424' title='bbox 571 3608 787 3679; x_wconf 89' lang='lat' dir='ltr'><strong><em>gladiis,</em></strong></span> <span class='ocrx_word' id='word_1_425' title='bbox 816 3610 941 3679; x_wconf 87' lang='lat' dir='ltr'><strong><em>quia</em></strong></span> <span class='ocrx_word' id='word_1_426' title='bbox 970 3610 1058 3665; x_wconf 90' lang='lat' dir='ltr'><strong><em>hic</em></strong></span> <span class='ocrx_word' id='word_1_427' title='bbox 1104 3626 1203 3665; x_wconf 90' lang='lat' dir='ltr'><strong><em>nec</em></strong></span> <span class='ocrx_word' id='word_1_428' title='bbox 1241 3626 1406 3682; x_wconf 88' lang='lat' dir='ltr'><strong><em>opera</em></strong></span> <span class='ocrx_word' id='word_1_429' title='bbox 1437 3628 1625 3667; x_wconf 89' lang='lat' dir='ltr'><strong><em>eorum</em></strong></span> <span class='ocrx_word' id='word_1_430' title='bbox 1655 3612 1775 3666; x_wconf 89' lang='lat' dir='ltr'><strong><em>imi-</em></strong></span> 
     </span>
    </p>
   </div>
   <div class='ocr_carea' id='block_1_54' title="bbox 180 3700 1771 3774">
    <p class='ocr_par' dir='ltr' id='par_1_54' title="bbox 180 3700 1771 3774">
     <span class='ocr_line' id='line_1_54' title="bbox 180 3700 1771 3774; baseline 0.003 -20"><span class='ocrx_word' id='word_1_431' title='bbox 180 3700 346 3754; x_wconf 86' lang='lat' dir='ltr'><strong><em>tando</em></strong></span> <span class='ocrx_word' id='word_1_432' title='bbox 365 3700 667 3765; x_wconf 85' lang='lat' dir='ltr'><strong><em>attendere,</em></strong></span> <span class='ocrx_word' id='word_1_433' title='bbox 694 3715 999 3756; x_wconf 90' lang='lat' dir='ltr'><strong><em>sermonem</em></strong></span> <span class='ocrx_word' id='word_1_434' title='bbox 1023 3716 1151 3757; x_wconf 87' lang='lat' dir='ltr'><strong><em>vero</em></strong></span> <span class='ocrx_word' id='word_1_435' title='bbox 1167 3718 1272 3759; x_wconf 91' lang='lat' dir='ltr'><strong><em>non</em></strong></span> <span class='ocrx_word' id='word_1_436' title='bbox 1297 3704 1470 3758; x_wconf 89' lang='lat' dir='ltr'><strong><em>solum</em></strong></span> <span class='ocrx_word' id='word_1_437' title='bbox 1498 3719 1771 3774; x_wconf 90' lang='lat' dir='ltr'><strong><em>spernere,</em></strong></span> 
     </span>
    </p>
   </div>
   <div class='ocr_carea' id='block_1_55' title="bbox 177 3788 1775 3859">
    <p class='ocr_par' dir='ltr' id='par_1_55' title="bbox 177 3788 1775 3859">
     <span class='ocr_line' id='line_1_55' title="bbox 177 3788 1775 3859; baseline 0.003 -17"><span class='ocrx_word' id='word_1_438' title='bbox 177 3788 270 3843; x_wconf 84' lang='lat' dir='ltr'><strong><em>sed</em></strong></span> <span class='ocrx_word' id='word_1_439' title='bbox 300 3788 470 3841; x_wconf 89' lang='lat' dir='ltr'><strong><em>etiam</em></strong></span> <span class='ocrx_word' id='word_1_440' title='bbox 504 3788 691 3843; x_wconf 91' lang='lat' dir='ltr'><strong><em>multis</em></strong></span> <span class='ocrx_word' id='word_1_441' title='bbox 741 3790 1211 3859; x_wconf 88' lang='lat' dir='ltr'><strong><em>pcrsecutionibus</em></strong></span> <span class='ocrx_word' id='word_1_442' title='bbox 1253 3801 1308 3847; x_wconf 90' lang='lat' dir='ltr'><strong><em>et</em></strong></span> <span class='ocrx_word' id='word_1_443' title='bbox 1354 3793 1620 3848; x_wconf 89' lang='lat' dir='ltr'><strong><em>mortibus</em></strong></span> <span class='ocrx_word' id='word_1_444' title='bbox 1663 3804 1775 3848; x_wconf 84' lang='lat' dir='ltr'><strong><em>stu-</em></strong></span> 
     </span>
    </p>
   </div>
   <div class='ocr_carea' id='block_1_56' title="bbox 177 3879 1775 3955">
    <p class='ocr_par' dir='ltr' id='par_1_56' title="bbox 177 3879 1775 3955">
     <span class='ocr_line' id='line_1_56' title="bbox 177 3879 1775 3955; baseline 0.004 -22"><span class='ocrx_word' id='word_1_445' title='bbox 177 3879 417 3934; x_wconf 88' lang='lat' dir='ltr'><strong><em>duerunt</em></strong></span> <span class='ocrx_word' id='word_1_446' title='bbox 440 3880 720 3935; x_wconf 87' lang='lat' dir='ltr'><strong><em>insectari.</em></strong></span> <span class='ocrx_word' id='word_1_447' title='bbox 757 3880 821 3934; x_wconf 87' lang='lat' dir='ltr'><strong><em>Et</em></strong></span> <span class='ocrx_word' id='word_1_448' title='bbox 839 3882 964 3952; x_wconf 88' lang='lat' dir='ltr'><strong><em>quia</em></strong></span> <span class='ocrx_word' id='word_1_449' title='bbox 988 3883 1076 3938; x_wconf 89' lang='lat' dir='ltr'><strong><em>hic</em></strong></span> <span class='ocrx_word' id='word_1_450' title='bbox 1102 3899 1294 3939; x_wconf 89' lang='lat' dir='ltr'><strong><em>manus</em></strong></span> <span class='ocrx_word' id='word_1_451' title='bbox 1312 3894 1364 3939; x_wconf 92' lang='lat' dir='ltr'><strong><em>et</em></strong></span> <span class='ocrx_word' id='word_1_452' title='bbox 1390 3885 1554 3954; x_wconf 88' lang='lat' dir='ltr'><strong><em>pedes</em></strong></span> <span class='ocrx_word' id='word_1_453' title='bbox 1582 3894 1775 3955; x_wconf 87' lang='lat' dir='ltr'><strong><em>sponte</em></strong></span> 
     </span>
    </p>
   </div>
   <div class='ocr_carea' id='block_1_57' title="bbox 176 3968 1775 4042">
    <p class='ocr_par' dir='ltr' id='par_1_57' title="bbox 176 3968 1775 4042">
     <span class='ocr_line' id='line_1_57' title="bbox 176 3968 1775 4042; baseline 0.006 -20"><span class='ocrx_word' id='word_1_454' title='bbox 176 3968 376 4040; x_wconf 87' lang='lat' dir='ltr'><strong><em>ligatos</em></strong></span> <span class='ocrx_word' id='word_1_455' title='bbox 403 3970 715 4025; x_wconf 87' lang='lat' dir='ltr'><strong><em>habuerunt</em></strong></span> <span class='ocrx_word' id='word_1_456' title='bbox 748 3985 778 4025; x_wconf 88' lang='lat' dir='ltr'><strong><em>a</em></strong></span> <span class='ocrx_word' id='word_1_457' title='bbox 808 3970 950 4027; x_wconf 90' lang='lat' dir='ltr'><strong><em>bono</em></strong></span> <span class='ocrx_word' id='word_1_458' title='bbox 1006 3988 1192 4042; x_wconf 90' lang='lat' dir='ltr'><strong><em>opere,</em></strong></span> <span class='ocrx_word' id='word_1_459' title='bbox 1218 3974 1414 4029; x_wconf 88' lang='lat' dir='ltr'><strong><em>merito</em></strong></span> <span class='ocrx_word' id='word_1_460' title='bbox 1455 3974 1635 4030; x_wconf 70' lang='lat' dir='ltr'><strong><em>invita:</em></strong></span> <span class='ocrx_word' id='word_1_461' title='bbox 1664 3976 1775 4033; x_wconf 88' lang='lat' dir='ltr'><strong><em>illic</em></strong></span> 
     </span>
    </p>
   </div>
   <div class='ocr_carea' id='block_1_58' title="bbox 178 4060 1772 4133">
    <p class='ocr_par' dir='ltr' id='par_1_58' title="bbox 178 4060 1772 4133">
     <span class='ocr_line' id='line_1_58' title="bbox 178 4060 1772 4133; baseline 0.004 -19"><span class='ocrx_word' id='word_1_462' title='bbox 178 4060 362 4131; x_wconf 62' lang='lat' dir='ltr'><strong><em>ligata:</em></strong></span> <span class='ocrx_word' id='word_1_463' title='bbox 391 4061 443 4114; x_wconf 90' lang='lat' dir='ltr'><strong><em>in</em></strong></span> <span class='ocrx_word' id='word_1_464' title='bbox 485 4069 690 4116; x_wconf 66' lang='lat' dir='ltr'><strong><em>aeterna</em></strong></span> <span class='ocrx_word' id='word_1_465' title='bbox 720 4069 881 4116; x_wconf 91' lang='lat' dir='ltr'><strong><em>erunt</em></strong></span> <span class='ocrx_word' id='word_1_466' title='bbox 926 4062 1291 4118; x_wconf 88' lang='lat' dir='ltr'><strong><em>damnatione.</em></strong></span> <span class='ocrx_word' id='word_1_467' title='bbox 1336 4063 1395 4118; x_wconf 86' lang='lat' dir='ltr'><strong><em>Si</em></strong></span> <span class='ocrx_word' id='word_1_468' title='bbox 1424 4066 1579 4133; x_wconf 83' lang='lat' dir='ltr'><strong><em>pauci</em></strong></span> <span class='ocrx_word' id='word_1_469' title='bbox 1628 4076 1772 4131; x_wconf 90' lang='lat' dir='ltr'><strong><em>sunt,</em></strong></span> 
     </span>
    </p>
   </div>
   <div class='ocr_carea' id='block_1_59' title="bbox 177 4151 1774 4226">
    <p class='ocr_par' dir='ltr' id='par_1_59' title="bbox 177 4151 1774 4226">
     <span class='ocr_line' id='line_1_59' title="bbox 177 4151 1774 4226; baseline 0.003 -20"><span class='ocrx_word' id='word_1_470' title='bbox 177 4151 357 4219; x_wconf 87' lang='lat' dir='ltr'><strong><em>dicis,</em></strong></span> <span class='ocrx_word' id='word_1_471' title='bbox 404 4153 498 4224; x_wconf 89' lang='lat' dir='ltr'><strong><em>qui</em></strong></span> <span class='ocrx_word' id='word_1_472' title='bbox 562 4153 633 4207; x_wconf 88' lang='lat' dir='ltr'><strong><em>ad</em></strong></span> <span class='ocrx_word' id='word_1_473' title='bbox 692 4152 793 4207; x_wconf 85' lang='lat' dir='ltr'><strong><em>hoc</em></strong></span> <span class='ocrx_word' id='word_1_474' title='bbox 838 4162 999 4207; x_wconf 89' lang='lat' dir='ltr'><strong><em>erunt</em></strong></span> <span class='ocrx_word' id='word_1_475' title='bbox 1050 4154 1373 4225; x_wconf 87' lang='lat' dir='ltr'><strong><em>quandoque</em></strong></span> <span class='ocrx_word' id='word_1_476' title='bbox 1419 4158 1726 4226; x_wconf 90' lang='lat' dir='ltr'><strong><em>perventuri</em></strong></span> <span class='ocrx_word' id='word_1_477' title='bbox 1758 4197 1774 4221; x_wconf 94' lang='lat'><strong><em>,</em></strong></span> 
     </span>
    </p>
   </div>
   <div class='ocr_carea' id='block_1_60' title="bbox 178 4240 1776 4316">
    <p class='ocr_par' dir='ltr' id='par_1_60' title="bbox 178 4240 1776 4316">
     <span class='ocr_line' id='line_1_60' title="bbox 178 4240 1776 4316; baseline 0.004 -22"><span class='ocrx_word' id='word_1_478' title='bbox 178 4242 545 4307; x_wconf 86' lang='lat' dir='ltr'><strong><em>dinumerabo,</em></strong></span> <span class='ocrx_word' id='word_1_479' title='bbox 574 4242 779 4311; x_wconf 88' lang='lat' dir='ltr'><strong><em>inquit,</em></strong></span> <span class='ocrx_word' id='word_1_480' title='bbox 809 4258 895 4296; x_wconf 90' lang='lat' dir='ltr'><strong><em>eos</em></strong></span> <span class='ocrx_word' id='word_1_481' title='bbox 915 4240 1089 4315; x_wconf 86' lang='lat' dir='ltr'><strong><em>(Psal.</em></strong></span> <span class='ocrx_word' id='word_1_482' title='bbox 1118 4258 1383 4310; x_wconf 81' lang='lat' dir='ltr'><strong><em>cxxxvm,</em></strong></span> <span class='ocrx_word' id='word_1_483' title='bbox 1407 4244 1527 4316; x_wconf 74' lang='lat'><strong><em>18);</em></strong></span> <span class='ocrx_word' id='word_1_484' title='bbox 1552 4253 1607 4299; x_wconf 91' lang='lat' dir='ltr'><strong><em>et</em></strong></span> <span class='ocrx_word' id='word_1_485' title='bbox 1637 4245 1776 4301; x_wconf 79' lang='lat' dir='ltr'><strong><em>forte</em></strong></span> 
     </span>
    </p>
   </div>
   <div class='ocr_carea' id='block_1_61' title="bbox 176 4332 1777 4407">
    <p class='ocr_par' dir='ltr' id='par_1_61' title="bbox 176 4332 1777 4407">
     <span class='ocr_line' id='line_1_61' title="bbox 176 4332 1777 4407; baseline 0.004 -22"><span class='ocrx_word' id='word_1_486' title='bbox 176 4342 405 4402; x_wconf 83' lang='lat' dir='ltr'><strong><em>propter</em></strong></span> <span class='ocrx_word' id='word_1_487' title='bbox 432 4332 717 4387; x_wconf 77' lang='lat' dir='ltr'><strong><em>Matthiam</em></strong></span> <span class='ocrx_word' id='word_1_488' title='bbox 749 4333 1053 4401; x_wconf 86' lang='lat' dir='ltr'><strong><em>duodecim,</em></strong></span> <span class='ocrx_word' id='word_1_489' title='bbox 1088 4346 1181 4389; x_wconf 90' lang='lat' dir='ltr'><strong><em>aut</em></strong></span> <span class='ocrx_word' id='word_1_490' title='bbox 1206 4344 1427 4407; x_wconf 88' lang='lat' dir='ltr'><strong><em>propter</em></strong></span> <span class='ocrx_word' id='word_1_491' title='bbox 1453 4335 1645 4392; x_wconf 82' lang='lat' dir='ltr'><strong><em>Judam</em></strong></span> <span class='ocrx_word' id='word_1_492' title='bbox 1678 4353 1777 4392; x_wconf 87' lang='lat' dir='ltr'><strong><em>un-</em></strong></span> 
     </span>
    </p>
   </div>
   <div class='ocr_carea' id='block_1_62' title="bbox 179 4427 1775 4502">
    <p class='ocr_par' dir='ltr' id='par_1_62' title="bbox 179 4427 1775 4502">
     <span class='ocr_line' id='line_1_62' title="bbox 179 4427 1775 4502; baseline 0.003 -23"><span class='ocrx_word' id='word_1_493' title='bbox 179 4427 383 4493; x_wconf 87' lang='lat' dir='ltr'><strong><em>decim,</em></strong></span> <span class='ocrx_word' id='word_1_494' title='bbox 423 4436 515 4482; x_wconf 86' lang='lat' dir='ltr'><strong><em>aut</em></strong></span> <span class='ocrx_word' id='word_1_495' title='bbox 539 4436 767 4497; x_wconf 86' lang='lat' dir='ltr'><strong><em>propter</em></strong></span> <span class='ocrx_word' id='word_1_496' title='bbox 796 4427 1018 4483; x_wconf 89' lang='lat' dir='ltr'><strong><em>Paulum</em></strong></span> <span class='ocrx_word' id='word_1_497' title='bbox 1050 4438 1211 4485; x_wconf 90' lang='lat' dir='ltr'><strong><em>erunt</em></strong></span> <span class='ocrx_word' id='word_1_498' title='bbox 1264 4430 1547 4495; x_wconf 88' lang='lat' dir='ltr'><strong><em>tredecim,</em></strong></span> <span class='ocrx_word' id='word_1_499' title='bbox 1602 4432 1775 4502; x_wconf 88' lang='lat' dir='ltr'><strong><em>Super</em></strong></span> 
     </span>
    </p>
   </div>
   <div class='ocr_carea' id='block_1_63' title="bbox 180 4518 1773 4593">
    <p class='ocr_par' dir='ltr' id='par_1_63' title="bbox 180 4518 1773 4593">
     <span class='ocr_line' id='line_1_63' title="bbox 180 4518 1773 4593; baseline 0.004 -22"><span class='ocrx_word' id='word_1_500' title='bbox 180 4535 421 4584; x_wconf 84' lang='lat' dir='ltr'><strong><em>arenam,</em></strong></span> <span class='ocrx_word' id='word_1_501' title='bbox 460 4520 656 4588; x_wconf 88' lang='lat' dir='ltr'><strong><em>inquit,</em></strong></span> <span class='ocrx_word' id='word_1_502' title='bbox 698 4518 1188 4591; x_wconf 85' lang='lat' dir='ltr'><strong><em>multiplicabuntur</em></strong></span> <span class='ocrx_word' id='word_1_503' title='bbox 1222 4521 1432 4593; x_wconf 81' lang='lat' dir='ltr'><strong><em>(Ibid.).</em></strong></span> <span class='ocrx_word' id='word_1_504' title='bbox 1479 4523 1773 4578; x_wconf 87' lang='lat' dir='ltr'><strong><em>Considera</em></strong></span> 
     </span>
    </p>
   </div>
   <div class='ocr_carea' id='block_1_64' title="bbox 181 4610 1773 4681">
    <p class='ocr_par' dir='ltr' id='par_1_64' title="bbox 181 4610 1773 4681">
     <span class='ocr_line' id='line_1_64' title="bbox 181 4610 1773 4681; baseline 0.007 -21"><span class='ocrx_word' id='word_1_505' title='bbox 181 4620 416 4679; x_wconf 87' lang='lat' dir='ltr'><strong><em>quantos</em></strong></span> <span class='ocrx_word' id='word_1_506' title='bbox 438 4610 677 4681; x_wconf 89' lang='lat' dir='ltr'><strong><em>judices,</em></strong></span> <span class='ocrx_word' id='word_1_507' title='bbox 721 4620 779 4667; x_wconf 89' lang='lat' dir='ltr'><strong><em>et</em></strong></span> <span class='ocrx_word' id='word_1_508' title='bbox 810 4612 931 4667; x_wconf 86' lang='lat' dir='ltr'><strong><em>vide</em></strong></span> <span class='ocrx_word' id='word_1_509' title='bbox 960 4612 1007 4667; x_wconf 88' lang='lat' dir='ltr'><strong><em>si</em></strong></span> <span class='ocrx_word' id='word_1_510' title='bbox 1039 4613 1110 4668; x_wconf 89' lang='lat' dir='ltr'><strong><em>sit</em></strong></span> <span class='ocrx_word' id='word_1_511' title='bbox 1156 4613 1272 4671; x_wconf 90' lang='lat' dir='ltr'><strong><em>leve</em></strong></span> <span class='ocrx_word' id='word_1_512' title='bbox 1310 4614 1449 4669; x_wconf 88' lang='lat' dir='ltr'><strong><em>inter</em></strong></span> <span class='ocrx_word' id='word_1_513' title='bbox 1486 4624 1564 4671; x_wconf 92' lang='lat' dir='ltr'><strong><em>tot</em></strong></span> <span class='ocrx_word' id='word_1_514' title='bbox 1608 4633 1773 4671; x_wconf 88' lang='lat' dir='ltr'><strong><em>unum</em></strong></span> 
     </span>
    </p>
   </div>
   <div class='ocr_carea' id='block_1_65' title="bbox 181 4700 605 4771">
    <p class='ocr_par' dir='ltr' id='par_1_65' title="bbox 181 4700 605 4771">
     <span class='ocr_line' id='line_1_65' title="bbox 181 4700 605 4771; baseline 0.007 -18"><span class='ocrx_word' id='word_1_515' title='bbox 181 4700 264 4754; x_wconf 86' lang='lat' dir='ltr'><strong><em>vel</em></strong></span> <span class='ocrx_word' id='word_1_516' title='bbox 296 4702 605 4771; x_wconf 87' lang='lat' dir='ltr'><strong><em>increpare.</em></strong></span> 
     </span>
    </p>
   </div>
   <div class='ocr_carea' id='block_1_66' title="bbox 253 4791 1775 4869">
    <p class='ocr_par' dir='ltr' id='par_1_66' title="bbox 253 4791 1775 4869">
     <span class='ocr_line' id='line_1_66' title="bbox 253 4791 1775 4869; baseline 0.006 -23"><span class='ocrx_word' id='word_1_517' title='bbox 253 4791 347 4846; x_wconf 74' lang='lat' dir='ltr'><strong><em>M.</em></strong></span> <span class='ocrx_word' id='word_1_518' title='bbox 374 4791 553 4848; x_wconf 79' lang='lat' dir='ltr'><strong><em>Habes</em></strong></span> <span class='ocrx_word' id='word_1_519' title='bbox 588 4792 838 4849; x_wconf 90' lang='lat' dir='ltr'><strong><em>ordinem</em></strong></span> <span class='ocrx_word' id='word_1_520' title='bbox 869 4795 1136 4866; x_wconf 89' lang='lat' dir='ltr'><strong><em>judicum,</em></strong></span> <span class='ocrx_word' id='word_1_521' title='bbox 1166 4798 1314 4869; x_wconf 73' lang='lat'><strong><em>(210)</em></strong></span> <span class='ocrx_word' id='word_1_522' title='bbox 1351 4799 1692 4868; x_wconf 82' lang='lat' dir='ltr'><strong><em>proferamus</em></strong></span> <span class='ocrx_word' id='word_1_523' title='bbox 1721 4811 1775 4855; x_wconf 87' lang='lat' dir='ltr'><strong><em>et</em></strong></span> 
     </span>
    </p>
   </div>
   <div class='ocr_carea' id='block_1_67' title="bbox 183 4882 1769 4959">
    <p class='ocr_par' dir='ltr' id='par_1_67' title="bbox 183 4882 1769 4959">
     <span class='ocr_line' id='line_1_67' title="bbox 183 4882 1769 4959; baseline 0.003 -19"><span class='ocrx_word' id='word_1_524' title='bbox 183 4882 552 4953; x_wconf 84' lang='lat' dir='ltr'><strong><em>perjudicium</em></strong></span> <span class='ocrx_word' id='word_1_525' title='bbox 580 4885 830 4957; x_wconf 88' lang='lat' dir='ltr'><strong><em>[subaudi</em></strong></span> <span class='ocrx_word' id='word_1_526' title='bbox 844 4886 1114 4959; x_wconf 88' lang='lat' dir='ltr'><strong><em>ordinem]</em></strong></span> <span class='ocrx_word' id='word_1_527' title='bbox 1137 4889 1537 4945; x_wconf 87' lang='lat' dir='ltr'><strong><em>salvandorum:</em></strong></span> <span class='ocrx_word' id='word_1_528' title='bbox 1556 4891 1769 4953; x_wconf 85' lang='lat' dir='ltr'><strong><em>Beatus,</em></strong></span> 
     </span>
    </p>
   </div>
   <div class='ocr_carea' id='block_1_68' title="bbox 187 4976 1773 5055">
    <p class='ocr_par' dir='ltr' id='par_1_68' title="bbox 187 4976 1773 5055">
     <span class='ocr_line' id='line_1_68' title="bbox 187 4976 1773 5055; baseline 0.008 -28"><span class='ocrx_word' id='word_1_529' title='bbox 187 4976 383 5047; x_wconf 88' lang='lat' dir='ltr'><strong><em>inquit,</em></strong></span> <span class='ocrx_word' id='word_1_530' title='bbox 410 4979 500 5048; x_wconf 79' lang='lat' dir='ltr'><strong><em>qui</em></strong></span> <span class='ocrx_word' id='word_1_531' title='bbox 528 4977 771 5049; x_wconf 85' lang='lat' dir='ltr'><strong><em>intelligit</em></strong></span> <span class='ocrx_word' id='word_1_532' title='bbox 824 4996 983 5049; x_wconf 87' lang='lat' dir='ltr'><strong><em>super</em></strong></span> <span class='ocrx_word' id='word_1_533' title='bbox 1010 4996 1223 5050; x_wconf 83' lang='lat' dir='ltr'><strong><em>egenum</em></strong></span> <span class='ocrx_word' id='word_1_534' title='bbox 1274 4993 1321 5037; x_wconf 88' lang='lat' dir='ltr'><strong><em>et</em></strong></span> <span class='ocrx_word' id='word_1_535' title='bbox 1368 5000 1670 5055; x_wconf 87' lang='lat' dir='ltr'><strong><em>pauperem,</em></strong></span> <span class='ocrx_word' id='word_1_536' title='bbox 1719 4988 1773 5039; x_wconf 88' lang='lat' dir='ltr'><strong><em>in</em></strong></span> 
     </span>
    </p>
   </div>
   <div class='ocr_carea' id='block_1_69' title="bbox 254 5112 1774 5186">
    <p class='ocr_par' dir='ltr' id='par_1_69' title="bbox 254 5112 1774 5186">
     <span class='ocr_line' id='line_1_69' title="bbox 254 5112 1774 5186; baseline 0.006 -22"><span class='ocrx_word' id='word_1_537' title='bbox 254 5112 490 5186; x_wconf 74' lang='lat' dir='ltr'><strong><em>(209)_ld_</em></strong></span> <span class='ocrx_word' id='word_1_538' title='bbox 517 5122 600 5165; x_wconf 87' lang='lat' dir='ltr'><strong><em>est</em></strong></span> <span class='ocrx_word' id='word_1_539' title='bbox 625 5132 637 5165; x_wconf 87' lang='lat'><strong>:</strong></span> <span class='ocrx_word' id='word_1_540' title='bbox 670 5113 854 5169; x_wconf 87' lang='lat' dir='ltr'><strong><em>Sinon</em></strong></span> <span class='ocrx_word' id='word_1_541' title='bbox 878 5112 1289 5186; x_wconf 69' lang='lat' dir='ltr'><strong><em>,intelligis,quis</em></strong></span> <span class='ocrx_word' id='word_1_542' title='bbox 1307 5117 1374 5169; x_wconf 89' lang='lat' dir='ltr'><strong><em>sit</em></strong></span> <span class='ocrx_word' id='word_1_543' title='bbox 1399 5116 1627 5186; x_wconf 84' lang='lat' dir='ltr'><strong><em>gladius,</em></strong></span> <span class='ocrx_word' id='word_1_544' title='bbox 1655 5136 1774 5173; x_wconf 87' lang='lat' dir='ltr'><strong><em>cum</em></strong></span> 
     </span>
    </p>
   </div>
   <div class='ocr_carea' id='block_1_70' title="bbox 190 5182 1205 5250">
    <p class='ocr_par' dir='ltr' id='par_1_70' title="bbox 190 5182 1205 5250">
     <span class='ocr_line' id='line_1_70' title="bbox 190 5182 1205 5250; baseline 0.011 -18"><span class='ocrx_word' id='word_1_545' title='bbox 190 5199 371 5235; x_wconf 81' lang='lat' dir='ltr'><strong><em>manus</em></strong></span> <span class='ocrx_word' id='word_1_546' title='bbox 388 5182 639 5235; x_wconf 87' lang='lat' dir='ltr'><strong><em>dederunt</em></strong></span> <span class='ocrx_word' id='word_1_547' title='bbox 664 5200 848 5250; x_wconf 87' lang='lat' dir='ltr'><strong><em>opera,</em></strong></span> <span class='ocrx_word' id='word_1_548' title='bbox 870 5184 1078 5250; x_wconf 84' lang='lat' dir='ltr'><strong><em>quibus,</em></strong></span> <span class='ocrx_word' id='word_1_549' title='bbox 1099 5182 1205 5243; x_wconf 44' lang='lat' dir='ltr'><strong><em>etc&#39;.</em></strong></span> 
     </span>
    </p>
   </div>
   <div class='ocr_carea' id='block_1_71' title="bbox 1802 4478 1852 4538">
    <p class='ocr_par' dir='ltr' id='par_1_71' title="bbox 1802 4478 1852 4538">
     <span class='ocr_line' id='line_1_71' title="bbox 1802 4478 1852 4538; baseline 0 0"><span class='ocrx_word' id='word_1_550' title='bbox 1802 4478 1852 4538; x_wconf 91' lang='lat' dir='ltr'><strong><em>D</em></strong></span> 
     </span>
    </p>
   </div>
   <div class='ocr_carea' id='block_1_72' title="bbox 1869 1883 3459 1941">
    <p class='ocr_par' dir='ltr' id='par_1_72' title="bbox 1869 1883 3459 1941">
     <span class='ocr_line' id='line_1_72' title="bbox 1869 1883 3459 1941; baseline -0.004 -2"><span class='ocrx_word' id='word_1_551' title='bbox 1869 1887 2116 1941; x_wconf 77' lang='lat' dir='ltr'><strong><em>videlicet</em></strong></span> <span class='ocrx_word' id='word_1_552' title='bbox 2140 1897 2356 1941; x_wconf 90' lang='lat' dir='ltr'><strong><em>sanctos</em></strong></span> <span class='ocrx_word' id='word_1_553' title='bbox 2379 1901 2570 1940; x_wconf 90' lang='lat' dir='ltr'><strong><em>omnes</em></strong></span> <span class='ocrx_word' id='word_1_554' title='bbox 2590 1901 2713 1940; x_wconf 89' lang='lat' dir='ltr'><strong><em>cum</em></strong></span> <span class='ocrx_word' id='word_1_555' title='bbox 2747 1883 2964 1939; x_wconf 88' lang='lat' dir='ltr'><strong><em>Christo</em></strong></span> <span class='ocrx_word' id='word_1_556' title='bbox 2994 1883 3047 1937; x_wconf 91' lang='lat' dir='ltr'><strong><em>in</em></strong></span> <span class='ocrx_word' id='word_1_557' title='bbox 3079 1889 3343 1936; x_wconf 68' lang='lat' dir='ltr'><strong><em>aeternum</em></strong></span> <span class='ocrx_word' id='word_1_558' title='bbox 3372 1894 3459 1934; x_wconf 85' lang='lat' dir='ltr'><strong><em>re-</em></strong></span> 
     </span>
    </p>
   </div>
   <div class='ocr_carea' id='block_1_73' title="bbox 1868 1973 3458 2046">
    <p class='ocr_par' dir='ltr' id='par_1_73' title="bbox 1868 1973 3458 2046">
     <span class='ocr_line' id='line_1_73' title="bbox 1868 1973 3458 2046; baseline -0.002 -18"><span class='ocrx_word' id='word_1_559' title='bbox 1868 1986 2125 2046; x_wconf 84' lang='lat' dir='ltr'><strong><em>gnaturos</em></strong></span> <span class='ocrx_word' id='word_1_560' title='bbox 2152 1976 2287 2042; x_wconf 81' lang='lat' dir='ltr'><strong><em>fore,</em></strong></span> <span class='ocrx_word' id='word_1_561' title='bbox 2317 1992 2566 2031; x_wconf 88' lang='lat' dir='ltr'><strong><em>asserens</em></strong></span> <span class='ocrx_word' id='word_1_562' title='bbox 2592 1991 2689 2030; x_wconf 91' lang='lat' dir='ltr'><strong><em>nec</em></strong></span> <span class='ocrx_word' id='word_1_563' title='bbox 2705 1975 2990 2029; x_wconf 89' lang='lat' dir='ltr'><strong><em>dicendum</em></strong></span> <span class='ocrx_word' id='word_1_564' title='bbox 3012 1989 3111 2029; x_wconf 84' lang='lat' dir='ltr'><strong><em>nec</em></strong></span> <span class='ocrx_word' id='word_1_565' title='bbox 3127 1973 3458 2028; x_wconf 86' lang='lat' dir='ltr'><strong><em>credendum</em></strong></span> 
     </span>
    </p>
   </div>
   <div class='ocr_carea' id='block_1_74' title="bbox 1868 2063 3459 2138">
    <p class='ocr_par' dir='ltr' id='par_1_74' title="bbox 1868 2063 3459 2138">
     <span class='ocr_line' id='line_1_74' title="bbox 1868 2063 3459 2138; baseline -0.004 -15"><span class='ocrx_word' id='word_1_566' title='bbox 1868 2069 2099 2137; x_wconf 86' lang='lat' dir='ltr'><strong><em>aliquem</em></strong></span> <span class='ocrx_word' id='word_1_567' title='bbox 2118 2077 2315 2138; x_wconf 69' lang='lat' dir='ltr'><strong><em>praeter</em></strong></span> <span class='ocrx_word' id='word_1_568' title='bbox 2339 2070 2506 2122; x_wconf 89' lang='lat' dir='ltr'><strong><em>Deum</em></strong></span> <span class='ocrx_word' id='word_1_569' title='bbox 2531 2068 2582 2121; x_wconf 89' lang='lat' dir='ltr'><strong><em>in</em></strong></span> <span class='ocrx_word' id='word_1_570' title='bbox 2602 2076 2865 2122; x_wconf 64' lang='lat' dir='ltr'><strong><em>aeternum</em></strong></span> <span class='ocrx_word' id='word_1_571' title='bbox 2882 2080 3133 2137; x_wconf 86' lang='lat' dir='ltr'><strong><em>regnare,</em></strong></span> <span class='ocrx_word' id='word_1_572' title='bbox 3157 2066 3250 2119; x_wconf 88' lang='lat' dir='ltr'><strong><em>sed</em></strong></span> <span class='ocrx_word' id='word_1_573' title='bbox 3283 2063 3459 2118; x_wconf 81' lang='lat' dir='ltr'><strong><em>faten-</em></strong></span> 
     </span>
    </p>
   </div>
   <div class='ocr_carea' id='block_1_75' title="bbox 1870 2155 3460 2227">
    <p class='ocr_par' dir='ltr' id='par_1_75' title="bbox 1870 2155 3460 2227">
     <span class='ocr_line' id='line_1_75' title="bbox 1870 2155 3460 2227; baseline -0.003 -13"><span class='ocrx_word' id='word_1_574' title='bbox 1870 2162 1994 2214; x_wconf 83' lang='lat' dir='ltr'><strong><em>dum</em></strong></span> <span class='ocrx_word' id='word_1_575' title='bbox 2020 2171 2233 2215; x_wconf 87' lang='lat' dir='ltr'><strong><em>sanctos</em></strong></span> <span class='ocrx_word' id='word_1_576' title='bbox 2258 2159 2630 2213; x_wconf 86' lang='lat' dir='ltr'><strong><em>tantummodo</em></strong></span> <span class='ocrx_word' id='word_1_577' title='bbox 2652 2173 2773 2213; x_wconf 90' lang='lat' dir='ltr'><strong><em>cum</em></strong></span> <span class='ocrx_word' id='word_1_578' title='bbox 2800 2157 2892 2213; x_wconf 94' lang='lat' dir='ltr'><strong><em>illo</em></strong></span> <span class='ocrx_word' id='word_1_579' title='bbox 2921 2157 3192 2227; x_wconf 87' lang='lat' dir='ltr'><strong><em>gaudere;</em></strong></span> <span class='ocrx_word' id='word_1_580' title='bbox 3217 2155 3374 2225; x_wconf 89' lang='lat' dir='ltr'><strong><em>quasi</em></strong></span> <span class='ocrx_word' id='word_1_581' title='bbox 3403 2164 3460 2210; x_wconf 87' lang='lat' dir='ltr'><strong><em>et</em></strong></span> 
     </span>
    </p>
   </div>
   <div class='ocr_carea' id='block_1_76' title="bbox 1871 2248 3461 2319">
    <p class='ocr_par' dir='ltr' id='par_1_76' title="bbox 1871 2248 3461 2319">
     <span class='ocr_line' id='line_1_76' title="bbox 1871 2248 3461 2319; baseline -0.002 -16"><span class='ocrx_word' id='word_1_582' title='bbox 1871 2250 2008 2303; x_wconf 86' lang='lat' dir='ltr'><strong><em>idem</em></strong></span> <span class='ocrx_word' id='word_1_583' title='bbox 2032 2266 2135 2304; x_wconf 92' lang='lat' dir='ltr'><strong><em>non</em></strong></span> <span class='ocrx_word' id='word_1_584' title='bbox 2159 2250 2229 2305; x_wconf 86' lang='lat' dir='ltr'><strong><em>sit</em></strong></span> <span class='ocrx_word' id='word_1_585' title='bbox 2258 2265 2378 2303; x_wconf 90' lang='lat' dir='ltr'><strong><em>cum</em></strong></span> <span class='ocrx_word' id='word_1_586' title='bbox 2402 2249 2513 2303; x_wconf 90' lang='lat' dir='ltr'><strong><em>Deo</em></strong></span> <span class='ocrx_word' id='word_1_587' title='bbox 2535 2249 2768 2319; x_wconf 88' lang='lat' dir='ltr'><strong><em>gaudere</em></strong></span> <span class='ocrx_word' id='word_1_588' title='bbox 2789 2248 2931 2316; x_wconf 85' lang='lat' dir='ltr'><strong><em>quod</em></strong></span> <span class='ocrx_word' id='word_1_589' title='bbox 2951 2258 3201 2316; x_wconf 78' lang='lat' dir='ltr'><strong><em>regnare,</em></strong></span> <span class='ocrx_word' id='word_1_590' title='bbox 3233 2261 3461 2315; x_wconf 79' lang='lat' dir='ltr'><strong><em>regnare</em></strong></span> 
     </span>
    </p>
   </div>
   <div class='ocr_carea' id='block_1_77' title="bbox 1870 2337 3460 2411">
    <p class='ocr_par' dir='ltr' id='par_1_77' title="bbox 1870 2337 3460 2411">
     <span class='ocr_line' id='line_1_77' title="bbox 1870 2337 3460 2411; baseline 0 -20"><span class='ocrx_word' id='word_1_591' title='bbox 1870 2342 2009 2411; x_wconf 87' lang='lat' dir='ltr'><strong><em>quod</em></strong></span> <span class='ocrx_word' id='word_1_592' title='bbox 2028 2342 2225 2404; x_wconf 89' lang='lat' dir='ltr'><strong><em>vivere,</em></strong></span> <span class='ocrx_word' id='word_1_593' title='bbox 2245 2342 2427 2395; x_wconf 85' lang='lat' dir='ltr'><strong><em>vivere</em></strong></span> <span class='ocrx_word' id='word_1_594' title='bbox 2448 2339 2591 2410; x_wconf 89' lang='lat' dir='ltr'><strong><em>quod</em></strong></span> <span class='ocrx_word' id='word_1_595' title='bbox 2623 2353 2839 2407; x_wconf 85' lang='lat' dir='ltr'><strong><em>semper</em></strong></span> <span class='ocrx_word' id='word_1_596' title='bbox 2863 2353 3002 2393; x_wconf 85' lang='lat' dir='ltr'><strong><em>esse.</em></strong></span> <span class='ocrx_word' id='word_1_597' title='bbox 3032 2337 3087 2390; x_wconf 91' lang='lat' dir='ltr'><strong><em>ln</em></strong></span> <span class='ocrx_word' id='word_1_598' title='bbox 3115 2352 3221 2406; x_wconf 91' lang='lat' dir='ltr'><strong><em>quo</em></strong></span> <span class='ocrx_word' id='word_1_599' title='bbox 3246 2345 3460 2391; x_wconf 86' lang='lat' dir='ltr'><strong><em>tantum</em></strong></span> 
     </span>
    </p>
   </div>
   <div class='ocr_carea' id='block_1_78' title="bbox 1870 2426 3457 2500">
    <p class='ocr_par' dir='ltr' id='par_1_78' title="bbox 1870 2426 3457 2500">
     <span class='ocr_line' id='line_1_78' title="bbox 1870 2426 3457 2500; baseline -0.003 -15"><span class='ocrx_word' id='word_1_600' title='bbox 1870 2432 2159 2487; x_wconf 78' lang='lat' dir='ltr'><strong><em>infeliciter</em></strong></span> <span class='ocrx_word' id='word_1_601' title='bbox 2190 2431 2483 2495; x_wconf 89' lang='lat' dir='ltr'><strong><em>convaluit,</em></strong></span> <span class='ocrx_word' id='word_1_602' title='bbox 2519 2438 2578 2483; x_wconf 92' lang='lat' dir='ltr'><strong><em>ut</em></strong></span> <span class='ocrx_word' id='word_1_603' title='bbox 2615 2431 2810 2500; x_wconf 88' lang='lat' dir='ltr'><strong><em>ipsum,</em></strong></span> <span class='ocrx_word' id='word_1_604' title='bbox 2863 2443 2961 2499; x_wconf 92' lang='lat' dir='ltr'><strong><em>pro</em></strong></span> <span class='ocrx_word' id='word_1_605' title='bbox 3003 2444 3110 2498; x_wconf 93' lang='lat' dir='ltr'><strong><em>quo</em></strong></span> <span class='ocrx_word' id='word_1_606' title='bbox 3165 2437 3336 2483; x_wconf 90' lang='lat' dir='ltr'><strong><em>totum</em></strong></span> <span class='ocrx_word' id='word_1_607' title='bbox 3391 2426 3457 2498; x_wconf 75' lang='lat' dir='ltr'><strong><em>If.</em></strong></span> 
     </span>
    </p>
   </div>
   <div class='ocr_carea' id='block_1_79' title="bbox 1873 2517 3461 2595">
    <p class='ocr_par' dir='ltr' id='par_1_79' title="bbox 1873 2517 3461 2595">
     <span class='ocr_line' id='line_1_79' title="bbox 1873 2517 3461 2595; baseline -0.001 -20"><span class='ocrx_word' id='word_1_608' title='bbox 1873 2522 2104 2595; x_wconf 88' lang='lat' dir='ltr'><strong><em>tantum]</em></strong></span> <span class='ocrx_word' id='word_1_609' title='bbox 2134 2524 2184 2576; x_wconf 94' lang='lat' dir='ltr'><strong><em>in</em></strong></span> <span class='ocrx_word' id='word_1_610' title='bbox 2214 2521 2468 2591; x_wconf 52' lang='lat' dir='ltr'><strong><em>praesenti</em></strong></span> <span class='ocrx_word' id='word_1_611' title='bbox 2530 2520 2760 2585; x_wconf 85' lang='lat' dir='ltr'><strong><em>laborat,</em></strong></span> <span class='ocrx_word' id='word_1_612' title='bbox 2796 2527 2959 2573; x_wconf 74' lang='lat' dir='ltr'><strong><em>tantm</em></strong></span> <span class='ocrx_word' id='word_1_613' title='bbox 2988 2517 3260 2574; x_wconf 76' lang='lat' dir='ltr'><strong><em>felicitatis</em></strong></span> <span class='ocrx_word' id='word_1_614' title='bbox 3288 2517 3461 2573; x_wconf 87' lang='lat' dir='ltr'><strong><em>dulci-</em></strong></span> 
     </span>
    </p>
   </div>
   <div class='ocr_carea' id='block_1_80' title="bbox 1872 2607 3463 2679">
    <p class='ocr_par' dir='ltr' id='par_1_80' title="bbox 1872 2607 3463 2679">
     <span class='ocr_line' id='line_1_80' title="bbox 1872 2607 3463 2679; baseline -0.002 -15"><span class='ocrx_word' id='word_1_615' title='bbox 1872 2626 2060 2664; x_wconf 90' lang='lat' dir='ltr'><strong><em>sonum</em></strong></span> <span class='ocrx_word' id='word_1_616' title='bbox 2089 2627 2119 2664; x_wconf 88' lang='lat' dir='ltr'><strong><em>a</em></strong></span> <span class='ocrx_word' id='word_1_617' title='bbox 2166 2620 2326 2665; x_wconf 88' lang='lat' dir='ltr'><strong><em>cantu</em></strong></span> <span class='ocrx_word' id='word_1_618' title='bbox 2364 2608 2616 2664; x_wconf 70' lang='lat' dir='ltr'><strong><em>Ecclesia:</em></strong></span> <span class='ocrx_word' id='word_1_619' title='bbox 2642 2625 2702 2664; x_wconf 91' lang='lat' dir='ltr'><strong><em>se</em></strong></span> <span class='ocrx_word' id='word_1_620' title='bbox 2732 2617 2996 2679; x_wconf 64' lang='lat' dir='ltr'><strong><em>praesente</em></strong></span> <span class='ocrx_word' id='word_1_621' title='bbox 3026 2607 3321 2662; x_wconf 89' lang='lat' dir='ltr'><strong><em>secreverit</em></strong></span> <span class='ocrx_word' id='word_1_622' title='bbox 3348 2622 3463 2661; x_wconf 91' lang='lat' dir='ltr'><strong><em>me-</em></strong></span> 
     </span>
    </p>
   </div>
   <div class='ocr_carea' id='block_1_81' title="bbox 1873 2698 3462 2772">
    <p class='ocr_par' dir='ltr' id='par_1_81' title="bbox 1873 2698 3462 2772">
     <span class='ocr_line' id='line_1_81' title="bbox 1873 2698 3462 2772; baseline -0.002 -17"><span class='ocrx_word' id='word_1_623' title='bbox 1873 2702 1983 2766; x_wconf 88' lang='lat' dir='ltr'><strong><em>los;</em></strong></span> <span class='ocrx_word' id='word_1_624' title='bbox 2010 2702 2152 2772; x_wconf 90' lang='lat' dir='ltr'><strong><em>quod</em></strong></span> <span class='ocrx_word' id='word_1_625' title='bbox 2201 2702 2419 2771; x_wconf 88' lang='lat' dir='ltr'><strong><em>quidem</em></strong></span> <span class='ocrx_word' id='word_1_626' title='bbox 2470 2708 2618 2755; x_wconf 89' lang='lat' dir='ltr'><strong><em>recte</em></strong></span> <span class='ocrx_word' id='word_1_627' title='bbox 2648 2699 2873 2765; x_wconf 84' lang='lat' dir='ltr'><strong><em>faceret,</em></strong></span> <span class='ocrx_word' id='word_1_628' title='bbox 2900 2699 2947 2754; x_wconf 90' lang='lat' dir='ltr'><strong><em>si</em></strong></span> <span class='ocrx_word' id='word_1_629' title='bbox 2986 2699 3317 2769; x_wconf 89' lang='lat' dir='ltr'><strong><em>singularem</em></strong></span> <span class='ocrx_word' id='word_1_630' title='bbox 3349 2698 3462 2752; x_wconf 85' lang='lat' dir='ltr'><strong><em>dei-</em></strong></span> 
     </span>
    </p>
   </div>
   <div class='ocr_carea' id='block_1_82' title="bbox 1874 2787 3462 2861">
    <p class='ocr_par' dir='ltr' id='par_1_82' title="bbox 1874 2787 3462 2861">
     <span class='ocr_line' id='line_1_82' title="bbox 1874 2787 3462 2861; baseline -0.003 -15"><span class='ocrx_word' id='word_1_631' title='bbox 1874 2801 2059 2858; x_wconf 88' lang='lat' dir='ltr'><strong><em>tatem,</em></strong></span> <span class='ocrx_word' id='word_1_632' title='bbox 2087 2791 2204 2859; x_wconf 90' lang='lat' dir='ltr'><strong><em>ejus</em></strong></span> <span class='ocrx_word' id='word_1_633' title='bbox 2229 2800 2509 2861; x_wconf 89' lang='lat' dir='ltr'><strong><em>regnatum</em></strong></span> <span class='ocrx_word' id='word_1_634' title='bbox 2544 2789 2621 2861; x_wconf 90' lang='lat' dir='ltr'><strong><em>[id</em></strong></span> <span class='ocrx_word' id='word_1_635' title='bbox 2652 2800 2726 2844; x_wconf 87' lang='lat' dir='ltr'><strong><em>est</em></strong></span> <span class='ocrx_word' id='word_1_636' title='bbox 2751 2787 3163 2859; x_wconf 86' lang='lat' dir='ltr'><strong><em>principatum].</em></strong></span> <span class='ocrx_word' id='word_1_637' title='bbox 3188 2799 3243 2842; x_wconf 93' lang='lat' dir='ltr'><strong><em>et</em></strong></span> <span class='ocrx_word' id='word_1_638' title='bbox 3267 2797 3462 2858; x_wconf 90' lang='lat' dir='ltr'><strong><em>poten-</em></strong></span> 
     </span>
    </p>
   </div>
   <div class='ocr_carea' id='block_1_83' title="bbox 1874 2878 3463 2952">
    <p class='ocr_par' dir='ltr' id='par_1_83' title="bbox 1874 2878 3463 2952">
     <span class='ocr_line' id='line_1_83' title="bbox 1874 2878 3463 2952; baseline -0.002 -16"><span class='ocrx_word' id='word_1_639' title='bbox 1874 2884 2023 2947; x_wconf 89' lang='lat' dir='ltr'><strong><em>tiam,</em></strong></span> <span class='ocrx_word' id='word_1_640' title='bbox 2056 2898 2161 2952; x_wconf 84' lang='lat' dir='ltr'><strong><em>qua</em></strong></span> <span class='ocrx_word' id='word_1_641' title='bbox 2193 2890 2386 2936; x_wconf 89' lang='lat' dir='ltr'><strong><em>cuncta</em></strong></span> <span class='ocrx_word' id='word_1_642' title='bbox 2416 2881 2633 2950; x_wconf 89' lang='lat' dir='ltr'><strong><em>proprio</em></strong></span> <span class='ocrx_word' id='word_1_643' title='bbox 2664 2894 2881 2949; x_wconf 88' lang='lat' dir='ltr'><strong><em>quoque</em></strong></span> <span class='ocrx_word' id='word_1_644' title='bbox 2916 2887 2973 2933; x_wconf 90' lang='lat' dir='ltr'><strong><em>et</em></strong></span> <span class='ocrx_word' id='word_1_645' title='bbox 3020 2878 3282 2949; x_wconf 82' lang='lat' dir='ltr'><strong><em>singulari</em></strong></span> <span class='ocrx_word' id='word_1_646' title='bbox 3328 2886 3463 2933; x_wconf 88' lang='lat' dir='ltr'><strong><em>nutu</em></strong></span> 
     </span>
    </p>
   </div>
   <div class='ocr_carea' id='block_1_84' title="bbox 1872 2971 3461 3043">
    <p class='ocr_par' dir='ltr' id='par_1_84' title="bbox 1872 2971 3461 3043">
     <span class='ocr_line' id='line_1_84' title="bbox 1872 2971 3461 3043; baseline -0.003 -14"><span class='ocrx_word' id='word_1_647' title='bbox 1872 2984 2080 3038; x_wconf 89' lang='lat' dir='ltr'><strong><em>creata,</em></strong></span> <span class='ocrx_word' id='word_1_648' title='bbox 2114 2975 2333 3043; x_wconf 88' lang='lat' dir='ltr'><strong><em>proprio</em></strong></span> <span class='ocrx_word' id='word_1_649' title='bbox 2351 2987 2566 3043; x_wconf 88' lang='lat' dir='ltr'><strong><em>quoque</em></strong></span> <span class='ocrx_word' id='word_1_650' title='bbox 2594 2981 2647 3027; x_wconf 87' lang='lat' dir='ltr'><strong><em>et</em></strong></span> <span class='ocrx_word' id='word_1_651' title='bbox 2672 2972 2930 3043; x_wconf 89' lang='lat' dir='ltr'><strong><em>singulari</em></strong></span> <span class='ocrx_word' id='word_1_652' title='bbox 2958 2973 3168 3040; x_wconf 85' lang='lat' dir='ltr'><strong><em>regitet</em></strong></span> <span class='ocrx_word' id='word_1_653' title='bbox 3190 2971 3461 3040; x_wconf 83' lang='lat' dir='ltr'><strong><em>gubernat</em></strong></span> 
     </span>
    </p>
   </div>
   <div class='ocr_carea' id='block_1_85' title="bbox 1876 3062 3466 3135">
    <p class='ocr_par' dir='ltr' id='par_1_85' title="bbox 1876 3062 3466 3135">
     <span class='ocr_line' id='line_1_85' title="bbox 1876 3062 3466 3135; baseline -0.002 -17"><span class='ocrx_word' id='word_1_654' title='bbox 1876 3064 2101 3135; x_wconf 89' lang='lat' dir='ltr'><strong><em>imperio</em></strong></span> <span class='ocrx_word' id='word_1_655' title='bbox 2129 3072 2289 3133; x_wconf 89' lang='lat' dir='ltr'><strong><em>atque</em></strong></span> <span class='ocrx_word' id='word_1_656' title='bbox 2319 3064 2707 3128; x_wconf 87' lang='lat' dir='ltr'><strong><em>moderamine,</em></strong></span> <span class='ocrx_word' id='word_1_657' title='bbox 2744 3064 2816 3117; x_wconf 90' lang='lat' dir='ltr'><strong><em>ita</em></strong></span> <span class='ocrx_word' id='word_1_658' title='bbox 2848 3064 2937 3133; x_wconf 90' lang='lat' dir='ltr'><strong><em>pie</em></strong></span> <span class='ocrx_word' id='word_1_659' title='bbox 2966 3062 3278 3118; x_wconf 84' lang='lat' dir='ltr'><strong><em>venerando</em></strong></span> <span class='ocrx_word' id='word_1_660' title='bbox 3307 3062 3466 3115; x_wconf 85' lang='lat' dir='ltr'><strong><em>intel-</em></strong></span> 
     </span>
    </p>
   </div>
   <div class='ocr_carea' id='block_1_86' title="bbox 1798 3129 3465 3224">
    <p class='ocr_par' dir='ltr' id='par_1_86' title="bbox 1798 3129 3465 3224">
     <span class='ocr_line' id='line_1_86' title="bbox 1798 3129 3465 3224; baseline -0.001 -17"><span class='ocrx_word' id='word_1_661' title='bbox 1798 3129 1843 3191; x_wconf 65' lang='grc' dir='ltr'><strong>Ο</strong></span> <span class='ocrx_word' id='word_1_662' title='bbox 1878 3129 2088 3223; x_wconf 80' lang='lat' dir='ltr'><strong><em>ligeret,</em></strong></span> <span class='ocrx_word' id='word_1_663' title='bbox 2121 3162 2181 3208; x_wconf 90' lang='lat' dir='ltr'><strong><em>ut</em></strong></span> <span class='ocrx_word' id='word_1_664' title='bbox 2203 3129 2456 3224; x_wconf 70' lang='lat' dir='ltr'><strong><em>gratuita:</em></strong></span> <span class='ocrx_word' id='word_1_665' title='bbox 2487 3129 2866 3219; x_wconf 50' lang='lat' dir='ltr'><strong><em>miserationi;</em></strong></span> <span class='ocrx_word' id='word_1_666' title='bbox 2892 3168 3013 3222; x_wconf 80' lang='lat' dir='ltr'><strong><em>qua:</em></strong></span> <span class='ocrx_word' id='word_1_667' title='bbox 3067 3168 3134 3207; x_wconf 78' lang='lat' dir='ltr'><strong><em>ex</em></strong></span> <span class='ocrx_word' id='word_1_668' title='bbox 3180 3152 3329 3207; x_wconf 87' lang='lat' dir='ltr'><strong><em>vasis</em></strong></span> <span class='ocrx_word' id='word_1_669' title='bbox 3370 3152 3465 3206; x_wconf 76' lang='lat' dir='ltr'><strong><em>ira:</em></strong></span> 
     </span>
    </p>
   </div>
   <div class='ocr_carea' id='block_1_87' title="bbox 1873 3244 3466 3317">
    <p class='ocr_par' dir='ltr' id='par_1_87' title="bbox 1873 3244 3466 3317">
     <span class='ocr_line' id='line_1_87' title="bbox 1873 3244 3466 3317; baseline -0.002 -16"><span class='ocrx_word' id='word_1_670' title='bbox 1873 3262 2002 3302; x_wconf 89' lang='lat' dir='ltr'><strong><em>vasa</em></strong></span> <span class='ocrx_word' id='word_1_671' title='bbox 2055 3246 2198 3301; x_wconf 87' lang='lat' dir='ltr'><strong><em>facta</em></strong></span> <span class='ocrx_word' id='word_1_672' title='bbox 2244 3246 2626 3303; x_wconf 73' lang='lat' dir='ltr'><strong><em>misericordia:</em></strong></span> <span class='ocrx_word' id='word_1_673' title='bbox 2677 3244 2851 3317; x_wconf 85' lang='lat' dir='ltr'><strong><em>(Rom.</em></strong></span> <span class='ocrx_word' id='word_1_674' title='bbox 2892 3261 2970 3311; x_wconf 82' lang='lat' dir='ltr'><strong><em>ix,</em></strong></span> <span class='ocrx_word' id='word_1_675' title='bbox 3004 3245 3098 3312; x_wconf 71' lang='lat'><strong><em>22,</em></strong></span> <span class='ocrx_word' id='word_1_676' title='bbox 3136 3245 3255 3313; x_wconf 74' lang='lat'><strong><em>23),</em></strong></span> <span class='ocrx_word' id='word_1_677' title='bbox 3312 3252 3466 3299; x_wconf 90' lang='lat' dir='ltr'><strong><em>tanto</em></strong></span> 
     </span>
    </p>
   </div>
   <div class='ocr_carea' id='block_1_88' title="bbox 1874 3336 3465 3407">
    <p class='ocr_par' dir='ltr' id='par_1_88' title="bbox 1874 3336 3465 3407">
     <span class='ocr_line' id='line_1_88' title="bbox 1874 3336 3465 3407; baseline -0.001 -15"><span class='ocrx_word' id='word_1_678' title='bbox 1874 3338 2011 3392; x_wconf 89' lang='lat' dir='ltr'><strong><em>ditat</em></strong></span> <span class='ocrx_word' id='word_1_679' title='bbox 2036 3352 2284 3403; x_wconf 88' lang='lat' dir='ltr'><strong><em>munere,</em></strong></span> <span class='ocrx_word' id='word_1_680' title='bbox 2316 3352 2424 3406; x_wconf 92' lang='lat' dir='ltr'><strong><em>quo</em></strong></span> <span class='ocrx_word' id='word_1_681' title='bbox 2479 3352 2585 3391; x_wconf 92' lang='lat' dir='ltr'><strong><em>non</em></strong></span> <span class='ocrx_word' id='word_1_682' title='bbox 2618 3352 2771 3407; x_wconf 88' lang='lat' dir='ltr'><strong><em>reges</em></strong></span> <span class='ocrx_word' id='word_1_683' title='bbox 2820 3336 3192 3390; x_wconf 88' lang='lat' dir='ltr'><strong><em>tantummodo</em></strong></span> <span class='ocrx_word' id='word_1_684' title='bbox 3239 3349 3362 3392; x_wconf 84' lang='lat' dir='ltr'><strong><em>esse</em></strong></span> <span class='ocrx_word' id='word_1_685' title='bbox 3406 3343 3465 3390; x_wconf 86' lang='lat' dir='ltr'><strong><em>et</em></strong></span> 
     </span>
    </p>
   </div>
   <div class='ocr_carea' id='block_1_89' title="bbox 1874 3424 3465 3497">
    <p class='ocr_par' dir='ltr' id='par_1_89' title="bbox 1874 3424 3465 3497">
     <span class='ocr_line' id='line_1_89' title="bbox 1874 3424 3465 3497; baseline -0.001 -17"><span class='ocrx_word' id='word_1_686' title='bbox 1874 3427 2087 3493; x_wconf 82' lang='lat' dir='ltr'><strong><em>vocari,</em></strong></span> <span class='ocrx_word' id='word_1_687' title='bbox 2117 3428 2211 3483; x_wconf 90' lang='lat' dir='ltr'><strong><em>sed</em></strong></span> <span class='ocrx_word' id='word_1_688' title='bbox 2256 3428 2475 3497; x_wconf 87' lang='lat' dir='ltr'><strong><em>insuper</em></strong></span> <span class='ocrx_word' id='word_1_689' title='bbox 2505 3426 2645 3482; x_wconf 91' lang='lat' dir='ltr'><strong><em>Deos</em></strong></span> <span class='ocrx_word' id='word_1_690' title='bbox 2673 3441 2793 3482; x_wconf 90' lang='lat' dir='ltr'><strong><em>esse</em></strong></span> <span class='ocrx_word' id='word_1_691' title='bbox 2822 3436 2877 3481; x_wconf 92' lang='lat' dir='ltr'><strong><em>et</em></strong></span> <span class='ocrx_word' id='word_1_692' title='bbox 2905 3426 3011 3481; x_wconf 89' lang='lat' dir='ltr'><strong><em>dici</em></strong></span> <span class='ocrx_word' id='word_1_693' title='bbox 3040 3424 3299 3481; x_wconf 67' lang='lat' dir='ltr'><strong><em>ineﬂ&#39;abili</em></strong></span> <span class='ocrx_word' id='word_1_694' title='bbox 3332 3440 3465 3480; x_wconf 87' lang='lat' dir='ltr'><strong><em>con-</em></strong></span> 
     </span>
    </p>
   </div>
   <div class='ocr_carea' id='block_1_90' title="bbox 1874 3517 3459 3588">
    <p class='ocr_par' dir='ltr' id='par_1_90' title="bbox 1874 3517 3459 3588">
     <span class='ocr_line' id='line_1_90' title="bbox 1874 3517 3459 3588; baseline -0.002 -14"><span class='ocrx_word' id='word_1_695' title='bbox 1874 3519 2033 3574; x_wconf 91' lang='lat' dir='ltr'><strong><em>cedat</em></strong></span> <span class='ocrx_word' id='word_1_696' title='bbox 2062 3518 2415 3588; x_wconf 88' lang='lat' dir='ltr'><strong><em>benignitate,</em></strong></span> <span class='ocrx_word' id='word_1_697' title='bbox 2446 3517 2608 3587; x_wconf 90' lang='lat' dir='ltr'><strong><em>impie</em></strong></span> <span class='ocrx_word' id='word_1_698' title='bbox 2646 3518 2935 3572; x_wconf 88' lang='lat' dir='ltr'><strong><em>invidendo</em></strong></span> <span class='ocrx_word' id='word_1_699' title='bbox 2986 3517 3259 3572; x_wconf 87' lang='lat' dir='ltr'><strong><em>contraire</em></strong></span> <span class='ocrx_word' id='word_1_700' title='bbox 3301 3519 3459 3571; x_wconf 84' lang='lat' dir='ltr'><strong><em>timc-</em></strong></span> 
     </span>
    </p>
   </div>
   <div class='ocr_carea' id='block_1_91' title="bbox 1874 3607 3461 3673">
    <p class='ocr_par' dir='ltr' id='par_1_91' title="bbox 1874 3607 3461 3673">
     <span class='ocr_line' id='line_1_91' title="bbox 1874 3607 3461 3673; baseline -0.001 -11"><span class='ocrx_word' id='word_1_701' title='bbox 1874 3616 1978 3662; x_wconf 91' lang='lat' dir='ltr'><strong><em>ret.</em></strong></span> <span class='ocrx_word' id='word_1_702' title='bbox 2015 3607 2143 3673; x_wconf 90' lang='lat' dir='ltr'><strong><em>Sed,</em></strong></span> <span class='ocrx_word' id='word_1_703' title='bbox 2176 3622 2210 3662; x_wconf 89' lang='grc' dir='ltr'>ο</span> <span class='ocrx_word' id='word_1_704' title='bbox 2238 3622 2382 3662; x_wconf 72' lang='lat' dir='ltr'><strong><em>caeca</em></strong></span> <span class='ocrx_word' id='word_1_705' title='bbox 2432 3622 2721 3671; x_wconf 66' lang='lat' dir='ltr'><strong><em>caicorum,</em></strong></span> <span class='ocrx_word' id='word_1_706' title='bbox 2760 3616 2817 3662; x_wconf 91' lang='lat' dir='ltr'><strong><em>et</em></strong></span> <span class='ocrx_word' id='word_1_707' title='bbox 2871 3607 3103 3662; x_wconf 88' lang='lat' dir='ltr'><strong><em>dicentis</em></strong></span> <span class='ocrx_word' id='word_1_708' title='bbox 3152 3607 3361 3662; x_wconf 89' lang='lat' dir='ltr'><strong><em>scilicet</em></strong></span> <span class='ocrx_word' id='word_1_709' title='bbox 3406 3617 3461 3661; x_wconf 78' lang='lat' dir='ltr'><strong><em>et</em></strong></span> 
     </span>
    </p>
   </div>
   <div class='ocr_carea' id='block_1_92' title="bbox 1873 3695 3462 3766">
    <p class='ocr_par' dir='ltr' id='par_1_92' title="bbox 1873 3695 3462 3766">
     <span class='ocr_line' id='line_1_92' title="bbox 1873 3695 3462 3766; baseline -0.003 -13"><span class='ocrx_word' id='word_1_710' title='bbox 1873 3696 2277 3753; x_wconf 83' lang='lat' dir='ltr'><strong><em>conuiventium</em></strong></span> <span class='ocrx_word' id='word_1_711' title='bbox 2316 3697 2417 3751; x_wconf 89' lang='lat' dir='ltr'><strong><em>hac</em></strong></span> <span class='ocrx_word' id='word_1_712' title='bbox 2445 3697 2708 3751; x_wconf 79' lang='lat' dir='ltr'><strong><em>duntaxat</em></strong></span> <span class='ocrx_word' id='word_1_713' title='bbox 2740 3696 2792 3750; x_wconf 91' lang='lat' dir='ltr'><strong><em>in</em></strong></span> <span class='ocrx_word' id='word_1_714' title='bbox 2823 3704 2996 3766; x_wconf 86' lang='lat' dir='ltr'><strong><em>parte,</em></strong></span> <span class='ocrx_word' id='word_1_715' title='bbox 3024 3704 3080 3751; x_wconf 89' lang='lat' dir='ltr'><strong><em>et</em></strong></span> <span class='ocrx_word' id='word_1_716' title='bbox 3116 3695 3462 3759; x_wconf 86' lang='lat' dir='ltr'><strong><em>stultissima,</em></strong></span> 
     </span>
    </p>
   </div>
   <div class='ocr_carea' id='block_1_93' title="bbox 1874 3786 3465 3852">
    <p class='ocr_par' dir='ltr' id='par_1_93' title="bbox 1874 3786 3465 3852">
     <span class='ocr_line' id='line_1_93' title="bbox 1874 3786 3465 3852; baseline 0 -11"><span class='ocrx_word' id='word_1_717' title='bbox 1874 3788 1916 3841; x_wconf 92' lang='lat' dir='ltr'><strong><em>si</em></strong></span> <span class='ocrx_word' id='word_1_718' title='bbox 1968 3797 2144 3841; x_wconf 88' lang='lat' dir='ltr'><strong><em>tamen</em></strong></span> <span class='ocrx_word' id='word_1_719' title='bbox 2205 3786 2544 3852; x_wconf 79' lang='lat' dir='ltr'><strong><em>defendatur,</em></strong></span> <span class='ocrx_word' id='word_1_720' title='bbox 2599 3786 2856 3842; x_wconf 83' lang='lat' dir='ltr'><strong><em>stultitia!</em></strong></span> <span class='ocrx_word' id='word_1_721' title='bbox 2891 3787 3026 3841; x_wconf 90' lang='lat' dir='ltr'><strong><em>Dum</em></strong></span> <span class='ocrx_word' id='word_1_722' title='bbox 3071 3788 3215 3842; x_wconf 85' lang='lat' dir='ltr'><strong><em>enim</em></strong></span> <span class='ocrx_word' id='word_1_723' title='bbox 3277 3801 3344 3842; x_wconf 74' lang='lat' dir='ltr'><strong><em>ex</em></strong></span> <span class='ocrx_word' id='word_1_724' title='bbox 3401 3801 3465 3841; x_wconf 89' lang='lat' dir='ltr'><strong><em>se</em></strong></span> 
     </span>
    </p>
   </div>
   <div class='ocr_carea' id='block_1_94' title="bbox 1873 3876 3465 3947">
    <p class='ocr_par' dir='ltr' id='par_1_94' title="bbox 1873 3876 3465 3947">
     <span class='ocr_line' id='line_1_94' title="bbox 1873 3876 3465 3947; baseline 0.001 -17"><span class='ocrx_word' id='word_1_725' title='bbox 1873 3876 2120 3933; x_wconf 89' lang='lat' dir='ltr'><strong><em>homines</em></strong></span> <span class='ocrx_word' id='word_1_726' title='bbox 2155 3877 2323 3931; x_wconf 90' lang='lat' dir='ltr'><strong><em>Deum</em></strong></span> <span class='ocrx_word' id='word_1_727' title='bbox 2351 3885 2618 3931; x_wconf 89' lang='lat' dir='ltr'><strong><em>conantur</em></strong></span> <span class='ocrx_word' id='word_1_728' title='bbox 2649 3877 2849 3940; x_wconf 89' lang='lat' dir='ltr'><strong><em>metiri,</em></strong></span> <span class='ocrx_word' id='word_1_729' title='bbox 2871 3885 3068 3947; x_wconf 87' lang='lat' dir='ltr'><strong><em>putant</em></strong></span> <span class='ocrx_word' id='word_1_730' title='bbox 3094 3886 3150 3932; x_wconf 87' lang='lat' dir='ltr'><strong><em>et</em></strong></span> <span class='ocrx_word' id='word_1_731' title='bbox 3190 3876 3361 3941; x_wconf 89' lang='lat' dir='ltr'><strong><em>illum,</em></strong></span> <span class='ocrx_word' id='word_1_732' title='bbox 3405 3887 3465 3932; x_wconf 88' lang='lat' dir='ltr'><strong><em>ut</em></strong></span> 
     </span>
    </p>
   </div>
   <div class='ocr_carea' id='block_1_95' title="bbox 1874 3966 3462 4037">
    <p class='ocr_par' dir='ltr' id='par_1_95' title="bbox 1874 3966 3462 4037">
     <span class='ocr_line' id='line_1_95' title="bbox 1874 3966 3462 4037; baseline -0.002 -13"><span class='ocrx_word' id='word_1_733' title='bbox 1874 3984 1955 4034; x_wconf 91' lang='lat' dir='ltr'><strong><em>se,</em></strong></span> <span class='ocrx_word' id='word_1_734' title='bbox 1986 3968 2227 4022; x_wconf 82' lang='lat' dir='ltr'><strong><em>invidere</em></strong></span> <span class='ocrx_word' id='word_1_735' title='bbox 2258 3967 2435 4021; x_wconf 88' lang='lat' dir='ltr'><strong><em>alieno</em></strong></span> <span class='ocrx_word' id='word_1_736' title='bbox 2470 3966 2772 4036; x_wconf 80' lang='lat' dir='ltr'><strong><em>profectui;</em></strong></span> <span class='ocrx_word' id='word_1_737' title='bbox 2806 3969 2961 4037; x_wconf 88' lang='lat' dir='ltr'><strong><em>quasi</em></strong></span> <span class='ocrx_word' id='word_1_738' title='bbox 2998 3976 3054 4023; x_wconf 90' lang='lat' dir='ltr'><strong><em>et</em></strong></span> <span class='ocrx_word' id='word_1_739' title='bbox 3095 3967 3265 4033; x_wconf 90' lang='lat' dir='ltr'><strong><em>illum,</em></strong></span> <span class='ocrx_word' id='word_1_740' title='bbox 3313 3975 3462 4022; x_wconf 88' lang='lat' dir='ltr'><strong><em>tanta</em></strong></span> 
     </span>
    </p>
   </div>
   <div class='ocr_carea' id='block_1_96' title="bbox 1874 4063 3463 4133">
    <p class='ocr_par' dir='ltr' id='par_1_96' title="bbox 1874 4063 3463 4133">
     <span class='ocr_line' id='line_1_96' title="bbox 1874 4063 3463 4133; baseline 0 -14"><span class='ocrx_word' id='word_1_741' title='bbox 1874 4071 2113 4119; x_wconf 87' lang='lat' dir='ltr'><strong><em>coarctet</em></strong></span> <span class='ocrx_word' id='word_1_742' title='bbox 2161 4064 2406 4133; x_wconf 88' lang='lat' dir='ltr'><strong><em>angustia</em></strong></span> <span class='ocrx_word' id='word_1_743' title='bbox 2445 4063 2810 4133; x_wconf 89' lang='lat' dir='ltr'><strong><em>possessionis</em></strong></span> <span class='ocrx_word' id='word_1_744' title='bbox 2858 4072 2914 4118; x_wconf 91' lang='lat' dir='ltr'><strong><em>et</em></strong></span> <span class='ocrx_word' id='word_1_745' title='bbox 2960 4063 3267 4133; x_wconf 87' lang='lat' dir='ltr'><strong><em>potestatis,</em></strong></span> <span class='ocrx_word' id='word_1_746' title='bbox 3312 4072 3463 4119; x_wconf 87' lang='lat' dir='ltr'><strong><em>tanta</em></strong></span> 
     </span>
    </p>
   </div>
   <div class='ocr_carea' id='block_1_97' title="bbox 1875 4154 3462 4224">
    <p class='ocr_par' dir='ltr' id='par_1_97' title="bbox 1875 4154 3462 4224">
     <span class='ocr_line' id='line_1_97' title="bbox 1875 4154 3462 4224; baseline -0.001 -14"><span class='ocrx_word' id='word_1_747' title='bbox 1875 4164 2057 4212; x_wconf 88' lang='lat' dir='ltr'><strong><em>autem</em></strong></span> <span class='ocrx_word' id='word_1_748' title='bbox 2097 4154 2287 4209; x_wconf 86' lang='lat' dir='ltr'><strong><em>dilatet</em></strong></span> <span class='ocrx_word' id='word_1_749' title='bbox 2317 4154 2630 4224; x_wconf 86' lang='lat' dir='ltr'><strong><em>magnitudo</em></strong></span> <span class='ocrx_word' id='word_1_750' title='bbox 2672 4154 2985 4224; x_wconf 86' lang='lat' dir='ltr'><strong><em>cupiditatis</em></strong></span> <span class='ocrx_word' id='word_1_751' title='bbox 3030 4164 3087 4209; x_wconf 91' lang='lat' dir='ltr'><strong><em>et</em></strong></span> <span class='ocrx_word' id='word_1_752' title='bbox 3127 4155 3462 4219; x_wconf 89' lang='lat' dir='ltr'><strong><em>ambitionis,</em></strong></span> 
     </span>
    </p>
   </div>
   <div class='ocr_carea' id='block_1_98' title="bbox 1874 4246 3460 4318">
    <p class='ocr_par' dir='ltr' id='par_1_98' title="bbox 1874 4246 3460 4318">
     <span class='ocr_line' id='line_1_98' title="bbox 1874 4246 3460 4318; baseline 0.001 -17"><span class='ocrx_word' id='word_1_753' title='bbox 1874 4256 1934 4301; x_wconf 91' lang='lat' dir='ltr'><strong><em>ut</em></strong></span> <span class='ocrx_word' id='word_1_754' title='bbox 1963 4247 2106 4318; x_wconf 89' lang='lat' dir='ltr'><strong><em>quod</em></strong></span> <span class='ocrx_word' id='word_1_755' title='bbox 2152 4246 2291 4301; x_wconf 88' lang='lat' dir='ltr'><strong><em>alter</em></strong></span> <span class='ocrx_word' id='word_1_756' title='bbox 2343 4247 2672 4317; x_wconf 87' lang='lat' dir='ltr'><strong><em>assequitur,</em></strong></span> <span class='ocrx_word' id='word_1_757' title='bbox 2708 4248 2810 4302; x_wconf 86' lang='lat' dir='ltr'><strong><em>hoc</em></strong></span> <span class='ocrx_word' id='word_1_758' title='bbox 2851 4248 2954 4302; x_wconf 90' lang='lat' dir='ltr'><strong><em>sibi</em></strong></span> <span class='ocrx_word' id='word_1_759' title='bbox 2994 4249 3226 4304; x_wconf 71' lang='lat' dir='ltr'><strong><em>azstimet</em></strong></span> <span class='ocrx_word' id='word_1_760' title='bbox 3254 4249 3460 4313; x_wconf 89' lang='lat' dir='ltr'><strong><em>minui,</em></strong></span> 
     </span>
    </p>
   </div>
   <div class='ocr_carea' id='block_1_99' title="bbox 1875 4339 3465 4414">
    <p class='ocr_par' dir='ltr' id='par_1_99' title="bbox 1875 4339 3465 4414">
     <span class='ocr_line' id='line_1_99' title="bbox 1875 4339 3465 4414; baseline 0 -20"><span class='ocrx_word' id='word_1_761' title='bbox 1875 4355 1996 4395; x_wconf 90' lang='lat' dir='ltr'><strong><em>cum</em></strong></span> <span class='ocrx_word' id='word_1_762' title='bbox 2028 4339 2208 4394; x_wconf 87' lang='lat' dir='ltr'><strong><em>omnia</em></strong></span> <span class='ocrx_word' id='word_1_763' title='bbox 2261 4339 2409 4395; x_wconf 90' lang='lat' dir='ltr'><strong><em>solus</em></strong></span> <span class='ocrx_word' id='word_1_764' title='bbox 2458 4340 2762 4409; x_wconf 88' lang='lat' dir='ltr'><strong><em>possidens,</em></strong></span> <span class='ocrx_word' id='word_1_765' title='bbox 2821 4340 3223 4396; x_wconf 90' lang='lat' dir='ltr'><strong><em>thesaurarium</em></strong></span> <span class='ocrx_word' id='word_1_766' title='bbox 3278 4340 3357 4414; x_wconf 87' lang='lat' dir='ltr'><strong><em>[id</em></strong></span> <span class='ocrx_word' id='word_1_767' title='bbox 3388 4352 3465 4396; x_wconf 86' lang='lat' dir='ltr'><strong><em>est</em></strong></span> 
     </span>
    </p>
   </div>
   <div class='ocr_carea' id='block_1_100' title="bbox 1879 4430 3473 4503">
    <p class='ocr_par' dir='ltr' id='par_1_100' title="bbox 1879 4430 3473 4503">
     <span class='ocr_line' id='line_1_100' title="bbox 1879 4430 3473 4503; baseline 0.001 -17"><span class='ocrx_word' id='word_1_768' title='bbox 1879 4430 2214 4503; x_wconf 86' lang='lat' dir='ltr'><strong><em>thesaurum]</em></strong></span> <span class='ocrx_word' id='word_1_769' title='bbox 2256 4431 2330 4485; x_wconf 90' lang='lat' dir='ltr'><strong><em>ita</em></strong></span> <span class='ocrx_word' id='word_1_770' title='bbox 2374 4446 2530 4501; x_wconf 63' lang='lat' dir='ltr'><strong><em>inquo</em></strong></span> <span class='ocrx_word' id='word_1_771' title='bbox 2561 4432 2843 4487; x_wconf 84' lang='lat' dir='ltr'><strong><em>moderatu</em></strong></span> <span class='ocrx_word' id='word_1_772' title='bbox 2878 4432 3156 4503; x_wconf 80' lang='lat' dir='ltr'><strong><em>contineat</em></strong></span> <span class='ocrx_word' id='word_1_773' title='bbox 3195 4448 3374 4499; x_wconf 88' lang='lat' dir='ltr'><strong><em>suum,</em></strong></span> <span class='ocrx_word' id='word_1_774' title='bbox 3405 4443 3473 4488; x_wconf 88' lang='lat' dir='ltr'><strong><em>ut</em></strong></span> 
     </span>
    </p>
   </div>
   <div class='ocr_carea' id='block_1_101' title="bbox 1880 4522 3466 4594">
    <p class='ocr_par' dir='ltr' id='par_1_101' title="bbox 1880 4522 3466 4594">
     <span class='ocr_line' id='line_1_101' title="bbox 1880 4522 3466 4594; baseline 0 -17"><span class='ocrx_word' id='word_1_775' title='bbox 1880 4538 1978 4578; x_wconf 91' lang='lat' dir='ltr'><strong><em>nec</em></strong></span> <span class='ocrx_word' id='word_1_776' title='bbox 2002 4522 2279 4577; x_wconf 80' lang='lat' dir='ltr'><strong><em>exhauriri</em></strong></span> <span class='ocrx_word' id='word_1_777' title='bbox 2308 4522 2486 4577; x_wconf 90' lang='lat' dir='ltr'><strong><em>valeat</em></strong></span> <span class='ocrx_word' id='word_1_778' title='bbox 2536 4538 2639 4578; x_wconf 91' lang='lat' dir='ltr'><strong><em>nec</em></strong></span> <span class='ocrx_word' id='word_1_779' title='bbox 2676 4523 2975 4590; x_wconf 88' lang='lat' dir='ltr'><strong><em>cumulari;</em></strong></span> <span class='ocrx_word' id='word_1_780' title='bbox 3035 4533 3281 4594; x_wconf 86' lang='lat' dir='ltr'><strong><em>potestas</em></strong></span> <span class='ocrx_word' id='word_1_781' title='bbox 3331 4538 3466 4579; x_wconf 88' lang='lat' dir='ltr'><strong><em>vero</em></strong></span> 
     </span>
    </p>
   </div>
   <div class='ocr_carea' id='block_1_102' title="bbox 1879 4612 3467 4687">
    <p class='ocr_par' dir='ltr' id='par_1_102' title="bbox 1879 4612 3467 4687">
     <span class='ocr_line' id='line_1_102' title="bbox 1879 4612 3467 4687; baseline 0.001 -19"><span class='ocrx_word' id='word_1_782' title='bbox 1879 4615 1997 4685; x_wconf 82' lang='lat' dir='ltr'><strong><em>ejus</em></strong></span> <span class='ocrx_word' id='word_1_783' title='bbox 2048 4627 2150 4669; x_wconf 86' lang='lat' dir='ltr'><strong><em>nec</em></strong></span> <span class='ocrx_word' id='word_1_784' title='bbox 2194 4612 2426 4669; x_wconf 82' lang='lat' dir='ltr'><strong><em>deiicere</em></strong></span> <span class='ocrx_word' id='word_1_785' title='bbox 2468 4614 2521 4668; x_wconf 92' lang='lat' dir='ltr'><strong><em>in</em></strong></span> <span class='ocrx_word' id='word_1_786' title='bbox 2568 4614 2769 4683; x_wconf 90' lang='lat' dir='ltr'><strong><em>aliquo,</em></strong></span> <span class='ocrx_word' id='word_1_787' title='bbox 2832 4630 2933 4671; x_wconf 90' lang='lat' dir='ltr'><strong><em>nec</em></strong></span> <span class='ocrx_word' id='word_1_788' title='bbox 2985 4616 3249 4687; x_wconf 84' lang='lat' dir='ltr'><strong><em>proﬁcere</em></strong></span> <span class='ocrx_word' id='word_1_789' title='bbox 3302 4624 3467 4685; x_wconf 89' lang='lat' dir='ltr'><strong><em>queat</em></strong></span> 
     </span>
    </p>
   </div>
   <div class='ocr_carea' id='block_1_103' title="bbox 1878 4704 3460 4777">
    <p class='ocr_par' dir='ltr' id='par_1_103' title="bbox 1878 4704 3460 4777">
     <span class='ocr_line' id='line_1_103' title="bbox 1878 4704 3460 4777; baseline 0.001 -18"><span class='ocrx_word' id='word_1_790' title='bbox 1878 4706 2118 4769; x_wconf 89' lang='lat' dir='ltr'><strong><em>oumiuo,</em></strong></span> <span class='ocrx_word' id='word_1_791' title='bbox 2150 4704 2278 4761; x_wconf 89' lang='lat' dir='ltr'><strong><em>licet</em></strong></span> <span class='ocrx_word' id='word_1_792' title='bbox 2305 4706 2485 4760; x_wconf 89' lang='lat' dir='ltr'><strong><em>omnia</em></strong></span> <span class='ocrx_word' id='word_1_793' title='bbox 2519 4706 2632 4776; x_wconf 90' lang='lat' dir='ltr'><strong><em>ipse</em></strong></span> <span class='ocrx_word' id='word_1_794' title='bbox 2656 4723 2754 4777; x_wconf 90' lang='lat' dir='ltr'><strong><em>pro</em></strong></span> <span class='ocrx_word' id='word_1_795' title='bbox 2781 4708 2863 4762; x_wconf 90' lang='lat' dir='ltr'><strong><em>sui</em></strong></span> <span class='ocrx_word' id='word_1_796' title='bbox 2892 4708 3092 4776; x_wconf 82' lang='lat' dir='ltr'><strong><em>placito</em></strong></span> <span class='ocrx_word' id='word_1_797' title='bbox 3119 4720 3460 4763; x_wconf 81' lang='lat' dir='ltr'><strong><em>naturarum-</em></strong></span> 
     </span>
    </p>
   </div>
   <div class='ocr_carea' id='block_1_104' title="bbox 1878 4801 3466 4867">
    <p class='ocr_par' dir='ltr' id='par_1_104' title="bbox 1878 4801 3466 4867">
     <span class='ocr_line' id='line_1_104' title="bbox 1878 4801 3466 4867; baseline 0.001 -16"><span class='ocrx_word' id='word_1_798' title='bbox 1878 4812 1986 4867; x_wconf 92' lang='lat' dir='ltr'><strong><em>que</em></strong></span> <span class='ocrx_word' id='word_1_799' title='bbox 2017 4806 2069 4851; x_wconf 91' lang='lat' dir='ltr'><strong><em>et</em></strong></span> <span class='ocrx_word' id='word_1_800' title='bbox 2097 4812 2384 4853; x_wconf 89' lang='lat' dir='ltr'><strong><em>causarum</em></strong></span> <span class='ocrx_word' id='word_1_801' title='bbox 2414 4809 2676 4854; x_wconf 90' lang='lat' dir='ltr'><strong><em>consentu</em></strong></span> <span class='ocrx_word' id='word_1_802' title='bbox 2715 4809 2771 4856; x_wconf 91' lang='lat' dir='ltr'><strong><em>et</em></strong></span> <span class='ocrx_word' id='word_1_803' title='bbox 2798 4801 3038 4855; x_wconf 89' lang='lat' dir='ltr'><strong><em>cumulet</em></strong></span> <span class='ocrx_word' id='word_1_804' title='bbox 3065 4811 3121 4857; x_wconf 80' lang='lat' dir='ltr'><strong><em>et</em></strong></span> <span class='ocrx_word' id='word_1_805' title='bbox 3160 4803 3466 4865; x_wconf 80' lang='lat' dir='ltr'><strong><em>exhauriat,</em></strong></span> 
     </span>
    </p>
   </div>
   <div class='ocr_carea' id='block_1_105' title="bbox 1844 4890 3468 4963">
    <p class='ocr_par' dir='ltr' id='par_1_105' title="bbox 1844 4890 3468 4963">
     <span class='ocr_line' id='line_1_105' title="bbox 1844 4890 3468 4963; baseline 0.002 -19"><span class='ocrx_word' id='word_1_806' title='bbox 1844 4890 2079 4960; x_wconf 56' lang='lat' dir='ltr'><strong><em>.quihus</em></strong></span> <span class='ocrx_word' id='word_1_807' title='bbox 2124 4890 2236 4944; x_wconf 89' lang='lat' dir='ltr'><strong><em>vult</em></strong></span> <span class='ocrx_word' id='word_1_808' title='bbox 2292 4890 2616 4960; x_wconf 86' lang='lat' dir='ltr'><strong><em>profectum,</em></strong></span> <span class='ocrx_word' id='word_1_809' title='bbox 2649 4893 2843 4963; x_wconf 87' lang='lat' dir='ltr'><strong><em>quibus</em></strong></span> <span class='ocrx_word' id='word_1_810' title='bbox 2901 4892 3016 4947; x_wconf 89' lang='lat' dir='ltr'><strong><em>vult</em></strong></span> <span class='ocrx_word' id='word_1_811' title='bbox 3069 4893 3328 4948; x_wconf 87' lang='lat' dir='ltr'><strong><em>adhibens</em></strong></span> <span class='ocrx_word' id='word_1_812' title='bbox 3377 4894 3468 4947; x_wconf 91' lang='lat' dir='ltr'><strong><em>de-</em></strong></span> 
     </span>
    </p>
   </div>
   <div class='ocr_carea' id='block_1_106' title="bbox 1883 4980 3470 5047">
    <p class='ocr_par' dir='ltr' id='par_1_106' title="bbox 1883 4980 3470 5047">
     <span class='ocr_line' id='line_1_106' title="bbox 1883 4980 3470 5047; baseline 0.003 -14"><span class='ocrx_word' id='word_1_813' title='bbox 1883 4980 2107 5047; x_wconf 76' lang='lat' dir='ltr'><strong><em>fectum,</em></strong></span> <span class='ocrx_word' id='word_1_814' title='bbox 2138 4982 2485 5039; x_wconf 88' lang='lat' dir='ltr'><strong><em>immutabilis</em></strong></span> <span class='ocrx_word' id='word_1_815' title='bbox 2512 4984 2565 5036; x_wconf 91' lang='lat' dir='ltr'><strong><em>in</em></strong></span> <span class='ocrx_word' id='word_1_816' title='bbox 2599 4999 2660 5040; x_wconf 90' lang='lat' dir='ltr'><strong><em>se</em></strong></span> <span class='ocrx_word' id='word_1_817' title='bbox 2705 4984 2982 5040; x_wconf 88' lang='lat' dir='ltr'><strong><em>mutabilia</em></strong></span> <span class='ocrx_word' id='word_1_818' title='bbox 3031 4985 3334 5047; x_wconf 75' lang='lat' dir='ltr'><strong><em>continens,</em></strong></span> <span class='ocrx_word' id='word_1_819' title='bbox 3369 4984 3470 5039; x_wconf 89' lang='lat' dir='ltr'><strong><em>sub</em></strong></span> 
     </span>
    </p>
   </div>
   <div class='ocr_carea' id='block_1_107' title="bbox 1886 5110 3472 5183">
    <p class='ocr_par' dir='ltr' id='par_1_107' title="bbox 1886 5110 3472 5183">
     <span class='ocr_line' id='line_1_107' title="bbox 1886 5110 3472 5183; baseline 0 -20"><span class='ocrx_word' id='word_1_820' title='bbox 1886 5110 2269 5168; x_wconf 85' lang='lat' dir='ltr'><strong><em>salvandorum</em></strong></span> <span class='ocrx_word' id='word_1_821' title='bbox 2298 5128 2393 5181; x_wconf 89' lang='lat' dir='ltr'><strong><em>per</em></strong></span> <span class='ocrx_word' id='word_1_822' title='bbox 2413 5112 2701 5183; x_wconf 88' lang='lat' dir='ltr'><strong><em>judicium,</em></strong></span> <span class='ocrx_word' id='word_1_823' title='bbox 2732 5112 2977 5183; x_wconf 81' lang='lat' dir='ltr'><strong><em>ordinem</em></strong></span> <span class='ocrx_word' id='word_1_824' title='bbox 3019 5110 3472 5173; x_wconf 85' lang='lat' dir='ltr'><strong><em>damnandorum,</em></strong></span> 
     </span>
    </p>
   </div>
   <div class='ocr_carea' id='block_1_108' title="bbox 1886 5181 3153 5250">
    <p class='ocr_par' dir='ltr' id='par_1_108' title="bbox 1886 5181 3153 5250">
     <span class='ocr_line' id='line_1_108' title="bbox 1886 5181 3153 5250; baseline -0.002 -15"><span class='ocrx_word' id='word_1_825' title='bbox 1886 5192 1941 5235; x_wconf 89' lang='lat' dir='ltr'><strong><em>et</em></strong></span> <span class='ocrx_word' id='word_1_826' title='bbox 1968 5194 2221 5246; x_wconf 89' lang='lat' dir='ltr'><strong><em>quartum</em></strong></span> <span class='ocrx_word' id='word_1_827' title='bbox 2261 5181 2467 5245; x_wconf 87' lang='lat' dir='ltr'><strong><em>eorum,</em></strong></span> <span class='ocrx_word' id='word_1_828' title='bbox 2496 5185 2586 5250; x_wconf 89' lang='lat' dir='ltr'><strong><em>qui</em></strong></span> <span class='ocrx_word' id='word_1_829' title='bbox 2614 5184 2726 5250; x_wconf 87' lang='lat' dir='ltr'><strong><em>jam</em></strong></span> <span class='ocrx_word' id='word_1_830' title='bbox 2750 5181 2975 5250; x_wconf 76' lang='lat' dir='ltr'><strong><em>iudicati</em></strong></span> <span class='ocrx_word' id='word_1_831' title='bbox 3009 5193 3153 5237; x_wconf 83' lang='lat' dir='ltr'><strong><em>sunt.</em></strong></span> 
     </span>
    </p>
   </div>
  </div>
