4018 5406
511 220 617 276 265
1438 220 1772 277 R.\TllERlI
1809 219 2027 274 El‘lSC.
2074 214 2327 282 VERON.
2370 216 2518 273 OPP.
2562 218 2741 272 PARS
2778 219 2819 273 Ι.
3652 224 3772 284 ~265

512 375 572 415 se
616 357 686 412 ita
718 357 1071 414 illuminanda
1101 373 1166 414 ex
1196 375 1254 415 se
1282 359 1612 425 illuminans,
1638 373 1761 413 cum
1789 356 1890 412 sibi
1917 354 1991 410 nil
2019 354 2097 408 lu—
2126 356 2173 415 Α
2203 361 2275 405 est
2307 350 2582 405 Ecclesia?
2606 350 2785 422 (Rom.
2817 368 2936 418 vni,
2968 352 3077 423 l7.)
3117 353 3357 423 Itemque
3382 369 3398 409 ί
3425 355 3489 412 S.’
3522 367 3695 410 autem
3723 368 3775 413 et

512 447 675 501 minis
702 447 974 513 detrahat,
1002 457 1060 501 ιιι
1094 456 1148 503 et
1172 448 1287 518 ipsa
1312 447 1432 501 luce
1453 445 1517 518 [Ῑ.
1548 445 1662 518 lux]
1696 445 1876 500 vocari
1912 444 2013 498 rite
2041 450 2097 497 et
2195 442 2448 506 literedes;
2466 442 2695 495 [Heredes
2707 443 2915 513 quidem
2927 441 3043 509 Dei,
3056 444 3348 499 coltwredes
3361 455 3534 499 autem
3550 442 3778 503 Christi?

514 540 898 609 benignissime
949 541 1208 594 concedat
1243 559 1256 593 :
1298 540 1441 609 quod
1497 549 1551 594 et
1604 540 1671 594 de
1727 539 1944 608 regibus
1980 536 2093 605 jam
2197 530 2265 584 Et
2294 531 2475 600 cujus,
2501 546 2718 600 quinso,
2759 532 2998 588 limredes
3033 533 3109 587 rei
3141 534 3243 588 nisi
3276 536 3469 605 regni?
3496 535 3778 594 Postremo

512 629 670 685 dictis
729 631 861 685 satis
913 630 1029 701 ipse
1082 630 1384 701 intelligere
1434 638 1648 701 poterat
1676 670 1691 696 ,
1730 629 1980 684 videlicet
2037 636 2096 682 ut
2197 634 2316 673 cum
2350 621 2400 674 in
2431 622 2675 676 oratione
2704 622 2772 677 ab
2805 622 2922 691 ipso
2958 623 3051 677 tibi
3083 624 3280 706 tradita
3310 625 3447 679 dicis
3480 642 3493 678 :
3523 625 3778 681 Adveniet

513 718 662 773 illum
688 729 743 774 et
770 721 934 775 sciret
985 729 1041 774 et
1068 720 1423 775 conﬁteretur
1452 721 1817 776 essentialiter
1846 719 1962 774 fore
1990 718 2093 773 Re-

2197 725 2409 777 regnum
2440 719 2587 763 tuum
2618 711 2831 781 (Matth.
2862 727 2938 779 v1,
2967 714 3080 782 10),
3107 713 3235 783 quid
3264 730 3392 784 rogo
3419 716 3595 784 petis?
3616 716 3696 769 An
3721 728 3781 772 ut

512 824 631 880 gem
649 825 854 882 regum,
873 812 967 885 sed
991 812 1390 878 institutorum,
1411 812 1649 868 sicutest
1669 811 1786 865 Lux
1807 811 2092 875 luminum,

514 900 609 954 sed
650 901 1089 956 illuminatorum.

585 990 673 1044 16.
717 989 913 1045 Verum
962 999 1021 1045 ut
1062 992 1128 1047 ad
1174 992 1348 1063 ipsum
1403 994 1607 1049 erroris
1661 1002 1934 1050 auctorem
1994 1008 2094 1048 no-

512 1091 684 1137 strum
738 1083 894 1152 117
936 1082 1046 1153 jam
1096 1093 1371 1141 vertamus
1415 1102 1751 1153 sermonem,
1794 1087 1882 1142 die
1927 1087 2094 1153 mihi,

512 1188 662 1242 rogo,
695 1174 798 1228 boc
828 1184 921 1227 aut
952 1175 1156 1243 dicens,
1196 1188 1291 1232 aut
1324 1178 1549 1233 tacendo
1583 1180 1960 1245 consentiens,
1999 1187 2092 1233 aut

416 1329 420 1332 1
517 1267 658 1334 quod
701 1266 870 1320 multo
896 1267 1047 1337 pejus
1089 1277 1193 1333 est,
1219 1269 1558 1339 astipulando
1587 1272 1936 1336 conﬁrmans,
1968 1287 2096 1341 apo-

518 1358 728 1412 stolicis
759 1357 1048 1427 refragaris
1083 1359 1438 1415 testimoniis?
1476 1360 1632 1415 Nullo
1669 1362 1855 1426 modo,
1895 1362 2093 1431 inquis.

516 1446 653 1512 Quid
687 1447 867 1515 itaque
892 1447 943 1499 in
974 1456 1081 1500 tam
1112 1458 1301 1518 aperta
1328 1449 1442 1518 ejus
1465 1451 1730 1505 sententia
1756 1451 1935 1508 inesse
1958 1452 2094 1507 reris

509 1552 785 1600 arcanum,
808 1536 897 1590 ubi
920 1537 1049 1591 dicit
1071 1554 1083 1590 :
1108 1536 1169 1592 Si
1188 1541 1534 1609 compatimur
1554 1551 1601 1595 et
1624 1543 2095 1610 conregnabimus?

508 1625 590 1687 (Il
623 1624 754 1678 Tim.
794 1641 864 1691 ιι,
906 1626 1017 1697 19..)
1056 1628 1191 1694 Quid
1222 1644 1343 1683 cum
1375 1629 1427 1684 in
1458 1632 1834 1703 Apocalypsim
1869 1628 2094 1688 Joannis

2187 797 2301 866 jam
2333 808 2567 854 maturet
2598 817 2847 870 regnare,
2875 802 2966 870 qui
2994 818 3268 872 nunquam
3297 805 3539 858 creditur
3566 819 3673 858 non
3699 822 3779 860 re-

2196 892 2425 961 gnasse?
2465 893 2568 958 Au,
2608 892 2751 961 quod
2785 902 2869 947 est
2898 893 3097 959 verius,
3132 903 3189 947 ut
3223 909 3346 949 cum
3376 895 3494 964 ip.o
3520 900 3780 951 merearis

2197 997 2423 1052 regnare
2451 983 2738 1052 adoptione
2767 999 2873 1037 non
2902 998 3118 1055 genere,
3154 1000 3376 1039 munere
3401 1000 3509 1040 non
3538 987 3783 1056 proprie-

2197 1080 2343 1139 tate,
2377 1073 2520 1127 dono
2552 1087 2658 1127 non
2700 1073 2914 1137 debito,
2948 1075 3295 1129 concessione
3335 1090 3439 1129 non
3474 1075 3779 1145 parilitate,

2194 1164 2366 1233 gratia
2396 1180 2502 1219 non
2531 1167 2787 1231 essentia,
2813 1167 3013 1234 pietate
3039 1167 3219 1222 dantis
3244 1184 3348 1221 non
3375 1170 3782 1239 comparatione

2201 1255 2571 1324 acqualitatis?
2599 1255 2801 1327 Nempe
2829 1273 2893 1312 ex
2921 1256 3158 1325 ejusdem
3195 1260 3356 1329 118
3383 1261 3450 1314 de
3479 1260 3783 1316 mansioni-

2198 1346 2298 1399 bus
2327 1345 2509 1416 (Joon.
2547 1364 2660 1413 xiv,
2688 1348 2766 1417 2),
2795 1358 2849 1403 ct
2877 1349 3116 1417 Apostnli
3147 1351 3214 1404 de
3241 1351 3413 1406 stellis
3447 1352 3786 1408 differentias

2198 1433 2247 1506 (I
2275 1434 2397 1488 Cor.
2432 1451 2518 1499 xv,
2553 1437 2641 1508 41)
2669 1439 2929 1507 quasdam
2961 1439 3221 1499 facientes
3252 1456 3542 1510 possumus
3572 1445 3785 1498 veraci-

2199 1535 2282 1581 ter
2312 1528 2470 1583 dictis
2502 1528 2789 1599 colligere,
2823 1544 2926 1583 non
2959 1530 3131 1585 solum
3163 1533 3367 1600 ipsum,
3395 1532 3482 1587 cui
3515 1534 3785 1589 essentia—

2198 1618 2322 1672 litcr
2360 1619 2500 1674 idem
2538 1629 2620 1674 est
2664 1619 2811 1691 (215)
2854 1636 3067 1690 semper
3110 1635 3338 1690 regnare
3385 1623 3530 1691 quod
3580 1623 3784 1686 vivere,

508 1716 716 1769 ﬁnitum
750 1731 846 1785 pro
878 1716 1088 1773 inﬁnito
1121 1718 1414 1788 accipiens,
1444 1720 1580 1789 legis
1606 1736 1621 1774 :
1650 1720 1953 1791 Regnabunt
1977 1738 2093 1777 cum

2199 1706 2354 1779 longe
2394 1708 2891 1779 incomparabiliter
2926 1713 3197 1782 adoptatis
3230 1724 3489 1783 prmstare
3529 1715 3781 1785 regibus,

507 1823 615 1876 ipso
648 1806 787 1861 mille
814 1810 1008 1862 annis?
1034 1808 1218 1880 (Apoc.
1246 1826 1407 1870 χχιιι,
1438 1811 1516 1880 6.)
1542 1811 1679 1878 Quid
1709 1813 1958 1867 daturum
1987 1813 2090 1879 eis,

505 1897 703 1966 quibus
732 1897 785 1951 in
813 1896 1016 1967 judicio
1045 1900 1289 1954 dicturus
1316 1910 1401 1955 est
1425 1918 1437 1952 :
1472 1899 1675 1966 Venite,
1698 1901 1954 1956 benedicti
1980 1900 2092 1956 Pa-

507 1991 601 2044 tris
624 1991 741 2053 mei,
764 1992 1009 2061 percipite
1033 2008 1247 2062 regnum
1270 1991 1482 2063 (Matth.
1508 2008 1635 2058 xxv,
1662 1993 1773 2065 54),
1802 1994 1902 2048 nisi
1926 1994 2091 2059 idem,

508 2087 565 2132 ut
594 2088 944 2149 conreguent,
970 2080 1235 2151 regnum?
1263 2079 1433 2147 Quem
1463 2082 1608 2136 enim
1643 2098 1827 2152 regum
1854 2091 2095 2138 terreno-

507 2184 626 2222 rum
653 2169 803 2233 illud,
829 2185 950 2224 cum
979 2169 1334 2239 praefecturas
1356 2182 1411 2225 et
1450 2173 1652 2242 pricdia
1674 2172 1757 2227 vel
1782 2173 1886 2227 alia
1909 2174 2095 2245 hujus-

504 2258 645 2312 moJi
674 2259 739 2312 ad
767 2269 974 2328 partem
1019 2260 1173 2330 regni
1208 2261 1323 2316 suis
1359 2261 1691 2318 distribuant
1724 2265 2054 2334 pertinentia
2077 2306 2092 2331 ,

503 2351 686 2406 dicere
722 2352 824 2407 nisi
866 2368 988 2408 cum
1022 2364 1427 2425 conregnaturo
1460 2364 1553 2410 aut
1592 2365 1741 2411 certe
1776 2372 2097 2412 successum

504 2442 660 2496 audis
692 2442 838 2497 tilio?
863 2443 970 2496 Aut
992 2458 1124 2497 vero
1152 2452 1372 2514 prepter
1389 2445 1690 2514 judicatum
1713 2446 1763 2500 in
1789 2461 1939 2501 sessu
1964 2447 2095 2501 duo-

505 2531 644 2586 deno
678 2533 843 2587 etiam
877 2544 1198 2603 regnantum
1230 2535 1543 2604 praedictum
1576 2536 1769 2606 nequis
1800 2538 2096 2608 intelligere

418 2682 421 2685 Α
510 2636 796 2675 numerum
848 2623 1034 2693 (2l5)?
1059 2623 1193 2677 Cum
1225 2638 1356 2679 vero
1389 2624 1442 2678 in
1477 2624 1682 2694 psalmo
1708 2627 1862 2681 audis
1888 2646 1901 2680 :
1932 2625 2095 2684 Una‘it

523 2723 573 2765 te
598 2710 773 2779 Deus,
803 2710 944 2765 Deus
974 2721 1094 2766 tuus
1124 2711 1237 2767 oleo
1273 2712 1471 2768 la'titiaz
1504 2730 1614 2784 prw
1637 2717 1960 2772 consortibus
1993 2720 2096 2774 tuis

510 2801 683 2872 (Psal.
714 2818 860 2870 xuv,
892 2802 972 2873 8),
1013 2817 1150 2873 quos
1191 2814 1472 2860 consortes
1511 2804 1796 2875 intelligis,
1828 2808 1929 2865 nisi
1960 2822 2095 2863 con-

505 2895 830 2965 regnautes?
855 2895 912 2949 In
943 2911 1009 2951 eo
1035 2910 1166 2951 vero
1205 2896 1351 2966 quod
1388 2896 1635 2966 angelum
1676 2895 1859 2953 Mariae
1895 2899 2097 2956 dixisse

504 2987 679 3059 legis:
720 2987 969 3059 Regnabit
1014 2989 1070 3043 in
1109 2989 1264 3043 domo
1293 2987 1461 3043 Iacob
1489 2990 1545 3043 in
1572 2999 1823 3044 internum
1859 2990 2012 3062 (Luc.
2054 3008 2093 3058 ι,

2196 1799 2289 1853 sed
2319 1800 2482 1853 etiam
2507 1800 2650 1855 inter
2676 1802 2818 1871 ipsos
2844 1813 3131 1874 regnantes
3151 1820 3255 1858 non
3276 1822 3498 1874 parvam
3521 1808 3784 1877 regnanti

2195 1886 2506 1942 distantiam
2535 1888 2670 1944 fore.
2687 1890 2882 1945 Desine
2902 1906 3049 1961 ergo,
3072 1892 3165 1960 ﬁli,
3196 1894 3336 1948 lianc
3360 1904 3503 1948 tuam
3528 1911 3642 1949 non
3663 1896 3786 1964 qui—

2195 1979 2315 2035 dem
2355 1982 2700 2047 sententiam,
2741 1983 2835 2037 sed
2877 1999 3168 2038 maximam
3210 1984 3349 2038 tueri
3390 1985 3692 2051 inscitiam,
3721 1997 3789 2040 ne

2195 2072 2408 2128 illorum
2438 2075 2491 2128 in
2524 2089 2749 2129 numero
2786 2075 3079 2130 inveniaris
3114 2074 3436 2145 aliquando,
3476 2076 3568 2147 qui
3614 2076 3787 2131 Deum

2193 2165 2320 2220 dum
2352 2166 2638 2223 defendere
2667 2167 2934 2235 nituntur,
2958 2165 3255 2222 oﬁ‘enduut.
3281 2166 3505 2223 Vindica
3531 2167 3666 2237 quin
3692 2183 3787 2237 po-

2197 2259 2303 2313 tius
2323 2268 2379 2313 et
2399 2268 2456 2313 tu
2482 2260 2720 2315 moribus
2741 2260 3056 2331 dignitatem
3084 2269 3252 2325 tuam,
3271 2276 3336 2315 ne
3357 2268 3562 2314 tantam
3587 2261 3787 2330 perdas

2201 2348 2634 2418 praerogativam.
2667 2348 2906 2403 luaniter
2933 2349 3076 2404 enim
3110 2351 3211 2404 lioc
3239 2350 3291 2403 in
3321 2350 3569 2404 oratione
3601 2365 3784 2421 rogas,

2198 2441 2242 2493 si
2272 2439 2400 2493 illud
2427 2440 2670 2509 adipisci,
2694 2440 2819 2494 dum
2845 2439 3007 2494 etiam
3032 2439 3307 2510 desperas,
3337 2456 3441 2493 non
3475 2440 3712 2495 desider.
3729 2456 3785 2504 s;

2196 2544 2317 2583 cum
2348 2544 2449 2584 nec
2475 2538 2687 2599 patrem
2716 2529 2865 2583 illum
2898 2529 3058 2585 aliter
3093 2538 3242 2583 tuum
3275 2543 3421 2595 esse,
3451 2528 3558 2583 nisi
3583 2537 3640 2583 et
3665 2528 3785 2582 ina-

2198 2619 2360 2684 niter,
2391 2618 2562 2673 dicas.

2210 2756 2217 2762 .
2268 2708 2354 2764 17.
2394 2706 2478 2762 Ad
2500 2715 2553 2763 te
2575 2722 2704 2762 vero
2727 2707 2829 2763 isto
2851 2708 3041 2763 relicto
3065 2721 3333 2772 reversus,
3360 2722 3487 2763 cum
3513 2722 3626 2777 quo
3652 2707 3787 2763 mibi

2192 2797 2304 2868 jam
2331 2813 2510 2853 sermo
2539 2798 2606 2852 de
2635 2812 2740 2852 non
2771 2812 2939 2867 parvo
2969 2806 3053 2854 est
3085 2799 3299 2869 negotio
3326 2797 3568 2863 diutius;
3598 2799 3784 2853 cousio

2196 2887 2345 2952 dera,
2378 2901 2528 2957 rogo,
2557 2888 2683 2941 dum
2713 2901 2959 2942 summus
2983 2886 3223 2957 pontifex
3252 2902 3283 2940 a
3312 2887 3529 2942 nemine
3560 2901 3665 2941 nec
3696 2901 3786 2941 re-

2196 2978 2610 3047 prehendendus
2630 3016 2645 3042 ,
2682 2985 2886 3047 quanto
2916 2977 3095 3032 minus
3127 2977 3354 3047 quilibet
3382 2991 3570 3031 eorum
3600 2974 3789 3045 ﬂagel-

505 3078 623 3148 δε),
661 3078 822 3148 quid,
857 3093 1067 3148 quaeso,
1102 3078 1398 3150 intelligis?
1423 3077 1505 3133 An
1543 3079 1784 3135 assumas
1823 3060 2091 3135 divinitati

2198 3068 2404 3132 landus,
2433 3068 2638 3122 carceri
2666 3060 3075 3134 mancipandus,
3103 3064 3244 3120 fame
3273 3074 3328 3119 et
3357 3065 3470 3130 siti,
3501 3063 3706 3135 frigore
3731 3074 3788 3121 et

504 3167 674 3232 illius,
699 3184 804 3239 qua
826 3179 1132 3225 coaeternus
1154 3177 1208 3225 et
1226 3170 1704 3227 consubstantialis
1724 3169 1870 3225 Patri
1897 3172 2096 3242 ubique

508 3259 630 3315 sine
657 3258 814 3315 initio
841 3267 898 3315 et
929 3259 1048 3315 sine
1075 3259 1180 3317 ﬁne
1207 3268 1398 3330 regnat
1418 3302 1433 3325 ,
1460 3260 1509 3314 al
1533 3261 1674 3331 quod
1706 3275 1813 3317 non
1838 3271 1964 3316 ante
1995 3262 2095 3317 lia-

504 3346 675 3403 bitum
695 3388 711 3414 ,
741 3355 798 3404 et
827 3349 971 3419 quod
998 3358 1196 3419 praeter
1221 3350 1419 3419 ubique
1444 3363 1563 3405 esse
1593 3351 1761 3421 possit
1787 3350 1982 3406 alicubi
2010 3366 2094 3406 re-

503 3455 667 3509 gnum
708 3439 1065 3511 promissum;
1099 3451 1155 3497 et
1192 3456 1299 3497 non
1339 3443 1517 3513 potius
1556 3442 1877 3498 humanitati
1914 3443 2093 3511 illius,

506 3546 614 3601 qua
645 3532 698 3586 in
732 3541 975 3603 tempore
1003 3547 1103 3603 pro
1131 3533 1288 3589 nobis
1316 3543 1400 3587 est
1428 3532 1645 3588 indutus
1664 3572 1679 3598 ,
1712 3547 1743 3586 a
1774 3532 2058 3589 divinitate
2079 3574 2095 3602 ,

505 3637 628 3691 qua:
655 3636 761 3676 una
792 3622 864 3677 illi
902 3638 1025 3678 cum
1067 3623 1228 3678 Patre
1263 3630 1380 3687 est,
1410 3622 1760 3689 attributum,
1793 3630 1851 3678 ιιι
1890 3622 2099 3679 scilicet

506 3724 703 3786 regnet
728 3716 781 3769 in
814 3717 976 3771 domo
1001 3715 1171 3771 Iacob
1195 3715 1348 3787 (Luc.
1383 3732 1432 3781 ι,
1466 3715 1583 3783 5:2),
1611 3715 1662 3770 id
1688 3723 1806 3782 est,
1836 3715 1892 3771 in
1928 3731 2096 3787 regno

508 3804 785 3869 Ecclesiae,
813 3806 954 3875 quod
979 3820 1045 3859 ex
1074 3820 1140 3861 eo
1165 3806 1329 3875 cuipit
1350 3820 1416 3860 ex
1441 3819 1549 3873 quo
1572 3813 1731 3860 natus
1751 3814 1836 3860 est
1857 3806 1988 3877 ipse,
2010 3806 2097 3861 vel

508 3909 576 3948 ex
605 3908 672 3948 eo
699 3894 842 3964 quod
872 3894 1109 3949 tribunal
1134 3894 1315 3950 crucis
1341 3895 1594 3966 dignatus
1620 3902 1706 3949 est
1734 3895 1905 3949 nostri
1933 3911 2094 3951 causa

512 3985 826 4050 ascendere,
851 3985 1136 4041 Psalmista
1167 3986 1315 4057 (dum
1342 3985 1561 4055 clamat)
1591 3994 1825 4041 testante
1851 3986 2097 4042 ﬁdelibus

2198 3159 2441 3212 nuditate
2474 3156 2793 3226 caeterisque
2837 3154 3189 3211 slﬂictionum
3218 3155 3509 3226 generibus
3543 3164 3790 3210 tormen-

2200 3248 2428 3305 tandus?
2453 3246 2628 3303 Unum
2654 3247 2817 3301 etiam
2843 3260 3037 3316 precor
3058 3253 3119 3300 ut
3137 3243 3405 3310 attendas,
3428 3252 3483 3298 et
3501 3258 3572 3299 ex
3594 3253 3649 3298 te
3671 3245 3789 3313 ipso

2196 3338 2518 3410 perpendas.
2566 3337 2623 3392 Si
2659 3336 2886 3392 haberes
2916 3335 3390 3406 aliquemservum
3422 3333 3786 3407 negligentem

2197 3431 2412 3502 quidem
2434 3469 2451 3496 ,
2491 3444 2650 3498 quem
2681 3436 2863 3483 tamen
2901 3436 3053 3483 tanto
3081 3442 3267 3483 amore
3294 3425 3605 3492 excoleres,
3637 3435 3702 3481 ut
3731 3426 3786 3480 in

2197 3522 2376 3592 aliquo
2396 3522 2637 3578 locorum
2662 3527 2874 3575 tuorum
2897 3520 3132 3576 secunda
3155 3527 3275 3590 post
3297 3527 3349 3573 te
3368 3518 3519 3583 sede,
3545 3517 3787 3573 secunda

2197 3613 2520 3673 auctoritate
2542 3652 2558 3678 ,
2586 3611 2821 3668 secunda
2850 3625 3080 3681 poneres
3109 3617 3380 3680 potestate
3402 3648 3418 3674 ,
3446 3607 3704 3664 videlicet
3728 3616 3790 3663 ut

2197 3704 2457 3775 quidquid
2499 3703 2593 3758 tibi
2636 3702 2921 3773 agendum,
2956 3701 3049 3774 tibi
3087 3700 3597 3770 decernendumque
3631 3714 3786 3754 com-

2198 3794 2464 3858 mitteres,
2513 3791 2770 3862 quidquid
2795 3791 3075 3846 statuisset
3102 3791 3371 3854 ﬁrmares,
3396 3789 3660 3859 quidquid
3689 3790 3788 3845 de-

2197 3883 2459 3940 stituisset
2486 3882 2837 3946 destituercs;
2856 3881 3170 3936 benedictus
3192 3880 3259 3935 ab
3285 3894 3373 3946 eo,
3408 3894 3438 3932 a
3481 3889 3535 3934 te
3567 3892 3789 3950 quoque

2195 3974 2641 4041 benediceretur,
2687 3973 3006 4028 inaledictus
3054 3972 3498 4036 malediceretur,
3547 3973 3641 4027 cui
3693 3981 3787 4026 tua

508 4073 891 4129 chrismatis:
947 4074 1117 4129 Dicite
1171 4076 1227 4129 in
1259 4074 1495 4145 gentibus
1546 4073 1733 4146 (Psal.
1791 4090 1913 4141 xcv,
1968 4075 2092 4144 ιο),
2189 4064 2349 4135 iura.
2380 4076 2470 4118 tua
2514 4063 2775 4132 insignia»
2811 4063 3094 4129 thronum.
3125 4071 3428 4132 sceptrum.
3462 4076 3784 4132 purpuram.

513 4167 655 4231 Quia
680 4164 937 4221 Dominus
967 4167 1196 4237 regnavit
1224 4184 1257 4221 a
1286 4167 1428 4238 ligno
1460 4166 1631 4239 (2H),
1661 4167 1715 4221 id
1742 4175 1826 4223 est
1856 4181 1886 4221 a
1916 4169 2094 4223 crucis

436 4332 439 4337 ί
511 4269 765 4321 ascensu,
793 4254 1030 4311 futurum
1062 4254 1310 4327 {subaudi
1340 4255 1483 4327 quod
1510 4254 1779 4327 regnum],
1818 4256 1935 4312 sine
1964 4255 2089 4323 ﬁne,

509 4358 635 4398 cum
670 4340 857 4401 eodem
891 4347 1075 4416 utique
1104 4344 1270 4402 Jaeob
1298 4346 1351 4401 in
1380 4356 1672 4412 aeternum,
1706 4347 1809 4403 lioc
1855 4356 1968 4413 est,
1998 4363 2091 4403 ca-

2195 4157 2369 4228 ipsam
2390 4155 2555 4210 etiam
2578 4154 2906 4210 concederes
2930 4169 3217 4219 coronam;
3245 4155 3463 4207 nomine
3490 4152 3658 4206 etiam
3690 4160 3788 4207 tuo

2193 4247 2571 4318 appellandum
2616 4246 2971 4311 decerneres;
3009 4255 3283 4315 postremo
3315 4259 3530 4314 quoque
3568 4245 3647 4300 nil
3688 4246 3785 4301 tibi

2196 4339 2397 4396 residui
2427 4338 2530 4393 nisi
2561 4336 2733 4407 ipsam
2762 4336 3074 4400 essentiam,
3102 4336 3363 4406 regimen,
3393 4344 3555 4406 atque
3583 4339 3786 4407 guber-

506 4436 621 4506 pite
641 4452 763 4492 cum
786 4441 1049 4510 corpore?
1068 4440 1150 4494 An
1176 4450 1229 4494 tu
1251 4440 1409 4495 aliter
1429 4441 1628 4505 sentis;
1662 4448 1716 4494 et
1742 4448 1900 4510 putas
1923 4441 2088 4494 etiam
2118 4421 2169 4481 Ῑ)
2195 4434 2468 4489 nationem
2503 4446 2609 4502 qua
2648 4431 2820 4501 ipsum
2855 4445 2976 4485 cum
3006 4429 3314 4484 commissis
3343 4444 3562 4499 regeres
3594 4439 3652 4483 et
3683 4446 3785 4500 gu-

513 4527 857 4597 temporarie,
883 4544 1005 4583 cum
1029 4545 1128 4585 nec
1159 4530 1327 4600 possit
1362 4529 1547 4584 vivere
1568 4529 1687 4584 sine
1711 4528 1968 4583 membris
1988 4528 2087 4582 ali-

510 4617 638 4686 quid
663 4615 729 4689 [ι’.
758 4617 994 4690 aliquod]
1025 4629 1186 4688 caput
1224 4634 1384 4690 posse
1426 4619 1689 4687 regnare?
1718 4618 1826 4673 Aut
1854 4617 1995 4673 forte
2023 4617 2089 4672 de

510 4708 628 4777 ipso
648 4705 853 4762 dictum
881 4723 1003 4763 esse
1031 4724 1137 4763 non
1168 4710 1361 4765 recolis
1396 4729 1407 4764 :
1440 4709 1571 4764 Cum
1595 4724 1808 4778 corpore
1830 4709 1925 4763 suo
1949 4708 2088 4778 quod

579 4819 729 4893 (215)
766 4818 1077 4893 construe:
1116 4822 1280 4887 Quem
1323 4824 1459 4877 enim
1509 4838 1687 4893 regunt
1729 4830 2088 4893 terrenarum,

509 4888 631 4961 cum
676 4891 992 4945 distribuant
1032 4893 1142 4944 suis
1174 4893 1510 4961 prwfecturas
1549 4888 1596 4947 ἐι
1633 4892 1833 4959 praedia
1867 4888 2085 4961 velantia

511 4960 815 5004 Intitummﬁ
855 4959 1261 5004 nni-tinnitinrnd
1288 4959 1485 5004 partem
1518 4960 1686 5004 η»ηηὶ
1725 4961 1877 5004 mulis
1915 4959 2086 5004 dicere

2197 4525 2477 4586 bernares,
2505 4530 2558 4577 et
2586 4520 2728 4590 quod
2758 4519 3015 4590 quidquid
3044 4526 3246 4589 ageret,
3278 4518 3630 4581 decerneret,
3663 4528 3784 4573 sta-

2197 4624 2392 4680 tueret,
2424 4612 2693 4677 deﬁniret,
2725 4620 2835 4679 tua,
2864 4626 2969 4666 non
3000 4627 3096 4666 sua
3122 4617 3391 4681 potestate
3422 4609 3631 4665 faceret
3661 4630 3676 4664 :
3702 4611 3785 4667 in-

2195 4715 2279 4760 ter
2317 4704 2429 4759 btee
2460 4702 2662 4772 aliquid
2701 4716 2824 4756 eum
2858 4701 2926 4757 ab
2963 4700 3143 4770 aliquo
3181 4697 3353 4770 (216)
3391 4712 3784 4754 conservorum

2195 4816 2471 4886 gustinus,
2502 4814 2561 4868 S.
2595 4813 2736 4886 Leo,
2764 4821 2828 4886 et
2853 4813 2942 4886 alii
2974 4812 3298 4886 praeterunt,
3333 4810 3586 4880 leguntur
3616 4813 3784 4886 etiam

2200 4881 2311 4941 {um
2338 4884 2543 4949 Graece,
2576 4892 2685 4936 tum
2713 4883 2904 4938 Latine
2929 4883 2982 4936 in
3007 4881 3381 4950 antiquissimo
3402 4882 3783 4950 inannscripto

2198 4955 2453 5004 nsalterin
2480 4948 2811 5004 thnensis
2840 4951 3102 5004 ecclesiae.
3131 4948 3273 5004 nuod
3302 4949 3362 5004 P.
3393 4948 3596 5004 Juseult
3625 4950 3786 5004 Blan-
