4018 5406
156 326 264 383 265

1120 313 1689 386 PR/ELOQUIORUSI
1717 314 1897 371 LIBRI
1936 316 2090 373 SEX.
2124 346 2194 361 —-
2224 317 2355 373 LIB.
2388 318 2477 373 IV.

3335 322 3442 379 26b

146 436 459 502 excedente
493 432 940 505 comprehensus,
980 440 1033 486 te
1077 430 1401 496 inconsulto,
1440 430 1566 485 licet
1601 445 1737 500 prze-
1769 436 1820 492 Α
1852 428 2161 500 Quicunque
2187 430 2615 499 honoriﬁcaverit
2645 447 2747 496 me,
2779 432 3135 499 honoriﬁcabo
3172 452 3323 501 eum;
3352 442 3446 507 qui

157 536 334 591 sente,
361 526 430 579 ab
458 540 526 579 eo
553 523 926 592 injuriaretur.
952 521 1158 577 carceri
1180 521 1426 586 daretur,
1451 520 1611 583 fame,
1638 519 1750 585 siti,

158 614 388 688 geluque
412 622 725 677 necaretur,
752 611 1059 683 opprobriis
1084 619 1137 665 et
1162 610 1524 665 derisionibus
1548 618 1602 665 et
1625 624 1752 663 eon-

160 707 385 778 temptui
408 747 423 771 ,
460 706 609 777 quod
645 712 912 776 gestaret,
954 704 1188 760 nominis
1229 704 1540 759 afficeretur
1574 720 1586 755 :
1623 701 1752 771 quid

157 814 305 868 ergo,
333 799 474 854 bone
501 812 621 861 rex,
646 796 732 867 pie
758 796 1027 865 princeps,
1052 796 1107 851 in
1134 795 1444 867 hujusmodi
1468 794 1562 849 tibi
1590 809 1751 863 agen-

158 891 282 948 dum
305 891 636 947 decerneres
657 889 909 962 negotio?
933 890 1081 957 Scio,
1104 890 1203 957 ais,
1228 890 1356 967 quid
1382 904 1631 960 agerem;
1659 887 1752 942 sed

156 997 277 1039 non“
296 990 382 1037 est
410 983 517 1038 iste
552 981 664 1037 Deo
698 989 809 1035 tam
842 981 1042 1036 charus
1072 995 1236 1051 quam
1268 979 1424 1035 dicis.
1461 977 1600 1045 Quid
1623 1018 1637 1043 ,
1669 977 1752 1030 iu-

157 1088 342 1144 quam,
361 1072 539 1127 nosti?
559 1071 748 1127 Nonne
774 1071 925 1125 vides
953 1086 1076 1125 eum
1098 1070 1253 1135 solio,
1277 1079 1509 1139 sceptro,
1530 1082 1750 1132 corona,

155 1180 419 1235 purpura,
452 1164 678 1235 ipsoque
706 1163 925 1219 nomine
946 1164 1081 1218 satis
1100 1156 1333 1233 praeclue
1357 1160 1504 1232 (2H)
1529 1159 1754 1230 insigni-

158 1262 269 1308 tum
292 1254 318 1307 ?
350 1253 485 1325 Ego,
522 1253 722 1323 inquis,
749 1268 873 1308 eum
905 1251 1179 1323 insignivi.
1208 1249 1251 1304 Τ
1258 1251 1332 1304 u?
1362 1249 1628 1320 qualiter?
1657 1247 1755 1303 Po-

158 1345 380 1399 tuistine
440 1345 572 1400 dare
629 1343 773 1415 quod
816 1358 917 1398 nee
960 1344 1128 1397 audes
1191 1341 1352 1412 119
1408 1339 1756 1410 contingere?

158 1437 385 1493 Valuisti
410 1437 708 1494 concedere
726 1437 870 1507 quod
885 1437 1050 1492 etiam
1067 1436 1278 1506 cogeris
1299 1435 1551 1490 adorare?
1564 1434 1759 1490 Fuitne

158 1545 395 1600 unquam
432 1531 487 1584 in
525 1539 615 1583 tua
648 1537 937 1605 potestate,
968 1528 1113 1598 quod
1152 1536 1261 1581 tam
1298 1526 1460 1581 altius
1492 1540 1640 1580 nunc
1671 1534 1757 1581 est

159 1640 317 1695 supra
350 1624 447 1679 te?
480 1622 726 1678 Mirabile
760 1636 889 1690 ergo
923 1620 1067 1691 quod
1097 1620 1190 1674 tibi
1222 1619 1416 1685 tulisti,
1457 1618 1621 1674 alteri
1657 1618 1754 1673 tri-

159 1714 344 1771 buisti.
386 1714 493 1769 Sed
520 1713 708 1769 desine
728 1712 833 1767 hoc
861 1710 942 1766 vel
967 1711 1229 1782 cogitare.
1266 1709 1400 1765 Nam
1421 1710 1465 1764 si
1488 1710 1757 1779 potuisses

1853 528 2025 572 autem
2059 529 2391 573 contemnunt
2422 537 2523 583 me,
2548 533 2697 573 crunt
2726 523 2975 591 ignobiles
3002 525 3052 593 (1
3086 525 3211 596 Itcg.
3240 544 3297 592 ll,
3330 529 3443 597 50);

1853 621 1906 667 et
1936 612 2061 666 illud
2097 632 2108 665 :
2143 612 2297 666 Dedit
2335 614 2382 667 ei
2420 612 2558 667 Deus
2597 612 2768 667 locum
2796 628 2813 665 :
2840 626 2892 668 at
2924 616 3009 670 ille
3038 619 3273 672 abutitur
3301 638 3360 674 eo
3391 624 3447 675 in

1852 701 2146 769 superbiam
2201 699 2324 771 (Job
2353 718 2500 771 χχιιι,
2529 703 2643 773 ‘25);
2673 714 2726 757 et
2755 706 2820 758 de
2849 706 3170 773 quibusdam
3197 726 3209 761 :
3237 709 3449 763 Arerte-

1853 803 2077 863 runtque
2113 792 2289 847 oculos
2324 811 2479 859 suos,
2517 804 2573 847 ut
2614 812 2715 848 non
2757 796 2982 851 riderent
3020 798 3203 853 cwlum
3228 841 3243 864 ,
3285 818 3447 871 neque

1855 885 2257 939 recordarentur
2269 885 2594 955 judiciorum
2608 886 2879 956 justorum
2908 888 3070 960 (Dan.
3092 908 3212 957 xm,
3241 891 3319 962 9.)
3345 892 3450 946 Stt-

1854 988 2124 1034 surrasset
2150 994 2367 1051 quoque
2396 980 2489 1034 tibi
2517 979 2790 1050 Sapientis
2816 980 2942 1035 illud
2970 982 3201 1037 dicentis
3224 983 3449 1050 hujusce

1854 1070 2243 1140 proverbium:
2277 1070 2369 1125 Bis
2408 1072 2578 1133 vincit,
2620 1072 2709 1141 qui
2746 1088 2800 1125 se
2834 1072 2886 1125 in
2927 1074 3145 1127 victoria
3184 1076 3364 1139 vincit,
3403 1082 3454 1128 et

1854 1163 2170 1217 iracundum
2193 1163 2282 1233 qui
2306 1163 2485 1227 vincit,
2502 1163 2698 1215 hostem
2722 1174 2931 1233 superat
2957 1165 3269 1218 maximum.
3286 1164 3416 1220 Item
3431 1194 3448 1205 -

1855 1267 1961 1323 que
1991 1270 2003 1306 :
2032 1252 2096 1306 In
2120 1253 2437 1308 vindicando
2465 1252 2747 1307 criminosa
2778 1263 2854 1307 est
2882 1254 3183 1309 Ita'reditas.
3213 1256 3452 1311 Alterius

1858 1359 2074 1416 quoque
2108 1344 2413 1415 Itujusmodi
2461 1344 2659 1416 :°(Cic.
2706 1362 2801 1415 pro
2842 1344 3086 1417 Marcel.)
3131 1367 3148 1397 ί
3194 1348 3451 1403 Animum

1858 1436 2105 1500 vincere,
2136 1434 2471 1490 iracundiam
2502 1434 2780 1498 cohibere,
2811 1436 3093 1490 victoriam
3125 1447 3450 1509 temperare,

1860 1526 2231 1581 adversarium
2255 1542 2359 1581 non
2389 1526 2829 1592 modoextollerc
2850 1526 3144 1595 jacentem,
3170 1532 3262 1586 sed
3288 1532 3454 1586 etiam

1861 1616 2190 1689 amplilicare
2215 1616 2331 1687 ejus
2356 1618 2639 1688 pristinam
2670 1619 3010 1690 dignitatem,
3042 1621 3157 1676 luce
3184 1623 3275 1693 qui
3306 1622 3452 1688 facit,

1862 1724 1968 1763 non
1998 1725 2099 1781 ego
2130 1726 2253 1765 eum
2282 1711 2510 1765 summis
2536 1710 2668 1765 viris
2695 1725 2972 1780 comparo,
3001 1713 3097 1767 sed
3121 1713 3453 1768 simillimum

162 1806 325 1871 dare,
358 1814 581 1877 poteras
614 1803 801 1872 utique
828 1811 883 1857 et
913 1800 1147 1856 auferre.
1177 1800 1329 1855 Nunc
1361 1814 1489 1854 vero
1515 1814 1639 1855 cum
1671 1813 1755 1853 re-
1785 1797 1833 1859 Β
1860 1799 1972 1855 Deo
2004 1798 2208 1869 judico.
2244 1820 2262 1853 ι
2305 1799 2609 1855 Ridiculum
2657 1810 2899 1868 econtra,
2926 1801 3083 1870 juxta
3133 1803 3294 1873 120
3333 1818 3460 1857 eum

160 1896 259 1951 bus
298 1895 555 1967 spoliare,
595 1895 769 1965 patria
804 1892 1027 1964 pellere,
1072 1891 1347 1956 exsulare,
1389 1891 1598 1945 carceri
1647 1898 1755 1943 tra-

162 1987 313 2048 dere.
347 1986 645 2042 luminibus
673 1985 889 2052 orbare,
921 1985 1222 2051 excoriare,
1256 1984 1652 2048 exmembrare,
1688 1984 1754 2038 ad

162 2078 407 2134 ultimum
434 2080 487 2133 in
514 2079 589 2133 tui
612 2079 782 2149 ipsius
798 2076 1111 2149 prmjudicio
1131 2093 1255 2132 eum
1278 2078 1461 2133 valeas
1482 2077 1752 2143 occidere;

160 2184 358 2225 nomen
405 2178 587 2224 autem
635 2168 785 2235 illud,
823 2179 1094 2241 sceptrum
1137 2168 1288 2235 illud,
1329 2183 1583 2224 coronam
1632 2183 1755 2223 cum

160 2274 417 2332 purpura,
458 2259 610 2314 illam
648 2260 1102 2325 benedictionem,
1134 2259 1279 2314 illam
1320 2266 1649 2329 potestatem
1689 2258 1755 2313 li-

161 2351 319 2421 gandi
351 2358 405 2405 te
435 2350 635 2421 ipsum,
666 2350 829 2405 etiam
859 2364 889 2403 a
916 2365 1024 2420 quo
1055 2350 1250 2421 ligatus
1284 2359 1517 2416 tenetur,
1543 2349 1756 2405 solven-

162 2441 318 2511 dique
341 2439 491 2511 (218)
520 2440 688 2508 illam,
710 2438 976 2509 judicium
1009 2440 1161 2508 illud,
1190 2440 1552 2512 principatum
1585 2440 1758 2509 illum,

163 2531 519 2603 angelieatum
548 2531 722 2597 illum,
747 2531 1158 2602 apostolicatum
1182 2532 1354 2599 illum,
1388 2531 1759 2602 pontificatum

163 2623 327 2690 illum,
381 2630 668 2696 regnatum
715 2622 888 2689 illum,
935 2622 1365 2694 pastoralitatem
1415 2622 1581 2689 illam,
1629 2638 1757 2693 pos-

163 2723 333 2772 tremo
363 2718 531 2788 (quod
564 2717 651 2772 his
672 2717 925 2772 omnibus
947 2727 1031 2773 est
1051 2716 1418 2789 przestantius)
1452 2716 1759 2773 unctionem

164 2818 215 2864 et
249 2808 563 2864 dealitatem
604 2808 750 2863 illam
790 2824 896 2863 non
935 2809 1114 2880 possis
1152 2819 1243 2863 tua
1278 2809 1353 2876 vi,
1397 2817 1486 2864 tuo
1518 2809 1759 2879 judicio,

165 2906 251 2954 tua
283 2901 634 2965 auctoritate,
670 2908 762 2954 tua
796 2899 987 2955 tollere
1014 2910 1283 2972 potestate
1313 2919 1325 2954 :
1357 2915 1592 2973 agnosce
1624 2901 1760 2955 mul-

166 2999 273 3046 tum
298 3006 462 3061 supra
492 3000 548 3047 te
578 3007 716 3058 esse,
744 2993 890 3062 quod
923 3001 1131 3047 tantum
1168 2994 1285 3063 ipso
1314 2993 1425 3047 Deo
1450 2993 1602 3049 vides
1631 3010 1759 3065 pro-

164 3085 444 3156 pinquare,
462 3093 522 3140 ut
544 3086 649 3141 nisi
670 3085 739 3139 ab
764 3086 878 3155 ipso
900 3084 1125 3152 auferri,
1141 3087 1209 3140 ab
1232 3088 1347 3155 ipso
1370 3086 1549 3141 valeat
1571 3087 1759 3153 tribui,

1859 1891 1949 1961 qui
1974 1907 2159 1963 supra,
2182 1891 2306 1948 odio
2330 1891 2575 1946 nocentis
2599 1891 2963 1947 innocentiam
2990 1895 3240 1965 perdere.
3257 1894 3465 1950 Oecur‘

1861 1984 2023 2039 risset
2060 1984 2224 2037 etiam
2268 1982 2451 2037 animo
2491 1984 2691 2039 factum
2731 1983 2936 2050 David,
2963 1985 3234 2054 quomodo
3271 1999 3459 2055 perse-

1860 2085 2115 2146 quentem
2149 2091 2206 2130 se
2237 2075 2387 2140 Saul,
2422 2076 2522 2131 sibi
2556 2091 2586 2129 a
2620 2075 2730 2130 Deo
2766 2076 3020 2130 traditum
3061 2077 3362 2141 inveniens,
3404 2085 3460 2132 et

1860 2184 1890 2222 a
1933 2168 2046 2222 suis
2089 2176 2149 2222 ut
2185 2182 2308 2221 eum
2359 2167 2544 2221 feriret
2592 2182 2804 2232 suasus,
2856 2167 3118 2233 noluerit;
3169 2169 3457 2238 potiusque

1859 2264 2059 2319 dixerit
2087 2281 2100 2317 :
2130 2261 2401 2333 Propitius
2428 2263 2554 2317 milii
2574 2263 2640 2317 sit
2664 2262 2830 2329 Deus,
2854 2279 2915 2317 ne
2938 2262 3218 2317 extendant
3241 2278 3456 2316 manum

1858 2356 1913 2410 in
1941 2357 2191 2410 c/tristum
2218 2354 2431 2409 Domini
2455 2353 2506 2426 (1
2534 2353 2661 2423 lleg.
2689 2369 2839 2420 xxvr,
2870 2353 2982 2423 II).
3004 2352 3060 2409 In
3088 2367 3195 2424 quo
3220 2352 3455 2423 primum

1860 2445 2194 2510 notavisses,
2236 2443 2378 2514 quod
2409 2443 2701 2514 pr0pitium
2726 2440 2833 2498 'sibi
2868 2442 2983 2497 fieri
3015 2444 3183 2497 Deum
3214 2443 3455 2512 postula-

1860 2537 2028 2601 verit,
2063 2551 2131 2591 ne
2160 2536 2362 2590 faceret
2390 2536 2535 2606 quod
2572 2534 2690 2606 ipso
2724 2534 2902 2591 locum
2933 2535 2982 2590 ei
3018 2535 3182 2589 dante
3206 2535 3352 2605 juste
3377 2535 3459 2591 fa-

1861 2644 1989 2685 cere
2015 2637 2247 2701 poterat.
2275 2628 2368 2683 Vae
2388 2627 2533 2683 enim
2563 2627 2634 2694 ei,
2661 2628 2751 2697 qui
2784 2627 3082 2682 secundum
3112 2626 3456 2683 Psalmistatn

1862 2723 2155 2779 dimittitur
2181 2721 2444 2777 voluntati
2476 2735 2587 2776 sum
2617 2718 2790 2791 (Psal.
2836 2735 2997 2787 Lxxx,
3030 2719 3140 2790 l5);
3182 2735 3302 2775 cum
3333 2736 3459 2775 cor-

1863 2824 2051 2887 ruptos
2090 2823 2146 2870 ct
2181 2813 2572 2869 abominabiles
2612 2810 2805 2885 (Psal.
2849 2828 2971 2878 xm,
3012 2812 3082 2884 l)
3125 2814 3309 2884 utique
3349 2814 3461 2869 Deo

1863 2908 2123 2978 quosdam
2155 2908 2209 2961 in
2241 2906 2435 2962 studiis
2463 2906 2577 2961 suis
2607 2904 2779 2961 factos
2801 2904 2928 2960 alibi
2960 2916 3151 2961 notans
3179 2904 3461 2976 Scriptura

1864 2997 2007 3051 dicat
2041 3015 2051 3049 :
2088 2994 2215 3051 Post
2251 2995 2698 3066 concupiscentias
2722 3005 2841 3050 tuas
2869 3013 2972 3050 non
2997 3013 3107 3060 eas,
3138 3006 3184 3051 et
3216 3016 3246 3050 a
3280 2996 3461 3050 volun-

1862 3099 1969 3143 tate
1996 3101 2087 3143 tua
2113 3100 2342 3145 avertere
2369 3088 2566 3160 (Eccli.
2600 3105 2755 3157 xvnl,
2783 3088 2853 3142 50
2872 3088 2912 3161 );
2937 3099 3025 3144 ct:
3056 3090 3191 3144 Sunt
3220 3090 3312 3144 rite
3341 3106 3460 3159 qua:

166 3178 229 3231 ab
263 3177 380 3248 ipso
419 3179 475 3231 in
514 3177 599 3233 sui
639 3177 914 3232 consortio
955 3187 1232 3233 mereatur
1269 3178 1340 3232 ita
1379 3179 1760 3235 insolubillime
1786 3183 1832 3247 C
1863 3181 2104 3234 videntur
2131 3180 2427 3235 hominibus
2456 3190 2625 3243 rectw,
2654 3197 2881 3249 quarunt
2912 3180 3035 3248 βιιέ
3069 3196 3229 3250 usque
3259 3181 3310 3233 in
3338 3195 3463 3249 pro-

164 3270 342 3334 asciri,
386 3280 448 3324 ut
486 3286 516 3323 a
558 3269 707 3324 nullo
741 3286 799 3325 se
835 3270 1040 3326 intacto
1076 3270 1252 3325 valeat
1288 3272 1456 3343 tangi.
1496 3271 1628 3326 Nam
1669 3272 1759 3327 illa

164 3364 363 3428 omnia,
392 3380 535 3433 qum,
567 3364 685 3434 ipso
716 3363 848 3418 licet
875 3364 1114 3431 nolente,
1146 3365 1273 3420 dum
1309 3375 1415 3420 tant
1447 3366 1791 3421 terribiliter.

164 3454 458 3520 interdicit,
502 3456 597 3510 sed
640 3465 821 3509 tamen
859 3454 1008 3526 (219)
1040 3458 1411 3526 permittente,
1446 3460 1514 3511 ab
1544 3458 1763 3515 homine

165 3552 237 3607 eis
255 3550 333 3625 [id
361 3562 437 3606 est
464 3551 757 3623 episcopis]
788 3559 1016 3622 possunt
1045 3550 1234 3622 inlligi,
1262 3552 1387 3607 licet
1418 3553 1650 3606 maxima
1678 3553 1785 3607 ἰιιοο

162 3645 298 3716 juria
333 3647 409 3700 sit
437 3645 555 3708 Dei,
588 3646 825 3699 maxima
870 3644 1086 3699 miseria
1128 3632 1428 3709 inferentis,
1467 3646 1765 3700 inaestima-

167 3736 284 3794 bilis
313 3748 498 3793 tamen
525 3737 693 3807 gloria
725 3736 969 3807 ejusdem
1001 3748 1084 3791 est
1115 3737 1348 3803 ordinis;
1383 3738 1525 3806 quod
1563 3745 1765 3791 testan-

170 3838 254 3884 tur
285 3830 362 3883 illi
395 3829 487 3900 qui
515 3830 658 3883 ibant
689 3829 976 3899 gaudentes
1008 3846 1039 3882 a
1067 3843 1341 3896 conspectu
1372 3828 1598 3892 concilii,
1633 3846 1764 3901 quo—

173 3926 308 3975 niam
340 3923 491 3992 digni
524 3922 689 3975 habiti
721 3929 845 3975 sunt
876 3938 969 3992 pro
1003 3922 1208 3976 nomine
1237 3920 1366 3975 Jesu
1396 3922 1767 3976 contumeliam

170 4018 274 4083 pati
306 4018 448 4085 (Act.
478 4029 529 4079 v,
556 4014 668 4083 41).

241 4109 328 4165 18.
371 4153 385 4163 .
431 4148 441 4162 .
486 4147 501 4163 .
545 4150 559 4162 .
604 4148 617 4161 .
660 4108 901 4178 graviter
931 4106 1079 4175 (2‘20)
1108 4118 1295 4164 contra
1330 4107 1545 4163 dantem
1573 4108 1767 4174 erexit,

174 4202 296 4256 dum
326 4212 439 4256 tam
469 4202 785 4256 immaniter
815 4200 965 4255 illum
994 4198 1246 4265 offendit;
1273 4199 1399 4270 quid
1428 4200 1494 4254 ad
1526 4201 1611 4254 te?
1633 4198 1771 4266 Quia

177 4310 350 4349 meum
370 4334 387 4359 ,
418 4293 629 4363 inquis,
663 4292 905 4347 turbavit
937 4306 1161 4363 regnum
1182 4333 1195 4358 ,
1230 4292 1521 4347 concitavit
1550 4290 1731 4361 pra3lia
1754 4331 1769 4357 ,

176 4387 385 4454 przedas
419 4384 741 4438 innumeras
774 4382 1041 4436 exercuit.
1079 4380 1193 4436 Non
1230 4391 1380 4451 puto,
1419 4382 1675 4452 inquam;
1718 4389 1774 4435 at

178 4492 303 4533 vero
337 4477 603 4541 dicamus,
642 4474 855 4540 fecerit,
888 4474 1133 4530 dicamus
1167 4474 1261 4528 tibi
1294 4490 1499 4529 morem
1538 4475 1775 4546 gerendo

1863 3274 2086 3344 fundum
2110 3272 2302 3342 inferni
2323 3272 2572 3343 demergit
2597 3269 2776 3342 (Rrov.
2807 3287 2917 3337 xvr,
2940 3271 3054 3343 25);
3077 3282 3132 3327 ct
3152 3272 3465 3327 desiderent

1863 3364 2080 3434 quidem
2116 3362 2433 3433 plerumque
2452 3362 2715 3427 nonnulli,
2746 3364 2888 3432 quod
2921 3362 3062 3417 tnalo
3090 3378 3189 3417 suo
3220 3362 3460 3417 exauditi

1866 3456 2040 3511 solent
2071 3456 2336 3523 accipere.
2372 3454 2523 3510 Unde
2554 3455 2772 3523 quidam
2804 3454 2940 3508 satis
2971 3452 3148 3523 lepide
3178 3467 3192 3505 :
3228 3451 3321 3506 Nil
3350 3463 3461 3506 tam

1864 3548 2133 3610 insanum,
2164 3546 2357 3614 inquit,
2386 3561 2542 3615 quam
2574 3544 2628 3597 id
2658 3544 2979 3609 desiderare,
3006 3560 3098 3611 per
3124 3543 3263 3614 quod
3291 3544 3464 3612 possis

1864 3639 2054 3709 perire.
2089 3637 2238 3691 Alius
2279 3637 2404 3703 item
2443 3635 2652 3690 scilicet
2686 3634 2882 3701 facete,
2917 3645 3177 3706 quantum
3214 3635 3326 3702 ipsa
3358 3632 3462 3688 Sa-

1866 3729 2070 3800 pientia
2094 3729 2321 3783 docente
2352 3746 2364 3781 :
2396 3725 2452 3782 Si
2483 3728 2729 3781 miserum
2758 3738 2854 3791 est,
2886 3728 2982 3793 ait,
3017 3728 3238 3781 voluisse
3273 3744 3459 3796 prara,

1867 3823 2097 3891 potuisse
2126 3822 2368 3874 miserius
2395 3829 2489 3874 est.
2516 3818 2618 3873 Job
2646 3829 2828 3873 autem
2862 3836 2875 3872 :
2907 3819 3191 3873 Abundant
3213 3861 3227 3883 ,
3263 3820 3459 3888 inquit,

1869 3912 2205 3968 tabernacula
2231 3912 2572 3983 prwdonum,
2604 3922 2649 3965 ct
2682 3912 2935 3965 audacter
2960 3922 3239 3981 provocant
3270 3912 3464 3977 Deum,

1870 4022 1987 4059 cum
2010 4004 2097 4059 ille
2121 4004 2297 4059 ontniu
2320 4004 2520 4057 dederit
2548 4005 2601 4057 in
2642 4003 2887 4057 manibus
2909 4018 3088 4057 eorum
3117 4001 3239 4073 (Job
3262 4019 3362 4069 xu,
3385 4004 3464 4074 li).

1872 4096 2027 4152 Unde.
2050 4106 2231 4151 autem
2260 4096 2552 4166 prwdones,
2584 4111 2706 4149 cum
2738 4095 2876 4150 Deus
2903 4095 3126 4158 dederit,
3160 4096 3263 4151 nisi
3296 4097 3464 4165 quod,

1871 4189 1982 4243 Deo
2017 4189 2364 4260 permittente
2397 4188 2544 4258 juste
2572 4228 2587 4252 ,
2629 4187 2717 4242 isti
2758 4187 2825 4242 ad
2864 4188 3101 4258 prcedam
3141 4197 3468 4243 exarserunt

1872 4283 2105 4354 injuste?
2142 4282 2299 4339 Unde
2333 4283 2586 4337 audacter
2612 4294 2926 4353 provocant,
2961 4284 3063 4339 nisi
3098 4298 3161 4338 ex
3194 4300 3291 4349 co,
3326 4286 3471 4341 unde

1872 4376 1953 4431 eis
1977 4376 2119 4431 Deus
2139 4375 2337 4441 locum,
2364 4385 2459 4430 aut
2485 4384 2705 4446 pr0ptcr
2730 4376 3157 4445 c'tstigat‘oncm,
3184 4385 3277 4431 aut
3304 4394 3471 4449 prop-

1876 4481 1957 4527 ter
1987 4486 2200 4542 poenam
2244 4470 2671 4541 delinquentium
2695 4469 2861 4533 dedit,
2898 4479 3161 4526 autcerte
3185 4471 3472 4527 maloillo-

176 4584 287 4639 pro,
308 4569 458 4624 libitu
481 4578 600 4623 tuo.
639 4566 820 4632 Sed,o
848 4566 1076 4620 utinam!
1096 4574 1380 4636 postquam
1397 4580 1519 4621 eum
1556 4574 1773 4635 captum
1802 4565 1852 4627 D
1881 4580 2032 4630 rum,
2062 4573 2120 4619 ut
2147 4564 2355 4620 scilicet
2384 4563 2483 4618 sibi
2521 4564 2690 4617 relicti
2719 4605 2733 4628 ,
2770 4578 2872 4618 nec
2894 4577 2923 4615 a
2953 4563 3163 4619 medico
3192 4564 3472 4634 prohibiti,

180 4663 227 4717 in
253 4674 341 4719 tua
366 4662 601 4719 habuisti
626 4668 916 4732 potestate,
942 4661 1049 4714 Deo
1074 4660 1442 4730 permittente,
1465 4673 1771 4729 quanquam

177 4758 386 4813 nolente
425 4757 630 4828 (neque
667 4755 815 4811 enim
857 4752 937 4809 fas
967 4761 1050 4808 est
1078 4752 1341 4808 fautorem
1372 4767 1495 4807 eum
1528 4767 1646 4807 esse
1676 4765 1771 4806 ee-

178 4864 323 4915 rum,
356 4864 475 4919 quae
505 4861 574 4902 ne
608 4847 807 4902 ﬁerent
837 4844 1145 4909 interdixit,
1176 4843 1283 4900 dici
1313 4843 1395 4900 vel
1422 4844 1591 4915 credi)
1622 4858 1773 4899 reco-

178 4939 365 4998 luisses
403 4942 554 4997 illum
596 4940 807 4995 dixisse
845 4938 1119 5002 omnibus,
1155 4953 1279 4994 cum
1320 4938 1590 5008 praecipue
1630 4939 1721 4993 tibi
1757 4955 1770 4992 :

180 5096 342 5168 signia
364 5094 777 5174 cantare/tensus
810 5091 875 5145 ab
902 5089 1083 5174 aliqua
1112 5104 1478 5171 conseruorum
1503 5090 1776 5174 arce/lente

1878 4661 2042 4714 edant
2066 4657 2205 4712 unde
2233 4663 2519 4711 uecentur:
2546 4655 2735 4710 bibant
2760 4655 2984 4711 calicem
3017 4656 3213 4711 furoris
3239 4656 3477 4717 Domini,

1879 4749 2022 4805 unde
2044 4748 2295 4805 inebriati
2320 4748 2540 4819 gravius
2565 4757 2823 4802 corruant
2847 4748 2899 4802 in
2924 4756 3188 4802 :clernum
3213 4746 3432 4817 perituri
3456 4761 3472 4809 ;

1881 4847 2211 4912 exaggerent
2235 4839 2488 4904 erimina,
2517 4839 2658 4893 unde
2697 4838 2869 4908 major
2907 4838 2987 4892 cis
3027 4839 3352 4895 accendatur
3388 4850 3478 4904 ge-

1884 4937 2058 4991 Itenna
2080 4976 2093 5002 ,
2130 4936 2365 5007 apposita
2402 4947 2616 5003 semper
2653 4933 2929 5004 iniquitate
2966 4948 3122 5002 super
3159 4927 3481 5000 iniquitatem

1960 5095 2109 5174 (ξιξ)
2151 5094 2309 5174 [itam
2330 5093 2543 5174 scilicet
2569 5099 2879 5174 potestatem
2908 5084 3166 5174 solvendi.

3286 5152 3483 5174 ιεΑωΑοδι
