4018 5406
579 376 683 434 267

1527 314 1857 439 BATﬂEllli
1894 366 2107 425 EPISC.
2146 365 2402 429 vsaou.
2444 368 2596 428 ore.
2634 369 2816 431 psus
2852 370 2896 428 l.

578 503 759 542 eorum
797 483 970 556 (Psal.
1004 499 1171 538 uvm
1191 521 1209 546 ,
1240 482 1353 552 28),
1393 482 1518 535 dum
1556 479 1764 534 scilicet
1797 478 2031 551 maligna
2065 492 2161 535 vo-
2188 484 2244 551 Α
2273 478 2414 535 Petr.
2442 497 2504 549 ιι,
2533 482 2612 552 9),
2643 495 2699 540 et
2737 482 2884 540 Petri
2912 482 3313 549 testimonium,
3345 491 3401 540 et
3447 483 3619 540 millia
3648 498 3849 558 appro-

582 578 761 632 luntas
789 588 975 631 eorum
1004 572 1392 642 nequissimum
1424 568 1672 639 pervenit
1699 569 1766 623 ad
1792 567 2076 635 effectum,
2104 577 2167 626 ut

583 687 691 724 non
722 670 912 723 intrent
951 666 1007 720 in
1033 664 1299 736 justitiam
1331 661 1452 728 Dei,
1492 660 1587 717 sed
1624 659 1896 716 deleantur
1930 660 1995 716 de
2028 660 2165 715 libro

583 758 878 821 viventium,
908 768 955 811 et
995 771 1110 810 cum
1157 753 1309 816 iustis
1349 768 1455 807 non
1497 753 1797 807 scribantur
1816 750 2007 824 (Ibid.,
2045 750 2161 822 29).

582 847 825 916 Paupere
854 854 909 901 et
939 845 1153 903 dolente
1181 858 1211 898 a
1242 843 1421 898 salute
1451 842 1544 898 Dei
1573 851 1849 914 suscepto,
1869 852 1932 899 ut
1953 842 2167 916 magni-

584 936 708 994 licet
734 954 855 994 eum
889 937 943 991 in
973 936 1162 1000 laude,
1190 943 1245 991 et
1271 934 1451 990 laudet
1479 949 1678 992 nomen
1711 934 1830 1007 ejus
1861 936 1916 991 in
1951 934 2165 1001 cantico

580 1029 745 1098 (Ibid.
780 1030 890 1099 3|).
953 1028 1101 1084 Unde
1144 1041 1302 1097 ergo,
1327 1035 1386 1082 ut
1406 1026 1537 1091 dixi,
1562 1026 1658 1083 Dei
1682 1025 1818 1083 iram
1842 1035 2163 1099 provocant,

579 1118 681 1173 nisi
698 1118 835 1172 unde
849 1117 958 1171 Deo
971 1117 1217 1190 quamvis
1237 1116 1603 1173 secretissimo
1617 1117 1921 1174 consiliisui
1935 1117 2167 1188 disposi-

578 1217 634 1263 to
653 1209 997 1278 permittente
1015 1248 1028 1271 ,
1048 1207 1222 1262 locum
1248 1206 1595 1277 accipientes,
1607 1208 1791 1264 omnia
1804 1222 1927 1280 quas
1943 1208 2047 1276 ira,
2065 1222 2164 1267 cu-

576 1296 805 1368 piditas,
840 1295 919 1351 vel
949 1296 1198 1366 superbia
1244 1310 1429 1351 eorum
1462 1296 1659 1365 dictat,
1688 1308 1886 1370 agunt,
1914 1314 2017 1356 nec
2039 1313 2165 1372 per-

574 1389 845 1443 mittentis
858 1388 1126 1458 justitiam
1152 1397 1421 1454 verentes,
1446 1403 1545 1452 nee
1566 1389 1823 1460 pietatem
1850 1401 2160 1462 pensantes,

574 1494 677 1533 nec
697 1477 982 1548 ancipitem
1009 1477 1103 1532 Dei
1128 1476 1362 1547 gladium
1390 1487 1711 1548 metuentes,
1734 1496 1837 1538 nec
1857 1492 2163 1555 respectum

574 1584 738 1639 super
760 1568 1103 1624 amictionem
1134 1568 1455 1624 miserorum
1481 1572 1923 1642 considerantes,
1956 1583 2165 1646 postre-

573 1676 665 1719 mo
703 1675 771 1717 ne
807 1661 889 1718 vel
928 1661 1124 1717 suimet
1166 1661 1600 1719 consideratione
1648 1664 1879 1721 aliorum
1927 1668 2167 1724 miseriis

2264 571 2396 627 bant
2422 571 2877 630 testimoniorum.
2901 574 3054 642 Quod
3079 574 3311 646 denique
3336 576 3707 633 testimonium
3737 578 3853 635 alio

2264 658 2526 717 festinans
2547 676 2748 732 ponere
2769 678 2876 719 non
2905 678 3312 735 proposueram,
3345 665 3442 722 sed
3461 665 3591 737 quia
3622 681 3686 724 se
3702 667 3853 725 ultro

2264 746 2483 814 obtulit,
2509 750 2671 821 abjici
2713 752 3022 810 nullomodo
3049 753 3267 824 potuit:
3297 753 3480 813 forsan
3530 773 3634 815 nec
3667 759 3852 816 minus

2264 834 2400 893 alias
2427 837 2511 894 sui
2535 842 2935 911 opportunitate
2962 841 3182 901 valebit.

2334 926 2426 982 20.
2449 926 2650 987 Verum
2693 940 2870 1003 potest
2906 931 3058 999 ﬁeri,
3088 940 3148 988 ut
3187 947 3288 1004 per
3329 941 3498 992 totum
3529 936 3607 992 ita
3635 948 3701 995 se
3733 952 3855 996 rem

2264 1031 2374 1074 non
2398 1017 2618 1086 habere,
2646 1030 2709 1078 ut
2731 1023 2898 1091 dicis,
2917 1024 3255 1082 inveniamus
3272 1065 3289 1093 ,
3315 1025 3360 1082 si
3385 1026 3711 1085 ventilemus
3743 1029 3861 1086 dis»-

2265 1109 2479 1167 cussius
2519 1111 2690 1184 (222).
2731 1114 2928 1172 Videor
2948 1116 3093 1173 enim
3128 1116 3264 1174 mihi
3303 1117 3507 1188 optime
3549 1118 3861 1190 intelligere

2264 1203 2396 1274 quid
2421 1204 2780 1266 desiderares.
2803 1206 2986 1280 Lupus
3006 1209 3152 1267 enim
3174 1225 3300 1268 cum
3317 1210 3397 1269 sis
3414 1211 3556 1283 ipse,
3577 1222 3861 1284 pastore-

2267 1295 2517 1352 timidum
2549 1312 2850 1369 canemque
2876 1306 3086 1357 mutum
3109 1300 3277 1358 velles
3314 1302 3580 1360 invenire.
3623 1302 3694 1360 Et
3729 1318 3860 1360 cum

2267 1386 2527 1445 Ecclesiae
2559 1391 2634 1446 sis
2676 1390 2925 1462 publicus
2951 1392 3155 1461 pmdo,
3202 1393 3664 1450 contradictorem
3700 1394 3858 1449 inve-

2268 1479 2376 1535 niri
2404 1480 2571 1539 velles
2609 1481 2834 1538 nullum.
2878 1481 3010 1549 Sed,
3041 1498 3076 1540 o
3100 1484 3463 1555 importabilis
3506 1485 3756 1541 sarcina!
3797 1494 3862 1541 et

2266 1571 2360 1628 ubi
2385 1573 2491 1630 erit
2516 1590 2530 1628 :
2559 1571 2682 1629 Non
2711 1573 2883 1629 solum
2910 1575 3003 1646 qui
3041 1574 3265 1645 faciunt.
3296 1577 3386 1633 sed
3411 1578 3573 1632 etiam
3607 1577 3702 1648 qui
3728 1593 3861 1631 cois-

2267 1666 2496 1721 sentiunt
2520 1665 2853 1735 facientibus,
2884 1665 3030 1737 digni
3072 1674 3194 1722 sunt
3224 1667 3430 1723 morte?
3450 1665 3631 1739 (Rom.
3666 1683 3707 1732 ι,
3735 1666 3860 1737 '52.)

574 1752 940 1817 condolentes,
972 1765 1148 1821 neque
1190 1752 1495 1824 prophetici
1541 1753 1683 1809 illius
1726 1755 2038 1828 improperii
2079 1773 2165 1814 re-
2274 1755 2373 1813 Ubi
2400 1757 2543 1827 quod
2572 1757 2703 1814 dicit
2734 1756 2863 1814 alibi
2896 1757 3037 1813 idem
3073 1775 3087 1811 :
3116 1756 3425 1827 Quicunque
3458 1756 3683 1812 uoluerit
3711 1758 3858 1811 ami-

574 1847 944 1911 miniscentcs,
981 1860 1087 1916 quo
1114 1846 1217 1903 sub
1242 1861 1475 1918 persona
1508 1846 1685 1918 impiae
1713 1847 2003 1921 Babylonis
2042 1849 2163 1906 tali-
2190 1874 2241 1936 Β
2267 1862 2359 1901 eus
2409 1846 2589 1901 surculi
2628 1847 2787 1917 hujus
2831 1863 2973 1913 esse,
3029 1846 3271 1901 inimicm
3316 1846 3416 1902 Dei
3466 1845 3860 1902 constituitur!

482 1993 496 2011 ,
572 1937 674 1992 llus
712 1937 967 1993 Dominus
996 1937 1327 2006 exprobrat,
1368 1936 1553 1993 dicens
1584 1952 1599 1990 :
1629 1936 1810 1994 Iratus
1847 1956 1966 1995 sum
2004 1958 2162 2011 super
2192 1934 2221 1936 θ’
2266 1936 2410 2009 (Jac.
2442 1952 2513 2003 tv,
2540 1936 2620 2007 4.)
2651 1935 2753 1993 Ubi
2785 1937 2913 1993 illud
2941 1935 3240 1992 Psalmista:
3268 1954 3282 1991 :
3307 1934 3367 1990 Si
3402 1934 3615 1991 videbas
3654 1935 3859 2005 furem,

571 2029 822 2099 populum
860 2044 1059 2092 meum;
1100 2029 1453 2084 contaminavi
1490 2028 1846 2086 Iurreditatem
1886 2049 2076 2099 meam,
2112 2043 2162 2089 et
2265 2028 2510 2083 currebas
2534 2044 2654 2082 cum
2674 2044 2733 2082 80
2757 2025 2931 2099 (Ρεαιο
2958 2043 3104 2096 XLIX.
3136 2026 3247 2099 19),
3271 2027 3324 2082 Μ
3343 2034 3451 2092 εει»
3472 2026 3861 2083 consulum

573 2120 693 2173 dedi
719 2136 805 2174 eos
836 2122 887 2174 in
918 2137 1077 2175 manu
1107 2130 1232 2185 tua;
1265 2136 1371 2175 non
1399 2120 1621 2189 posuisti
1649 2122 1722 2176 eis
1752 2111 2157 2191 misericordias,

572 2220 619 2265 et
648 2211 918 2264 recordata
949 2227 1001 2265 es
1029 2210 1295 2265 novissimi
1321 2211 1399 2265 tui
1424 2212 1581 2282 (Isai.
1610 2228 1779 2279 xnvu,
1804 2214 1881 2286 6);
1912 2215 2165 2271 terribii-

572 2311 760 2372 terque
783 2310 904 2373 post
925 2302 1197 2373 aliquanta
1218 2302 1592 2359 concludentis
1616 2323 1629 2357 :
1663 2304 1863 2371 Veniet,
1886 2307 2159 2378 inquiens,

570 2409 726 2463 super
753 2402 802 2447 te
834 2391 1051 2457 malum,
1082 2402 1126 2446 et
1161 2393 1356 2447 nescies
1392 2393 1548 2463 12],
1607 2404 1781 2449 ortum
1828 2396 1979 2466 ejus;
2006 2410 2052 2451 et
2082 2400 2159 2451 ir-

571 2494 686 2538 ruet
708 2500 862 2554 super
889 2495 934 2538 te
958 2483 1250 2550 calamitas,
1273 2499 1431 2554 quam
1458 2500 1562 2538 non
1588 2484 1780 2554 poteris
1802 2487 2032 2557 expiare.
2064 2485 2164 2543 Ve-

571 2581 679 2634 niet
718 2595 873 2650 super
913 2591 959 2634 te
1002 2579 1231 2644 miseria,
1277 2594 1435 2650 quam
1478 2578 1644 2634 nescis
1681 2578 1842 2652 (leni.
1878 2597 2046 2647 xnvn,
2081 2581 2158 2649 6),

506 2719 513 2727 .
572 2678 908 2739 caeteraque,
955 2670 1150 2739 quibus
1195 2669 1404 2736 nescio,
1433 2678 1637 2738 utrum,
1692 2670 1820 2743 quid
1868 2673 2164 2730 terribilius

571 2769 737 2833 queat
774 2760 1045 2815 inveniri?

648 2851 730 2906 l9.
763 2848 913 2917 Quod
948 2852 1016 2917 si,
1047 2859 1107 2905 ut
1142 2850 1210 2906 ad
1236 2851 1404 2907 David
1430 2852 1750 2918 redeamus,
1777 2869 1929 2911 more
1965 2892 1980 2908 .
2022 2893 2038 2909 .
2081 2894 2096 2908 .
2142 2894 2158 2910 .

571 2944 931 3001 usitatissimo
978 2943 1311 3014 respondens
1359 2942 1758 3019 [respondeas],
1800 2961 2008 3017 magnas
2034 2945 2157 3017 qui-

2267 2121 2355 2178 ei?
2380 2120 2526 2188 Hatc,
2561 2121 2720 2192 122
2746 2130 2806 2175 ιιι
2845 2120 3068 2191 opinor,
3098 2134 3261 2176 causa
3305 2118 3407 2175 luit
3442 2117 3691 2185 dissidii;
3740 2118 3861 2174 haec

2265 2222 2416 2280 nota,
2461 2214 2606 2284 quod
2633 2212 2854 2284 ingeris,
2888 2212 3166 2277 criminis;
3198 2211 3342 2281 quod
3370 2208 3623 2266 videlicet
3668 2216 3731 2265 tu
3770 2224 3861 2267 res

2264 2320 2454 2362 omnes
2506 2304 2721 2361 volebas
2763 2312 2952 2359 tenere
3004 2301 3297 2367 Ecclesiae,
3340 2316 3466 2357 eum
3513 2315 3647 2357 vero
3703 2298 3861 2370 (235)

2265 2395 2664 2451 mercenarium
2696 2393 2796 2458 tui,
2827 2408 2934 2449 non
2957 2400 3229 2463 pastorem
3259 2390 3437 2462 gregis
3463 2404 3588 2447 esse
3611 2388 3857 2453 Christi;

2264 2489 2477 2560 hocque
2510 2488 2615 2543 sibi
2650 2487 2939 2557 displicere
2984 2485 3166 2556 aliquo
3212 2481 3500 2541 resistendi
3527 2480 3865 2539 monstravit

2264 2598 2483 2657 genere,
2514 2595 2693 2653 regem
2736 2589 2788 2636 te
2817 2580 2933 2650 ipsa
2977 2575 3299 2650 etymologia
3334 2589 3535 2647 pensus
3571 2573 3672 2630 ubi
3711 2581 3864 2631 recte

2265 2690 2485 2746 ageres.
2536 2672 2712 2729 iurem
2763 2671 2856 2729 ubi
2901 2670 3245 2742 sacrilegium
3287 2676 3635 2740 perpetrares
3681 2666 3860 2739 (22‘).

2262 2768 2531 2825 Caeterum
2575 2763 2838 2835 quidquid
2879 2761 3085 2819 factum
3115 2762 3226 2829 sit,
3259 2760 3521 2831 quidquid
3567 2773 3864 2831 μεῖνα-θαι

2264 2858 2550 2931 contigerit
2586 2856 2683 2929 (ita
2712 2855 2858 2913 enim
2884 2861 3171 2913 sermnest
3200 2852 3461 2925 agendus.
3503 2866 3607 2908 cett
3648 2849 3862 2909 factum

2261 2950 2428 3006 fuerit
2472 2957 2529 3005 et
2558 2947 2869 3020 contigerit)
2893 2946 3039 3018 quod
3064 2960 3132 3001 ne
3155 2944 3250 3002 list
3274 2952 3331 3001 et
3356 2943 3659 3015 contingat,
3690 2943 3868 2999 inter-

573 3020 703 3090 dem‘
747 3035 1020 3107 patientiae
1080 3034 1212 3090 illud
1266 3035 1569 3117 exemplum
1621 3035 1868 3109 [subaudi
1916 3036 2162 3111 Davidis]
2263 3042 2443 3099 dicere
2467 3040 2619 3098 labor
2643 3040 2733 3096 hic
2761 3047 2946 3096 noster
2983 3037 3308 3095 contendit:
3340 3035 3725 3105 nunquidnam
3754 3048 3864 3091 non

572 3128 768 3193 fuisse,
816 3128 911 3183 sed
960 3128 1121 3184 hodie
1162 3128 1267 3184 ista
1314 3143 1424 3185 non
1472 3139 1815 3201 competere;
1860 3130 2159 3202 respondeo
2260 3132 2449 3205 debuit
2489 3141 2681 3190 auctor
2707 3131 2836 3188 lacti
2868 3129 3078 3200 judicio
3103 3143 3374 3186 canonum
3415 3127 3569 3198 prius
3613 3125 3867 3197 legitime

571 3221 698 3292 quia
730 3219 901 3291 magis
937 3219 1097 3275 hodie
1130 3219 1389 3290 competit
1437 3219 1568 3275 talia
1610 3235 1772 3291 quam
1821 3230 1949 3277 tunc
1978 3237 1993 3274 :
2030 3228 2161 3278 tunc
2187 3224 2236 3291 ο
2264 3223 2599 3290 examinari,
2629 3232 2686 3280 et
2714 3222 2762 3279 si
2783 3220 3027 3292 legaliter
3053 3220 3249 3283 luisset
3268 3218 3573 3285 convictus,
3604 3218 3727 3289 ipse
3748 3231 3866 3274 sua

572 3313 713 3369 enim
740 3312 886 3381 juste
916 3312 1113 3368 licebat
1153 3312 1360 3379 ulcisci,
1389 3312 1549 3368 modo
1591 3327 1693 3369 nec
1736 3313 1898 3369 irasci
1937 3312 2157 3386 (Matth,
2264 3314 2630 3374 damnationis
2680 3314 2859 3380 testis,
2896 3310 3068 3383 iudex
3114 3320 3172 3369 et
3211 3325 3408 3368 censor
3448 3307 3703 3375 eﬂ'ectue,
3749 3322 3865 3365 non

570 3422 627 3472 v,
662 3404 776 3476 22).
807 3404 941 3472 Hoc,
982 3405 1162 3476 inquis
1193 3405 1365 3477 (221),
1406 3404 1527 3461 ideo
1571 3405 1699 3476 quia
1736 3405 1988 3465 dominus
2030 3421 2163 3463 suus
2255 3409 2371 3483 jam
2396 3406 2750 3465 damnaretur
2778 3414 2839 3462 ut
2865 3403 3170 3476 episcopus,
3219 3403 3317 3460 sed
3360 3416 3450 3469 eo,
3492 3400 3540 3457 si
3575 3401 3655 3458 ita
3684 3414 3750 3459 se
3775 3400 3866 3457 lex

571 3496 783 3564 fuerat,
832 3497 959 3569 egit.
992 3496 1106 3563 Tu,
1144 3498 1398 3568 inquam,
1431 3497 1553 3553 ideo
1595 3497 1720 3567 quia
1764 3506 1949 3568 pastor
2003 3505 2158 3564 tuus,

569 3590 834 3660 propheta
866 3597 1010 3655 tuus,
1043 3587 1268 3660 angelus
1304 3596 1461 3654 tuus,
1483 3586 1653 3657 judex
1679 3596 1840 3655 tuus,
1865 3588 2009 3646 Deus
2036 3598 2163 3646 tuus

570 3683 766 3748 fuerat,
803 3681 1211 3738 convenientius
1248 3679 1492 3737 fecisses.
1517 3679 1731 3738 tVerutn
1758 3682 1803 3737 si
1830 3680 1991 3737 altius
2028 3682 2165 3753 quid

576 3776 632 3831 in
663 3773 967 3844 huiusmodi
1013 3773 1155 3828 iacto
1192 3772 1325 3829 velis
1374 3773 1583 3840 rimari,
1606 3775 1756 3847 scias
1799 3774 1966 3831 David
2015 3783 2068 3830 te
2105 3775 2164 3832 in

575 3868 680 3923 isto
707 3866 948 3933 turbato,
979 3874 1038 3920 ut
1072 3863 1229 3930 dicis,
1261 3880 1428 3936 regno
1458 3863 1711 3934 injuriam
1761 3872 1910 3920 tuam
1955 3866 2162 3937 sigmli-

574 3974 765 4024 casse;
797 3957 923 4013 Saul
947 3972 1076 4012 vero
1101 3965 1323 4013 unctum
1350 3957 1593 4028 quidem,
1621 3957 1719 4013 sed
1736 3956 1866 4025 justi
1911 3973 2164 4028 perseeu-

574 4062 775 4119 torem,
802 4051 1211 4123 praepositorum
1253 4050 1308 4105 in
1336 4050 1578 4106 Ecclesia
1596 4088 1613 4116 ,
1641 4049 1736 4105 sed
1781 4048 2163 4123 negligentiutn

576 4144 843 4217 ordinem.
876 4142 1007 4201 Saul
1046 4143 1229 4214 itaque
1265 4150 1458 4215 purgat
1486 4150 1732 4198 ventrem
1768 4139 1822 4214 (1
1855 4139 1978 4211 Reg.
2009 4157 2162 4208 xxiv,

576 4239 659 4312 4),
689 4255 813 4296 cum
840 4238 1064 4309 quilibet
1103 4252 1291 4292 eorum
1338 4236 1407 4292 de
1435 4252 1493 4292 se
1524 4234 1680 4291 malm
1716 4234 1991 4306 Opinionis
2017 4233 2167 4291 elicit

577 4330 827 4388 fetorem.
856 4329 1008 4386 Dolet
1036 4328 1203 4384 David
1232 4345 1291 4386 se
1318 4344 1469 4384 oram
1500 4328 1804 4400 chlamydis
1843 4328 1960 4399 ejus
1989 4328 2166 4384 absci-

582 4425 726 4481 disse
751 4422 943 4496 (lbid.,
972 4422 1051 4495 6),
1080 4422 1206 4493 quia
1249 4421 1405 4477 valde
1449 4419 1794 4476 metuendum
1829 4426 1914 4475 est
1944 4417 2168 4474 cuilibet

583 4558 602 4579 .
642 4558 660 4578 .
701 4559 715 4576 .
761 4559 776 4575 .
820 4558 836 4575 .
876 4558 893 4575 .
932 4518 1149 4575 etiamsi
1180 4517 1253 4573 sit
1278 4526 1333 4573 et
1363 4516 1477 4588 ipse
1523 4523 1721 4572 unctus
1765 4522 1827 4570 ut
1860 4512 2052 4579 David,
2081 4510 2167 4568 vel

2261 3502 2510 3569 haberet,
2534 3498 2802 3569 deposito,
2834 3504 2892 3553 et
2915 3495 3022 3552 alio
3042 3493 3300 3551 Ecclesiae
3325 3491 3646 3558 substituto,
3672 3498 3735 3546 et
3762 3491 3870 3547 iste

2261 3608 2473 3667 plenas.
2509 3594 2557 3651 si
2582 3591 2771 3658 velles,
2795 3590 2942 3662 iuste
2978 3588 3154 3644 lueret
3176 3601 3275 3657 pro
3305 3584 3624 3649 commisso,
3664 3591 3727 3638 et
3752 3590 3867 3638 tam

2262 3686 2695 3745 sacratissimum
2723 3680 3085 3737 ministerium
3109 3693 3217 3733 non
3244 3675 3539 3732 violaretur
3566 3673 3624 3729 iu
3651 3672 3866 3743 aliqua,

2262 3789 2320 3837 et
2344 3776 2588 3834 Ecclesia
2614 3783 2787 3831 mater
2812 3787 2908 3844 per
2941 3781 3048 3827 tam
3078 3769 3320 3827 diuturni
3364 3765 3630 3836 temporis
3658 3764 3865 3835 spatia.

2264 3879 2376 3927 tam
2432 3868 2598 3925 nimia
2624 3865 2996 3938 deperditione
3022 3878 3245 3920 suorum
3270 3860 3506 3917 ﬁliorum
3548 3875 3660 3917 non
3690 3857 3866 3914 susti-

2263 3971 2418 4021 neret
2441 3960 2788 4033 praeiudicia?
2814 3957 2918 4015 Ubi
2943 3956 3089 4014 enim
3128 3953 3299 4027 (225),
3327 3966 3465 4024 quos
3505 3965 3617 4006 uno
3655 3949 3864 4005 saltem

2262 4054 2508 4126 paschali
2558 4062 2799 4124 tempore
2847 4047 3036 4105 eadem
3081 4044 3265 4103 debuit
3306 4055 3521 4114 parere,
3575 4039 3695 4106 lilii,
3741 4039 3868 4109 ipsa

2267 4150 2464 4214 vidua,
2492 4155 2554 4202 ut
2586 4147 2664 4202 ita
2704 4146 2918 4212 dicam,
2963 4144 3081 4201 sine
3125 4139 3399 4201 consortio
3445 4147 3706 4209 tauquam
3755 4133 3868 4190 viri

2268 4241 2535 4300 existente
2586 4238 2791 4297 matre?
2833 4237 2893 4294 In
2935 4237 3119 4294 animo
3164 4232 3379 4290 excedit
3421 4230 3630 4287 dictum
3655 4236 3672 4283 ξ
3702 4227 3869 4295 Quod

2266 4334 2408 4390 Deus
2449 4333 2743 4405 conjunxit,
2769 4332 2923 4387 homo
2967 4345 3072 4385 non
3109 4334 3313 4398 separet
3357 4322 3578 4396 (Matth.
3622 4336 3742 4388 xix,
3766 4318 3867 4392 6);

2268 4444 2391 4486 cum
2425 4428 2566 4486 etin
2615 4422 2980 4498 primordialis
3022 4419 3172 4492 (226)
3211 4415 3542 4488 virginitatis
3580 4426 3870 4469 commen-

2271 4520 2490 4579 datione
2517 4519 2679 4591 primi
2702 4515 2937 4572 hominis
2955 4511 3299 4584 prophetiam
3318 4521 3602 4579 exponens
3620 4505 3870 4576 Aposto-

577 4612 637 4671 In
664 4621 910 4669 extrema
932 4613 1144 4667 actione
1173 4609 1568 4681 reprehendere
1595 4608 1893 4680 quemlibet
1922 4606 2170 4663 Hebmzo-
2198 4593 2247 4659 Ι)
2273 4612 2357 4668 lus
2384 4610 2531 4666 dicat
2561 4628 2576 4664 :
2603 4606 3023 4671 Sacramentum,
3048 4602 3319 4673 inquiens,
3339 4600 3437 4655 hoc
3463 4612 3716 4670 maguum
3737 4604 3818 4650 est
3843 4607 3867 4647 :

576 4721 721 4766 rum.
763 4704 967 4777 Regale
1007 4712 1190 4760 autem
1235 4711 1481 4760 nostrum
1524 4715 1645 4758 esse
1690 4699 2054 4758 sacerdotium
2098 4696 2162 4769 (Ι
2272 4718 2366 4773 ego
2387 4709 2562 4756 autem
2585 4698 2703 4753 dico
2724 4697 2783 4751 in
2799 4695 3006 4769 Christo
3023 4702 3073 4750 et
3098 4694 3154 4748 in
3174 4690 3416 4747 Ecclesia
3433 4688 3719 4762 (Ephes.v,
3743 4685 3865 4758 32).

2273 4919 2382 4961 non
2417 4899 2712 4965 consensit,
2754 4897 2850 4955 sed
2880 4895 3081 4971 restitit
3109 4894 3261 4971 regi:
3290 4908 3507 4963 pensus,
3531 4889 3590 4946 id
3621 4898 3710 4971 est
3738 4903 3867 4971 cum

580 4962 1017 5073 ερέεῗῖοἷίὲἓὲιίῖῖ
1027 4962 1443 5073 ῗοῗᾶξῖιῖιῗῖῒκὲ
1463 4962 1664 5073 few?
1668 4962 1714 5072 ξ’
1722 4962 1802 5072 ’Τ
1807 4962 1823 4986 ⁷
1993 4962 2163 4972 ’Μ
2266 4962 3699 5073 ἱυέέἱῖἓεεεὲτέεῖνξεὶεε¹ἕῗξίέῖἕέζῇξζθθεζξνξῖῗξλνὶίῖί
3730 4968 3868 5073 iiii:

924 5027 954 5052 sl
1042 5027 1296 5052 uuusussu
1314 5027 1441 5048 oues.
1491 5027 1660 5046 uvam.
2266 5027 2429 5045 ,νγ-ν
2465 5027 2501 5029 η
2579 5027 2591 5037 .
2725 5027 2737 5040 ,
2848 5039 2859 5051 ,
2906 5027 2931 5038 ν
3042 5037 3051 5047 _
3080 5027 3102 5036 -
3145 5036 3155 5045 ,
3265 5027 3289 5034 -

673 5027 1770 5154 Ξὲᾗῖιῖεῗςιαειίυξεεειξ.,ίέί.ιέεεῖιξξίεςί
1797 5057 2166 5154 eraera---
2269 5061 2451 5154 22:1?
2468 5041 2739 5154 ἠιξέῖζξῑῖίηι
2766 5035 3248 5154 ἔξέίηξξῖῗιῖέῗθξιῖτ
3256 5027 3868 5154 ηεξιῖέἵξπβῖξέῑευξῗιῗὲ

826 5099 1770 5215 ιίὶιυτυῖἓὲὗέιυῦὲτῖιὸιέϋιᾷᾧδξὲξάξ
1798 5099 2168 5220 "ritu-illiciat)”
2269 5099 2739 5220 pﬁutcaécmterum
2765 5099 3125 5180 scripsimus;
3136 5104 3226 5161 ubi
3254 5099 3540 5174 perperam
3578 5099 3873 5193 legebatur

651 4925 1096 5010 (22!)_Cqmtyu3
1115 4934 1171 4980 et
1183 4922 1399 5007 explica
1427 4936 1444 4977 :
1469 4920 1613 5010 gae,
1623 4920 1823 5010 inquis,
1851 4917 1971 4972 ideo
1992 4914 2163 4972 David
