4018 5406
898 279 1010 305 μη·

1106 299 1684 418 ῥῘΏΕῙΑΟΟῙῘῙΟΠυΜ
1732 345 1914 402 LIBRI
1953 343 2110 402 SEX.
2152 373 2222 387 —
2259 344 2387 401 LIB.
2429 343 2518 402 IV.

3347 329 3440 402 iro

203 477 300 534 2!.
339 474 442 533 Cui
490 486 620 528 vero
667 467 956 544 (dicamus)
989 465 1364 538 imputabitur,
1405 465 1547 536 quod
1594 471 1742 516 tanta
1772 469 1820 528 Α
1851 462 1994 534 (cum
2022 460 2234 516 nonnisi
2273 461 2378 516 duo
2411 469 2616 531 patres,
2657 460 2797 517 sicut
2824 460 3039 517 nonnisi
3066 451 3184 516 dum
3210 431 3319 540 sint
3349 459 3443 534 ge-L

137 571 458 635 multitudo,
505 583 630 640 qua:
681 565 766 636 pie
804 579 901 634 per
948 561 1178 633 gratiam
1223 558 1428 615 Christi
1475 557 1738 622 liberata,

139 681 304 737 regna
335 664 602 718 debuerat
625 659 828 713 intrare
854 655 1136 718 caelorum,
1166 653 1330 723 impie
1357 649 1612 707 derelicta
1643 663 1739 703 cu-

140 760 368 819 mulavit
398 754 708 813 infernum?
735 751 882 825 (2‘27)
923 749 1057 804 Nam
1079 791 1092 812 ,
1122 757 1178 802 ut
1206 748 1273 801 ad
1306 747 1504 818 ipsum,
1538 746 1604 800 de
1633 755 1742 814 quo

140 852 393 926 superius
422 849 560 906 satis
583 847 824 919 prolixus
865 849 949 900 est
989 856 1168 898 sermo
1199 839 1440 903 habitus,
1471 835 1743 891 modicum

141 925 265 1018 quid
285 961 314 997 a
332 940 616 1014 proposito
639 935 861 1010 digressi
892 934 1191 993 redeamus,
1211 927 1565 1001 quorumdam
1583 925 1742 1018 (proh

142 1016 358 1107 dolor!)
409 1033 584 1092 relatu
622 1027 992 1101 cognovimus,
1039 1025 1182 1095 quod
1212 1019 1400 1078 eodem
1445 1033 1556 1090 quo
1596 1016 1744 1090 [sub-

142 1130 355 1186 auditur
418 1120 736 1198 episcopus]
787 1119 984 1175 absens
1025 1115 1127 1171 fuit
1177 1111 1416 1186 paschali
1469 1120 1742 1179 tempore,

143 1239 264 1280 cum
315 1216 703 1290 baptisterium
749 1228 855 1270 non
901 1210 1094 1266 fuisset
1137 1205 1408 1278 (chrisma
1457 1200 1746 1256 deficiente

144 1316 234 1388 qui
265 1311 447 1383 daret)
488 1311 541 1365 in
568 1309 754 1365 eadem
785 1305 1013 1362 ecclesia
1055 1301 1384 1357 celebratum
1409 1314 1423 1361 ;
1452 1303 1605 1350 tanta
1636 1291 1748 1350 cla-

146 1385 238 1464 des
278 1406 331 1460 in
355 1404 583 1459 civitate
609 1398 837 1470 contigit
863 1395 1170 1456 infantium,
1201 1400 1251 1446 et
1275 1391 1377 1444 hoc
1406 1385 1748 1444 solummodo

148 1517 250 1555 non
285 1497 713 1568 baptizatorum,
739 1499 997 1561 quantam
1029 1486 1206 1542 nullus
1230 1483 1477 1540 meminit
1507 1495 1747 1552 unquam

147 1589 389 1662 priorum
422 1605 436 1641 :
470 1584 627 1658 123
659 1583 732 1637 ita
761 1589 817 1635 ut
847 1580 1044 1652 passim
1073 1592 1168 1649 per
1192 1576 1380 1631 domos
1408 1589 1438 1629 a
1484 1574 1750 1631 matribus

150 1699 254 1735 non
299 1678 518 1749 quidem
564 1685 753 1748 sponte
787 1672 1054 1738 suffocati,
1105 1687 1269 1725 unum
1303 1669 1470 1723 totius
1512 1667 1751 1723 civitatis

151 1773 330 1828 facere
373 1779 600 1843 possent
627 1768 692 1840 (si
725 1779 903 1822 tamen
935 1769 1094 1820 timor
1125 1761 1314 1837 [ναις.
1347 1762 1563 1827 timore,
1588 1759 1748 1834 male]

1845 547 2180 615 iterationes)
2227 552 2486 608 merearis
2527 553 2733 607 vocari.
2784 551 2990 608 Forsan
3036 561 3254 617 autem,
3300 561 3358 606 ut
3387 558 3445 626 et

1845 647 1951 702 hoc
1983 646 2187 700 aditum
2222 643 2284 718 [ι.
2316 644 2597 716 addatur],
2622 661 2783 716 super
2814 661 2878 700 eo
2903 642 3185 700 consultus
3215 625 3444 718 respon-f

1845 739 1976 797 dere
2008 741 2104 796 tibi
2133 711 2393 811 propheta
2423 711 2918 810 potucrat'Eliseus
2947 757 2962 792 :
2992 737 3138 804 Non,
3165 711 3444 835 inqui-eus1I

1844 834 2124 910 percuties,
2159 849 2322 904 neque
2371 833 2507 888 enim
2539 849 2657 886 eum
2688 832 2908 901 crepisti,
2941 830 3152 901 gladio,
3192 841 3283 885 aut
3313 830 3446 910 arcti

1847 893 1958 993 luo,
1991 936 2049 981 ut
2075 893 2335 998 perculias
2365 925 2416 994 (1
2435 923 2474 977 γ
2503 925 2626 996 Reg.
2652 941 2725 991 vr,
2753 893 2868 995 €22).
2893 893 3033 992 ῥῖιιίι
3059 893 3240 980 autem
3272 923 3325 979 in
3353 893 3447 1000 illo.

1848 1021 2116 1098 supplicio
2161 1020 2307 1092 quod
2357 1027 2416 1075 tu
2462 1020 2535 1074 illi
2581 1020 2725 1092 juste
2773 1021 2991 1090 quidem
3040 1021 3333 1076 secundum
3369 1001 3446 1107 te;

1851 1115 2051 1185 injuste
2080 1125 2262 1192 autem
2291 1125 2345 1172 et
2379 1114 2488 1170 Deo
2514 1115 2728 1186 penitus
2758 1114 3075 1170 exsecrabili
3094 1156 3109 1182 ,
3139 1115 3449 1198 szeeuloque

1850 1206 2164 1265 Christiano
2193 1206 2410 1279 penitus
2455 1204 2654 1274 injusto
2682 1206 2872 1261 ordine
2891 1248 2905 1273 ,
2934 1215 3197 1282 quantum
3237 1208 3305 1263 ad
3331 1207 3451 1282 otii:

1852 1303 1994 1357 cimu
2031 1299 2369 1375 [subauditur
2394 1298 2746 1372 episcopale],
2787 1280 3050 1366 intulisti,
3092 1301 3232 1356 Deus
3271 1280 3450 1355 indui?

1850 1394 2014 1459 scrit;
2050 1393 2192 1448 sicut
2226 1391 2420 1446 latroni
2462 1391 2513 1445 in
2544 1406 2704 1446 cruce
2733 1389 2881 1461 (Luc.
2911 1407 3069 1457 xxiii,
3098 1391 3213 1462 45),
3240 1400 3294 1446 et
3325 1392 3448 1463 qui-

1852 1483 2082 1539 busdam
2120 1481 2238 1537 aliis
2270 1481 2500 1553 legimus
2530 1481 2845 1556 contigisse,
2877 1481 2966 1550 qui
3002 1497 3098 1550 pro
3128 1481 3452 1542 criminibus

1855 1579 1963 1634 dati
1995 1577 2307 1650 suppliciis,
2345 1575 2546 1632 Christi
2591 1575 2823 1648 gratiam
2857 1575 2908 1628 in
2958 1575 3090 1645 ipsis
3135 1565 3454 1630 meruerunt.

1856 1671 2143 1728 tormentis
2174 1688 2188 1728 :
2224 1669 2597 1740 nunquiduam
2626 1677 2784 1739 putas
2822 1678 2877 1722 ct
2911 1667 3079 1722 Deum
3116 1675 3323 1722 tantum
3367 1664 3454 1724 sui

1855 1766 2006 1838 regni
2059 1765 2396 1836 dispendium
2451 1763 2755 1834 relinquere
2807 1762 3169 1832 impunitum?
3209 1761 3348 1817 Num
3405 1761 3455 1824 si

153 1864 246 1920 Dei
291 1862 484 1919 eodem
526 1861 667 1916 ullus
699 1867 846 1914 esset
891 1857 944 1911 in
970 1856 1112 1927 lOCO)
1145 1855 1466 1919 lamelttum,
1498 1869 1594 1924 pro
1633 1852 1754 1906 Vilt-
1779 1852 1828 1912 B
1857 1858 1984 1930 quid
2019 1858 2118 1912 iste
2147 1855 2392 1925 deliquit,
2421 1864 2474 1909 tu
2503 1854 2713 1924 injuriis
2740 1853 2900 1928 124
2923 1854 3264 1911 emendasti?
3300 1851 3458 1922 Quod

153 1955 293 2010 dicta
323 1953 523 2006 divinae
570 1947 1055 2006 animadversionis
1101 1945 1410 2018 lugentibus
1441 1946 1582 2010 aliis,
1630 1944 1751 1999 aliis

157 2057 261 2101 tam
292 2043 673 2115 temporalem,
707 2057 867 2114 quam
901 2049 1160 2096 aeternam
1206 2048 1261 2094 et
1302 2050 1550 2093 natorum
1581 2045 1633 2091 et
1662 2053 1752 2105 ge-

156 2138 413 2193 nitricum
461 2147 695 2192 mortem
740 2134 1135 2206 plangentibus.
1189 2131 1326 2200 Quid
1377 2133 1542 2204 igitur
1592 2146 1756 2202 super

156 2228 256 2284 hoc
288 2227 616 2300 (dicamus),
643 2226 811 2296 judex
844 2224 934 2280 ille
975 2225 1216 2280 dicturus
1255 2232 1367 2289 est,
1395 2239 1513 2278 cum
1546 2222 1756 2277 venerit

156 2319 457 2384 terribilis,
512 2319 606 2388 qui
654 2319 888 2389 primum
950 2316 1100 2370 venit
1156 2330 1400 2385 quaerere
1453 2322 1507 2367 ct
1547 2312 1756 2366 salvum

156 2411 332 2469 facere
355 2412 496 2483 quod
522 2411 762 2483 perierat
780 2408 933 2480 (Luc.
960 2407 1193 2478 xrx,lO),
1222 2407 1369 2461 mitis
1393 2405 1540 2477 (228)
1574 2404 1675 2458 nisi
1699 2420 1758 2461 se

157 2495 384 2571 frustra,
413 2515 678 2575 quantum
726 2504 795 2558 ad
841 2504 988 2575 ipsos
1033 2510 1262 2572 spectat,
1310 2500 1524 2554 venisse
1556 2496 1760 2553 frustra

159 2599 278 2655 illos
326 2599 636 2670 quaesiisse,
676 2596 862 2652 nescio
903 2612 1031 2666 quo,
1081 2595 1194 2665 ipse
1243 2593 1438 2647 viderit
1479 2591 1546 2663 (si
1579 2601 1760 2646 tamen

159 2691 231 2746 ita
259 2689 550 2755 catholice,
592 2687 995 2758 metaphoricos
1026 2683 1103 2758 [id
1125 2695 1198 2739 est
1232 2681 1622 2755 metaphoricej
1659 2682 1762 2737 sci-

161 2781 304 2846 licet,
343 2781 448 2836 diti
479 2778 673 2852 possit)
704 2778 956 2852 [subaudi
986 2776 1068 2850 se]
1096 2777 1481 2841 abscondente,
1517 2789 1584 2829 ne
1612 2775 1762 2828 iuve-

161 2878 265 2933 niri
310 2887 368 2933 et
411 2876 611 2950 salvari
663 2886 907 2948 possent.
954 2874 1182 2929 Frustra
1233 2871 1761 2944 actionarios(“2‘:29),

162 2971 249 3041 qui
309 2985 406 3026 eos
473 2971 616 3024 unde
677 2968 1034 3041 colligerent,
1100 2966 1490 3031 constituisse;
1559 2964 1764 3021 frustra

163 3063 479 3132 sanguinem
509 3076 667 3116 suum
715 3077 812 3131 pro
859 3059 939 3114 eis
985 3059 1196 3115 dedisse
1246 3057 1629 3127 conquerendo
1655 3055 1766 3110 cla-

163 3157 353 3212 mabit.
381 3155 510 3211 Esto
537 3155 825 3226 episcopus
856 3152 1166 3223 deliquerit,
1212 3151 1442 3223 quilibet
1471 3149 1549 3224 [id
1575 3161 1649 3204 est
1682 3150 1765 3204 iu-

1863 1961 1914 2005 tu
1949 1950 2064 2020 agis
2096 1951 2248 2019 cujus
2268 1947 2474 2017 judicio
2500 1949 2832 2004 committis?
2863 1947 3068 2020 Nempe
3103 1949 3276 2014 Deus,
3313 1958 3370 2005 ut
3398 1950 3456 2006 in

1857 2041 1956 2099 Job
1979 2044 2228 2108 habetur,
2260 2041 2333 2096 nil
2359 2042 2582 2095 inultum
2605 2041 2748 2095 abire
2766 2043 2966 2110 patitur
3014 2041 3133 2112 (Job
3164 2057 3311 2106 xxrv,
3340 2041 3463 2114 12).~

1857 2137 1978 2207 ipse
2003 2150 2239 2206 quoque,
2271 2134 2484 2189 etiamsi
2519 2142 2568 2186 tu
2601 2149 2789 2188 errare
2819 2133 2972 2199 velis,
3014 2142 3069 2188 et
3107 2133 3262 2204 quasi
3300 2134 3458 2189 dissi-

1861 2231 2119 2285 mulando
2149 2228 2431 2294 abscondi,
2463 2236 2520 2281 ut
2560 2226 2692 2282 dicit
2720 2226 3039 2297 Apostolus,
3069 2243 3170 2280 non
3205 2229 3457 2281 irridetur

1862 2319 2005 2396 (Cal.
2048 2337 2122 2387 vr,
2151 2320 2225 2392 7).
2251 2319 2540 2391 Nunquam
2572 2335 2701 2376 vero
2747 2319 2925 2376 scelus
2950 2319 3152 2376 scelere
3180 2321 3459 2375 vindican-

1863 2415 1989 2470 dum
2043 2423 2276 2469 testatur
2326 2414 2599 2486 Sapientis
2651 2414 3019 2484 proverbium.
3071 2413 3335 2486 Perturpe
3372 2424 3462 2472 est

1862 2511 2008 2568 enim
2039 2510 2183 2581 quod
2213 2509 2468 2580 objicitur
2499 2509 2552 2563 in
2579 2507 2869 2576 objicieute
2905 2508 3181 2579 cognosci,
3210 2517 3264 2562 et
3287 2508 3461 2564 scele-

1864 2613 2006 2659 stum
2057 2617 2088 2656 a
2139 2602 2403 2656 scelerato
2453 2600 2720 2654 damnari.
2779 2598 2968 2655 Tantis
3027 2599 3193 2670 igitur
3240 2610 3461 2671 tamque

1865 2697 2204 2755 terribilibus
2267 2698 2660 2754 sententiarum
2735 2696 2990 2750 tonitruis
3041 2697 3216 2765 ipsam
3267 2696 3464 2767 judicii

1865 2801 2261 2864 tempestatem,
2308 2808 2429 2861 qua:
2481 2791 2534 2844 in
2583 2789 2794 2845 turbine
2827 2790 3038 2853 veniet,
3071 2790 3463 2860 praeeuntibus,

1864 2899 1973 2940 non
2009 2884 2182 2940 solum
2215 2893 2598 2953 experrectus,
2631 2881 2726 2937 sed
2752 2890 2807 2936 et
2848 2882 3189 2952 perterritus,
3222 2881 3292 2936 ab
3319 2881 3462 2936 allii-

1865 2977 2045 3034 ctione
2094 2975 2384 3046 cujuslibet
2438 2975 2830 3040 ecclesiastici,
2880 2975 3005 3028 licet
3055 2973 3302 3040 minimi,
3335 2973 3466 3030 licet

1867 3067 2210 3139 negligentis,
2247 3067 2467 3122 contine
2498 3082 2681 3136 quzeso
2715 3067 2843 3132 vim,
2878 3066 3114 3136 linguam
3146 3073 3202 3120 et
3230 3081 3459 3134 manus;

1867 3174 1936 3215 ne
1983 3157 2123 3214 forte
2149 3159 2264 3215 Deo
2311 3174 2406 3228 per
2436 3167 2487 3212 te
2530 3158 2678 3224 illos,
2710 3167 2768 3211 ut
2811 3156 2920 3225 jam
2953 3156 3087 3211 alios
3119 3154 3463 3228 [subauditur

163 3246 419 3322 fantium]
453 3264 642 3304 eorum
673 3247 804 3318 quid
849 3246 1110 3316 deliquit?
1152 3243 1402 3300 Christus
1444 3244 1496 3298 in
1526 3259 1634 3314 quo
1665 3241 1757 3296 ali-

1867 3250 2114 3325 corrigit]
2158 3267 2256 3323 per
2299 3250 2453 3315 alios,
2500 3251 2806 3318 corrigente
2848 3247 3070 3313 eruditi,
3110 3255 3256 3302 stent
3297 3255 3351 3301 et
3386 3245 3464 3302 illi

165 3356 346 3412 quem,
375 3351 431 3394 ut
459 3342 558 3394 hoc
586 3347 885 3411 pateretur,
934 3337 1114 3391 laisit?
1157 3335 1399 3391 Ecclesia
1449 3336 1577 3406 quid
1606 3350 1758 3390 com-

166 3432 354 3487 misit?
379 3431 533 3499 Quod
571 3431 614 3486 si
659 3439 884 3500 peccato
928 3417 1292 3498 delinquentis
1318 3426 1548 3483 exsulati
1585 3427 1762 3498 impu-

168 3526 388 3579 tandum
421 3540 634 3590 censes,
666 3525 804 3579 bene
850 3523 1257 3578 consentiamus
1291 3539 1304 3577 :
1350 3531 1526 3576 tamen
1569 3536 1666 3577 nec
1704 3529 1761 3576 tu

169 3615 468 3686 (auctorem
501 3625 684 3668 autem
734 3612 862 3668 facti
903 3612 1168 3683 alloquor)
1204 3611 1298 3666 Dei
1337 3610 1602 3679 judicium
1633 3627 1762 3666 eva-

167 3705 280 3772 des,
318 3706 429 3760 imo
476 3715 625 3759 tanto
657 3704 832 3774 majus
878 3705 1060 3782 duruit
1089 3705 1232 3774 quod
1279 3703 1509 3769 senties,
1561 3712 1764 3773 quanto

167 3797 230 3854 de
258 3800 376 3870 ejus
420 3797 619 3867 injuria
674 3805 820 3851 tuam
852 3799 998 3852 visus
1029 3813 1089 3852 es
1121 3797 1396 3852 vindicare
1434 3812 1448 3849 :
1499 3811 1621 3851 cum
1674 3797 1764 3852 ille

170 3899 219 3946 te
257 3907 356 3946 suo
387 3890 640 3962 exemplo
670 3890 878 3962 (utpote
911 3889 1056 3961 (250)
1097 3889 1187 3959 qui
1235 3897 1457 3959 preptcr
1487 3887 1652 3942 nmlta
1684 3889 1760 3943 si-

169 3983 333 4049 milia,
370 3983 416 4038 si
447 3993 629 4038 tamen
657 3991 842 4053 posset
885 3981 1087 4052 aliquid
1131 3981 1256 4035 huic
1301 3979 1531 4034 inveniri
1558 3980 1758 4048 simile,

169 4075 308 4144 quod
339 4074 526 4128 diatim
555 4073 878 4152 committis,
911 4081 964 4126 te
1011 4072 1186 4126 adhuc
1216 4071 1487 4141 patienter
1512 4071 1674 4125 etiam
1707 4071 1763 4125 in

171 4167 272 4222 isto
306 4169 679 4248 utJesipiscas
719 4174 930 4237 spectat
958 4165 1022 4239 [Ῐ.
1053 4173 1330 4237 exspectat
1336 4165 1378 4238 ι)
1409 4173 1611 4231 monet,
1653 4182 1762 4220 non

172 4261 341 4316 solum
373 4272 430 4315 ut
460 4262 512 4316 iu
545 4261 700 4315 illum
726 4274 945 4314 causam
979 4275 1085 4313 non
1135 4257 1389 4324 referres,
1441 4261 1533 4313 sed
1565 4267 1623 4312 ut
1662 4275 1762 4314 nec

172 4350 322 4408 fratri
372 4353 575 4408 malum
624 4367 723 4422 pro
771 4351 915 4406 malo
963 4349 1177 4420 (Matth.
1207 4367 1260 4416 v,
1291 4349 1405 4421 44),
1435 4351 1563 4421 quin
1594 4351 1763 4423 magis

171 4443 368 4502 bonum
413 4461 514 4517 pro
555 4445 703 4500 malo
745 4443 1092 4514 rependeres,
1125 4452 1186 4499 ut
1230 4445 1374 4499 filius
1420 4446 1557 4500 tanti
1580 4444 1762 4501 Patris

171 4555 286 4599 esse
313 4539 646 4608 morereris;
672 4539 816 4610 quod
847 4538 972 4608 quia
1000 4537 1271 4605 refutasti,
1296 4537 1420 4593 vide
1441 4538 1596 4608 cujus
1625 4537 1764 4594 ﬁlius

169 4847 320 4891 usum
347 4832 677 4904 praedictum
695 4902 702 4904 _
723 4829 828 4886 fuit
857 4847 870 4904 ξ
898 4827 1170 4902 Relinquet
1195 4831 1349 4884 homo
1379 4836 1765 4904 patrem-suurn

167 4915 212 4960 et
258 4899 504 4969 matrem,
537 4913 586 4958 et
632 4902 924 4956 adhterebit
959 4899 1113 4956 uxori
1140 4919 1272 4968 suat,
1297 4911 1344 4955 et
1373 4906 1522 4954 erunt
1567 4900 1671 4952 duo
1712 4899 1766 4950 in

168 4991 324 5047 genie
365 4994 476 5031 una
506 4973 663 5047 (Gen.
713 4988 786 5039 ιι,
837 4972 1058 5047 v.34),
1091 4987 1250 5047 quem
1297 4971 1765 5047 quidem_t.extum

166 5045 222 5103 S.
246 5047 451 5103 Paulus
496 5040 753 5116 repetens
792 5040 1026 5114 subjicit'
1053 5061 1066 5097 :
1098 5040 1498 5099 Sacramentum
1527 5040 1622 5093 hoc
1655 5057 1768 5094 ma-

163 5135 321 5193 gnum
335 5130 452 5193 West,
461 5127 594 5193 _el.c.

230 5191 386 5264 (227)
431 5181 594 5247 Hanc
641 5188 888 5264 eamdem
927 5185 1374 5264 dugqstiuianam
1420 5181 1769 5264 sententiain,

167 5252 264 5334 qua
316 5252 634 5334 puerorum
668 5259 863 5334 animae
905 5252 1040 5312 sine
1073 5258 1393 5334 baptismate
1449 5252 1771 5334 decedeutcs

161 5323 240 5406 ad
276 5323 559 5388 itifernum
600 5330 948 5406 descendere
975 5323 1273 5406 traduntur,
1308 5330 1420 5406 hoc
1455 5323 1642 5404 eodem
1671 5339 1771 5378 sae-

1788 4625 1843 4686 D

1866 3359 1988 3400 cum
2030 3343 2150 3398 aliis
2178 3343 2230 3398 in
2261 3358 2454 3413 magna
2484 3339 2796 3396 constantia
2827 3341 3112 3394 adversum
3149 3347 3221 3403 te,
3249 3337 3341 3408 qui
3367 3352 3463 3394 eos

1866 3437 2184 3510 angustiasti
2216 3435 2366 3510 (Sttp.
2399 3452 2449 3502 ν,
2481 3434 2555 3507 1),
2589 3444 2750 3504 tuque
2781 3447 2902 3486 cum
2933 3432 3040 3486 tuis
3088 3444 3313 3501 gemens
3350 3445 3462 3499 ptas

1867 3530 2118 3602 angustia
2148 3529 2392 3599 spiritus,
2422 3541 2652 3597 seroque
2681 3526 2975 3596 pmnitcns,
3014 3523 3242 3592 incipias
3277 3523 3464 3579 dicere

1867 3620 1973 3675 illis
2003 3630 2054 3675 te
2073 3617 2442 3688 judicantibus
2466 3617 2712 3672 districte
2739 3633 2752 3670 :
2783 3613 2856 3668 lli
2877 3623 2997 3668 sunt
3021 3631 3148 3686 quos
3173 3611 3461 3685 aliquando

1866 3713 2142 3766 habuimus
2174 3712 2227 3764 in
2257 3710 2489 3764 derisum
2530 3719 2576 3762 et
2620 3709 2675 3761 in
2716 3705 3116 3761 similitudinem
3157 3703 3462 3775 improperii

1867 3807 2022 3878 (Sap.
2074 3822 2130 3872 ν,
2171 3806 2248 3876 5).
2284 3803 2408 3859 Haec
2461 3803 2554 3859 tibi
2605 3810 2867 3872 quantum
2918 3799 2985 3853 ad
3035 3815 3148 3853 rem
3198 3799 3458 3864 breviter,

1865 3915 1990 3956 cum
2022 3913 2235 3972 possem
2268 3896 2501 3961 infinite,
2529 3893 2671 3948 volui
2705 3893 3104 3948 demonstrare.
3135 3889 3203 3944 Et
3231 3890 3274 3944 si
3303 3890 3460 3960 igna-

1867 4010 1962 4050 rus
1988 3995 2180 4049 horum
2207 3993 2258 4047 iu
2285 3992 2387 4044 hoc
2410 3987 2855 4046 ncl'audissimum
2883 3995 2937 4040 et
2961 3984 3249 4056 singularis
3268 3994 3462 4041 contra

1865 4087 2035 4142 Deum
2061 4085 2368 4141 rebellionis
2395 4083 2601 4138 facinus
2626 4081 2932 4135 incurreres
2962 4078 3253 4142 incautius;
3272 4092 3466 4148 pinnas

1867 4198 1965 4254 ego
1993 4197 2090 4252 pro
2134 4181 2209 4235 tui
2255 4179 2557 4250 perditione
2603 4176 2840 4240 luerem,
2889 4171 3323 4244 quandoquidem
3352 4172 3462 4230 alia

1868 4272 2070 4344 [supple
2093 4269 2347 4342 erimina]
2373 4269 2594 4324 minoris
2618 4266 2774 4322 valde
2796 4263 3017 4335 periculi
3041 4264 3305 4334 pandens,
3329 4263 3462 4322 dum

1866 4366 2009 4420 istud
2024 4363 2251 4420 tacendo
2266 4378 2454 4418 recusa
2464 4377 2574 4415 rem
2593 4355 3159 4421 interdicere,viderer
3172 4357 3458 4426 sparsisse.

1937 4458 2027 4512 22.
2059 4456 2164 4511 Sed
2193 4465 2251 4510 ut
2280 4453 2348 4508 ad
2389 4452 2620 4522 aliquem
2654 4451 2872 4515 horum,
2910 4462 3047 4517 quos
3085 4461 3228 4502 nunc
3272 4446 3462 4503 Borea

1867 4549 2149 4606 divisimus
2179 4547 2358 4618 ("251),
2396 4542 2746 4600 tetrarchiam
2778 4541 2913 4597 satis
2952 4549 3172 4596 strenue
3212 4540 3338 4596 novi
3366 4555 3466 4610 gu-

1874 4802 2156 4875 defuncus
2191 4798 2417 4875 loquens
2441 4834 2454 4857 ,
2506 4788 2725 4875 scripsit
2755 4805 2768 4842 :
2804 4785 3280 4875 Tant__i:inumeros
3301 4820 3316 4848 ,
3360 4780 3466 4836 heu

1873 4874 2056 4930 dolor!
2074 4861 2218 4941 7ilios
2242 4861 2396 4922 morti
2427 4861 2785 4941 transmittens
2815 4866 3047 4941 (eterna.
3295 4937 3308 4941 Α
3337 4923 3349 4941 ¹
3426 4924 3462 4941 ι.

1947 4923 2320 5015 @ng3"1..,.30
2369 4934 2702 5015 adjectivum
2765 4928 2911 5015 mitis
3141 4923 3468 5015 praecedeJnLi

1874 4994 2218 5079 verbo'tienit,
2235 4994 2333 5066 sic:
2356 4994 2496 5076 Quid
2523 5005 2684 5074 igitur
2705 5017 2861 5073 super
2884 4999 2982 5051 hoc
3002 4994 3284 5120 (dicemus)
3297 4994 3472 5074 judea:

1875 5091 1963 5120 ιηη
1992 5090 2226 5120 mm”...
2269 5094 2341 5120 ne!
2414 5094 2532 5120 rum
2577 5076 2770 5120 uenerit
2820 5069 2999 5120 teri-ibi
3023 5069 3102 5120 is.
3128 5068 3216 5120 aui
3244 5081 3472 5120 primum

1875 5068 1963 5145 ille
1977 5068 2228 5143 dicturus
2269 5068 2396 5147 est:
2414 5068 2782 5147 cum'ueuerit'
2820 5068 3068 5147 terribilis
3087 5107 3102 5130 ,
3128 5068 3216 5147 qui
3244 5068 3474 5146 primum

2217 5139 2471 5226 quwrere,
2510 5156 2558 5201 et
2589 5145 2798 5226 solvunt
2821 5141 3017 5226 facere,
3054 5139 3192 5226 quod
3223 5139 3469 5226 perierat,

1873 5207 2022 5303 quid,
2057 5207 2568 5303 inquam,dicturus
2599 5227 2701 5303 est,
2731 5207 2928 5303 nisi-fle.
2952 5207 3211 5303 quantum
3237 5207 3304 5261 ad
3333 5209 3471 5278 ipsos

1874 5281 2326 5376 ἔῇέὲἰιιὲζῖἷαέιία
2357 5294 2573 5376 venisse.
2607 5288 2810 5376 (rustra
2836 5281 3250 5376 §l{9fnqnﬁﬁ85ff9:

1947 5349 2095 5406 Ξῖ)ᾙὶιῖ
2125 5349 2414 5406 '_;:.:-;.‘.;;..::.-
2447 5349 2724 5406 (linuntur-
2761 5356 2852 5406 mli
2885 5364 2971 5404 res
2997 5349 3207 5406 alienas
3229 5358 3415 5406 attulit.
