4018 5406
169 278 277 339 975

1200 279 1776 353 PRASLOQUIORIIM
1800 281 1984 341 LIBRI
2025 280 2179 339 SEX.
2212 309 2283 324 --
2310 276 2438 339 LIB.
2468 278 2560 339 IV.

3353 281 3459 339 ΞΠ

170 404 479 450 sanctorum
508 393 813 465 angelorum
843 391 994 467 (Luc.
1020 413 1094 466 lx,
1125 398 1238 470 26).
1264 400 1402 468 Quid
1433 409 1539 466 est,
1562 402 1765 472 inquis,
1792 407 1846 469 Α
1871 399 1965 455 sed
2007 399 2281 469 praeterita
2323 400 2528 465 deleas,
2572 400 2850 470 praeterita
2893 400 2979 455 vel
3018 398 3198 455 futura
3247 416 3461 456 caveas.

172 488 316 558 quod
344 488 532 544 dicere
559 489 747 560 cupis?
772 487 925 556 Vide,
959 490 1068 557 aio,
1094 492 1237 547 unde
1265 492 1435 548 facias
1466 494 1768 565 eleemosy-

174 598 295 645 nas,
316 582 539 651 quibus.
566 598 687 649 cur,
708 582 957 653 qualiter.
993 584 1147 641 Unde
1171 604 1183 640 :
1216 586 1317 642 hoc
1341 596 1448 653 est,
1478 602 1545 643 ne
1573 587 1661 643 alii
1685 597 1771 643 tu-

174 675 337 730 leris:
380 674 486 741 Qui
507 676 646 729 enim
674 678 825 746 o/Iert
854 678 1175 747 sacrificium
1210 696 1275 734 ea:
1315 682 1609 736 substantia
1637 698 1767 752 pau-

172 765 335 837 peris,
371 766 449 821 sic
489 775 566 820 est
608 769 759 837 quasi
799 768 890 837 qui
922 768 1152 823 victimat
1194 770 1366 839 [ilium
1405 773 1459 825 in
1492 782 1769 849 conspectu

172 860 343 929 patris
371 859 457 912 sui
486 858 678 931 (Ereti.
710 875 895 925 xxxiv,
926 860 1043 932 24).
1069 860 1204 918 Nam
1229 864 1330 919 etsi
1361 864 1429 920 de
1457 879 1769 921 mammona

174 950 480 1020 iniquitatis
501 950 713 1021 juberis
742 951 948 1008 amicos
992 952 1174 1011 facere
1206 955 1357 1026 (Luc.
1390 972 1501 1020 xvi,
1528 955 1626 1028 9);
1660 971 1769 1013 non

174 1042 277 1097 hoc
319 1042 459 1107 ideo,
503 1050 564 1097 ut
612 1044 701 1098 alii
751 1043 968 1101 auferas
1012 1045 1220 1117 inique,
1263 1050 1407 1118 quod
1436 1048 1527 1104 alii
1564 1049 1772 1105 tribuas

172 1133 441 1205 benigne;
485 1135 580 1190 sed
610 1146 667 1189 ut
699 1136 917 1192 noveris
957 1136 1197 1204 divitias,
1237 1140 1595 1211 undecunque
1639 1141 1773 1197 fiant

175 1225 240 1299 [1⁵.
291 1226 423 1300 sint]
489 1228 747 1295 collectae,
787 1229 853 1285 de
896 1230 1183 1301 iniquitate
1228 1234 1539 1303 procedere.
1583 1232 1773 1291 Omnis

173 1321 340 1384 enim,
393 1329 452 1374 ut
498 1321 575 1375 ait
620 1321 1005 1393 Hieronymus,
1047 1323 1222 1389 dives,
1259 1335 1354 1380 aut
1389 1326 1626 1397 iniquus,
1680 1335 1774 1382 aut

176 1411 345 1481 iniqui
387 1421 471 1466 est
498 1412 693 1468 haeres.
727 1413 971 1485 Iniquum
1010 1425 1093 1471 est
1129 1418 1296 1482 enim,
1334 1428 1393 1473 ut
1434 1419 1574 1489 quod
1630 1419 1773 1475 Deus

178 1502 430 1557 omnibus
454 1504 682 1558 contulit
704 1506 1047 1575 generaliter,
1074 1509 1291 1579 quidam
1316 1522 1641 1583 congregem
1661 1513 1776 1567 sin-

178 1595 460 1667 gularitcr.
491 1596 601 1652 Aut
648 1598 863 1670 iniquus
891 1616 1021 1673 ergo
1047 1602 1091 1657 si
1116 1614 1426 1675 congregat,
1469 1614 1561 1661 aut
1603 1608 1771 1678 iniqui

182 1688 378 1753 haeres,
406 1690 452 1744 si
493 1693 872 1761 congregatori
905 1696 1163 1751 succedit.
1186 1696 1418 1752 Lucrum
1452 1708 1632 1754 autem
1656 1701 1774 1757 sine

1869 490 2075 547 Futura
2107 500 2291 547 autem
2320 492 2464 558 dico,
2496 506 2602 546 non
2652 508 2772 561 qua:
2820 492 2979 547 velim
3012 501 3071 547 ut
3100 492 3337 557 veniant,
3370 490 3470 547 sed

1870 599 1992 655 qua
2014 584 2235 639 evenire
2260 585 2363 640 nisi
2394 592 2691 639 caveantur
2732 593 3010 655 poterunt.
3044 584 3199 653 Quod
3240 582 3473 641 alterius

1869 691 2034 746 quam
2062 690 2199 741 mea,
2240 690 2359 746 qua:
2397 676 2543 731 nulla
2585 684 2668 731 est
2703 686 2901 748 praeter
2926 676 3190 743 officium,
3233 676 3469 733 auctori-

1870 778 1983 826 tate
2007 769 2100 824 tibi
2116 782 2406 841 suggerere
2425 767 2601 834 malo;
2622 768 2887 839 siquidem
2911 769 3129 824 etiamsi
3154 768 3286 824 illud
3310 767 3464 840 digne

1872 861 2193 933 depromere
2226 860 2487 927 valerem,
2518 876 2627 917 non
2672 876 2703 916 a
2749 869 2801 916 te
2841 860 3031 917 libenti
3058 862 3242 917 animo
3263 861 3471 933 percip-

1873 957 2091 1013 scirem.
2121 955 2352 1011 Difficile
2392 954 2558 1019 enim,
2596 953 2825 1010 docente
2863 954 3150 1027 Gregorio,
3180 969 3303 1010 esse
3326 956 3469 1023 scio,

1872 1054 1933 1101 ut
1958 1044 2210 1116 quamvis
2240 1053 2387 1101 recta
2412 1043 2735 1115 praedicans,
2768 1045 2859 1115 qui
2889 1060 2994 1100 non
3020 1053 3259 1112 amatur,
3289 1044 3505 1123 libenoj

1875 1144 1959 1190 ter
1992 1135 2262 1189 audiatur.
2302 1134 2459 1190 Adsit
2486 1148 2616 1206 ergo
2662 1135 2750 1190 hic
2800 1144 3044 1205 augustae
3069 1134 3483 1191 recordationis

1876 1227 1965 1283 ille
1985 1227 2258 1293 Aurelius,
2292 1242 2451 1283 aures
2480 1228 2555 1282 tui
2587 1228 2769 1283 cordis
2793 1227 3153 1284 decachordis
3182 1226 3297 1283 suis
3332 1226 3476 1281 mul-
3540 1226 3561 1295 ς

1877 1334 2007 1375 cens
2036 1295 2402 1375 nibdulatibus
2427 1318 2583 1391 (Anc.
2614 1336 2770 1375 serm.
2801 1337 2877 1387 ιχ,
2905 1335 2953 1376 c.
2982 1321 3071 1393 ll)
3109 1338 3121 1375 :
3146 1339 3163 1373 ι
3188 1320 3480 1387 Exercete,

1876 1411 2069 1482 inquit,
2111 1427 2209 1467 vos
2246 1412 2298 1466 in
2329 1412 2727 1477 misericordia,
2751 1411 2805 1466 in
2829 1412 3207 1483 elecmosynis,
3247 1411 3303 1466 in
3331 1408 3479 1479 jeju-

1875 1504 2004 1568 niis,
2032 1504 2085 1558 in
2119 1503 2460 1559 orationibus
2491 1521 2504 1557 :
2540 1504 2627 1560 bis
2652 1506 2795 1559 enim
2827 1514 3129 1575 purgantur
3157 1502 3481 1574 quotidiana

1876 1604 2122 1665 peccata,
2159 1610 2277 1664 quae
2308 1611 2415 1650 non
2441 1604 2669 1665 possunt
2696 1596 2799 1651 nisi
2822 1596 3114 1666 subrepere
3144 1596 3196 1650 in
3236 1594 3482 1650 animam

1878 1697 2098 1759 propter
2129 1687 2475 1759 fragilitatem
2517 1688 2829 1743 humanam.
2880 1686 3057 1743 Nolite
3099 1686 3189 1742 illa
3230 1695 3484 1743 contem-

180 1779 378 1835 damno
410 1780 638 1838 alterius
683 1782 799 1839 ﬁeri
831 1800 937 1840 non
976 1802 1134 1858 posse
1164 1797 1395 1845 etvetus
1426 1791 1773 1861 proverbium
1802 1775 1851 1836 Β
1879 1796 2030 1847 nere.
2062 1783 2188 1851 quia
2219 1783 2428 1837 minora
2457 1792 2624 1850 sunt;
2646 1784 2740 1838 sed
2772 1784 2957 1838 timete
2979 1784 3107 1853 quia
3141 1784 3298 1855 plura
3320 1791 3480 1838 sunt.

176 1882 228 1927 et
274 1875 657 1945 quotidianum
714 1880 978 1950 approbat
1029 1884 1480 1953 experimentum.
1532 1885 1600 1941 Et
1655 1886 1777 1943 ideo

179 1982 483 2023 mammona
528 1971 829 2041 iniquitatis
866 1974 1065 2030 divitia:
1118 1977 1480 2048 appellantur,
1522 1980 1647 2049 quia
1684 1980 1777 2050 qui

178 2075 269 2117 eas
292 2062 557 2133 colligunt
590 2065 853 2122 suadente
880 2068 1072 2138 spiritu
1117 2070 1479 2142 philargyriae,
1520 2088 1640 2142 qua:
1666 2072 1774 2126 Pu-

179 2154 295 2208 nice
321 2153 473 2224 (258)
506 2154 596 2210 illo
626 2168 891 2213 vocantur
920 2161 1161 2227 nomine,
1186 2161 1382 2231 injuste
1420 2164 1660 2218 omnium
1688 2179 1778 2234 ge-

182 2243 382 2297 neralia
411 2245 517 2299 sibi
558 2245 767 2301 faciunt
800 2249 1086 2317 specialia;
1122 2252 1260 2306 sicut
1287 2261 1509 2307 econtra
1553 2254 1620 2309 de
1669 2254 1780 2309 dis-

180 2346 438 2407 pergente
475 2347 534 2393 et
569 2340 732 2395 dante
774 2343 1101 2411 pauperibus
1134 2343 1353 2409 dicitur,
1397 2344 1522 2414 quia
1563 2345 1779 2414 justitia

180 2428 292 2496 ejus
327 2439 502 2484 manet
546 2432 603 2485 in
637 2432 888 2486 swculum
912 2434 1094 2488 stt-culi
1126 2433 1298 2504 (Psal.
1339 2451 1429 2501 cx,
1462 2436 1541 2507 5).
1573 2436 1779 2504 Quibus

180 2518 389 2573 facias?
439 2521 490 2575 id
542 2530 648 2588 est,
690 2523 922 2593 primum
969 2524 1091 2585 tuis,
1138 2524 1261 2581 inde
1308 2526 1599 2582 universis.
1637 2526 1778 2595 Quid

180 2612 323 2665 enim
356 2610 509 2666 alfcrt
534 2613 620 2685 [[2,
660 2614 870 2687 refert],
899 2618 1042 2686 quod
1085 2625 1234 2670 tuum
1262 2616 1549 2672 bubulcum
1574 2619 1778 2673 nudum

182 2700 432 2770 dimittis,
458 2704 691 2761 alterum
722 2707 1051 2763 vestis?Cur
1079 2706 1279 2763 facias?
1312 2709 1363 2763 id
1408 2719 1512 2774 est,
1544 2709 1778 2779 primum

181 2810 278 2866 pro
307 2796 520 2865 debito;
547 2801 892 2869 dispensator
918 2800 1062 2855 enim
1083 2816 1141 2855 es
1166 2815 1353 2857 eorum
1382 2817 1501 2872 quae
1530 2802 1624 2857 tibi
1651 2817 1782 2858 con-

183 2889 323 2953 tulit,
364 2890 473 2945 imo
513 2892 788 2947 commisit
820 2893 993 2960 Deus;
1030 2902 1084 2948 et
1115 2894 1235 2949 ideo
1275 2894 1439 2949 multa
1484 2896 1777 2961 commisit,

184 2989 244 3033 ut
273 2980 564 3050 plurimum
598 2996 819 3054 erogus;
861 2984 1055 3039 deinde
1080 2999 1179 3055 pro
1217 2992 1359 3040 statu
1386 2994 1440 3041 et
1469 3002 1601 3056 pace
1627 2986 1780 3059 regni

184 3073 259 3123 tui
289 3085 303 3124 :
340 3072 467 3128 hinc
500 3073 717 3128 demum
751 3075 908 3146 127
940 3092 1040 3147 pro
1069 3077 1357 3149 praeteritis
1375 3080 1780 3149 etquotidianis

183 3172 239 3218 et
262 3165 369 3219 tuis
390 3174 448 3220 et
481 3173 695 3221 tuorum
730 3166 1097 3232 facinoribus;
1150 3170 1276 3239 quia
1304 3171 1470 3225 multa
1501 3170 1578 3226 tui
1608 3173 1778 3229 auda-
1809 3155 1855 3220 Ο

181 3257 286 3323 cia,
327 3258 405 3312 tui
438 3258 782 3324 auctoritate,
813 3260 889 3315 tui
928 3260 1149 3316 obtentu
1181 3269 1369 3316 contra
1401 3278 1515 3318 rem
1549 3271 1782 3334 aguntur

182 3362 210 3401 a
243 3348 375 3414 tuis,
395 3364 521 3419 qua:
545 3357 599 3405 tu
625 3350 789 3406 etiam
820 3352 1019 3407 nescis.
1071 3350 1379 3408 Periculosa
1409 3354 1553 3409 enim
1593 3364 1696 3420 est,
1724 3362 1785 3410 ut

183 3444 257 3498 ait
291 3445 543 3515 quidam,
595 3445 788 3501 domus
836 3445 1070 3511 sarcina,
1109 3454 1165 3500 et
1202 3446 1302 3517 ipsi
1345 3447 1572 3502 Domino
1613 3446 1783 3503 velte-

183 3545 396 3593 menter
418 3553 671 3605 oncrosa,
707 3538 755 3594 si
786 3538 1028 3595 moribus
1049 3540 1244 3596 vitiosa
1279 3539 1350 3595 sit
1374 3538 1597 3595 familia.
1630 3539 1785 3597 Unde

183 3629 271 3685 ille
301 3647 395 3686 rex
424 3632 854 3703 potentissimus,
887 3631 1236 3699 fortissimus,
1256 3632 1612 3701 iustissimus,
1652 3642 1789 3690 tem-

184 3720 628 3789 perantissimus,
658 3721 1135 3793 prudentissimus,
1174 3726 1568 3792 sanctissimus,
1623 3742 1784 3796 quem

186 3821 239 3866 tu
272 3827 499 3883 quoque
521 3813 687 3869 debes
721 3815 942 3880 imitari,
973 3816 1280 3873 clamabat:
1312 3816 1511 3872 Delicta
1550 3820 1667 3889 quis
1696 3820 1784 3874 in-

184 3904 416 3975 telligit?
460 3904 537 3959 Ab
576 3906 791 3961 occultis
825 3908 952 3962 meis
988 3909 1186 3964 munda
1229 3926 1329 3975 me,
1366 3908 1604 3977 Domine,
1644 3920 1692 3965 et
1721 3911 1786 3965 ab

187 3996 377 4051 alienis
414 4014 573 4067 parce
618 4015 765 4053 servo
797 4009 905 4055 tuo.
940 3999 998 4055 Si
1028 4003 1130 4057 mei
1155 4019 1258 4057 non
1285 4002 1481 4072 fuerint
1507 4003 1786 4072 dominati,

188 4099 313 4145 tunc
336 4092 713 4148 immaculatus
747 4095 1257 4159 ero,etemundabor
1282 4112 1314 4151 a
1341 4095 1529 4151 delicto
1556 4099 1787 4153 maximo

191 4180 369 4253 (Psal.
400 4200 556 4251 xvm,
599 4185 692 4252 15,
727 4186 835 4251 Η).
862 4186 1002 4243 Ecce
1031 4197 1296 4258 quantum
1342 4189 1485 4244 istud
1515 4192 1791 4247 metuebat

188 4274 475 4342 delictum,
504 4278 648 4349 quod
676 4278 906 4333 vocabat
927 4280 1235 4335 maximum.
1266 4279 1338 4336 Ut
1360 4280 1506 4336 enim
1538 4290 1665 4338 ante
1690 4298 1790 4339 nos

191 4378 271 4422 est
308 4368 533 4431 dictum,
567 4368 833 4440 quidquid
872 4384 921 4439 aq
960 4378 1014 4426 te
1046 4371 1311 4441 procedit,
1356 4371 1408 4425 in
1445 4379 1495 4427 te
1521 4373 1786 4440 recurrit;

190 4461 453 4532 quidquid
471 4462 635 4517 etiam
668 4478 701 4517 a
732 4462 1007 4533 discipulis
1021 4463 1371 4534 delinquitur,
1389 4465 1455 4519 ad
1470 4464 1789 4536 magistrum

192 4553 437 4623 respicit.
488 4552 793 4621 Postremo,
851 4568 920 4609 ne
973 4556 1267 4610 securitate
1320 4555 1787 4628 eleemosynarum

192 4643 371 4701 futura
396 4654 451 4703 et
477 4647 798 4718 quotidiana
816 4647 1110 4705 criminosa
1132 4648 1297 4717 etiam
1323 4648 1455 4705 velis
1481 4649 1789 4718 admittere,

264 4859 421 4935 (258)
474 4860 632 4935 ld‘ex
676 4861 977 4934 Augustino
1018 4862 1273 4935 sumpsit,
1310 4863 1400 4934 qui
1442 4879 1605 4920 serm.
1665 4866 1791 4933 115,

197 4944 244 4984 c.
274 4933 334 4995 2,
371 4931 492 5005 ait:
530 4931 670 4999 Quid
716 4931 789 4988 est
840 4931 1189 5005 mammona?
1241 4931 1460 4990 Verbum
1501 4947 1573 4990 est
1630 4931 1791 5005 enim,

232 5007 334 5078 uad
359 5002 611 5078 Latinum
644 5022 747 5059 non
773 5020 866 5078 est.
896 5004 1175 5078 Hebrteum
1199 5008 1405 5078 uerbum
1428 5002 1793 5078 estcognatunt

221 5073 393 5162 iugum
441 5073 739 5129 Punicas..-
758 5077 909 5162 Quod
954 5075 1144 5162 Ιξιιπὶςὶ
1174 5077 1353 5162 dicunt
1386 5073 1672 5143 munimen,
1695 5078 1797 5134 La-

1878 1872 2176 1937 Atteudite,
2194 1872 2392 1927 fratres
2416 1873 2541 1937 mei,
2572 1873 2778 1927 minuta
2802 1882 2950 1940 sunt,
2974 1889 3077 1931 non
3102 1885 3227 1929 sunt
3252 1886 3482 1944 magna.

1880 1960 1996 2016 Non
2029 1971 2113 2018 est
2141 1962 2313 2018 bestia
2355 1964 2509 2032 quasi
2540 1962 2644 2029 leo,
2674 1972 2733 2017 ιιι
2758 1978 2867 2018 uno
2901 1980 3084 2019 morsu
3111 1973 3296 2036 guttur
3322 1961 3480 2018 fran—

1880 2063 1991 2124 gat,
2024 2054 2116 2109 sed
2150 2062 2203 2108 et
2233 2055 2553 2124 plerumque
2598 2061 2651 2109 et
2695 2055 2880 2109 bestiae
2910 2056 3131 2110 minutae
3160 2054 3342 2110 multa:
3373 2068 3482 2110 net-

1880 2154 2028 2199 cant.
2056 2142 2113 2198 Si
2140 2144 2457 2214 projiciatur
2479 2145 2707 2213 quisque
2755 2145 2808 2199 in
2850 2145 2968 2201 loco
2996 2146 3261 2216 pulicibus
3290 2146 3478 2217 pleno.

1880 2236 2125 2305 nunquid
2162 2250 2266 2289 non
2296 2236 2524 2290 ntoritur
2556 2237 2663 2290 ibi?
2688 2234 2804 2290 Non
2827 2245 2954 2291 sunt
2981 2238 3197 2307 quidem
3219 2239 3485 2311 majores,

1880 2329 1974 2384 sed
2014 2326 2227 2382 infirma
2260 2337 2344 2383 cst
2373 2338 2568 2382 natura
2605 2328 2863 2395 humana,
2900 2344 3021 2398 quin
3050 2331 3217 2385 etiam
3243 2346 3272 2385 a
3303 2332 3490 2387 minu-

1883 2422 2109 2477 tissimis
2140 2422 2327 2477 bestiis
2363 2422 2596 2477 interimi
2630 2431 2831 2493 potest.
2881 2423 2974 2479 Sic
3018 2434 3075 2479 et
3117 2425 3328 2481 modica
3350 2440 3485 2495 pec-

1882 2524 2043 2572 cata:
2083 2514 2360 2570 attenditis
2394 2514 2519 2584 quia
2568 2515 2778 2569 modica
2821 2525 2968 2581 sunt,
3012 2517 3107 2573 sed
3138 2525 3323 2572 cavete
3353 2516 3490 2587 quia

1883 2612 2038 2684 plura
2068 2622 2212 2668 sunt.
2247 2613 2419 2681 Quam
2442 2615 2806 2669 minutissima
2849 2624 2975 2671 sunt
3000 2632 3167 2687 grana
3190 2630 3368 2669 arenae
3392 2633 3404 2669 :
3433 2615 3489 2672 si

1885 2719 2047 2760 arena
2074 2703 2304 2773 amplius
2331 2705 2381 2759 in
2416 2705 2537 2759 navi
2570 2706 2842 2772 mittatur,
2869 2707 3064 2777 mergit
3098 2706 3240 2761 illam
3269 2714 3327 2759 ut
3357 2720 3491 2774 per-

1884 2806 1993 2854 eat.
2054 2798 2225 2865 Quam
2259 2799 2481 2854 minuta:
2531 2809 2657 2854 sunt
2707 2808 2871 2871 gutta:
2918 2799 3142 2871 pluviar;
3176 2813 3353 2853 nonne
3384 2796 3492 2850 llu-

1886 2890 2030 2945 Itina
2066 2889 2311 2959 implettt,
2342 2898 2396 2945 et
2426 2891 2613 2946 domos
2643 2890 2940 2959 dejiciunt?
2991 2892 3131 2960 Ergo
3176 2890 3276 2945 ista
3315 2888 3492 2944 nolite

1886 2995 2255 3041 contemnere.
2305 2986 2410 3042 Sed
2443 2988 2639 3042 dicturi
2671 2989 2839 3043 estis:
2884 2989 3085 3059 Ecquis
3132 2976 3310 3060 potest
3360 3003 3489 3044 esse

1888 3081 2006 3135 sine
2040 3081 2191 3135 istis?
2222 3082 2297 3136 Nc
2340 3082 2444 3138 hoc
2486 3084 2732 3139 dixeritis
2780 3084 2953 3157 (259),
2986 3085 3110 3155 quia
3154 3100 3285 3141 vere
3325 3098 3488 3141 nemo

1888 3181 2087 3244 potest.
2113 3172 2255 3229 Deus
2286 3176 2599 3231 misericors
2624 3177 2813 3232 videns
2845 3188 3084 3232 nostram
3110 3177 3487 3243 fragilitatem,

1887 3268 2068 3337 posuit
2114 3267 2275 3339 128
2304 3277 2527 3324 econtra
2554 3269 2813 3325 remedia.
2872 3270 3003 3338 Quze
3041 3279 3166 3326 sunt
3209 3268 3490 3325 remedia?

1889 3359 2377 3430 elecmosyuarum,
2415 3359 2767 3431 jejuniorum,
2808 3362 3136 3418 orationum.
3184 3362 3299 3432 Ipsa
3356 3369 3493 3417 sunt.

1892 3448 2028 3513 tria;
2072 3457 2129 3503 ut
2163 3458 2341 3505 autem
2392 3465 2581 3505 verum
2630 3450 2778 3505 dicas
2819 3450 2873 3504 in
2913 3450 3182 3514 oratione,
3228 3448 3496 3520 perfectae

1891 3537 2174 3607 implendae
2198 3548 2324 3593 sunt
2352 3538 2727 3609 eleemosynm.
2758 3538 2888 3607 Qua:
2916 3549 3037 3594 sunt
3060 3537 3315 3609 perfecta:
3341 3538 3497 3593 clee—

1891 3632 2164 3703 mosynte?
2186 3640 2245 3686 ut
2282 3648 2347 3688 ex
2375 3648 2482 3703 quo
2506 3633 2601 3688 tibi
2632 3634 2889 3700 abundat,
2922 3635 3017 3689 des
3046 3634 3094 3690 ei
3125 3633 3214 3703 qui
3242 3649 3348 3688 non
3381 3635 3487 3689 ba—

1890 3725 2002 3791 bet,
2031 3724 2273 3795 etquod,
2307 3725 2389 3781 vel
2421 3742 2541 3781 cum
2582 3735 2633 3783 te
2659 3726 2802 3782 laedit
2840 3727 3052 3797 aliquis,
3108 3727 3355 3798 ignoscas
3386 3726 3491 3781 illi.

1892 3816 2000 3872 Sed
2038 3832 2106 3872 ne
2144 3820 2362 3889 putetis,
2404 3820 2621 3885 fratres,
2653 3820 2777 3890 quia
2827 3820 3072 3876 facienda
3100 3820 3210 3876 sint
3240 3820 3490 3891 quotidie

1891 3910 2181 3978 adulteria,
2211 3920 2265 3966 et
2293 3911 2652 3983 eleemosynis
2681 3911 3011 3982 quotidianis
3033 3914 3363 3967 mundanda.
3398 3912 3489 3967 Ad

1891 4018 1955 4059 ea
2010 4003 2214 4060 scelera
2264 4004 2469 4075 majora
2505 4020 2609 4059 non
2649 4002 2926 4060 sufficiunt
2971 4005 3297 4075 quotidiana:
3336 4005 3486 4060 elec-

1892 4109 2153 4166 mosynte,
2179 4104 2238 4148 ut
2267 4110 2328 4149 ea
2360 4094 2640 4150 mundcut.
2666 4094 2827 4150 Aliud
2857 4104 2940 4150 est
2962 4095 3049 4150 ubi
3084 4104 3259 4151 mutes
3288 4095 3489 4163 vitant,

1892 4184 2041 4240 aliud
2088 4185 2176 4240 ubi
2219 4183 2416 4241 toleres
2469 4186 2658 4240 vitam.
2704 4186 2795 4241 Illa
2835 4188 3092 4242 mutanda
3142 4196 3286 4254 sunt,
3339 4188 3492 4244 utsi

1892 4276 2140 4333 mtechus
2166 4291 2309 4343 eras,
2333 4277 2444 4347 jam
2472 4292 2577 4331 non
2609 4277 2715 4344 sis;
2768 4278 2812 4333 si
2867 4278 3165 4333 fornicator
3196 4295 3338 4344 cras,
3372 4278 3491 4335 noli

1893 4368 2182 4433 fornicari;
2217 4370 2260 4423 si
2292 4369 2585 4436 homicida,
2631 4370 2740 4425 noli
2788 4385 2907 4427 esse
2949 4372 3253 4441 homicida;
3293 4374 3339 4431 si
3370 4373 3499 4430 ibas.

1896 4461 1964 4516 ad
1991 4463 2460 4527 mathematicum,
2491 4463 2572 4516 vel
2610 4464 2674 4517 ad
2709 4473 2936 4520 ca‘teras
2964 4472 3146 4535 pestes
3168 4467 3493 4538 sacrilegas,

1888 4552 1999 4625 jam
2035 4555 2243 4610 desine.
2287 4556 2656 4613 Arbitraberis
2702 4556 2839 4623 hmc,
2890 4558 2993 4613 nisi
3046 4557 3160 4613 ﬁeri
3211 4560 3495 4624 desinant,

1891 4648 2221 4719 quotidianis
2267 4662 2429 4720 posse
2466 4648 2824 4723 eleeutosynis
2870 4650 3171 4706 nmndari?
3218 4651 3309 4706 Illa
3364 4651 3497 4706 dico

1895 4872 1939 4927 F'
1969 4869 2119 4943 (239)
2143 4868 2297 4942 Apud
2321 4870 2679 4954 Augustinum
2709 4893 2720 4927 :
2752 4870 2835 4927 Ne
2859 4872 2958 4927 hoc
2987 4873 3185 4927 diceres
3209 4873 3352 4995 aqua:
3377 4889 3502 4955 vere

1898 4960 2047 4995 nemo
2078 4941 2263 4995 uolesll
2295 4940 2433 4995 Deus
2458 4960 2773 4995 misericors.
2807 4953 2915 4995 etc.
2940 4942 3073 4995 Cum
3110 4943 3216 4995 Rat
3238 4958 3405 4995 tenus
3438 4961 3498 4995 In

1898 4940 2047 4996 nemo
2078 4940 2263 5012 potest)
2295 4940 2433 4996 Deus
2458 4944 2773 5010 misericors,
2807 4953 2915 4999 etc.
2940 4942 3073 4999 Cum
3110 4940 3405 4997 Ratltcrius
3438 4943 3498 4997 its

1899 5027 2118 5069 carcere
2147 5012 2299 5066 libris
2329 5028 2547 5083 expers,
2581 5015 2890 5070 testimonia
2926 5014 3054 5067 olim
3080 5015 3214 5069 lecta
3239 5016 3502 5068 memori-

1898 5092 1981 5137 ter
2005 5083 2411 5162 transcriberet,
2438 5085 2692 5162 nonnulla
2711 5088 2822 5162 hic,
2840 5085 3319 5162 sic_utqu_audo_que
3343 5083 3500 5150 alibi,
