4018 5406
509 243 614 298 975

1448 240 2027 321 RATHiEljJLQPISC.
2069 245 2323 305 VERDN.
2363 247 2516 305 OPP.
2556 247 2737 307 PARS
2768 248 2810 305 l.

3659 232 3789 313 2‘16

509 361 821 433 quotidiana
876 369 1125 431 peccata,
1178 375 1296 431 quas
1353 370 1445 415 aut
1506 375 1603 433 per
1648 361 1885 435 linguam
1931 360 2169 426 facileA
2195 364 2346 421 deret
2402 367 2664 423 ebaritas.
2713 369 2849 424 Cum
2891 368 3087 426 talibus
3123 384 3342 443 quoque
3371 387 3459 430 res
3485 373 3787 445 agebatur,

509 454 942 520 committuntur,
970 462 1029 508 ut
1054 461 1141 510 est
1175 454 1397 510 verbum
1441 452 1655 520 durum,
1684 462 1778 509 aut
1805 468 1929 509 cum
1956 453 2093 509 labi-

512 553 601 601 tur
638 545 761 615 quis
793 544 845 599 in
888 546 1055 599 risum
1098 543 1537 609 immoderatum,
1564 552 1657 600 aut
1698 543 1751 599 in
1783 543 2090 613 hujusmodi

506 622 682 710 itugas
715 633 1077 709 quotidianas.
1108 635 1163 691 In
1193 636 1322 706 ipsis
1364 636 1529 693 etiam
1562 636 1837 692 concessis
1872 647 2093 706 peccata

512 718 658 811 sunt.
709 730 844 787 Cum
892 732 1005 801 ipsa
1046 747 1215 787 uxore
1272 732 1317 786 si
1378 732 1655 794 exceditur
1701 730 2093 789 conenmbeudi

514 823 707 879 modus
734 825 1085 897 procreandis
1114 824 1300 880 liberis
1320 824 1553 889 debitus,
1582 835 1863 895 peccaturo
1885 831 1987 880 est.
2010 823 2092 880 Ad

514 915 616 971 hoc
665 918 807 971 enim
856 918 1071 972 ducitur
1131 932 1289 981 uxor,
1344 918 1487 988 quod
1518 929 1570 973 et
1603 918 1794 973 tabulae
1832 917 2091 983 indicant,

513 1008 603 1062 ttbi
666 1009 943 1075 scribitur,
1017 1008 1311 1065 liberorum
1380 1009 1832 1080 procreandorum
1906 1023 2090 1064 causa.

515 1097 743 1165 Quando
775 1098 837 1154 tu'
863 1102 939 1154 uti
968 1116 1136 1155 uxore
1158 1100 1387 1171 amplius
1431 1116 1592 1171 quam
1625 1101 1917 1155 necessitas
1964 1114 2093 1169 pro-

474 1186 481 1193 ’
514 1182 870 1247 creandorum
898 1193 1189 1248 liberorum
1212 1192 1651 1265 cogit,_volueris,
1671 1190 1784 1262 jam
1812 1203 2093 1262 peccatum

515 1290 627 1349 est;
678 1290 733 1336 et
784 1282 901 1353 ipsa
952 1284 1075 1339 talia
1122 1293 1347 1354 peccata
1388 1284 1715 1354 quotidianae
1741 1279 2097 1354 cleeﬁiosynaz

516 1374 800 1429 mandant.
831 1374 886 1429 ln
913 1376 1044 1446 ipsis
1069 1376 1235 1432 etiam
1266 1376 1557 1442 alimentis,
1587 1392 1708 1449 quae
1755 1377 1940 1447 utique
1965 1392 2097 1432 con-

518 1480 669 1520 cessa
703 1475 846 1529 sunt,
881 1467 925 1522 si
958 1465 1095 1522 forte
1116 1467 1330 1523 excellis
1358 1468 1594 1534 modum,
1621 1477 1674 1523 et
1696 1468 1926 1540 amplius
1954 1468 2097 1526 acci-

515 1556 600 1628 pis
630 1574 790 1628 quam
824 1574 1041 1616 necesse
1088 1568 1189 1625 est,
1231 1575 1442 1631 peccas.
1493 1561 1814 1631 Quotidiana
1843 1571 1968 1619 sunt
1996 1564 2097 1619 ista

518 1664 638 1719 quae
668 1648 820 1704 dico:
863 1660 1038 1705 tamen
1077 1661 1299 1722 peccata
1333 1663 1477 1721 sunt,
1515 1666 1572 1712 et
1618 1670 1723 1710 non
1770 1664 1897 1711 sunt
1923 1656 2094 1722 levia;

2191 458 2283 526 qui
2314 472 2385 513 ne
2435 458 2802 515 irascerentur
2838 459 2916 516 nil
2952 462 3176 518 omnino
3223 464 3595 531 metuebatur;
3641 465 3791 520 dum

2191 548 2268 605 illi
2313 550 2415 607 sibi
2452 551 2508 606 in
2541 552 2737 608 talibus
2764 552 2973 610 consuli
2999 555 3322 612 omnimodis
3346 556 3788 627 gratularentur,

2192 643 2333 700 sicut
2381 644 2819 704 clementissimae
2881 650 3270 706 recordationis
3325 650 3623 723 imperator
3673 650 3795 707 sub

2196 734 2407 799 hisdem
2462 738 2798 809 temporibus
2848 740 2955 812 egit
3011 739 3349 800 Theodosius
3377 782 3391 797 .
3423 782 3437 797 .
3466 782 3481 797 .
3514 782 3529 797 .
3557 782 3570 795 .
3605 740 3790 813 (Hist.

2194 826 2402 898 tripart.
2434 828 2470 884 l.
2502 845 2579 896 tx,
2607 845 2658 886 c.
2687 831 2777 899 50)
2800 841 2862 887 ut
2906 832 3195 902 impleatur
3244 837 3386 906 quod
3412 850 3512 907 per
3533 835 3788 907 prophe-

2194 929 2306 975 tam
2329 921 2535 977 dictum
2554 933 2638 978 est
2662 942 2676 978 :
2704 922 2975 995 Disperdet
3000 925 3259 982 Dominus
3286 940 3441 1000 caput
3466 938 3517 983 et
3546 929 3793 983 caudam

2194 1012 2551 1069 instruentem
2581 1024 2630 1069 et
2655 1016 2999 1085 refrmntem
3020 1019 3078 1073 in
3112 1020 3198 1075 die
3220 1037 3329 1075 una
3357 1018 3514 1090 (Isai.
3548 1035 3630 1085 ιι,
3661 1018 3788 1090 η).

2196 1104 2366 1162 Nemo
2389 1106 2682 1173 invenitur,
2698 1110 2839 1165 sicut
2860 1126 2963 1166 nec
2985 1112 3037 1165 in
3063 1113 3385 1168 docentibus
3406 1112 3792 1181 mendacium,

2197 1197 2273 1259 ita
2307 1211 2407 1256 nec
2431 1199 2486 1255 in
2510 1210 2783 1255 conventu
2835 1194 3224 1269 longtevorum,
3255 1204 3347 1273 qui
3375 1213 3526 1257 tuum
3556 1202 3653 1257 tibi
3684 1214 3797 1256 au-

2199 1286 2322 1342 deat
2346 1297 2670 1354 monstrare,
2701 1289 2890 1345 saltem
2914 1290 3096 1361 aliquo
3121 1302 3178 1347 ut
3212 1291 3440 1347 Natbam
3491 1292 3663 1347 David
3697 1292 3796 1347 ist-

2198 1379 2377 1450 genio,
2411 1380 2703 1451 periculum
2735 1380 2823 1453 (Il
2858 1381 2984 1454 Reg.
3035 1398 3134 1448 xu,
3170 1383 3290 1455 £5);
3349 1399 3471 1439 cum
3524 1400 3633 1439 non
3684 1383 3788 1447 sis,

2198 1472 2339 1541 quod
2371 1471 2513 1527 Deus
2557 1474 2779 1528 omnino
2826 1482 3059 1544 avertat,
3096 1476 3240 1531 lilius
3276 1474 3467 1543 Belial,
3519 1485 3579 1531 ut
3619 1488 3794 1531 nemo

2200 1563 2297 1618 tibi
2342 1565 2510 1635 possit
2551 1564 2715 1635 loqui,
2771 1580 2948 1636 neque
2968 1566 3029 1620 in
3078 1581 3288 1632 eontm,
3319 1568 3429 1623 Deo
3458 1566 3687 1639 gratias,
3731 1574 3794 1621 te

2202 1653 2370 1708 sciam
2395 1670 2618 1710 currere
2645 1655 2781 1711 velle
2808 1671 3056 1721 numero,
3089 1657 3156 1712 de
3176 1658 3373 1727 quibus
3400 1646 3602 1713 dicitur
3627 1655 3791 1726 quasi

517 1742 642 1814 quia
715 1744 881 1816 (240)
952 1762 1080 1802 vero
1154 1747 1463 1817 quotidiana
1529 1759 1655 1805 sunt.
1719 1759 1774 1806 et
1831 1748 2094 1821 plurima,
2123 1727 2172 1788 Β
2199 1745 2267 1801 de
2289 1762 2399 1803 uno
2430 1765 2443 1801 :
2472 1746 2758 1803 Considera
2784 1764 2941 1817 opera
2969 1748 3089 1813 Dei.
3124 1750 3249 1817 quia
3289 1765 3438 1804 nemo
3460 1750 3629 1820 possit
3669 1765 3793 1803 cor-

521 1835 754 1891 tintenda
798 1846 881 1893 est
938 1839 1088 1893 ruina
1137 1839 1509 1896 multitudinis.
1553 1842 1700 1897 Talia
1742 1854 1960 1913 peccata
2012 1844 2096 1901 di-

519 1931 709 1995 cimus,
740 1930 949 1995 fratres,
988 1932 1315 2002 quotidianis
1357 1935 1604 1989 mundari
1648 1935 2027 2008 eleemosynis.
2072 1955 2093 1991 ι

519 2024 647 2099 ltem
696 2033 815 2094 post
857 2024 1151 2094 aliquanta.
1202 2024 1412 2093 Quanta
1468 2027 1681 2084 donatis
1721 2029 2091 2093 histrionibus,

516 2123 714 2183 quanta
776 2114 988 2169 donatis
1036 2116 1406 2183 venatoribus,
1459 2129 1662 2188 quanta
1717 2121 1929 2176 donatis
1979 2130 2096 2177 tur-

515 2206 672 2274 pibns
726 2207 994 2275 personis,
1045 2207 1136 2277 qui
1176 2223 1271 2264 vos
1325 2210 1613 2269 occidunt?
1649 2211 1752 2267 Per
1782 2214 1928 2283 ipsas
1950 2215 2096 2270 enim

518 2299 879 2355 exhibitioncs
901 2301 1235 2371 voluptatum
1265 2302 1595 2358 interﬁciunt
1621 2309 1830 2361 animas
1854 2316 2090 2373 vestras;

515 2400 567 2444 et
609 2388 855 2455 insanitis
906 2391 1027 2461 quis
1077 2391 1195 2463 plus
1251 2392 1433 2449 donet.
1494 2394 1551 2448 Si
1613 2396 1922 2453 insaniretis
1973 2394 2097 2467 Quis

514 2485 633 2569 plus
682 2498 881 2551 servet,
925 2502 1030 2541 non
1073 2486 1263 2541 essetis
1313 2486 1536 2542 ferendi.
1587 2487 1719 2555 Quis
1754 2489 1872 2559 plus
1916 2498 2096 2577 servet

516 2577 778 2641 insanire,
818 2577 1058 2631 avaritia:
1110 2585 1230 2642 est;
1281 2578 1403 2647 quis
1458 2578 1577 2648 plus
1634 2579 1796 2634 donet
1834 2580 2092 2645 insanire,

514 2668 845 2738 profusionis
902 2676 1003 2722 est.
1056 2665 1166 2722 Nec
1210 2683 1432 2722 avarum
1481 2678 1533 2724 te
1584 2670 1755 2736 Deus,
1818 2688 1919 2727 nec
1975 2688 2092 2742 pro.

517 2746 695 2814 fusum
732 2767 781 2812 te
814 2757 946 2812 vult.
972 2757 1247 2813 Collocare
1272 2767 1319 2813 te
1352 2759 1463 2813 vult
1484 2775 1601 2829 quae
1625 2762 1812 2825 habes,
1842 2778 1948 2818 non
1973 2778 2099 2832 pro.

512 2854 701 2927 jicere.
729 2853 960 2909 Certatis
981 2868 1101 2923 qms
1122 2852 1301 2908 vincat
1319 2852 1369 2907 in
1389 2848 1559 2923 pejus,
1580 2868 1687 2908 non
1718 2853 1858 2909 datis
1876 2869 2098 2925 operam

520 2946 641 3018 quis
672 2946 741 3002 sit
767 2945 995 3002 melior:
1028 2954 1190 3016 atque
1220 2944 1424 2999 utinam
1456 2944 1602 3016 (2H)
1638 2960 1742 3000 non
1786 2946 1986 3001 daretis
2012 2961 2097 3002 res

517 3048 745 3097 vestras,
767 3047 821 3090 et
851 3034 1138 3089 diceretis:
1167 3031 1459 3089 Christiani
1487 3049 1691 3090 sunnts.
1737 3034 1817 3089 Ad
1855 3034 2094 3090 favorem

517 3126 697 3198 populi
730 3123 995 3195 projicitis
1024 3139 1110 3179 res
1136 3132 1363 3187 vestras,
1398 3132 1585 3179 contra
1608 3122 1759 3191 jnssa
1785 3125 1979 3181 tenetis
2010 3140 2097 3182 res

518 3227 749 3271 vestras.
768 3216 905 3271 Ecce
920 3231 1023 3269 non
1038 3214 1188 3282 jubet
1204 3213 1452 3270 Christus
1470 3233 1482 3269 :
1501 3214 2100 3287 rogatChristus,129
2158 3230 2163 3237 ·

520 3319 642 3378 eget
688 3307 957 3363 Christus.
1002 3305 1234 3372 Esuriui,
1270 3305 1399 3361 dicit
1436 3303 1704 3375 Christus,
1751 3315 1799 3360 et
1852 3323 1954 3361 non
2007 3307 2098 3363 de-

520 3404 672 3457 distis
698 3402 825 3456 mihi
852 3401 1169 3479 manducare
1197 3398 1409 3472 (Matth.
1442 3416 1569 3466 xxv,
1592 3399 1704 3471 42).
1733 3401 1904 3472 Egere
1929 3400 2100 3457 voluit

521 3502 743 3564 propter
790 3502 867 3559 te,
911 3499 972 3547 ut
1024 3490 1253 3547 haberes
1283 3489 1369 3544 ubi
1404 3489 1702 3546 seminarcs
1728 3500 1944 3547 terrena
1980 3505 2100 3562 qnze

521 3584 691 3654 dedit,
718 3597 771 3641 et
793 3593 1025 3641 ntetcres
1052 3585 1217 3639 vitam
1261 3578 1538 3639 aeternam.
1579 3602 1598 3635 ι
1647 3582 1871 3647 Videtis,
1904 3584 2099 3640 fratres

523 3683 648 3746 mei,
681 3680 880 3736 Christi
926 3677 1370 3733 misericordiam.
1418 3678 1527 3733 Deo
1554 3677 1774 3748 gratias,
1804 3679 1929 3747 quia
1962 3676 2102 3745 peri-

521 3773 642 3829 cula
686 3771 965 3827 mortifera
1006 3771 1247 3826 viventes
1290 3770 1537 3825 audistis.
1577 3767 1743 3826 Nemo
1781 3783 1878 3825 vos
1926 3768 2099 3836 fallat,

523 3868 631 3922 odit
661 3867 759 3921 ista
782 3865 946 3931 Deus,
972 3864 1208 3920 vindicat
1234 3864 1334 3919 ista
1373 3863 1534 3919 Deus.
1636 3938 1641 3943 ι

593 3959 682 4015 24.
720 3957 837 4023 Eia,
894 3957 1095 4028 optime
1150 3957 1420 4028 princeps,
1462 3956 1582 4026 quis
1634 3956 1729 4012 tibi
1778 3956 1939 4013 hodie
1995 3957 2101 4012 ista

525 4053 706 4109 dicere
730 4050 986 4107 auderet?
1020 4048 1243 4122 Nempe,
1276 4050 1322 4104 si
1351 4065 1450 4121 ego
1501 4049 1781 4117 dixissem,
1821 4059 1915 4105 aut
1939 4050 2102 4120 dege-

527 4159 709 4199 nerem
761 4142 843 4199 vel
887 4142 1194 4199 bacularem
1220 4141 1367 4214 (242)
1397 4141 1713 4212 appellares,
1742 4150 1835 4197 aut
1863 4142 2105 4200 insanire

531 4253 613 4291 me
644 4237 894 4292 diceres:
932 4235 1077 4304 ipsos
1123 4235 1283 4290 etiam
1334 4234 1573 4290 bromios
1623 4232 1771 4305 (245)
1822 4235 2104 4305 nequirem

526 4329 669 4383 ferre
697 4337 848 4394 tuos;
874 4343 1061 4383 eorum
1089 4327 1140 4380 in
1164 4341 1248 4379 nte
1272 4324 1517 4380 convicia
1542 4324 1688 4379 nulla
1716 4333 1935 4396 caperet
1952 4338 2105 4379 men-

2201 1841 2366 1910 rigcre
2414 1856 2566 1910 quem
2603 1840 2692 1895 ille
2730 1840 3018 1912 despexerit
3049 1839 3249 1911 (Eccle.
3275 1855 3374 1906 vtt,
3403 1840 3515 1912 M).
3546 1839 3793 1910 Ideoque

2200 1932 2498 1987 timendum
2521 1941 2624 1998 est,
2657 1947 2724 1989 ne
2751 1935 2818 1989 ad
2845 1950 2983 2006 euge
3011 1943 3328 2006 perpetuum
3352 1934 3789 2005 comparandum

2198 2024 2252 2079 in
2300 2023 2394 2079 illo
2435 2025 2706 2092 examine,
2739 2026 2937 2083 nullius
2969 2042 3107 2096 pene
3137 2026 3292 2083 istius
3336 2026 3435 2082 aevi
3472 2025 3794 2095 alloquatur

2198 2118 2341 2173 actio
2375 2118 2600 2173 Domino
2630 2117 2779 2190 (244)
2807 2120 2991 2174 dicens
3023 2138 3036 2174 :
3070 2118 3343 2191 Loqnebar
3374 2120 3441 2174 de
3469 2116 3790 2173 testimoniis

2198 2212 2303 2266 tuis
2318 2212 2370 2265 in
2390 2220 2665 2280 conspectu
2683 2227 2883 2281 regunt,
2898 2221 2946 2266 et
2961 2228 3065 2266 non
3080 2211 3441 2279 confundebur
3452 2209 3570 2279 (Ps.
3586 2222 3786 2272 cxvm,

2197 2304 2325 2375 46);
2353 2303 2696 2361 manifestato
2723 2304 2935 2359 illorum
2961 2313 3216 2375 peccato;
3242 2320 3271 2358 a
3292 2318 3526 2375 quorum
3557 2312 3612 2359 te
3634 2302 3785 2357 Deus

2199 2404 2413 2465 separet
2441 2396 2730 2458 consortio,
2762 2394 2852 2463 qui
2874 2395 3122 2449 dixerunt
3151 2393 3377 2448 Domino
3407 2394 3556 2448 Deo:
3584 2390 3788 2445 Recede

2198 2505 2230 2542 α
2263 2488 2410 2543 nobis
2433 2485 2585 2557 (Gen.
2622 2502 2770 2552 xm,
2803 2485 2915 2556 16),
2943 2485 3068 2539 dum
3093 2483 3543 2554 przedicatoribus
3570 2479 3788 2536 scilicet

2198 2595 2305 2634 non
2358 2580 2719 2635 obaudiernut
2781 2579 2897 2648 ejus
2958 2578 3311 2649 appropriare
3369 2573 3665 2647 cupientis,
3728 2581 3791 2628 et

2201 2669 2556 2732 inambulare,
2588 2678 2642 2723 et
2663 2670 2932 2735 habitare,
2960 2678 3015 2725 et
3039 2669 3364 2733 cohabitari,
3401 2676 3463 2722 ut
3485 2675 3635 2723 esset
3659 2665 3786 2720 illo-

2198 2776 2317 2816 rum
2374 2761 2487 2830 ipse
2518 2760 2683 2826 Deus,
2731 2770 2787 2816 et
2833 2761 2933 2832 ipsi
2981 2759 3097 2830 ejus
3143 2758 3374 2832 populus
3421 2753 3792 2813 desiderantis

2200 2853 2369 2926 (245).
2397 2853 2440 2909 Ε
2466 2854 2663 2923 quibus
2689 2852 2921 2921 duobus,
2949 2863 3007 2908 ut
3057 2853 3257 2909 evadas
3284 2850 3538 2913 alterum,
3561 2854 3624 2901 ut
3651 2860 3789 2900 nan-

2200 2945 2427 3001 ciscaris
2448 2944 2681 3017 (alium),
2710 2944 3159 3016 perexpediamus
3181 2943 3325 3013 quod
3349 2942 3416 2998 de
3438 2939 3790 3008 eleemosyna

2201 3039 2488 3109 cmpimus,
2523 3049 2583 3092 ut
2613 3039 2688 3094 ita
2713 3037 2929 3094 demum
2958 3036 3023 3091 de
3044 3036 3258 3105 caeteris
3286 3034 3352 3090 ad
3378 3034 3430 3089 id
3453 3027 3790 3103 pertinenti-

2198 3131 2301 3188 bus
2333 3140 2384 3188 te
2405 3132 2774 3202 copiosissime
2796 3132 3141 3187 instruamus.

2244 3262 2247 3267 ι
2269 3222 2360 3279 25.
2389 3221 2520 3279 Vide
2540 3222 2770 3292 qualiter
2796 3220 2988 3288 facias,
3013 3223 3115 3277 hoc
3126 3228 3210 3277 est
3231 3219 3527 3285 humiliter,
3559 3234 3672 3274 non
3693 3234 3793 3275 su-

2198 3316 2384 3387 perbe.
2409 3330 2478 3371 ne
2498 3315 2593 3370 tibi
2621 3314 2895 3385 contingat
2917 3327 3040 3369 cum
3069 3312 3358 3367 Pharisaeis
3369 3311 3556 3367 audire
3584 3311 3791 3366 :Amets

2200 3406 2318 3461 dico
2339 3404 2504 3472 vobis,
2535 3405 2799 3474 recepistis
2820 3404 3109 3460 mercedem
3124 3400 3586 3471 vestram(lattlt.
3609 3416 3688 3468 v1,
3702 3399 3791 3471 2).

2201 3495 2340 3563 Quid
2368 3495 2513 3551 enim
2540 3493 2701 3550 debet
2729 3493 2852 3564 quis
2870 3494 3154 3564 superbire
3175 3493 3243 3548 de
3264 3492 3630 3564 eleemosyna,
3656 3502 3792 3548 cum

2200 3585 2413 3643 etiamsi
2460 3584 2577 3641 ﬁeri
2632 3593 2835 3657 posset,
2883 3583 3105 3654 (iacebo
3128 3582 3447 3653 Joanneqne
3483 3597 3593 3638 non
3623 3592 3793 3652 posse

2203 3679 2317 3736 fieri
2342 3679 2683 3747 testantibus,
2707 3694 2937 3749 quorum
2958 3693 3101 3735 unus
3126 3695 3146 3757 1:
3178 3676 3245 3733 In
3290 3677 3471 3733 multis
3496 3678 3659 3742 enim,
3682 3676 3789 3742 ait,

2201 3770 2517 3843 oﬁ‘endiutus
2563 3787 2774 3837 omnes;
2825 3771 2966 3827 alter
2987 3811 3002 3826 .
3033 3810 3049 3827 .
3085 3811 3100 3826 .
3131 3810 3146 3826 .
3177 3809 3194 3826 .
3219 3769 3369 3843 (246)
3399 3767 3542 3842 (Jac.
3573 3784 3656 3832 tn,
3695 3767 3788 3841 η)

2207 3874 2387 3921 tamen
2408 3880 2514 3922 non
2531 3881 2629 3922 sua
2641 3874 2749 3932 est,
2763 3879 2928 3936 quam
2943 3864 3192 3937 largitur,
3215 3862 3375 3935 130
3394 3862 3643 3933 pecunia.
3657 3861 3792 3916 Ideo

2203 3955 2349 4011 enim
2372 3954 2588 4024 justitia
2609 3965 2839 4012 vocatur
2864 3962 2921 4010 et
2958 3968 3071 4010 non
3095 3952 3493 4018 misericordia,
3517 3952 3644 4021 quia
3668 3948 3793 4020 ejus

2204 4056 2288 4107 est
2312 4060 2432 4116 qua:
2456 4047 2617 4103 datur
2638 4046 2892 4118 pecunia,
2935 4045 3026 4115 qui
3060 4045 3308 4116 praecipit
3347 4052 3408 4100 ut
3433 4052 3626 4116 agatur
3644 4042 3793 4099 elee-

2206 4152 2433 4209 mosyna
2463 4155 2477 4192 :
2511 4152 2673 4208 quam
2700 4136 2747 4193 si
2769 4136 3002 4194 lideliter
3030 4151 3247 4207 erogas,
3271 4150 3371 4206 pro
3392 4133 3599 4204 iustitia
3631 4148 3794 4191 coro-

2207 4229 2388 4295 naris;
2422 4229 2468 4284 si
2518 4243 2682 4283 avare
2734 4228 2963 4291 retines,
3016 4242 3117 4297 pro
3162 4226 3373 4297 justitia
3400 4226 3706 4291 damnaris;
3741 4224 3792 4280 si

2207 4330 2531 4393 arroganter
2562 4319 2781 4384 tribuis,
2815 4318 2883 4373 de
2911 4318 3103 4374 fraude
3125 4316 3405 4386 iudicaris.
3432 4316 3608 4371 Fraus
3637 4317 3790 4372 enim

535 4435 680 4475 sura.
710 4419 907 4477 Verum
937 4417 1305 4489 hujuscemodi
1337 4416 1437 4472 fuit
1481 4417 1825 4488 antiquorum
1850 4426 2105 4474 conslan-
2134 4451 2185 4511 υ
2208 4418 2291 4466 est
2339 4424 2452 4465 rem
2499 4409 2844 4466 commissam
2895 4422 3003 4464 non
3057 4408 3127 4462 ad
3157 4406 3567 4511 committentis:
3594 4406 3696 4511 sed
3720 4405 3794 4462 ad

530 4512 738 4567 tissima
769 4514 1047 4573 severitas,
1074 4526 1208 4580 quos
1234 4509 1369 4563 mira
1405 4509 1762 4564 comitabatur
1806 4509 2096 4576 sanctitas;

530 4605 654 4659 dunt
679 4604 964 4675 purissima
997 4600 1199 4660 amaret
1232 4601 1451 4667 veritas,
1483 4600 1877 4657 ferventissimo
1905 4616 2101 4659 accen-

599 4800 746 4869 (240)
782 4801 935 4870 Apud
982 4800 1227 4855 eumdem
1274 4799 1629 4871 Augustinum
1690 4797 1938 4871 additur_:
1975 4814 2101 4871 quia

526 4868 698 4945 pium.
726 4868 890 4945 Forte
917 4887 1024 4945 non
1054 4868 1870 4945 Ratherins,'sedamanneusis
1901 4868 2101 4923 Balbe-

525 4939 593 4999 i'ii
623 4944 692 4997 ob
722 4942 1094 5007 repetitionem
1125 4940 1398 5009 particula:
1424 4940 1549 5011 quia
1576 4941 1686 4994 base
1716 4939 1902 5011 verba
1928 4946 2103 5011 trans-

526 5015 714 5088 currit.
775 5013 1037 5088 Similiter
1087 5007 1206 5088 past
1246 5007 1445 5065 vocem
1468 5009 1827 5088 multitudinis
1890 5007 1944 5062 in
1997 5008 2104 5061 Au-

2208 4502 2486 4577 proprium
2517 4500 2754 4565 libitum,
2782 4498 2850 4554 ad
2880 4498 3161 4569 proprium
3184 4496 3450 4569 redigere,
3471 4495 3559 4553 vel
3577 4496 3797 4568 disper-

2204 4610 2334 4667 gere
2385 4593 2645 4650 favorem.
2690 4592 2844 4677 Quod
2898 4592 2944 4648 si
2996 4589 3247 4664 [subaudi
3287 4587 3656 4663 eleemosyna]
3688 4601 3796 4660 pro
3894 4584 3901 4591 ’

2276 4790 2424 4860 (244)
2469 4787 2620 4842 Male-
2648 4788 2701 4860 in
2733 4787 2879 4860 vnlg.
2932 4784 3165 4860 Domini.
3214 4784 3524 4860 Construe:
3562 4783 3792 4860 Nullius

2203 4852 2441 4944 αεῐὲολίὶι
2470 4867 2554 4914 est
2577 4857 2773 4944 nullus)
2804 4852 2931 4929 p'em
2956 4855 3108 4910 istius
3146 4855 3241 4911 teri
3267 4855 3573 4927 alloquatttr
3609 4852 3797 4910 Domi-

2208 4949 2294 4995 uo,
2326 4932 2522 4994 dicens,
2555 4937 2656 4984 etc.

2229 4995 2910 5086 _.(2f55)”Construe;D.um
2934 4995 3128 5084 scilicet
3152 5015 3258 5055 non
3279 4996 3631 5079 obaudierunt
3655 5010 3795 5081 prte-
