4018 5406
112 244 118 249 .
168 191 279 252 277

1038 203 1603 275 PRELOQUIORUM
1642 207 1820 266 LIBRI
1857 206 2011 266 SEX.
2052 240 2121 253 —
2159 208 2286 268 LIB.
2325 211 2411 269 iV.

3335 218 3437 276 278

172 317 429 388 peccatis
458 319 657 390 agitur,
686 316 888 391 [supple
924 318 1000 391 et]
1032 321 1226 378 exinde
1278 324 1621 393 superbitur;
1651 326 1755 383 tale
1781 326 1834 386 A
1857 325 1993 379 enim
2023 327 2258 395 superbis
2311 328 2501 381 resistit
2530 342 2548 378 :
2578 342 2699 383 cum
2760 338 2981 387 econtra
3021 331 3303 388 humilibus
3350 338 3438 393 det

174 416 281 471 est,
315 424 382 463 ac
410 409 454 463 si
483 409 602 480 quis
627 420 861 479 aegrotus
880 412 1232 468 substantiam
1254 428 1406 468 suam
1438 414 1493 470 in
1521 415 1759 474 medicos

173 497 444 564 eh‘undat,
477 510 639 573 atque
668 502 719 557 in
748 502 1057 573 phronesim
1078 513 1254 571 actus,
1280 506 1423 576 quod
1449 509 1760 579 aegrotando

175 589 242 645 ad
266 590 421 645 hanc
442 592 719 648 devenerit
749 596 1147 662 necessitatem,
1178 598 1432 667 gaudeat,
1615 599 1759 669 quod

173 682 505 749 necessitas,
556 684 664 740 imo
711 686 920 741 insania
966 696 1073 753 est,
1112 688 1363 758 deputet;
1398 705 1523 746 cum
1557 691 1754 748 melius

175 771 254 829 illi
280 785 452 843 esset,
484 786 543 833 ut
595 793 762 836 sanus
806 795 934 837 suas
980 780 1199 839 divitias
1243 784 1566 854 possideret,
1597 799 1761 855 quam

176 866 430 926 inﬁrmus
452 871 724 941 perderet.

245 962 341 1017 9.6.
381 962 493 1021 Nec
520 966 623 1021 hoc
646 981 733 1023 me
762 967 883 1024 ideo
905 976 1153 1025 autumes
1178 970 1383 1039 dicere,
1410 974 1553 1043 quod
1596 973 1761 1031 velim

178 1050 231 1107 in
264 1054 452 1125 aliquo
481 1058 700 1115 nomine
728 1075 891 1130 opera
922 1060 1179 1133 levigare,
1200 1063 1356 1133 quasi
1378 1073 1631 1122 astruens
1654 1081 1766 1123 me-

176 1148 269 1202 riti
301 1148 502 1205 nullius
531 1166 651 1207 esse
678 1167 776 1223 pro
825 1153 1066 1224 peccatis
1111 1154 1509 1227 eleemosynam
1556 1157 1759 1215 facere.

175 1236 296 1296 Non
322 1241 427 1296 hoc
450 1251 669 1309 astruo;
702 1246 833 1315 quin
859 1246 1040 1316 potius
1063 1261 1162 1317 pro
1182 1263 1342 1318 posse
1364 1258 1551 1305 contra
1581 1253 1761 1308 venio.

178 1330 333 1398 Quod
358 1334 504 1388 enim
531 1336 707 1406 majus
732 1338 1005 1407 peccatori
1035 1340 1501 1411 meritum,‘quam
1530 1342 1761 1399 beatitm

184 1416 279 1487 do,
333 1438 455 1493 quae
503 1433 730 1494 paratur
800 1427 1132 1499 indulgentia
1186 1433 1568 1500 peccatorum?
1613 1434 1765 1489 Beati

180 1515 349 1583 enim,
382 1534 604 1589 quorum
652 1521 882 1577 remissa
915 1533 1048 1579 sunt.
1080 1525 1406 1594 iniquitates,
1444 1536 1492 1582 et
1540 1545 1765 1600 quorum

182 1616 319 1661 tecta
359 1618 481 1664 sunt
542 1625 755 1679 peccata
785 1611 903 1684 (Ps.
933 1627 1087 1680 xm,
1132 1614 1207 1688 l).
1235 1616 1350 1672 Non
1375 1619 1553 1688 perdit
1584 1620 1767 1690 itaque

183 1703 568 1768 substantiam,
615 1706 707 1773 qui
760 1722 858 1776 pro
906 1708 1143 1775 peccatis
1168 1686 1282 1779 vagit
1327 1686 1759 1782 eleemosynam;
1793 1686 1845 1749 Β

183 1812 329 1863 cum,
367 1805 428 1851 ut
469 1796 618 1867 juste
668 1800 838 1855 videri
887 1811 1087 1872 potest,
1140 1803 1264 1858 ideo
1310 1820 1428 1858 eam
1459 1805 1641 1877 [refert
1693 1807 1765 1861 ad

187 1889 569 1964 substantiam]
603 1894 929 1964 susceperit,
958 1895 1003 1950 si
1034 1903 1212 1950 tamen
1243 1912 1350 1951 non
1393 1896 1537 1952 malo
1559 1898 1762 1970 aliquo,

186 1980 275 2051 sed
299 1996 420 2037 eam
450 1982 740 2052 acquisivit
776 1984 961 2039 labore
997 1985 1084 2041 vel
1114 1986 1364 2057 ingenio;
1390 1996 1445 2042 at
1470 2004 1599 2044 vero
1625 1990 1769 2045 fece-

189 2074 256 2127 rit
289 2072 539 2144 [subaudi
584 2074 1040 2148 eleemosynam];
1075 2092 1175 2133 nec
1222 2085 1401 2133 tamen
1449 2088 1503 2134 et
1558 2079 1614 2133 in
1663 2081 1767 2137 hoc

188 2162 330 2217 illius
350 2164 502 2218 deest
527 2165 922 2229 misericordia,
939 2168 1028 2236 qui
1047 2168 1258 2236 qumrit,
1275 2177 1329 2222 et
1354 2169 1563 2224 salvum
1586 2169 1770 2227 facere

189 2258 330 2326 quod
354 2256 595 2326 perierat
616 2257 769 2311 venit
790 2256 942 2328 (Luc.
970 2275 1083 2324 nx,
1102 2260 1210 2329 l0).
1230 2260 1397 2315 Adest
1415 2262 1557 2317 enim
1585 2263 1767 2334 regula

191 2346 379 2401 talium
423 2361 652 2417 magnus
697 2348 787 2403 ille
825 2349 1023 2420 gratia,
1079 2350 1206 2405 licet
1260 2352 1485 2420 pusillus
1536 2362 1767 2422 statura,

191 2430 477 2503 Zachzeus;
511 2438 686 2504 adest,
721 2440 963 2509 inquam,
994 2440 1256 2509 clamans,
1310 2444 1401 2498 sed
1432 2445 1766 2516 inspiratus:

194 2530 344 2597 Ecce,
376 2531 571 2601 inquit,
599 2531 846 2597 Domine,
862 2535 1140 2588 dimidium
1162 2535 1415 2591 bonorum
1440 2554 1673 2592 meorum
1700 2540 1770 2594 do

192 2624 542 2702 pauperibus;
570 2632 619 2677 et
640 2625 686 2678 si
706 2625 833 2694 quid
863 2625 1087 2695 aliquem
1108 2628 1434 2696 defraudari,
1454 2629 1613 2683 reddo
1632 2646 1770 2701 qua-

194 2716 439 2785 druplum
470 2714 623 2787 (Luc.
656 2733 771 2782 xu,
797 2717 874 2788 8).
908 2717 1012 2773 Sed
1035 2719 1156 2789 quis
1185 2720 1333 2775 novit
1363 2720 1533 2793 (ΞΠ),
1566 2721 1771 2791 inquis,

195 2818 370 2863 utrum
436 2810 540 2865 hoc
597 2808 744 2866 facto
796 2810 1096 2881 placuerit?
1152 2810 1394 2882 Subjecit
1442 2814 1774 2885 evangelista

196 2901 378 2955 dicens
404 2918 417 2953 :
447 2900 536 2954 Ait
568 2910 745 2963 autem
773 2900 928 2956 Iesus
973 2902 1041 2956 ad
1068 2919 1187 2957 eum
1216 2916 1235 2955 :
1267 2903 1407 2969 Quia
1451 2905 1603 2958 hodie
1629 2904 1773 2960 salus

196 2992 371 3047 domui
395 2994 518 3048 huic
540 2994 683 3063 facta
711 3004 808 3061 est,
831 3012 892 3049 eo
915 2996 1055 3066 quod
1088 3006 1138 3051 et
1167 2997 1275 3066 ipse
1302 2996 1445 3066 filius
1460 2999 1525 3052 sit
1549 2999 1775 3054 Abrahae

197 3082 385 3153 (Ibid.,
413 3083 490 3155 9),
520 3084 820 3142 imitatione
844 3088 1052 3157 utique,
1094 3103 1202 3142 non
1228 3103 1431 3159 genere
1460 3086 1609 3145 Sicut
1629 3090 1775 3145 enim

194 3173 469 3229 Abraham
518 3171 618 3230 Dei
668 3186 938 3247 praecepto
987 3177 1207 3247 reliquit
1256 3176 1561 3233 Chaldaeam
1595 3178 1776 3248 (Gem,

194 3262 316 3333 ιιι),
348 3264 425 3318 ita
482 3263 586 3320 iste
633 3264 730 3320 Dei
760 3266 988 3324 dilectus
1034 3255 1307 3324 abdicavit
1332 3270 1636 3326 avaritiam.
1659 3270 1779 3327 Non

198 3356 397 3426 perdit,
429 3358 673 3428 inquam,
705 3359 1084 3429 substantiam,
1114 3362 1207 3432 qui
1255 3377 1354 3432 pro
1382 3364 1622 3432 peccatis
1648 3361 1781 3419 facit

200 3444 633 3519 eleemosynam;
659 3450 770 3506 imo
795 3466 862 3507 ex
889 3452 1003 3522 ipsa
1042 3452 1275 3522 acquirit
1296 3454 1533 3519 veniam,
1563 3468 1659 3524 per
1682 3454 1781 3510 Dei

196 3541 428 3611 gratiam
457 3541 750 3614 exstinguit
778 3544 880 3599 sibi
907 3545 1227 3616 gehennam,
1248 3554 1304 3600 et
1326 3555 1593 3616 praeparat
1613 3547 1781 3601 vitam

197 3641 477 3689 uernam.
502 3634 692 3693 Perdit
721 3646 899 3692 autem
922 3638 1308 3705 substantiam,
1330 3640 1424 3709 qui
1450 3641 1544 3695 dat
1562 3646 1783 3709 propter

198 3740 397 3781 vanam
430 3727 699 3795 gloriam:
727 3729 836 3785 imo
864 3730 1096 3800 acquirit
1149 3730 1251 3786 sibi
1303 3745 1545 3801 poenam,
1577 3739 1633 3785 et
1685 3731 1781 3786 Dei

198 3817 375 3883 iram;
407 3831 623 3889 pinnam
669 3832 893 3893 propter
931 3822 1207 3891 fraudem;
1261 3824 1421 3891 iram,
1450 3832 1670 3896 propter
1694 3840 1785 3881 su-

198 3909 464 3979 perbiam.
494 3909 763 3967 Fraudem
785 3914 985 3983 quam?
1011 3913 1183 3979 illam,
1208 3929 1368 3985 quam
1391 3914 1504 3985 jam
1525 3915 1779 3984 diximus,

202 4016 315 4057 rem
364 4004 804 4060 commendatam
858 4006 1167 4077 usurpando
1192 4016 1252 4062 ut
1298 4007 1600 4077 propriam,
1629 4014 1685 4063 et
1715 4006 1785 4062 ad

202 4108 313 4149 suae
334 4093 588 4151 elationis
613 4095 972 4168 dispergendo
997 4098 1274 4155 libidinem
1294 4140 1309 4166 ,
1330 4115 1453 4155 cum
1477 4099 1662 4169 utique
1679 4099 1785 4156 hoc

204 4186 347 4240 facio
378 4185 451 4240 nil
475 4186 643 4253 aliud,
664 4197 726 4244 ut
758 4203 974 4245 omnem
1020 4200 1327 4260 computem
1383 4206 1669 4258 summam,
1715 4192 1789 4249 sit

206 4276 399 4330 eximie
448 4286 729 4347 capturus,
779 4293 941 4349 quam
986 4290 1209 4336 ventum
1251 4282 1487 4347 inanem,
1540 4282 1646 4338 hoc
1678 4291 1781 4349 est,

208 4369 543 4424 adulantium
573 4368 849 4439 favorem;
879 4373 1032 4445 131
1057 4382 1113 4429 et
1133 4373 1272 4430 forte
1300 4390 1401 4432 nec
1429 4376 1606 4448 ipsum
1636 4377 1787 4432 inve—
1811 4402 1825 4448 ‘-

1811 4430 1867 4493 Ι)

211 4463 309 4527 ιιῑι,
340 4480 501 4533 quem
556 4473 671 4520 toto
719 4466 915 4523 annisu
962 4468 1232 4537 quzesivit.
1274 4470 1415 4525 Iram
1458 4481 1641 4528 autem
1688 4472 1787 4528 Dei

211 4570 370 4625 quam
398 4568 663 4628 provocat
708 4558 940 4628 invenit,
969 4577 1204 4633 eumque
1232 4564 1337 4620 sibi
1370 4564 1649 4620 inimicum
1692 4581 1783 4622 ac-

212 4650 395 4717 quirit,
419 4666 584 4720 quem
608 4651 701 4708 illo
722 4666 886 4723 opere
906 4654 1010 4712 sibi
1033 4654 1390 4712 reconciliare
1418 4656 1621 4713 debuit.
1645 4655 1788 4712 Deus

279 4896 426 4969 (εμπ
448 4898 505 4953 ιη
528 4897 671 4968 vnlg.
694 4913 979 4969 perperam
1005 4917 1211 4956 novum.

276 4966 431 5042 (248)
475 4969 583 5042 Hei
624 4966 1040 5042 causa,inquit;
1096 4971 1220 5040 quia
1264 4971 1549 5042 sequentia
1582 4971 1786 5028 misero

211 5037 402 5113 illi,Ai_n_
420 5055 530 5113 quo
554 5039 845 5113 Ratherius
872 5037 1386 5113 angebatur,istatui
1420 5052 1745 5113 congruunt.

279 5108 433 5182 (249)
466 5110 579 5163 Nisi
627 5114 844 5167 mutilus
895 5108 1149 5182 credatur
1200 5112 1289 5169 hic
1345 5108 1551 5175 textus:
1579 5128 1678 5182 pro
1723 5130 1788 5168 ne

208 5181 419 5248 quando
433 5197 537 5255 rex
562 5183 939 5255 corrigendum
964 5181 1092 5245 erit,
1130 5198 1192 5255 ue
1219 5181 1646 5255 quandoiarregje.
1687 5183 1788 5239 Hic

209 5260 385 5306 autem
430 5250 787 5309 involutus'et
824 5255 893 5308 ob
946 5250 1584 5321 syntaxim'perdilllcilis
1613 5256 1787 5317 locus,

209 5325 261 5379 in
282 5336 395 5391 quo
432 5321 705 5406 abigeris;
733 5324 1007 5406 insistitur
1044 5322 1186 5391 regis
1223 5321 1665 5406 Sedeciaa,__cuju§
1692 5324 1789 5406 lilii

1858 419 2085 487 gratiam
2113 419 2252 490 (Jac.
2278 437 2354 488 iv,
2382 423 2459 495 6).

1931 510 2021 565 27.
2058 512 2154 567 Est
2181 522 2363 569 autem
2418 526 2618 587 praeter
2667 520 2767 576 bos
2811 522 3032 591 quintus
3081 523 3441 595 eleemosynae

1860 607 2074 673 modus,
2103 609 2188 665 cui
2220 619 2406 667 sextus
2427 615 2768 684 praestantior
2806 615 3034 671 multum
3064 616 3294 680 caeteris,
3326 615 3438 670 fra-

1862 700 2004 754 terni
2030 701 2104 756 sit
2123 704 2372 758 remissio
2391 718 2667 773 excessus,
2698 722 2855 777 quem
2887 707 3131 777 sequitur
3152 708 3436 778 septimus,

1863 806 1983 845 cum
2001 791 2375 849 exhortatione
2395 796 2480 866 pia
2508 797 2819 853 alimoniam
2850 800 3119 869 ignoranti
3144 799 3290 854 verbi
3316 814 3440 869 por-

1863 882 2120 953 rigimus;
2157 898 2318 954 quem
2339 886 2591 942 videlicet
2619 889 2866 957 quintum
2893 890 3048 943 tactis
3083 890 3321 944 breviter
3351 903 3439 945 se-

1866 979 2175 1049 quentibus,
2204 996 2310 1037 non
2333 995 2398 1037 ex
2426 982 2562 1037 meis
2585 980 2847 1052 proferre,
2873 984 2965 1039 sed
2993 998 3062 1038 ex
3089 982 3252 1045 illius,
3278 995 3443 1052 quem

1865 1074 2112 1144 superius
2160 1074 2455 1141 iutroduxi,
2507 1075 2652 1131 malo
2676 1076 2856 1140 dictis,
2882 1091 2951 1130 ne
2989 1073 3194 1130 scilicet
3220 1090 3307 1129 me
3333 1072 3441 1129 mei

1863 1176 2029 1218 causa
2080 1162 2228 1233 (248)
2262 1163 2484 1219 tinxisse
2512 1164 2693 1219 dicere
2738 1164 2894 1219 velis.
2946 1163 3038 1218 Ait
3074 1175 3251 1218 autem
3296 1164 3442 1218 idem

1864 1255 1969 1311 hoc
2007 1270 2188 1320 sensu,
2236 1254 2535 1326 iisdemque
2582 1256 2810 1311 verbis:
2857 1275 2876 1307 ε
2914 1255 3177 1311 Omnibus
3221 1254 3443 1325 quidem

1866 1346 2236 1401 misericordia
2266 1346 2515 1415 inOpibus
2546 1346 2668 1415 jure
2698 1346 2953 1412 debetur;
2986 1346 3077 1401 scd
3100 1346 3271 1417 major
3298 1362 3445 1415 quae-

1867 1435 2011 1501 dam,
2042 1452 2163 1492 cum
2197 1453 2263 1492 ex
2286 1437 2543 1492 divitibus
2590 1448 2751 1507 atque
2793 1435 3062 1491 nobilibus
3098 1436 3149 1490 in
3194 1436 3444 1491 ultimum

1868 1535 2067 1582 statum
2094 1537 2256 1598 atque
2279 1527 2535 1599 egestatis
2557 1528 2936 1583 necessitatem
2967 1526 3175 1596 aliquos
3201 1540 3446 1581 aerumna

1869 1618 2075 1689 dejicit,
2107 1619 2477 1676 miserationis
2503 1619 2685 1689 pulsat
2710 1618 2952 1673 allectus.
2993 1637 3012 1671 ι
3046 1616 3219 1671 Habes
3252 1628 3441 1686 parva,

1871 1712 1964 1767 sed
2010 1712 2261 1782 prudenti
2288 1710 2613 1768 sullicienter
2642 1712 2809 1776 dicta,
2851 1711 3210 1781 eleemosynte
3239 1708 3447 1764 facien-

1870 1802 1951 1858 dae
1982 1802 2322 1857 documenta.
2355 1802 2718 1858 Transeamus
2742 1802 2808 1857 a‘d
2838 1811 3052 1856 caetera.

1896 1930 1902 1935 -
1937 1895 2029 1951 28.
2068 1893 2174 1950 Sed
2205 1904 2361 1966 urget
2404 1894 2643 1949 animum
2694 1894 2963 1949 sententia
2996 1892 3064 1947 ab
3093 1890 3298 1946 infante
3324 1890 3449 1961 qui-

1870 1988 1990 2044 dem
2010 1988 2143 2043 mihi
2169 1996 2448 2060 percepta,
2479 1988 2571 2044 sed
2596 1989 2674 2059 (ut
2720 1988 2871 2058 puto)
2913 2003 3015 2042 non
3039 1986 3291 2056 primitus
3314 2000 3449 2055 pne-

1870 2080 2042 2135 riliter
2076 2080 2316 2146 inventa,
2349 2095 2472 2135 cum
2505 2087 2702 2149 prmter
2754 2078 2806 2133 id
2844 2077 2988 2147 quod
3033 2085 3115 2131 est
3161 2076 3450 2144 sapientis-

1871 2172 2033 2237 sima,
2061 2172 2133 2226 sit
2159 2171 2325 2227 etiam
2354 2170 2727 2225 veracissima.
2777 2167 2913 2222 Nam
2946 2167 3329 2235 interrogatus,
3363 2180 3451 2221 me

1872 2261 2143 2324 audiente,
2179 2260 2395 2329 quidam
2446 2260 2702 2329 puerulus
2753 2274 2781 2312 a
2839 2256 3069 2327 quodam
3108 2254 3448 2325 joculariter,

1872 2352 2037 2423 Cujus
2068 2354 2221 2406 homo
2247 2362 2375 2406 esset
2430 2367 2542 2417 rex,
2595 2350 2851 2406 continuo
2883 2348 2956 2403 nil
3001 2347 3161 2402 etiam
3195 2348 3452 2402 haesitans

1875 2447 2151 2517 respondit
2175 2462 2188 2499 :
2216 2442 2381 2513 Cujus
2413 2460 2571 2513 opera
2603 2442 2749 2513 facit.
2769 2442 2921 2510 Quod
2945 2456 3065 2495 cum
3092 2454 3190 2509 pro
3212 2449 3455 2509 tempore

1874 2554 1981 2593 non
2011 2552 2238 2607 parvum
2262 2544 2538 2605 stuporem
2566 2534 2877 2605 ingessisset
2903 2531 3289 2601 mihi,cognovi
3317 2546 3452 2598 quo-

1875 2633 1996 2688 dam
2029 2629 2323 2693 relerente,
2372 2627 2425 2682 id
2450 2627 2792 2698 proverbium
2844 2627 2897 2680 in
2930 2624 3283 2680 concionibus
3312 2624 3456 2679 cele-

1875 2721 2045 2785 brari,
2077 2731 2481 2787 conversusque
2506 2718 2570 2772 ad
2599 2716 2765 2771 Deum
2796 2715 3003 2786 optavi,
3027 2722 3082 2767 ut
3112 2724 3167 2768 et
3197 2714 3247 2767 id
3280 2714 3370 2777 ita,
3397 2723 3458 2768 ut

1878 2811 2035 2877 mihi,
2068 2809 2257 2864 audire
2306 2807 2649 2876 contingeret
2696 2805 2825 2868 tibi;
2878 2814 3144 2873 quatenus
3181 2804 3305 2855 illud
3333 2818 3455 2856 cum

1884 2901 2165 2958 Dominica
2194 2913 2327 2953 voce
2352 2896 2639 2952 conferens
2665 2895 2880 2950 dicente
2906 2913 2918 2949 :
2949 2894 3117 2948 Nemo
3140 2903 3303 2963 potest
3332 2895 3460 2947 duo-

1880 2998 1975 3053 bus
2026 2996 2250 3052 domim's
2302 2996 2496 3051 servire
2544 2993 2759 3063 (Matth.
2811 3008 2887 3058 vr,
2937 2993 3055 3061 Si);
3107 2993 3458 3046 reminiscens

1881 3090 2045 3145 etiam
2072 3089 2272 3143 dictum
2302 3100 2423 3140 esse
2452 3102 2464 3137 :
2498 3082 2599 3149 Qui
2651 3083 2777 3152 facit
2824 3090 3114 3153 peccatum,
3173 3099 3347 3135 servus
3386 3089 3457 3134 est

1881 3183 2078 3254 peccati
2109 3181 2288 3251 (Joan.
2316 3193 2436 3240 vm,
2465 3176 2578 3244 54),
2605 3182 2660 3230 et
2680 3175 2807 3245 quia
2838 3191 2869 3226 a
2894 3191 2993 3243 quo
3020 3175 3135 3243 quis
3159 3184 3457 3243 superatur,

1882 3273 1996 3343 ejus
2026 3282 2072 3325 et
2112 3286 2288 3324 servus
2313 3277 2387 3323 est
2416 3266 2501 3339 (II
2551 3263 2697 3323 Betr.
2747 3282 2810 3330 ιι,
2844 3263 2963 3333 l9);
3017 3264 3308 3332 pessimum
3354 3277 3461 3315 non

1884 3364 2043 3420 modo
2066 3362 2351 3417 Dominum
2382 3358 2628 3428 fugeres;
2656 3357 2750 3411 sed
2801 3353 3139 3409 nobilitatem
3172 3362 3313 3405 tuam
3348 3366 3463 3404 mo-

1882 3458 2032 3514 ribus
2060 3455 2364 3515 vindicans,
2393 3458 2570 3506 erecta
2601 3447 2815 3503 cervice
2847 3446 2921 3500 illi
2971 3445 3272 3508 resisteres,
3305 3443 3463 3510 eique

1884 3547 2039 3605 subdi
2062 3546 2406 3616 dedignatus,
2438 3538 2630 3610 optimi
2664 3537 2878 3593 Domini
2906 3545 3051 3590 totus
3075 3548 3193 3588 esse
3237 3540 3460 3586 conten-

1885 3644 2064 3706 deres,
2093 3654 2194 3694 nec
2223 3635 2449 3692 alterius
2477 3636 2659 3697 homo,
2691 3645 2851 3700 quam
2884 3625 3130 3700 [subaudi
3175 3620 3338 3694 illius]
3372 3621 3463 3691 qui

1884 3743 1938 3790 te
1958 3741 2018 3787 ut
2045 3733 2208 3787 homo
2232 3742 2403 3795 esses,
2433 3727 2541 3781 imo
2564 3732 2626 3780 ut
2650 3722 2861 3780 caeteris
2903 3717 3214 3774 hominibus
3238 3711 3465 3785 prmcel-

1883 3826 2026 3881 leres
2070 3824 2220 3888 fecit,
2249 3837 2391 3888 esse,
2423 3818 2540 3889 ejus
2567 3830 2731 3887 opera
2782 3810 3029 3867 faciendo
3060 3817 3319 3864 certares.
3348 3804 3469 3859 Sci-

1885 3934 2008 3975 mus
2029 3918 2173 3973 enim
2199 3932 2312 3989 prae
2338 3912 2549 3970 caeteris
2570 3909 2667 3965 tibi
2691 3905 2974 3963 sollicitius
2997 3902 3114 3958 fore
3139 3897 3464 3989 cavendum,

1887 4025 1960 4067 ne
1982 4007 2132 4082 (249)
2154 3988 2369 4079 quando
2393 4020 2487 4061 rex
2509 3998 2801 4073 Babylonis
2828 3994 3131 4053 interfectis
3158 3991 3301 4053 filiis,
3325 3988 3469 4057 quod

1889 4105 2163 4168 timemus,
2198 4100 2327 4166 tuis,
2357 4098 2410 4153 id
2438 4105 2522 4153 est
2546 4092 2840 4164 dissipatis,
2896 4090 2941 4145 si
2984 4102 3119 4158 quos
3165 4084 3277 4138 Deo
3304 4093 3467 4151 gene-

1891 4194 2047 4260 rasti,
2070 4193 2333 4248 bonarum
2362 4188 2751 4259 cogitationum
2776 4193 3107 4253 operumque
3137 4175 3357 4238 fetibus,
3380 4169 3469 4223 vel

1890 4295 2043 4342 certe
2064 4282 2374 4340 commissis
2412 4280 2569 4351 132
2621 4290 2709 4332 tua
2757 4275 2913 4344 culpa
2953 4279 3047 4327 aut
3073 4267 3317 4337 exemplo
3346 4278 3468 4334 per-

1892 4378 2022 4434 ditis
2046 4378 2099 4431 in
2128 4375 2417 4439 Reblatha,
2444 4386 2563 4442 quae
2589 4371 2978 4439 interpretatur
3006 4362 3169 4417 multa
3192 4362 3322 4421 haec,
3348 4369 3470 4426 qua:

1891 4479 1946 4525 et
1989 4484 2018 4524 a
2067 4469 2297 4525 Domino
2323 4466 2431 4520 lata
2463 4473 2516 4519 et
2542 4463 2779 4534 spatiosa
2827 4458 3011 4515 saeculi
3056 4454 3218 4524 hujus
3246 4457 3474 4507 vocatur

1891 4564 1959 4619 ad
1988 4562 2326 4635 perditionem
2372 4559 2588 4623 ducens,
2623 4556 2707 4610 via
2748 4553 2966 4626 (Matth.
3018 4562 3117 4616 vn,
3170 4548 3293 4612 1'5);
3345 4544 3473 4598 dum

1894 4663 2087 4713 contra
2114 4652 2263 4709 illum
2293 4649 2547 4723 [subaudi
2590 4661 2775 4718 regem
2826 4639 3140 4715 Babylonis]
3188 4635 3473 4695 brachium

1895 4917 2027 4973 quos
2051 4880 2330 4973 generest}.
2386 4890 2465 4973 νει
2506 4898 2641 4973 certe
2695 4882 2985 4973 commissi!
3016 4880 3213 4973 ἒὶίὲξὲἱ
3243 4880 3481 4973 Ξῖῗιέξῗῗ

1896 4949 2300 5028 {ibi-conimisSi
2316 4949 2474 5028 'sunt,
2499 4961 2639 5031 unde
2665 4968 2788 5031 post
2813 4970 2978 5031 pauca
3022 4949 3213 5031 tibique
3240 4949 3482 5031 commis-

1897 5010 1996 5098 ἕλιξ
2660 5010 2753 5083 {ua
2774 5010 2931 5095 culpa
2944 5067 2955 5088 ,
2987 5029 3082 5098 aut.
3100 5010 3483 5101 dempto-per:

1900 5082 2604 5174 aiiii'izéiiaihaféu’e
2616 5082 3009 5174 Iinterpretq‘tur
3026 5088 3121 5174 ὐἱέι

1901 5160 2189 5238 Hiiééuiiﬁ
2201 5160 2572 5260 perditionem,
2600 5186 2718 5250 quo:
2747 5160 2792 5220 et
2824 5185 2855 5221 α
2886 5160 3109 5260 Domiti:
3402 5160 3487 5260 vis:

1904 5228 2098 5309 ῖιὲἓῖἱὶἶ
2118 5228 2275 5319 huius
2303 5244 2411 5298 ιαια
2438 5228 2787 5319 «suum
2808 5228 3488 5319 mm“???:Jfﬂ‘l‘fﬂh’ff

1899 5292 2275 5406 sauciae
2300 5292 2411 5371 ίιῖίνῖ
2428 5292 3486 5406 suifracti?".f:tt€if..‘.":‘llilﬁgifi

1982 5362 2815 5406 ζ’”’ῗ”’ἷ’ῗ”ῗ.-”ἶ’ξῖ,ῖὲζθέᾲηνι-ηροεο
2887 5366 3137 5406 υηοηὶιρης
3172 5362 3362 5406 eriliret
3395 5376 3492 5406 nrc
