4018 5406
538 203 647 261 279

1492 207 1828 266 RATHERII
1863 208 2079 267 EPISC.
2109 205 2377 266 VERON.
2417 204 2568 267 OPP.
2607 207 2788 267 PARS
2826 204 2868 266 1.

3704 209 3820 270 280

537 339 640 394 pro
660 324 803 381 natis
830 324 1154 391 interfectis,
1201 325 1474 397 ptenitens
1501 327 1712 383 scilicet
1734 341 1836 398 pro
1857 341 2123 393 excessrs,
2151 328 2201 392 Α
2227 335 2288 382 ut
2317 327 2619 400 intelligant
2659 340 2722 384 se
2768 325 3006 382 amentia
3045 325 3154 398 agi,
3185 339 3292 384 non
3325 326 3489 384 corde
3526 342 3659 398 regi,
3685 330 3816 386 dum

537 415 784 472 moribus
829 417 882 472 in
914 416 1107 474 melius
1132 419 1503 485 commutatis,
1536 420 1706 475 armis
1736 417 1962 488 justitiae
2005 433 2129 474 cor-

539 506 728 576 reptis,
778 522 886 562 non
936 508 1124 580 erigis,
1178 521 1438 580 processu
1484 509 1665 582 impiae
1719 507 2126 573 dominationis,

545 595 680 666 ipsis
707 595 874 650 etiam
915 595 1210 653 luminibus
1257 598 1506 664 orbatus,
1553 598 1607 653 in
1637 613 1916 655 carcerem
1964 599 2032 654 ab
2063 613 2131 655 eo

545 687 812 754 trudaris,
844 697 905 744 ut
928 689 1087 744 sicuti
1118 688 1350 746 Samson
1381 690 1531 762 (219)
1581 690 1673 746 ille
1697 691 1918 762 quidem
1947 689 2133 746 fortis-

537 777 735 845 simus,
763 779 1015 838 femineis
1055 781 1331 838 illecebris
1371 790 1684 849 enervatus,
1713 782 1782 838 ad
1807 781 2006 838 molam
2033 781 2128 838 de-

539 872 747 942 puteris
807 871 1009 943 (Judic.
1062 889 1150 928 xvi
1179 915 1194 939 ,
1239 872 1454 946 19-21),
1493 873 1646 943 cujus
1699 874 1754 928 in
1797 888 1929 945 gyro
1980 871 2132 942 impii

543 961 824 1017 ambulant
849 959 965 1032 (Ps.
1014 978 1093 1033 ιι,
1126 963 1208 1033 9),
1239 972 1473 1019 terrente
1503 973 1560 1020 et
1598 963 1940 1036 inexplebilis
1983 961 2134 1019 solli-

541 1053 824 1119 citudinis,
857 1054 960 1109 hoc
982 1063 1087 1122 est,
1112 1055 1229 1110 visu
1270 1057 1520 1122 rationis,
1543 1072 1650 1127 quo
1674 1065 1726 1112 te
1755 1056 1959 1126 tibique
1983 1070 2133 1112 com-

538 1145 735 1201 missos
764 1145 1030 1202 debueras
1070 1146 1391 1216 praevidere,
1423 1147 1700 1218 adempto,
1729 1161 2005 1202 carcerem
2029 1145 2132 1202 im-

537 1238 796 1308 providus
849 1238 1045 1293 subeas
1100 1249 1316 1294 aeternae
1379 1238 1718 1310 perditionis.
1777 1236 1929 1294 Solet
1982 1235 2131 1292 enim

541 1331 866 1386 miscrrimm
889 1331 1084 1386 animae
1113 1331 1166 1386 id
1211 1346 1354 1401 saepe
1403 1331 1738 1402 contingere,
1768 1338 1829 1385 ut
1863 1331 1989 1385 dum
2021 1328 2134 1384 vir-

537 1425 744 1480 tutibus
793 1424 1051 1496 paulatim
1119 1425 1362 1496 quotidie
1417 1425 1815 1491 deﬁcientibus,
1870 1422 2130 1480 humeros

537 1518 736 1572 mentis
786 1519 852 1573 ad
880 1518 1242 1589 reparandum
1289 1517 1344 1572 in
1370 1517 1661 1588 pristinum
1701 1524 1796 1571 aut
1832 1523 1981 1570 certe
2016 1529 2134 1571 me-

535 1607 726 1663 liorem
755 1624 861 1664 non
885 1610 1322 1678 exeritstatum;
1355 1617 1634 1665 crescente
1665 1607 1887 1663 miseria
1927 1607 1997 1662 ad
2027 1606 2131 1662 hoc

2231 436 2384 478 suam
2411 420 2654 476 volentes
2687 428 2942 483 statuere,
2965 418 3229 476 voluntati
3260 419 3357 476 Dei
3385 420 3459 476 nil
3483 421 3591 476 nisi
3609 421 3818 490 justum

2229 519 2287 567 et
2317 511 2520 568 bonum
2544 509 2778 566 amantis
2810 508 3172 580 dedignantur
3197 524 3256 566 se
3282 510 3519 566 subdere
3550 508 3725 581 (Rom.
3756 528 3815 576 x,

2229 603 2310 674 5),
2338 617 2439 659 nec
2483 616 2578 659 cor
2623 601 2691 656 ad
2733 600 2788 656 id
2820 599 2993 657 Deum
3040 609 3277 668 vertere,
3307 601 3402 657 sed
3448 601 3818 657 adversarium

2231 694 2526 751 amentiam
2575 692 2802 764 implere
2832 688 3042 764 (252).
3092 691 3344 749 Secundo
3395 693 3501 749 hoc
3550 692 3671 748 ideo
3713 693 3819 748 dici

2231 801 2520 858 agnoscas,
2545 799 2613 841 ne
2641 785 2765 856 quis
2795 781 2942 840 tuam
2982 783 3106 856 plus
3141 783 3288 854 justo
3319 785 3510 840 timeat
3539 783 3700 849 iram,
3728 791 3825 837 aut

2231 879 2437 936 ambiat
2462 879 2726 950 gratiam:
2752 877 2962 934 Bonum
2985 885 3060 933 est
3090 879 3227 933 enim
3257 893 3467 948 sperare
3487 878 3545 932 in
3570 875 3819 942 Domino,

2231 986 2390 1042 quam
2435 985 2644 1040 sperare
2684 969 2742 1023 in
2786 967 3104 1038 principibus
3145 964 3322 1040 (Psal.
3360 982 3531 1034 cxvn,
3563 966 3656 1038 9);
3695 981 3823 1020 cum

2231 1061 2397 1117 etiam
2435 1059 2744 1114 maledictus
2773 1057 2842 1112 ab
2869 1057 2976 1113 alio
3005 1057 3217 1114 dicatur
3244 1059 3530 1129 propheta,
3560 1059 3652 1129 qui
3679 1072 3826 1127 spem

2231 1169 2385 1209 suam
2437 1152 2582 1223 ponit
2628 1152 2685 1206 in
2733 1151 2941 1205 homine
2974 1149 3110 1221 (Jer.
3147 1166 3282 1216 xvn,
3313 1149 3391 1222 5).
3440 1150 3684 1221 Itemque
3721 1163 3823 1219 per

2231 1242 2398 1298 alium
2449 1240 2619 1311 :Ego
2680 1239 2936 1294 Dominus
3005 1239 3240 1310 formans
3302 1239 3471 1294 lucem
3533 1250 3581 1294 et
3638 1255 3828 1296 creant

2230 1335 2501 1400 tenebras,
2546 1333 2743 1403 faciens
2770 1349 2952 1404 pacem
2991 1345 3035 1388 et
3079 1349 3262 1388 creans
3299 1331 3500 1388 malum
3528 1331 3666 1404 (ιω.
3695 1346 3826 1399 XLV,

2232 1425 2319 1498 7).
2376 1423 2615 1481 Dicendo
2683 1424 2829 1479 enim
2883 1440 2898 1478 :
2952 1423 3058 1480 Cor
3127 1426 3262 1495 regis
3335 1424 3390 1478 in
3459 1440 3622 1480 manu
3684 1424 3826 1490 Dei,

2229 1535 2536 1591 quocunque
2604 1516 2822 1573 voluerit
2881 1527 3038 1572 vertet
3101 1517 3236 1572 illud
3299 1516 3495 1591 (Prov.
3535 1534 3664 1585 XXI,
3723 1518 3828 1590 1),

2231 1610 2347 1665 vult
2385 1622 2576 1665 omnes
2608 1623 2852 1675 monere,
2886 1617 2938 1663 te
2975 1608 3050 1664 nil
3085 1624 3247 1682 posse
3286 1611 3549 1681 perlicere
3599 1611 3826 1680 iratum,

539 1683 814 1766 deveniat,
831 1709 889 1755 ut
913 1709 1174 1770 regnante
1195 1709 1420 1770 peccato
1444 1701 1496 1755 in
1521 1699 1738 1756 mortali
1761 1700 1880 1771 ejus
1901 1713 2129 1770 corpore
2154 1683 2206 1745 Β
2234 1701 2338 1756 nisi
2367 1701 2510 1771 quod
2548 1701 2662 1770 ipse
2705 1699 3043 1770 permiserit;
3080 1715 3179 1755 nec
3204 1699 3504 1756 concedere
3533 1701 3830 1771 placatum,

535 1790 716 1862 (Rom.
764 1809 838 1857 vi,
886 1793 1002 1864 12),
1051 1793 1124 1848 ita
1180 1793 1248 1848 ad
1297 1794 1660 1850 obediendnm
1709 1788 1828 1865 ejus
1867 1793 2132 1850 subdatur

537 1885 1013 1955 concupiscentiis,
1044 1894 1104 1941 ut
1133 1886 1336 1942 lumine
1365 1887 1483 1958 ipso
1519 1901 1714 1942 carens
1759 1885 2005 1950 rationis,
2031 1899 2132 1943 nec

535 1983 654 2029 acta
689 1976 913 2040 recolat,
948 1992 1050 2032 nec
1094 1977 1302 2048 agenda
1341 1976 1539 2032 videat.
1591 1976 1744 2044 Quod
1775 1991 1844 2032 ne
1874 1976 1969 2032 tibi
1995 1991 2129 2033 con-

539 2065 733 2137 tingat,
764 2066 868 2122 illis
898 2066 976 2138 [id
1006 2077 1081 2122 est
1127 2066 1606 2140 concupiscentiis]
1642 2067 1936 2123 fortissime
1964 2083 2129 2140 repu-

534 2156 752 2226 gnando
777 2173 805 2210 a
843 2157 1009 2212 corde
1031 2166 1122 2212 tuo
1142 2157 1352 2228 expelle
1374 2157 1673 2214 daemonem
1706 2159 1856 2231 (250)
1895 2175 1909 2213 :
1937 2157 2128 2231 jugum

530 2247 731 2303 Christi
756 2263 922 2304 suave
945 2259 999 2303 et
1029 2263 1170 2305 onus
1192 2249 1309 2320 ejus
1356 2248 1474 2305 leve
1521 2265 1827 2317 assumens,
1853 2251 2129 2323 subjectos

533 2340 762 2409 provido
813 2339 1076 2411 regimine
1127 2341 1228 2395 sub
1271 2349 1326 2395 te
1378 2340 1453 2395 illi
1503 2340 1740 2397 militare
1787 2358 1891 2398 non
1916 2351 2126 2399 tantum

532 2433 822 2514 praeceptis
849 2448 1012 2503 quam
1038 2433 1319 2504 exemplis.
1337 2433 1525 2501 facito,
1545 2442 1606 2488 ut
1625 2435 1743 2491 sine
1769 2435 1876 2490 ﬁne
1901 2449 2129 2508 regnare

530 2526 799 2581 merearis
854 2541 976 2580 cum
1037 2526 1187 2596 ipsis.
1258 2526 1325 2582 Et
1376 2543 1467 2594 ne,
1524 2543 1676 2600 rogo,
1739 2528 2122 2602 ﬁoccipendas,

531 2619 749 2674 tametsi
781 2634 809 2672 a
841 2633 1010 2689 puero
1039 2618 1309 2691 prolatum
1343 2627 1452 2674 tam
1485 2621 1725 2688 salubre,
1749 2620 1878 2678 licet
1906 2637 2123 2693 permo-

527 2709 729 2775 dicum,
780 2711 1028 2779 superius
1087 2710 1491 2778 documentum,
1543 2714 2002 2784 quandoquidem,
2063 2723 2126 2770 ut

531 2801 791 2856 hodierna
815 2811 1002 2858 monet
1037 2803 1356 2860 solemnilas
1390 2805 1565 2877 (251),
1617 2806 1717 2877 ipsi
1745 2807 1856 2862 Deo
1883 2807 2127 2864 testimo-

531 2892 683 2949 nium
717 2894 987 2965 placuisse
1018 2896 1236 2952 noveris
1259 2897 1425 2952 etiam
1455 2913 1560 2953 non
1590 2898 1948 2969 loquentium.

603 2985 696 3040 29.
735 2985 921 3056 Neque
951 2987 1142 3053 etiam,
1168 2995 1226 3042 ut
1243 2986 1355 3057 jam
1378 2987 1484 3044 iter
1507 3004 1791 3060 carpamus
1820 2998 2121 3062 arreptum,

531 3075 627 3131 tibi
659 3077 842 3132 omnia
889 3077 1054 3134 licere
1106 3087 1263 3149 putes
1295 3080 1545 3151 exsequi,
1574 3095 1694 3150 qua:
1721 3081 1970 3137 voluntas
1998 3096 2124 3152 sug-

527 3168 670 3240 gerit
695 3169 866 3225 cordi.
915 3168 1048 3225 Cum
1072 3170 1250 3236 audis,
1281 3171 1409 3241 quia
1433 3185 1531 3227 cor
1559 3171 1704 3242 regis
1729 3171 1784 3226 in
1829 3186 1994 3226 manu
2022 3170 2120 3227 Dei

526 3253 712 3330 (Prov.
739 3274 852 3326 xxi,
887 3259 965 3329 1),
993 3259 1138 3316 scias
1164 3260 1344 3316 tribus
1370 3269 1430 3316 ut
1475 3260 1802 3333 investigare
1843 3261 2122 3332 quivimus

525 3364 618 3408 mo
640 3352 701 3407 lis
756 3352 856 3408 hoc
881 3367 1042 3424 posse
1096 3353 1347 3426 intelligi,
1376 3369 1608 3424 quorum
1637 3354 1788 3426 prior
1835 3354 1952 3420 tibi,
1982 3354 2122 3411 alter

525 3441 807 3512 subjectis,
834 3460 1066 3515 sequens
1087 3445 1422 3517 generaliter
1450 3447 1702 3518 congruit
1725 3447 1996 3515 omnibus,
2025 3448 2119 3520 qui

521 3545 577 3590 ct
600 3531 809 3592 tirtitins
837 3539 1105 3593 tenendus
1127 3546 1183 3592 et
1213 3537 1498 3595 sollicitius
1522 3548 1605 3596 est
1631 3538 1950 3595 servandus.
1979 3538 2116 3595 Nam

523 3637 582 3680 ut
610 3626 675 3681 de
703 3627 880 3698 primo
909 3627 1156 3683 dicamus
1181 3637 1381 3696 tecum,
1408 3629 1552 3684 scias
1577 3637 1843 3684 cortuum
1868 3629 1920 3683 in
1952 3643 2116 3684 manu

520 3730 640 3771 esse
691 3715 819 3781 Dei;
869 3727 923 3771 et
955 3726 1085 3771 tunc
1137 3719 1357 3773 noveris
1385 3733 1510 3773 eum
1545 3717 1675 3773 illud
1705 3717 1963 3789 dirigere,
1991 3733 2116 3774 cum

520 3807 664 3874 quod
696 3808 960 3879 pr.ecipit,
988 3810 1151 3866 corde
1176 3811 1482 3881 percipere,
1519 3825 1684 3882 opere
1711 3810 1987 3868 studueris
2010 3811 2116 3866 im-

525 3899 694 3970 plere.
726 3899 832 3956 Cor
863 3909 1066 3967 autem,
1095 3919 1200 3957 non
1231 3903 1401 3968 illam,
1426 3917 1548 3974 quae
1595 3901 1698 3959 sub
1741 3903 1909 3958 costis
1938 3903 2116 3960 latens

521 3992 599 4046 ita
627 3992 947 4063 appellatur,
991 3995 1176 4050 carnis
1203 3994 1551 4065 particulam,
1585 4009 1655 4051 ex
1695 4010 1801 4066 qua
1847 3995 1948 4051 rivi
1984 4009 2113 4066 pro-

518 4082 637 4138 dire
681 4094 982 4141 noscuntur
1009 4102 1294 4155 venarum,
1348 4088 1612 4154 dicimus;
1646 4088 1741 4144 sed
1787 4087 1934 4144 illam
1976 4089 2112 4158 vim,

521 4191 628 4246 qua
686 4179 1043 4249 cogitationes
1098 4178 1269 4247 ﬁunt;
1321 4195 1464 4250 quae,
1515 4189 1577 4235 ut
1627 4190 1686 4238 et
1719 4180 1956 4251 majores
1984 4196 2110 4238 sen-

521 4279 734 4334 serunt,
784 4279 841 4324 et
900 4286 1128 4342 magnus
1181 4287 1397 4342 quoque
1452 4272 1590 4329 dixit
1643 4271 1805 4330 Pater
1855 4275 2113 4346 Augusti-

517 4375 642 4427 nus,
678 4361 834 4435 133
879 4364 1000 4420 ideo
1042 4364 1145 4421 hoc
1191 4365 1490 4438 appellatur
1530 4366 1769 4434 nomine,
1802 4366 1928 4438 quia
1966 4367 2110 4426 sicut

518 4464 698 4510 motus
729 4473 835 4512 non
868 4466 1068 4526 cessat,
1098 4457 1238 4516 unde
1267 4474 1387 4516 sese
1414 4459 1604 4531 pulsus
1629 4457 1879 4516 diﬁ‘undit
1905 4474 2106 4532 usque-

517 4562 734 4618 quaque
759 4563 1019 4604 venarum
1067 4552 1120 4605 in
1157 4550 1341 4617 corde,
1374 4551 1449 4607 ita
1497 4567 1606 4606 non
1650 4551 1982 4621 quiescimus
2013 4552 2110 4609 ali-

513 4641 642 4709 quid
692 4643 981 4714 cogitando
1024 4661 1263 4702 versare.
1301 4645 1383 4701 Ex
1427 4656 1540 4702 toto
1577 4647 1757 4716 itaque
1789 4647 1893 4702 isto
1921 4646 2107 4715 corde,

517 4733 619 4788 hoc
669 4744 753 4790 est
799 4735 900 4792 ista
935 4738 987 4791 vi
1032 4739 1228 4793 animae
1262 4738 1609 4810 praecipimur
1637 4738 1804 4793 Deum
1841 4738 2105 4810 diligere:

513 4840 582 4878 ex
613 4823 738 4890 ista,
772 4825 1005 4896 denique
1031 4837 1300 4884 vocantur
1337 4829 1619 4894 excordes,
1652 4829 1972 4894 concordes,
2000 4828 2110 4884 dis-

517 4913 729 4979 cordes,
761 4917 1037 4984 vecordes,
1072 4929 1126 4974 et
1156 4920 1430 4975 socordes.
1458 4917 1587 4972 Inde
1611 4917 1935 4988 quibusdam
1969 4915 2104 4973 dici-

511 5011 602 5060 tur
630 5023 642 5059 :
675 5004 912 5076 Reddite,
943 5012 1406 5080 prwvaricatores,
1449 5010 1519 5067 ad
1559 5025 1650 5063 cor
1680 5008 1814 5082 (Isa.
1845 5023 1991 5077 xavr,
2021 5006 2100 5080 8).

605 5199 733 5341 25οξ
764 5202 900 5259 Male
923 5204 977 5260 in
1003 5207 1146 5277 vnlg.
1187 5207 1494 5260 Dominum.

605 5269 700 5324 251
765 5273 1082 5330 Solemnitas
1129 5294 1232 5331 non
1284 5277 1493 5341 loquent

604 5269 730 5341 251)
765 5269 1232 5347 Solemnitas'non
1284 5276 1608 5347 loquentium
1669 5273 1879 5347 indicat
1901 5275 2098 5331 festum

510 5351 824 5395 sanctorum
853 5344 1242 5406 Innocentium.
1283 5344 1392 5406 quo
1434 5347 1548 5400 hmc
1603 5348 1803 5406 scripta
1859 5346 2094 5400 fuerunt.

2233 1793 2338 1849 nisi
2375 1792 2519 1862 quod
2567 1792 2682 1862 ipse
2728 1791 2981 1847 voluerit.
3029 1791 3296 1860 Quocirca
3326 1808 3384 1848 se
3417 1792 3592 1850 solum
3624 1795 3831 1861 timeri,

2232 1901 2292 1942 se
2319 1885 2494 1942 solum
2524 1886 2720 1948 amari,
2757 1885 2858 1940 sibi
2905 1885 3128 1940 omnino
3157 1885 3230 1939 nil
3259 1886 3409 1956 cupit
3438 1885 3702 1952 conferri,
3727 1901 3829 1942 ne-

2231 1977 2362 2034 dum
2407 1975 2650 2049 praeferri
2681 1996 2694 2031 :
2727 1976 2868 2047 quod
2898 1992 3006 2032 una
3051 1978 3375 2034 sententiola
3423 1979 3667 2034 breviter
3705 1979 3831 2048 pul-

2230 2067 2506 2125 cherrime
2554 2075 2640 2122 est
2690 2067 2757 2122 ab
2806 2066 3053 2137 apostolo
3101 2069 3555 2140 comprehensum
3600 2086 3614 2122 :
3664 2068 3832 2123 Deum

2231 2161 2428 2227 timete,
2459 2176 2630 2230 regem
2658 2159 3004 2228 honoriﬁcate
3031 2158 3083 2232 (1
3112 2157 3260 2214 Petr.
3295 2176 3354 2226 ll,
3385 2161 3494 2232 17).
3529 2159 3609 2216 Ac
3656 2161 3704 2217 si
3741 2161 3832 2216 di-

2231 2262 2391 2310 catur
2423 2270 2436 2307 :
2471 2251 2757 2308 Dominum
2799 2250 3005 2316 timete,
3037 2251 3345 2307 ministrum
3391 2253 3678 2308 honorate.
3723 2251 3834 2309 Sed

2230 2359 2333 2402 cur
2360 2342 2618 2398 mutando
2658 2342 2883 2397 verbum
2921 2340 3098 2412 levigo
3131 2341 3371 2398 dictum?
3413 2341 3588 2397 Deum
3631 2344 3834 2411 timete,

2230 2451 2402 2507 regem
2440 2433 2785 2503 honoriﬁcate
2817 2432 2953 2488 dixit
2984 2447 3000 2488 :
3028 2447 3135 2488 nec
3175 2432 3546 2504 perfunctorie
3587 2434 3832 2503 quidem,

2227 2536 2289 2582 ut
2317 2535 2566 2593 autumo;
2614 2525 2910 2581 honoratus
2936 2525 3085 2598 (255)
3118 2526 3265 2581 enim
3304 2525 3534 2580 aliorum
3585 2525 3835 2582 redderis

2227 2619 2524 2690 obsequiis,
2550 2617 2642 2688 qui
2671 2632 2738 2672 ex
2765 2625 2817 2672 te
2845 2615 3085 2688 ejusdem
3127 2631 3188 2672 es
3213 2614 3558 2670 conditionis.
3590 2613 3664 2670 Ut
3684 2616 3834 2672 enim

2226 2721 2420 2786 potens
2457 2725 2579 2766 esse
2620 2709 2816 2780 possis,
2860 2723 2968 2766 non
3015 2708 3070 2763 in
3115 2717 3190 2773 te,
3229 2706 3322 2763 sed
3365 2707 3418 2761 in
3465 2707 3834 2763 servientium

2227 2804 2480 2860 manibus
2525 2802 2690 2858 situm
2736 2799 3087 2856 veracissime
3130 2799 3350 2854 noveris
3379 2816 3392 2851 :
3425 2797 3571 2852 unde
3605 2806 3664 2852 et
3693 2811 3835 2869 quos

2229 2905 2424 2961 terres,
2453 2895 2567 2965 ipse
2592 2893 2714 2965 plus
2745 2891 2966 2948 metuis.
3013 2890 3190 2945 Metiri
3239 2897 3421 2945 autem
3468 2902 3593 2944 sese
3631 2902 3832 2959 quem-

2228 3003 2390 3060 quam
2421 2985 2572 3052 dicit,
2603 2993 2665 3039 ut
2694 2982 2757 3057 [Ι.
2789 2983 3077 3054 quisquam
3125 2980 3308 3046 debet,
3339 2978 3420 3052 ut}
3458 2979 3706 3034 Avienus
3743 2978 3830 3034 di-

2173 3087 2195 3112 ‘
2228 3081 2321 3147 cit,
2350 3077 2692 3150 propriisque
2735 3074 2914 3147 juvari
2963 3073 3230 3137 laudibus,
3265 3087 3365 3129 nec
3412 3071 3644 3128 alterius
3687 3073 3833 3128 bona

2227 3175 2388 3238 ferre,
2417 3171 2470 3226 id
2509 3178 2594 3227 est
2640 3175 2956 3238 computare
3002 3165 3127 3222 sibi.
3169 3163 3305 3221 Vide
3337 3180 3470 3237 ergo
3516 3176 3576 3220 ut
3623 3173 3684 3220 et
3725 3165 3835 3221 tuis

2225 3265 2525 3320 honoretur
2561 3259 2650 3316 ille
2688 3257 2947 3324 servitiis,
2977 3253 3132 3324 cujus
3168 3256 3460 3312 honoraris
3497 3255 3828 3327 praeceptis;

2223 3355 2524 3422 alienisque
2558 3359 2714 3406 utens
2753 3348 2931 3415 bonis,
2964 3348 3213 3419 ingratus
3257 3346 3502 3419 largitori
3547 3361 3619 3402 ne
3658 3342 3834 3402 exsti-

2223 3445 2377 3501 teris.
2409 3442 2545 3497 Nam
2586 3456 2712 3497 cum
2755 3439 2884 3496 alibi
2928 3438 3154 3495 dixisset
3185 3452 3200 3492 :
3231 3437 3443 3495 Subditi
3479 3448 3646 3492 estote
3686 3437 3836 3492 omni

2219 3538 2467 3591 humanm
2493 3543 2749 3589 creatum
2773 3531 2962 3603 (lbid.,
2994 3531 3116 3602 13);
3149 3530 3334 3586 statim
3361 3529 3546 3586 intulit
3573 3548 3587 3584 :
3611 3540 3835 3600 propter

2221 3623 2428 3688 Deum;
2472 3622 2578 3678 hoc
2621 3630 2724 3686 est,
2757 3620 3025 3676 honorate
3057 3629 3308 3675 creatum
3344 3630 3566 3690 propter
3591 3619 3831 3675 Creato-

2220 3731 2370 3783 rem;
2399 3713 2693 3771 subdimini
2726 3711 2896 3778 facto,
2919 3727 3026 3767 non
3057 3711 3207 3776 facti,
3232 3709 3325 3767 sed
3351 3710 3574 3766 factoris
3600 3726 3828 3779 amore;

2218 3807 2324 3861 sive
2369 3805 2512 3876 regi,
2559 3803 2765 3875 inquit,
2803 3801 2957 3879 quasi
2989 3799 3305 3871 prwcellenti
3340 3798 3550 3873 (Ibid.),
3593 3800 3828 3858 subaudi

2217 3905 2431 3968 propter
2458 3894 2626 3951 Deum
2653 3909 2672 3946 :
2704 3893 2958 3950 videlicet
2996 3899 3058 3946 ut
3099 3898 3380 3960 agnoscat,
3415 3899 3620 3961 quanta
3667 3907 3827 3949 reve-

2218 3987 2394 4044 rentia
2434 3987 2549 4058 ipse
2600 3984 2760 4042 debet
2801 3983 3048 4041 Creatori
3091 3981 3318 4054 subjici,
3361 3997 3486 4039 cum
3537 3991 3692 4039 tanta
3744 3983 3825 4040 illi

2217 4077 2551 4149 impenditur
2596 4094 2628 4132 a
2675 4085 2935 4134 creatura
2984 4075 3297 4132 conditione
3342 4074 3634 4130 consimili.
3677 4075 3824 4142 Quid

2215 4172 2320 4229 sibi
2365 4170 2536 4243 exigit
2573 4169 2636 4244 [l.
2681 4168 2886 4242 exigat]
2921 4167 3044 4239 jure
3081 4168 3323 4225 omnium
3373 4167 3653 4234 Donuinus,
3687 4171 3822 4224 dum

2216 4272 2366 4322 tanta
2397 4265 2617 4336 exigere
2647 4262 2865 4319 videtur
2891 4261 3198 4318 communis
3228 4269 3437 4318 naturae
3467 4277 3497 4316 a
3529 4259 3823 4318 confamu-

2213 4360 2283 4417 lis
2309 4360 2537 4418 servus?
2566 4360 2736 4416 Deum
2778 4361 2973 4426 timete,
2998 4375 3168 4431 regem
3205 4360 3568 4430 honoriﬁcate.
3601 4359 3822 4416 Timete

2212 4453 2569 4527 ﬂagellantem
2631 4453 2956 4520 Dominum,
3021 4453 3380 4510 bonoriﬁcate
3438 4453 3650 4523 ipsum,
3711 4467 3820 4523 per

2211 4547 2354 4619 quod
2380 4547 2441 4621 [ι.
2467 4545 2652 4619 quem]
2681 4547 2751 4602 ab
2774 4561 2841 4602 eo
2864 4546 3221 4619 corrigimini.
3246 4545 3470 4602 Met‘uite
3491 4553 3816 4616 patronum,

2209 4642 2473 4698 honorate
2495 4654 2602 4709 quo
2631 4639 3007 4694 sustentamini
3033 4638 3309 4695 baculum.
3340 4636 3690 4704 Veneramini
3723 4654 3822 4708 pa-

2209 4741 2376 4801 trem,
2391 4747 2488 4789 nec
2500 4731 2844 4803 vilipendatis
2864 4735 2956 4802 qui
2975 4747 3073 4788 vos
3094 4732 3588 4788 eruditauctorem.
3608 4727 3824 4786 Pavete

2208 4827 2277 4883 ad
2315 4840 2502 4881 vocem
2538 4823 2817 4895 genitoris,
2842 4837 2943 4878 nec
2973 4824 3244 4894 spernatis
3270 4836 3560 4894 personam
3589 4822 3819 4877 tutoris.

2283 4917 2371 4974 50.
2413 4916 2682 4972 lta'enim
2727 4915 2968 4971 dicitur:
3004 4913 3111 4969 Cor
3158 4917 3292 4985 regis
3347 4915 3400 4968 in
3458 4929 3621 4967 manu
3676 4910 3819 4973 Dei;

2206 5023 2515 5081 quocunque
2545 5007 2946 5065 voluerit'vertet
2974 5006 3109 5062 illud
3141 5005 3323 5079 (Prov.
3356 5021 3475 5071 xxI,
3509 5004 3584 5073 1),
3621 5003 3814 5059 sicut:

2206 5223 2350 5264 anno
2403 5208 2526 5264 956.
2578 5205 2778 5263 Confer
2817 5214 2930 5262 not.
2979 5205 3083 5262 102
3103 5215 3157 5262 et
3214 5205 3315 5262 189
3371 5204 3597 5274 hujusce
3646 5204 3812 5260 torni.

2278 5279 2428 5348 (252)
2471 5279 2740 5333 Construe
2785 5294 2799 5332 :
2849 5287 2908 5332 ut
2937 5276 3251 5348 intelligant
3293 5293 3348 5331 se
3393 5276 3627 5348 amentia
3656 5277 3817 5348 agi,

2204 5345 2307 5402 non
2339 5349 2494 5403 corde
2524 5349 2768 5406 reqi......
2801 5364 2893 5403 nec
2925 5347 3094 5403 Deum
3129 5345 3328 5402 vertere
3368 5363 3460 5400 cor
3497 5345 3566 5399 ad
3610 5345 3666 5397 id
3697 5347 3816 5406 (re-
