4018 5406
198 318 306 377 281

1186 314 1762 387 PRELOQUIORUM
1801 313 1979 399 LlBRl
2020 315 2174 375 SEX.
2211 349 2283 361 —
2311 317 2437 375 LIB.
2468 314 2557 374 IV.

3388 311 3494 368 282

202 427 401 484 Omnia
432 439 756 497 quacunque
783 426 946 480 voluit
976 424 1233 481 Dominus
1264 427 1389 497 fecit
1417 429 1472 482 in
1512 429 1639 484 calo
1668 439 1717 483 et
1744 430 1801 483 in
1828 432 1876 493 Α
1906 430 2150 486 rabiliter
2176 442 2257 488 est
2292 432 2551 488 insanire.
2585 431 2789 503 Sapere
2813 431 2981 498 enim,
3012 444 3192 502 posse,
3223 436 3381 497 velle,
3414 429 3493 484 vi-

202 529 369 584 terra,
410 520 467 572 in
510 516 671 590 13‘
707 518 844 571 mari
882 528 930 572 et
977 518 1033 572 in
1078 519 1318 573 omnibus
1367 520 1566 591 abyssis
1615 518 1805 597 (Psal.

200 610 593 697 cssxrv,.6);
654 617 710 665 et
740 628 753 665 :
786 608 854 664 In
904 626 1066 665 manu
1108 611 1223 680 ejus
1269 612 1437 666 omnis
1487 612 1611 681 ﬁnis
1654 623 1806 667 terra:

202 703 377 772 (Psal.
399 718 585 766 xcxrv,
614 701 693 774 4).
715 702 879 773 Cujus
910 702 1014 757 ista
1040 702 1377 773 allegationis
1407 714 1516 759 tota
1546 713 1630 761 est
1660 720 1803 760 sum-

199 809 312 858 ma,
342 792 447 848 nisi
484 791 659 859 fallor,
683 792 786 847 iste
812 800 896 847 est
924 791 1048 847 ﬁnis
1075 809 1088 846 :
1118 791 1389 864 Quidquid
1430 795 1508 860 ﬁt,
1539 794 1799 865 quidquid

200 884 405 938 factum
455 892 559 949 est,
592 882 851 953 quidquid
888 881 1002 949 ﬁet,
1035 898 1123 939 res
1171 885 1261 949 sit,
1302 902 1500 956 corpus
1537 887 1627 951 sit,
1656 887 1799 943 actio

198 978 293 1041 sit,
334 977 521 1048 passio
570 977 659 1039 sit,
690 985 784 1030 aut
823 976 1145 1047 disponente
1190 987 1245 1032 et
1289 978 1521 1044 volente,
1552 979 1796 1047 jubente,

196 1066 508 1135 adjuvante,
542 1067 859 1137 perﬁciente
901 1082 967 1122 eo
1007 1078 1101 1123 aut
1139 1083 1435 1135 annuente,
1467 1071 1801 1127 concedente

197 1155 282 1210 vel
333 1156 687 1227 permittente
728 1171 793 1210 eo
826 1156 1024 1227 agitur,
1060 1157 1366 1227 disponitur
1400 1168 1455 1213 et
1486 1160 1794 1230 perﬁcitur;

197 1247 387 1316 nilque
416 1262 593 1317 neque
622 1247 690 1301 ab
720 1246 961 1311 homine,
992 1262 1166 1317 neque
1199 1249 1265 1303 ab
1295 1251 1509 1320 angelo,
1547 1265 1724 1319 neque
1769 1266 1800 1304 ει

197 1343 373 1398 bestia
404 1342 532 1405 ulla,
566 1359 699 1397 aura
746 1343 876 1409 ulla,
907 1343 1178 1398 elemento
1212 1344 1341 1409 ullo,
1381 1346 1639 1414 serpenti,
1682 1360 1804 1401 ver-

196 1454 308 1504 me,
337 1440 455 1509 ipsa
502 1438 739 1508 denique
788 1455 971 1493 musca
1024 1439 1187 1493 alicui
1239 1450 1415 1509 potest
1465 1441 1798 1510 contingere,

196 1530 342 1599 quod
377 1530 495 1585 sine
527 1530 699 1600 ipsius
730 1540 885 1594 nutu,
917 1529 1215 1595 voluntate,
1246 1542 1300 1585 et
1327 1540 1595 1601 potestate
1622 1532 1801 1588 valeat

194 1624 438 1678 evenire.
471 1622 590 1697 Quo
621 1624 783 1678 etiam
823 1624 957 1678 illud
997 1624 1287 1680 coniicitur
1313 1627 1454 1696 quod
1484 1643 1512 1680 a
1544 1626 1802 1698 sapienti-

193 1715 296 1770 bus
318 1714 435 1783 jam
464 1714 744 1770 deﬁnitum
790 1714 1106 1771 ﬁrmissime
1139 1725 1353 1772 leuetur
1383 1736 1395 1771 :
1429 1720 1573 1789 quod
1618 1728 1798 1774 tamen

1913 539 2057 589 vere,
2085 534 2140 579 et
2165 525 2463 594 intelligere
2496 525 2636 580 idem
2665 533 2750 580 est
2774 525 2823 579 ei
2843 523 2986 596 quod
3016 538 3155 581 esse.

1979 619 2067 672 51.
2110 618 2187 673 Ne
2218 628 2422 685 autem,
2444 618 2571 673 dttm
2602 618 2804 689 aliquid
2836 617 3065 681 moliris,
3102 618 3297 688 injuste
3322 615 3492 671 Deum

1905 710 2056 765 dicas
2080 710 2146 764 atl
2178 710 2231 765 id
2261 725 2355 765 cor
2387 720 2537 764 tuum
2569 718 2813 775 vertere;
2845 711 2985 765 scito
3009 709 3309 765 certissime
3337 706 3493 778 135

1904 801 2053 855 illum
2085 801 2161 856 nil
2205 801 2330 857 mali
2374 801 2530 867 velle,
2563 815 2795 872 eumque
2825 801 3025 857 nullius
3054 817 3150 856 cor
3180 799 3244 855 ad
3278 797 3495 869 aliquod

1901 896 2105 951 crimen
2159 894 2465 963 impellere,
2509 894 2604 949 sed
2650 893 2961 957 diabolum,
3016 895 3109 949 sed
3160 893 3495 946 voluntatem

1902 986 2209 1057 propriam;
2242 986 2387 1055 quod
2435 984 2627 1051 facete,
2671 994 2724 1041 et
2770 1000 2878 1056 quo
2920 1000 3026 1040 non
3076 985 3301 1039 facetius
3351 982 3493 1054 quis,

1905 1078 2045 1131 idem
2088 1077 2178 1146 qui
2208 1077 2367 1148 paulo
2398 1077 2677 1147 superius,
2713 1089 2795 1137 est
2830 1085 3150 1148 prosecutus
3182 1078 3234 1131 in
3267 1076 3494 1147 cpistola

1907 1173 2029 1235 166,
2058 1187 2112 1224 n.
2138 1171 2187 1233 5,
2222 1171 2290 1225 ad
2322 1170 2708 1242 Hieronymum
2742 1172 2929 1225 dicens
2960 1190 2972 1225 ε
2999 1170 3182 1226 Certus
3227 1188 3341 1224 sum
3381 1172 3497 1225 ani-

1904 1282 2043 1317 mum
2084 1263 2229 1318 nulla
2273 1264 2369 1318 Dei
2413 1263 2591 1333 culpa,
2618 1263 2767 1317 nulla
2806 1263 2901 1317 Dei
2931 1264 3232 1318 necessitate
3272 1263 3346 1317 rel
3374 1281 3496 1332 sua,

1902 1355 1992 1409 sed
2033 1356 2245 1425 propria
2287 1355 2578 1419 voluntate,
2630 1356 2684 1409 in
2728 1365 2994 1424 peccatum
3037 1372 3147 1410 esse
3189 1355 3494 1425 collapsam.

1902 1443 2083 1515 Ipsum
2118 1460 2267 1509 vero,
2303 1445 2443 1499 sicut
2464 1443 2579 1513 jam
2608 1443 2980 1515 multipliciter
3000 1446 3257 1510 diximus,
3284 1444 3498 1500 occulto

1903 1554 2001 1593 suo
2022 1538 2249 1608 judicio,
2280 1553 2557 1620 nunquam
2588 1552 2716 1593 vero
2750 1536 2970 1606 injusto,
3004 1540 3166 1593 etiam
3204 1539 3346 1607 quod
3391 1555 3497 1595 non

1903 1631 2038 1695 vult,
2065 1631 2359 1700 aliquando
2400 1631 2719 1701 permittere
2755 1646 2859 1685 non
2892 1631 3119 1701 denego,
3145 1622 3275 1701 quin
3322 1631 3501 1700 potius

1904 1734 2110 1781 astruo.
2173 1723 2350 1790 Quare
2376 1739 2507 1779 vero
2530 1734 2729 1794 prmter
2757 1722 2807 1776 id
2857 1723 2999 1791 quod
3028 1722 3275 1791 superius
3305 1720 3500 1778 exinde

192 1807 276 1875 (ut
303 1808 385 1861 ait
410 1806 503 1876 qui
533 1806 785 1877 superius
810 1806 945 1861 satis
967 1806 1163 1879 lepide)
1188 1822 1293 1863 non
1323 1809 1427 1863 nisi
1462 1818 1806 1881 perpurgatus
1833 1819 1882 1880 Β
1912 1818 2049 1883 dixi,
2076 1818 2179 1873 hoc
2209 1816 2498 1887 aliquoties
2527 1818 2825 1887 contingat,
2854 1817 3031 1871 reddit
3055 1816 3347 1887 Apostolus
3375 1832 3501 1872 cau-

186 1900 394 1955 animze
431 1909 659 1969 possunt
686 1900 1033 1970 conspicere;
1067 1909 1215 1955 tanta
1252 1900 1461 1956 scilicet
1489 1901 1585 1956 Dei
1619 1901 1801 1971 provi-

192 1993 381 2049 dentia
420 1994 742 2064 justitiaque
787 1993 1075 2065 gubernari
1128 1993 1341 2059 omnia,
1383 2003 1445 2047 ut
1492 1992 1653 2058 nulli,
1700 2008 1801 2049 nec

193 2088 312 2158 ipsa
348 2103 496 2144 mors
534 2088 727 2157 inique
759 2089 928 2158 possit
970 2088 1239 2153 accidere,
1270 2089 1484 2145 etiamsi
1533 2102 1652 2143 eam
1700 2089 1802 2143 ini-

192 2193 335 2248 quus
377 2177 517 2233 forte
548 2178 802 2233 videatur
832 2177 1055 2234 inferre.
1089 2178 1146 2233 In
1192 2178 1402 2234 naturis
1433 2194 1649 2251 quoque
1684 2179 1802 2233 nul-

192 2272 302 2327 lam
334 2288 477 2337 esse,
506 2288 629 2343 quae
670 2287 778 2328 non
817 2272 886 2327 ab
928 2272 1019 2329 illo
1055 2273 1155 2337 sit;
1191 2273 1244 2327 in
1275 2271 1644 2327 voluntatibus
1670 2287 1801 2329 vero

194 2364 400 2420 nullam
433 2365 635 2420 bonam
661 2380 804 2432 esse,
837 2366 925 2421 cui
965 2381 1071 2421 non
1099 2366 1305 2436 prosit;
1340 2365 1543 2421 nullam
1579 2366 1797 2434 malam,
1840 2418 1841 2421 η

196 2474 300 2529 qua
332 2459 473 2514 bene
503 2458 579 2513 uti
619 2474 727 2514 non
773 2460 966 2530 possit.
998 2458 1264 2529 Bipartito
1292 2460 1435 2515 enim
1469 2462 1551 2530 (ut
1576 2470 1633 2515 et
1659 2461 1799 2515 idem
1844 2496 1845 2501 η

194 2549 391 2607 beatus
427 2560 483 2606 et
520 2551 1002 2622 eloquentissimus
1043 2552 1235 2607 doctor
1275 2552 1611 2623 Augustinus
1654 2552 1804 2607 Iucu-

195 2641 506 2698 lentissime
535 2642 690 2712 dicit)
723 2642 1079 2713 providentiae
1106 2652 1236 2697 nutu
1269 2659 1503 2713 praeesse
1531 2643 1801 2699 universis
1843 2689 1849 2696 .

196 2736 513 2791 certissime
545 2736 792 2792 creditur
836 2735 1128 2801 creaturis,
1156 2736 1370 2790 naturis
1406 2735 1623 2805 quidem
1665 2751 1806 2807 pra:-

198 2840 351 2883 stans
381 2836 447 2882 ut
474 2827 605 2893 sint,
630 2826 1001 2899 voluntatibus
1036 2842 1169 2881 vero
1198 2835 1259 2881 ut
1292 2827 1369 2881 nil
1408 2828 1614 2897 absque
1658 2827 1803 2882 illius

189 2920 343 2989 jussu
386 2920 477 2975 vel
519 2920 788 2990 permissu
826 2919 1057 2990 possint.
1101 2919 1257 2987 Quod
1305 2928 1595 2990 utrumque
1625 2921 1677 2975 in
1702 2918 1804 2975 Job

196 3011 554 3083 passionibus
584 3019 735 3081 patet
774 3009 1237 3075 manifestissime,
1266 3010 1359 3081 qui
1387 3010 1589 3065 frustra
1614 3019 1669 3067 et
1696 3026 1803 3066 non

197 3103 425 3166 iruStra,
460 3114 517 3160 et
562 3103 839 3159 Dominica
883 3103 1208 3169 assertione,
1235 3102 1337 3157 etsi
1387 3111 1514 3174 apta
1558 3094 1802 3173 pronun-

198 3192 463 3255 tiatione,
496 3192 704 3263 ﬂagella
746 3192 947 3248 dicitur
967 3193 1292 3264 suscepisse.
1329 3192 1463 3248 Nam
1491 3192 1569 3248 illi
1599 3201 1655 3247 et
1682 3193 1799 3248 dia-
1830 3185 1877 3251 C

196 3285 350 3341 bolus
376 3285 567 3341 omnia
597 3284 919 3351 abstulerat,
952 3294 1007 3340 et
1037 3294 1217 3341 tamen
1256 3286 1473 3341 dicebat
1502 3302 1517 3341 :
1546 3285 1803 3341 Dominus

194 3377 369 3445 dedit,
416 3376 679 3433 Dominus
731 3378 981 3445 abstulit;
1026 3380 1160 3433 sicut
1203 3378 1432 3434 Domino
1473 3378 1694 3450 placuit,
1728 3380 1803 3434 ita

197 3475 401 3544 factum
441 3484 518 3529 est
558 3474 682 3545 (Job
728 3490 779 3540 ι,
807 3476 922 3547 21).
971 3475 1201 3531 Domino
1245 3485 1425 3532 autem
1472 3485 1683 3532 certum
1722 3482 1807 3532 est

197 3567 271 3622 nil
304 3567 415 3623 nisi
441 3568 648 3637 justum
680 3566 914 3637 placere.
948 3567 1066 3638 Ipse
1098 3578 1280 3624 autem
1317 3568 1685 3633 adversarius,
1710 3566 1805 3638 qui

196 3669 386 3716 contra
420 3659 587 3714 Deum
619 3660 969 3731 singulariter
994 3661 1260 3730 superbit,
1300 3661 1447 3717 vires
1472 3677 1578 3718 non
1612 3661 1804 3715 tribuit

194 3765 303 3807 sate
347 3752 700 3824 malignitati,
740 3752 834 3808 sed
883 3752 1181 3809 Dominicm
1228 3754 1508 3824 potestati,
1555 3769 1681 3809 cum
1721 3752 1805 3808 di-

194 3842 265 3898 cit
296 3861 309 3897 :
343 3843 590 3898 Extende
614 3859 832 3897 manum
860 3853 1026 3908 tuam,
1055 3853 1105 3897 et
1137 3853 1289 3914 tange
1318 3852 1506 3898 cuncta
1534 3860 1650 3916 qua:
1676 3858 1804 3913 pos-

192 3935 324 3989 sidet
351 3934 549 4001 (llud,
583 3935 695 4005 ii).
722 3934 843 4004 Ipse
874 3944 1056 3990 autem
1090 3934 1348 3992 Dominus
1373 3935 1501 4006 quid
1530 3936 1596 3994 de
1620 3936 1801 3990 minu-

194 4025 263 4080 tis
302 4025 681 4081 animantibus
709 4025 853 4080 dicat
894 4025 1233 4092 audivimus;
1268 4026 1346 4080 ait
1390 4026 1535 4081 enim
1566 4040 1580 4079 :
1612 4025 1804 4081 Nonne

191 4117 296 4172 duo
316 4133 563 4188 passeres
590 4132 710 4171 asse
736 4124 976 4181 veneunt,
1017 4126 1064 4170 et
1109 4134 1243 4171 unus
1282 4133 1348 4172 ea;
1385 4116 1491 4170 illis
1523 4133 1625 4170 non
1652 4117 1805 4172 cadet

193 4226 349 4282 super
380 4222 582 4265 terram
617 4210 731 4265 sine
759 4208 923 4265 Patre
951 4220 1117 4266 vestro
1154 4210 1372 4284 (Matth.
1401 4229 1457 4278 Χ,
1491 4212 1620 4283 29)?
1662 4212 1800 4281 Quid

197 4316 322 4373 ergo
350 4302 581 4368 mirum,
608 4302 655 4357 si
694 4302 748 4356 in
781 4317 942 4356 manu
966 4301 1063 4357 Dei
1089 4310 1170 4358 est
1196 4317 1291 4359 cor
1319 4304 1482 4375 regis,
1511 4314 1605 4359 aut
1637 4304 1805 4361 alicu-

189 4392 277 4463 jus
307 4394 543 4450 alterius
594 4394 931 4459 hominis,in
982 4392 1138 4463 cujus
1191 4412 1351 4450 manu
1405 4407 1490 4451 est
1533 4406 1587 4451 et
1628 4413 1802 4467 penna

198 4483 557 4540 minutissimi
608 4484 1018 4540 volatilis?Aut
1046 4472 1175 4556 quid
1231 4486 1288 4541 in
1326 4503 1485 4542 manu
1530 4488 1647 4557 ejus
1694 4504 1801 4545 non

1905 1928 2021 1969 sam
2054 1912 2105 1965 in
2134 1909 2375 1979 Epistola
2409 1912 2474 1964 ad
2508 1908 2783 1963 Rmnanos
2804 1908 2991 1964 dicens
3020 1926 3033 1961 :
3068 1908 3354 1974 Quoniam,
3384 1925 3501 1962 cum

1902 1999 2073 2054 Deum
2119 1997 2495 2067 cognovissent,
2540 2013 2644 2050 non
2694 1997 2827 2051 sicut
2872 1995 3035 2050 Deum
3082 1995 3503 2066 gloriﬁcaverunt

1904 2091 2079 2165 (Rom.
2124 2106 2174 2157 ι,
2214 2090 2337 2161 2-1);
2388 2098 2441 2143 et
2475 2104 2489 2141 :
2519 2087 2805 2159 Propterea
2850 2088 3068 2141 tradidit
3109 2086 3227 2141 illos
3264 2086 3401 2141 Deus
3444 2087 3499 2141 in

1904 2184 2179 2255 reprobum
2226 2199 2466 2249 sensum,
2518 2193 2572 2235 ut
2625 2182 2824 2251 faciant
2874 2197 2991 2250 qua:
3038 2197 3141 2234 non
3190 2181 3502 2234 conveniunt

1907 2274 2031 2348 [al.,
2060 2272 2413 2344 conveniant]
2446 2272 2633 2345 (lbid.,
2665 2272 2777 2342 28).
2820 2272 2875 2326 ln
2918 2287 3026 2341 quo
3046 2273 3285 2326 studiose
3316 2281 3364 2325 te
3394 2271 3493 2324 ad—

1904 2382 2121 2433 moneo,
2146 2382 2216 2422 ne
2240 2366 2513 2435 intelligas
2534 2365 2677 2436 quod
2704 2364 2849 2419 Deus
2872 2363 3107 2433 aliquem
3134 2363 3277 2418 malo
3301 2361 3498 2418 tradat.

1905 2459 2013 2516 Sed
2060 2460 2282 2515 tradidit
2325 2460 2456 2515 dicit
2500 2458 2715 2531 [supple
2762 2458 2815 2513 id
2859 2458 3008 2531 est],
3040 2459 3177 2513 tradi
3234 2457 3498 2528 permisit,

1905 2552 2047 2607 sicut
2089 2552 2262 2606 dicit:
2297 2549 2410 2622 Ego
2450 2534 2692 2604 indurari
2727 2566 2817 2603 cor
2863 2547 3162 2604 Pharaonis
3199 2549 3395 2621 (Exod.
3424 2565 3498 2616 tv,

1904 2642 2028 2713 21);
2071 2643 2122 2698 id
2149 2653 2256 2708 est,
2277 2643 2529 2710 ,indurari
2563 2643 2820 2712 permisi;
2860 2651 2916 2696 ct
2944 2641 3108 2697 David
3139 2644 3185 2696 si
3213 2643 3377 2708 Deus,
3422 2642 3503 2696 in-

1906 2735 2043 2806 quit,
2069 2733 2293 2788 concitat
2323 2744 2390 2797 te,
2426 2734 2478 2788 id
2520 2743 2602 2789 est
2630 2734 2890 2789 concitari
2925 2734 3073 2787 laxat
3098 2733 3174 2805 [id
3203 2744 3275 2788 est
3308 2732 3496 2804 sinit];

1905 2836 1959 2883 et
1988 2827 2054 2882 de
2081 2824 2260 2882 Semei
2296 2844 2308 2880 :
2343 2818 2607 2880 Dimittite
2646 2843 2763 2879 eum
2804 2835 2859 2878 ut
2884 2824 3201 2890 ntaledicat;
3246 2825 3499 2879 Dominus

1906 2923 2043 2978 enim
2085 2922 2361 2993 prwcepit,
2405 2930 2462 2974 ut
2502 2919 2833 2974 malediceret
2874 2918 3044 2973 David
3088 2918 3169 2989 (ΙΙ
3217 2919 3344 2990 Reg.
3386 2935 3501 2985 xvi,

1907 3014 1995 3087 10)
2026 3033 2039 3068 :
2070 3014 2314 3085 prato-epit
2360 3013 2545 3069 dicens
2595 3028 2694 3083 pro
2739 3012 2893 3079 sivit;
2933 3022 2989 3068 et
3012 3020 3124 3086 pios
3165 3013 3216 3067 in
3258 3014 3503 3069 elatione

1908 3106 2138 3163 dicimus
2197 3105 2438 3175 quotidie
2494 3121 2557 3159 ne
2622 3120 2715 3159 nos
2771 3105 2994 3159 inducas
3047 3106 3100 3158 in
3164 3105 3500 3158 tentutionem

1910 3198 2128 3270 (Matth.
2172 3196 2390 3270 v1,i5),
2424 3197 2477 3252 id
2520 3207 2605 3253 est
2647 3212 2717 3252 ne
2764 3197 2941 3251 induci
2983 3196 3159 3262 sinas,
3197 3205 3504 3266 ctctcraque

1907 3291 1995 3347 his
2019 3290 2237 3347 similia.
2262 3290 2397 3346 Cum
2430 3290 2595 3362 igitur
2620 3290 2823 3359 aliquid
2855 3288 2979 3345 boni
3011 3289 3164 3355 facis,
3193 3289 3303 3345 Deo
3329 3289 3502 3345 ascri-

1904 3382 2007 3448 be;
2037 3398 2161 3439 cum
2191 3381 2394 3452 aliquid
2431 3381 2579 3447 mali,
2617 3380 2711 3436 tibi
2755 3382 2983 3452 imputa.
3012 3380 3132 3452 ipse
3172 3383 3317 3436 enim
3363 3396 3500 3436 cou-

1910 3475 2089 3530 suevit
2122 3473 2204 3544 (ut
2254 3474 2503 3543 superior
2550 3486 2767 3542 quoque
2812 3487 2871 3527 se
2920 3472 3081 3527 habet
3129 3471 3342 3540 sensus)
3374 3471 3503 3526 licet

1906 3567 2055 3623 nullo
2094 3575 2285 3622 nostro
2330 3565 2548 3630 merito,
2579 3566 2674 3620 sed
2723 3579 2822 3619 suo
2866 3563 3130 3620 beneﬁcio
3160 3562 3326 3617 multa
3360 3563 3499 3618 bona

1905 3659 2108 3727 facere,
2142 3676 2249 3714 non
2300 3659 2472 3713 solum
2522 3673 2622 3727 per
2661 3672 2780 3722 nos,
2823 3657 2915 3711 scd
2966 3656 3131 3711 etiam
3182 3656 3249 3710 de
3296 3655 3502 3711 nostris

1906 3754 2151 3818 malitiis,
2177 3752 2320 3808 sicut
2343 3768 2442 3807 nos
2466 3760 2689 3806 econtra
2728 3749 2899 3805 multa
2927 3748 3069 3804 mala
3096 3749 3164 3804 dc
3193 3748 3358 3819 ipsius
3381 3747 3496 3818 agi-

1904 3864 2028 3904 mus
2067 3846 2370 3904 beneﬁciis.
2402 3846 2516 3901 Hoc
2563 3846 2747 3916 itaque
2785 3843 2860 3898 ita
2911 3857 2971 3898 se
3014 3841 3266 3907 habente,
3302 3838 3500 3895 nullius

1907 3948 1999 3995 aut
2025 3939 2221 4010 gratia,
2247 3938 2359 3993 Deo
2388 3937 2601 4003 relicto,
2628 3934 2844 4001 ambiri,
2873 3942 2964 3989 aut
2991 3941 3253 4004 potestas,
3284 3930 3498 3986 etiamsi

1908 4036 2089 4107 aliqua
2115 4034 2188 4089 sit
2215 4049 2334 4103 qua:
2364 4048 2422 4087 se
2448 4046 2624 4107 super
2654 4044 2835 4099 regem
2868 4026 3081 4093 cﬁ'crat,
3112 4026 3273 4083 debet
3312 4022 3501 4080 formi-

1906 4102 2044 4184 dari.
2090 4126 2182 4181 Illa
2223 4102 2305 4180 vis
2353 4102 2703 4195 singulariter
2744 4118 3139 4191 amplectenda,
3171 4118 3259 4173 illa
3298 4116 3499 4174 solum-

1906 4218 2068 4273 modo
2099 4224 2182 4272 est
2206 4214 2514 4279 metuentia,
2546 4228 2665 4283 qua:
2690 4210 2759 4266 ad
2790 4209 3060 4282 quoslibet
3090 4224 3219 4264 usus
3244 4206 3497 4275 voluerit,

1905 4308 2071 4364 etiam
2110 4322 2173 4363 ea
2213 4321 2334 4377 qtnc
2364 4320 2469 4360 non
2501 4303 2673 4375 diligit
2711 4302 2812 4358 sibi
2854 4300 3064 4357 servire
3092 4297 3367 4370 compellit
3398 4315 3413 4351 :
3442 4296 3499 4351 in

1907 4402 2060 4473 cujus
2110 4399 2502 4471 gubernatione
2565 4396 2747 4453 omnia
2782 4408 2888 4449 non
2937 4394 2991 4448 in
3027 4407 3125 4448 suo
3160 4398 3286 4448 sunt
3316 4388 3497 4461 possi-

1907 4491 2036 4546 dere
2074 4490 2224 4562 (254)
2264 4488 2489 4554 relicta,
2529 4486 2683 4557 cujus
2726 4486 2781 4541 in
2826 4484 2984 4540 laude
3025 4485 3244 4554 quidam
3281 4482 3498 4553 sapiens

197 4583 432 4642 tenetur,
465 4577 559 4646 qui
602 4576 801 4631 coelum
847 4578 1072 4634 metitur
1100 4578 1299 4648 palmo,-
1332 4590 1386 4635 et
1426 4590 1627 4636 terram
1661 4596 1793 4638 con-
1825 4557 1879 4619 Ῑ)
1905 4557 2092 4635 orator
2137 4557 2359 4649 perorat
2399 4576 2802 4649 sapientissime
2834 4574 3022 4631 :Nosti
3049 4574 3216 4641 enim,
3250 4573 3496 4638 Domine,

197 4668 328 4724 tinet
362 4668 573 4740 pugillo
601 4668 737 4739 (lsa.
766 4686 857 4737 XL,
889 4670 1014 4741 12)?
1043 4670 1122 4726 Ne
1146 4672 1241 4727 tibi
1269 4673 1451 4744 itaque
1476 4686 1796 4747 arroganter

195 4757 292 4813 soli
334 4759 478 4815 velis
527 4760 798 4826 tribuere,
844 4761 988 4832 quod
1027 4772 1242 4818 constat
1280 4779 1470 4821 omnes
1514 4776 1796 4823 creaturas

196 4851 529 4920 generaliter
560 4853 863 4924 accepisse,
901 4862 961 4908 ut
1010 4870 1106 4911 cor
1148 4865 1298 4911 tuum
1344 4858 1413 4912 sit
1458 4857 1797 4914 solummodo

195 4940 248 4995 in
298 4957 468 4999 manu
507 4944 627 5010 Dei,
660 4954 814 4999 extra
864 4943 1017 5014 cujus
1067 4962 1311 5011 manum,
1343 4948 1388 5002 si
1442 4947 1642 5018 aliquid
1691 4959 1794 5017 cst,

196 5035 471 5104 perditum
515 5037 636 5091 sine
678 5038 843 5095 dubio
878 5047 965 5093 est
995 5053 1011 5093 :
1044 5039 1152 5095 imo
1196 5041 1458 5117 audenter
1495 5041 1639 5108 dico,
1670 5045 1795 5113 quia

197 5142 299 5166 nnn
337 5137 421 5166 ac!
460 5148 471 5161 ι
515 5128 662 5166 ΝὸΙιὸΙ
709 5133 843 5166 anim
924 5132 1125 5166 clins-um
1171 5144 1251 5166 nol
1294 5135 1341 5166 ni
1423 5134 1575 5166 Νηρίς

1620 5152 1794 5166 Aha-la“-

1902 4673 2171 4745 inquiens,
2205 4673 2345 4727 bona
2382 4669 2563 4726 facere
2594 4685 2692 4740 per
2728 4668 2967 4739 iniquos,
2998 4684 3123 4723 cum
3162 4663 3499 4722 converteris

1902 4766 1970 4821 ad
2020 4764 2376 4835 adjutorium,
2416 4764 2558 4835 quod
2611 4772 2860 4835 paratum
2912 4770 2999 4818 est
3050 4762 3118 4817 ad
3171 4758 3495 4821 nocendum,

1902 4861 2086 4933 potius
2120 4875 2241 4916 esse
2286 4858 2592 4928 dijutlicans
2637 4857 2885 4913 laesioncs
2916 4854 3067 4927 (255)
3099 4854 3165 4909 ad
3206 4851 3500 4906 utilitatem

1904 4961 2243 5013 convertere,
2274 4965 2437 5019 quam
2478 4964 2672 5005 causas
2710 4947 2978 5003 malorum
3023 4945 3284 5002 radicitus
3313 4956 3503 5010 ampu-

1905 5052 2041 5097 tare.
2068 5043 2268 5097 Verum
2304 5042 2347 5094 si
2379 5040 2561 5095 omnia
2606 5055 2726 5111 qua:
2775 5038 2903 5093 hinc
2943 5043 3260 5097 occurrunt,
3289 5030 3374 5086 vel
3408 5047 3505 5087 oc-

1905 5149 2125 5166 nnnrnnn
2180 5132 2222 5166 οἶ
2263 5132 2592 5166 nnunlunlins
2643 5129 3003 5166 ηγηοιὶναιὶιιὶι·
3066 5133 3309 5166 nnccnnl,
3338 5122 3502 5166 \yﬂ‘ill‘
