4018 5406
487 161 596 224 283

1440 175 1771 237 RATHERII
1807 181 2020 240 EPISC.
2060 182 2316 282 νΕξιοΝ.
2354 185 2509 246 OPP.
2547 185 2729 248 PARS
2760 189 2813 248 I.

3658 202 3757 265 28L

482 281 736 352 expediat
779 272 1120 353 proferamus
1167 287 1219 342 in
1267 289 1523 346 medium.
1566 293 1751 364 Itaque
1795 310 2074 367 exponens
2099 272 2258 372 A'gis
2300 317 2625 374 quocunque
2671 304 2785 359 vult
2822 304 3074 375 inclinat;
3120 309 3251 382 quia
3288 312 3431 372 sicut
3464 315 3757 378 divisiones

484 374 773 445 dupliciter
803 376 950 433 ἱΙΙιιιη
979 379 1169 449 psalmi
1201 382 1548 451 versiculum,
1578 386 1665 441 ubi
1695 404 1723 442 a
1748 391 2069 460 quihusdam

468 465 686 526 idicitur
717 483 731 520 :
760 467 952 522 Anima
990 486 1108 525 utea
1149 471 1205 526 iu
1244 473 1485 530 manibus
1514 478 1643 532 meis
1670 496 1871 552 θεωρεῖ
1895 480 2067 551 (Psal.

464 544 671 624 ‘cxvm,
707 558 854 631 109),
882 561 952 617 ab
988 562 1257 634 aliquibus
1300 582 1430 623 vero
1470 569 1528 623 in
1561 544 1801 628 inertibus
1836 544 1973 643 luis;
2015 586 2072 635 et

482 648 719 717 priorem
765 652 981 721 quidem
1022 670 1240 710 sensum
1290 674 1399 713 non
1448 676 1730 733 respuens,
1772 670 2069 726 secundum

482 753 611 797 vero
656 741 756 796 sibi
789 742 996 814 eligens
1026 744 1137 816 (ille
1166 749 1322 818 quasi
1355 765 1477 806 cum
1513 755 1805 811 securitate
1837 757 2068 828 loquen-

485 833 640 904 tium,
676 835 777 892 iste
820 851 948 892 vero
991 838 1058 894 de
1099 839 1211 895 sola
1259 841 1349 898 Dei
1395 843 1597 915 pietate
1627 852 2068 916 praesumentium

485 925 647 999 136
683 928 898 984 videtur
929 932 1073 1002 esse)
1110 933 1195 988 his
1226 934 1319 1008 .ait
1363 937 1543 993 verbis
1574 955 1588 992 :
1626 937 1740 995 Scit
1783 944 2067 1013 propheta,

479 1018 571 1075 ubi
602 1021 797 1076 anima:
826 1037 936 1079 suae
969 1025 1279 1094 praesidium
1319 1028 1478 1097 locet,
1508 1031 1651 1087 unde
1680 1048 1834 1103 opem
1867 1045 2068 1105 speret.

478 1109 535 1183 In
570 1128 761 1168 manus
801 1114 896 1170 Dei
939 1118 1271 1175 constituere
1310 1119 1426 1175 vult
1471 1122 1708 1178 animam
1738 1141 1913 1193 suam,
1940 1129 2067 1198 quia

478 1218 574 1272 cur
605 1205 749 1279 regis
777 1207 830 1264 in
874 1225 1036 1265 manu
1071 1211 1186 1266 Dei.
1221 1212 1539 1286 Quicunque
1565 1220 1843 1289 proprium
1870 1238 2068 1294 corpus

475 1294 786 1367 subegerit,
847 1314 948 1356 nec
1003 1299 1119 1369 ejus
1169 1306 1511 1373 passionibus
1567 1310 1773 1366 turbari
1828 1315 2066 1370 animam

475 1401 629 1443 suam
676 1399 859 1446 rector
905 1394 989 1448 sui
1037 1410 1279 1467 congrua
1321 1398 1611 1458 vivacitate
1647 1405 1986 1474 permiserit;
2023 1408 2067 1464 is

473 1477 614 1543 bene
652 1482 799 1553 regia
843 1492 1112 1554 potestate
1141 1503 1202 1543 se
1239 1490 1520 1555 cohibens,
1540 1476 1648 1548 'rex
1677 1496 1898 1561 dicitur,
1924 1500 2067 1567 quod

472 1584 664 1643 regere
690 1589 750 1631 se
778 1579 1010 1647 noverit,
1056 1595 1124 1635 ne
1165 1583 1413 1652 captivus
1453 1587 1700 1643 trahatur
1731 1590 1784 1644 in
1828 1591 2063 1663 culpam,

2175 386 2472 465 gratiarum
2499 437 2514 463 ,
2548 398 2704 468 juxta
2751 398 3086 457 voluntatem
3139 419 3325 473 suam,
3368 412 3427 464 'et
3465 410 3675 482 angelis
3704 421 3760 469 et

2173 483 2485 542 hominibus
2516 489 2723 554 tribuit,
2756 489 2828 544 ita
2875 493 3039 547 corda
3080 504 3392 553 sanctorum
3429 500 3761 570 quibuscun-
3861 528 3870 538 -

2174 592 2279 657 que
2305 578 2541 635 voluerit
2564 582 2721 651 digna
2748 582 3129 642 donationibus
3157 587 3353 654 reddit,
3386 606 3566 660 neque
3596 592 3759 650 ullum

2173 668 2337 725 habet
2373 670 2737 743 Pelagianism
2780 673 2977 738 locum,
3008 678 3152 747 quod
3201 680 3409 751 absque
3447 682 3547 738 Dei
3591 686 3760 755 gratia

2172 760 2296 831 quis
2321 762 2503 819 salvus
2533 766 2705 835 possit
2728 764 2845 823 ﬁeri
2871 768 2923 839 (Ι
2945 768 3069 824 Cor.
3095 785 3194 837 xn,
3222 771 3301 843 ιι).
3336 792 3355 826 ι

2241 856 2332 912 35.
2369 858 2635 915 Caeterum
2684 868 2746 914 ut
2781 860 2895 930 jam
2942 862 3213 920 sufﬁciant
3257 867 3397 933 ista,
3448 883 3760 940 quanquam

2171 948 2407 1016 modica,
2440 965 2633 1022 magna
2668 966 2795 1007 vero
2830 953 3124 1009 dicentium
3165 957 3491 1014 auctoritate
3519 958 3758 1027 suffulta,

2170 1057 2342 1112 pauca
2386 1043 2481 1099 tibi
2514 1045 2692 1099 adhuc
2726 1046 2938 1100 vivendi
2976 1062 3205 1118 suggero
3245 1050 3528 1121 dogmata,
3583 1060 3637 1106 et
3683 1053 3762 1109 sic

2170 1145 2223 1191 te
2266 1136 2486 1203 relicto,
2536 1153 2704 1210 pergo
2751 1140 2817 1194 ad
2860 1139 2996 1205 alia,
3050 1142 3151 1197 hoc
3198 1153 3325 1198 ante
3363 1145 3547 1199 omnia
3603 1145 3760 1217 137

2168 1228 2470 1299 proferens,
2503 1231 2628 1300 quia
2659 1231 2866 1301 justum
2906 1242 2993 1287 est
3037 1241 3089 1289 te
3132 1234 3341 1306 legibus
3377 1236 3762 1306 obtemperare

2170 1322 2385 1377 debere.
2417 1324 2618 1379 Tecum
2660 1326 2804 1380 enim
2843 1324 2964 1395 jura
3002 1335 3090 1381 tua
3133 1327 3202 1381 ab
3232 1328 3544 1384 hominibus
3579 1341 3763 1385 custo-

2169 1414 2366 1469 dienda
2417 1416 2579 1481 scias,
2621 1418 2666 1472 si
2711 1427 2763 1474 et
2817 1427 2871 1474 tu
2919 1418 3023 1474 illis
3073 1419 3432 1475 reverentiam
3482 1421 3756 1493 praebeas.

2170 1505 2396 1564 Teneris
2422 1510 2566 1565 enim
2599 1518 2676 1574 tu,
2705 1520 2766 1566 ut
2805 1511 2937 1567 dicit
2972 1512 3227 1578 Isidorus,
3257 1515 3363 1569 tuis
3392 1515 3625 1587 legibus,
3658 1530 3761 1573 nec

2170 1601 2285 1672 ipse
2315 1604 2598 1670 damnare,
2625 1613 2818 1661 contra
2850 1606 2968 1661 haec
2994 1604 3263 1674 faciendo,
3293 1616 3384 1663 tua
3415 1607 3585 1666 debes
3609 1608 3760 1680 jura,

471 1679 575 1767 uec
618 1683 858 1740 praeceps
903 1670 1109 1729 feratur
1153 1675 1207 1730 in
1251 1677 1461 1734 vitium.
1495 1681 1650 1737 Alius
1692 1694 1873 1740 autem
1916 1694 2065 1742 tanto
2096 1686 2142 1746 B
2169 1670 2294 1764 qua:
2340 1695 2394 1750 in
2449 1696 2708 1767 subjectis
2756 1699 3064 1755 constituis.
3100 1699 3254 1755 Iusta
3297 1709 3384 1757 est
3424 1702 3573 1758 enim
3615 1704 3764 1761 vocis

470 1752 705 1823 lautius,
754 1769 959 1831 quanto
1007 1766 1373 1836 succinctius,
1416 1770 1637 1842 inquit:
1669 1773 1747 1830 'I‘u
1792 1777 1836 1831 si
1883 1779 2067 1835 animo

470 1851 701 1918 regeris,
731 1867 825 1908 rex
854 1868 943 1922 es;
979 1857 1025 1912 si
1065 1872 1326 1931 corpore,
1363 1878 1573 1922 servus.
1606 1866 1739 1924 Item
1767 1885 1897 1926 vero
1922 1872 2065 1928 alter

468 1938 553 1993 vir
594 1940 715 1996 ait:
743 1940 957 2001 Habere
997 1945 1065 2019 [f.
1103 1948 1255 2008 Ilabe
1296 1954 1414 2027 rex]
1461 1956 1747 2027 honorem,
1779 1961 1918 2017 dabo
1964 1962 2062 2019 tibi

465 2044 723 2106 magnum
768 2035 1079 2107 imperium,
1108 2051 1164 2098 et
1193 2043 1396 2115 impera
1434 2047 1550 2104 tibi.
1583 2048 1721 2106 llinc
1761 2054 1927 2108 etiam
1956 2064 2058 2125 est,

463 2123 605 2194 quod
645 2140 746 2182 usu
792 2127 1082 2189 locutionis
1135 2139 1410 2194 communi
1458 2154 1542 2206 ea,
1577 2157 1698 2213 quae
1744 2145 1969 2217 antiqua
2006 2123 2062 2202 et

463 2224 615 2271 recta
643 2225 747 2285 est,
777 2221 928 2293 regia
953 2224 1155 2282 dicitur
1182 2229 1302 2297 via;
1347 2240 1403 2286 et
1430 2234 1582 2305 regia
1620 2246 1851 2293 vocatur
1876 2247 2057 2310 porta,

462 2323 570 2379 qua
600 2311 835 2371 intratur
857 2316 911 2373 iu
934 2320 1145 2389 aulam;
1191 2325 1374 2397 regale
1414 2327 1704 2386 insinuans
1741 2331 1862 2388 fore
1897 2333 2057 2403 quid-

459 2402 591 2494 quid
633 2415 783 2463 recte
821 2407 1102 2481 incedens,
1132 2415 1387 2489 viamque
1424 2420 1575 2494 (256)
1615 2434 1673 2480 et
1705 2425 1847 2482 inter
1875 2402 2057 2483 ortum

458 2491 583 2550 aliis
606 2498 741 2553 recti
766 2498 982 2559 itineris
1010 2513 1066 2560 et
1091 2507 1263 2563 beata:
1298 2491 1598 2569 mansionis
1623 2518 1860 2587 propriis
1904 2535 2059 2576 mon-
2088 2542 2097 2545 ·

458 2590 602 2640 strat
621 2589 905 2660 exemplis.
938 2593 1006 2650 Ut
1031 2596 1178 2653 enim
1220 2608 1277 2654 et
1315 2603 1643 2675 etymologia
1674 2606 1846 2676 ipsius
1876 2609 2058 2667 innuit

458 2677 720 2748 nominis,
745 2696 843 2739 rex
872 2698 905 2740 a
930 2696 1081 2745 recto
1116 2691 1424 2750 derivatum
1453 2696 1707 2755 obtinens
1730 2703 2054 2760 vocabulum

457 2772 697 2844 ostendit
737 2775 813 2833 illi
859 2779 936 2835 nil
975 2783 1079 2839 nisi
1121 2798 1358 2856 rectum,
1397 2804 1465 2845 ne
1503 2792 1715 2849 scilicet
1762 2812 1794 2850 a
1836 2798 2057 2854 nomine

456 2859 752 2963 discordet,
785 2871 1077 2941 agendum.
1102 2875 1240 2943 Quid
1271 2888 1403 2951 ergo
1425 2882 1649 2951 mirum,
1681 2885 1728 2940 si
1760 2888 1909 2960 regia
1927 2888 2055 2963 jure

454 2955 711 3025 qualibet
756 2971 906 3021 recte
952 2979 1113 3023 suum
1159 2985 1355 3041 gerens
1399 2987 1598 3045 corpus
1648 2977 1790 3036 bona
1827 2955 2055 3039 dicatur

455 3049 639 3113 anima
671 3051 846 3128 (257),
887 3073 1013 3116 cum
1057 3063 1204 3133 regia
1248 3075 1398 3122 recte
1435 3067 1709 3128 deducens
1741 3074 1956 3131 dicatur
1992 3087 2050 3134 et
2075 3064 2121 3128 C
2153 3049 2482 3141 monasteria
2533 3083 2710 3138 releva
2745 3121 2760 3148 ,
2802 3049 2999 3152 opibus
3045 3080 3158 3135 dita

451 3143 576 3241 via;
604 3146 751 3219 regia
782 3164 891 3221 qua
924 3167 1033 3210 non
1063 3156 1284 3215 aliunde
1321 3162 1658 3232 ascenditur,
1685 3165 1778 3222 sed
1808 3168 2048 3241 legitime

451 3234 710 3308 lntratur,
749 3251 806 3299 et
835 3243 1004 3315 janua
1033 3248 1284 3322 [subaudi
1325 3250 1600 3331 dicatur]?
1639 3259 1776 3317 Nam
1807 3234 2045 3333 etvillnd,

450 3332 594 3401 quod
638 3349 746 3391 non
775 3351 1004 3408 parvam
1038 3343 1181 3400 male
1212 3346 1642 3419 intelligentibus
1683 3353 1880 3414 all‘erre
1909 3357 2046 3414 solet

443 3419 783 3495 jactantiam,
808 3428 877 3485 de
902 3430 1317 3493 Proverbiorum
1349 3439 1508 3507 libro,
1548 3443 1654 3501 hoc
1687 3455 1795 3514 est,
1825 3448 2045 3507 Divina-

449 3517 522 3572 tio
561 3518 619 3573 iu
668 3524 827 3579 corde
883 3528 1059 3599 regis,
1115 3531 1169 3584 in
1207 3532 1414 3603 judicio
1452 3551 1559 3594 non
1588 3541 1784 3596 errabit
1827 3560 1883 3598 os
1928 3546 2046 3617 ejus
2088 3582 2091 3585 ι

451 3606 671 3711 (Ριῖουη
693 3617 967 3711 xvi-110),
995 3620 1062 3676 de
1101 3638 1229 3696 rege
1270 3623 1362 3697 [id
1392 3638 1470 3683 est
1500 3629 1611 3687 Deo
1646 3648 1835 3703 regum
1881 3606 2042 3711 rege]

450 3702 635 3772 potius
658 3704 1067 3780 intelligendum
1085 3713 1190 3770 alia
1233 3718 1521 3777 translatio
1556 3702 1831 3783 monstrat
1860 3702 2041 3785 itadi:

448 3797 667 3888 cendo:
701 3798 799 3854 Nil
838 3801 1035 3872 falsum
1079 3808 1285 3864 dicetur
1315 3813 1442 3883 regi,
1485 3825 1535 3869 et
1575 3817 1651 3870 nil
1680 3818 1876 3888 falsum
1908 3824 2044 3878 exist

445 3884 521 3994 de.
550 3903 640 3943 ore
669 3889 819 3960 ejus;
848 3896 976 3973 quia
1007 3897 1285 3970 nimirum,
1316 3912 1377 3958 ut
1405 3913 1462 3961 et
1486 3905 1632 3994 Bgda
1664 3884 1913 3981 exponit,
1941 3929 2043 3972 nec

447 3978 559 4036 ullo
589 3985 887 4043 mentiente
918 3998 1098 4060 potest
1134 3991 1279 4061 falli,
1324 4011 1425 4055 nec
1465 3978 1760 4070 aliquando
1794 3978 2037 4063 mentiri.

442 4070 520 4133 In.
547 4075 667 4147 ejus
700 4092 919 4151 quoque
957 4085 1103 4156 regis
1147 4087 1423 4148 hilaritate
1464 4102 1548 4150 est
1577 4096 1720 4164 vita;
1753 4098 1878 4169 quia
1920 4100 2040 4171 quio

445 4182 666 4240 cunque
694 4174 749 4228 in
779 4173 874 4232 illo
913 4192 1167 4248 supremo
1202 4187 1455 4242 examine
1504 4188 1733 4246 hilarem
1763 4191 1881 4261 ejus
1915 4194 2038 4250 vul-

446 4270 562 4320 tum
591 4266 779 4325 videre
819 4274 1195 4343 merebuntur,
1236 4279 1323 4336 his
1370 4281 1425 4337 in
1472 4291 1735 4341 aeternum
1780 4303 1905 4344 cum
1947 4289 2039 4347 illo

442 4358 630 4416 virere
666 4361 900 4432 dabitur,
939 4367 1007 4423 de
1038 4369 1235 4439 quibus
1265 4372 1317 4428 in
1348 4376 1691 4446 expositione
1719 4384 2037 4452 superioris

443 4466 661 4524 quoque
704 4459 990 4516 sententiae.
1028 4462 1168 4519 idem
1204 4465 1385 4524 taliter
1416 4470 1529 4526 ait:
1566 4491 1585 4523 ι
1620 4471 1800 4542 Quare
1830 4492 1926 4532 cor
1950 4493 2035 4534 re-

440 4549 524 4619 gis
544 4549 599 4604 in
630 4565 794 4608 manu
835 4552 930 4610 Dei
970 4570 1112 4623 esse,
1131 4566 1187 4614 et
1222 4576 1327 4615 non
1367 4564 1548 4633 potius
1578 4567 1822 4624 omnium
1852 4570 2029 4627 homi-

440 4655 571 4696 num
595 4642 864 4713 perbibet,
889 4658 1012 4701 cum
1042 4649 1300 4721 seriptum
1335 4652 1425 4720 sit,
1455 4655 1579 4725 quia
1622 4657 1675 4710 in
1718 4674 1877 4714 manu
1917 4660 2032 4731 ejus

439 4746 618 4791 omnes
662 4735 795 4806 ﬁnes
835 4746 991 4795 teme
1033 4738 1208 4813 (Psal.
1248 4760 1392 4811 χειν,
1422 4746 1501 4815 4),
1533 4749 1635 4803 nisi
1675 4751 1805 4820 quia
1842 4767 2026 4823 regem

438 4839 820 4900 quemcunque
859 4843 979 4887 esse
1022 4831 1183 4900 dicit,
1228 4837 1321 4905 qui
1374 4837 1628 4892 vitiormn
1677 4839 1815 4894 bella
1868 4843 1921 4896 in
1969 4858 2027 4898 se

436 4916 657 4974 vincere
706 4929 760 4977 et
801 4922 1064 4979 virtutum
1112 4926 1306 4981 militia
1355 4929 1568 4983 noverit
1612 4930 1840 5000 stipari?
1878 4931 2032 4986 Sicut

439 5009 584 5064 enim
617 5011 876 5071 Dominus
907 5017 1189 5074 multiﬁdis
1228 5036 1490 5091 aquarum
1531 5022 1889 5079 divisionilms
1923 5035 2030 5081 ter-

344 5118 347 5121 ·
443 5116 629 5158 rarum
672 5106 807 5163 Ilnes
828 5117 885 5164 et
912 5110 1056 5165 aeris
1084 5109 1191 5164 late
1228 5111 1391 5166 simul
1427 5111 1631 5183 implet,
1659 5115 1791 5185 tegit
1814 5132 2029 5186 quoque

440 5200 600 5268 aquis
629 5204 911 5272 superiora
938 5204 1198 5261 caelorum
1230 5204 1402 5279 (Psal.
1428 5222 1544 5275 cui,
1576 5210 1667 5280 5);
1707 5210 1780 5265 ita
1821 5226 1916 5267 cor
1947 5227 2031 5267 re-

2168 1792 2274 1840 tuae
2302 1787 2624 1853 auctoritas,
2656 1791 2701 1843 si
2743 1789 2887 1857 quod
2915 1790 3171 1860 prohibes
3195 1791 3430 1862 populis,
3460 1792 3557 1849 tibi
3596 1792 3765 1850 licere

2166 1891 2274 1933 non
2318 1879 2564 1949 patiaris.
2616 1879 2811 1936 Multos
2850 1891 3055 1948 autem,
3096 1890 3155 1937 ut
3197 1884 3275 1938 ait
3303 1884 3605 1941 veridicum
3635 1898 3766 1956 pro,-

2163 1969 2435 2036 verbium,
2484 1971 2676 2027 timere
2704 1971 2884 2040 debet,
2923 1988 3085 2044 quem
3125 1973 3278 2029 multi
3312 1975 3550 2043 'tixnent;
3591 1984 3669 2042 et,
3701 1985 3765 2032 ut

2163 2059 2346 2114 verbis
2380 2058 2492 2128 jam
2531 2061 2693 2115 dictis
2740 2070 2794 2117 te
2849 2061 3115 2132 alloquar,
3164 2064 3309 2119 scias
3359 2080 3592 2133 moneo,
3626 2066 3764 2136 quia

2161 2152 2439 2223 principes
2484 2154 2669 2209 saeculi
2710 2169 3096 2225 nonnunquam
3145 2155 3288 2211 intra
3330 2157 3632 2216 Ecclesiam
3662 2173 3764 2228 po-

2162 2246 2376 2303 testatis
2432 2247 2641 2319 adeptae
2691 2247 2928 2305 culmina
2982 2257 3199 2315 tenent,
3249 2260 3308 2306 ut
3359 2265 3459 2321 per
3508 2253 3758 2310 eamdem

2161 2351 2487 2413 potestatem
2563 2342 2903 2413 disciplinam
2979 2344 3408 2401 ecclesiasticam
3482 2346 3755 2401 muniant.

2162 2432 2428 2489 Carterum
2455 2434 2599 2488 intra
2627 2434 2926 2489 Ecclesiam
2964 2442 3263 2504 potestates
3291 2436 3620 2491 necessaria:
3647 2450 3757 2492 non

2160 2535 2362 2591 essent,
2397 2527 2501 2583 nisi
2536 2535 2622 2591 ut,
2658 2526 2803 2596 quod
2835 2541 2939 2581 non
2968 2527 3229 2598 praevalet
3257 2529 3517 2584 sacerdos
3542 2527 3760 2584 edicere

2159 2634 2260 2689 per
2297 2620 2561 2675 doctrinm
2600 2633 2931 2684 sermonem,
2956 2627 3199 2689 potestas
3240 2618 3346 2675 hoc
3382 2619 3620 2689 imperet
3660 2632 3752 2690 per

2160 2713 2465 2783 disciplinze
2488 2722 2778 2769 terrorem.
2804 2712 2946 2769 Ecce
2968 2728 3089 2783 qua:
3110 2720 3167 2767 et
3182 2726 3355 2783 quare
3383 2711 3482 2767 tibi
3506 2719 3760 2783 potestas

2159 2805 2214 2861 in
2240 2805 2499 2862 Ecclesiae
2527 2805 2596 2860 sit
2622 2806 2785 2859 rebus
2812 2818 3094 2860 concessa.

2229 2900 2319 2954 54.
2362 2897 2442 2953 Ne
2492 2914 2623 2970 ergo
2667 2898 2881 2954 decidat
2943 2896 3034 2970 [f.,
3082 2895 3326 2968 decidas]
3354 2911 3385 2950 a
3427 2894 3756 2962 ministerio,

2155 2994 2402 3065 priorum
2443 2999 2657 3047 tuorum
2702 2990 2952 3059 exemplo
3006 2988 3267 3045 ecclesias
3318 2988 3413 3044 Dei
3459 2996 3753 3053 restaura,
3799 3034 3806 3039 .

3213 3096 3227 3134 :
3270 3077 3379 3134 erit
3422 3078 3569 3134 enim
3615 3076 3754 3134 forte

2147 3186 2384 3249 tempus,
2417 3191 2524 3246 quo
2555 3183 2611 3230 et
2633 3174 2763 3244 ipsae
2787 3173 3160 3245 expendentur
3198 3184 3299 3241 pro
3330 3169 3510 3225 salute
3532 3170 3750 3225 tua.In-

2147 3277 2366 3339 terroga
2382 3266 2504 3337 quis
2524 3280 2712 3336 regum
2725 3264 3058 3319 anteriorum
3067 3261 3213 3332 juste
3224 3262 3569 3333 sapienterve
3581 3261 3757 3317 inces-

2147 3359 2217 3415 sit
2230 3360 2253 3414 ?
2267 3359 2389 3429 quis
2402 3356 2737 3414 voluntatem
2761 3356 2876 3421 Dei,
2893 3355 3126 3425 amplius
3146 3363 3207 3410 ut
3221 3353 3448 3419 faceret,
3468 3352 3756 3423 quaesivit!

2146 3451 2280 3520 Quis
2288 3453 2407 3521 jure
2422 3449 2678 3520 populum
2692 3448 2867 3506 rexit?
2880 3448 3000 3519 quis
3019 3446 3283 3504 ecclesias
3298 3446 3626 3511 construxit,
3639 3460 3754 3501 mo-

2145 3545 2385 3601 nasteria
2414 3543 2679 3610 fundavit,
2696 3542 3030 3598 xenodochia
3060 3540 3352 3597 statuitiet
3373 3538 3522 3593 illum
3551 3535 3755 3607 ample-

2145 3650 2313 3706 ctere,
2338 3639 2489 3693 illum
2516 3635 2935 3708 sequere,illum
2966 3635 3197 3691 imitare.
3228 3634 3389 3696 Cave,
3414 3648 3482 3688 ne
3505 3626 3755 3702 unquam

2144 3732 2340 3804 aliquis
2367 3732 2588 3796 existat,
2623 3729 2711 3800 qui
2745 3728 2916 3799 possit
2951 3728 3205 3795 suadere,
3243 3735 3305 3782 ut
3329 3725 3535 3796 aliquid
3564 3738 3635 3778 ex
3662 3723 3752 3779 bis

2143 3836 2240 3885 aut
2268 3826 2335 3882 ad
2364 3834 2506 3890 tuos,
2541 3833 2633 3881 aut
2661 3824 2728 3880 ad
2758 3832 2976 3880 tuorum
3008 3820 3224 3877 auferas
3251 3835 3401 3876 usus.
3444 3817 3603 3875 Scito
3630 3831 3755 3873 cer-

2146 3923 2372 3987 tissime,
2417 3920 2544 3992 qnia
2585 3919 2629 3975 si
2664 3918 2737 3973 illi
2779 3916 3082 3973 mercedem
3112 3930 3209 3987 pro
3238 3914 3383 3979 dato,
3424 3921 3481 3967 tu
3527 3926 3755 3983 pmnam

2142 4012 2427 4069 habiturus
2456 4025 2515 4066 cs
2539 4025 2638 4082 pro
2662 4008 2874 4073 ablato;
2925 4005 2970 4061 si
3013 4002 3087 4060 illi
3128 4004 3310 4059 dando
3337 4002 3567 4059 mercati
3597 4008 3752 4069 sunt,

2142 4104 2310 4159 vitam
2342 4112 2619 4165 aeternam,
2671 4107 2727 4154 tu
2776 4096 3071 4155 auferendo
3118 4095 3358 4167 acquiris
3408 4094 3749 4166 gehennam.

2140 4193 2251 4250 Res
2279 4195 2421 4250 enim
2462 4192 2705 4250 ecclesia:
2754 4191 2948 4262 igneae.
2999 4188 3134 4245 Nam
3191 4203 3292 4244 nec
3339 4186 3748 4258 eleemosynam

2139 4286 2338 4342 exinde
2381 4295 2535 4357 potes
2563 4285 2779 4349 facere,
2823 4298 2922 4352 nec
2973 4282 3324 4346 manducare,
3377 4295 3481 4335 nec
3529 4278 3750 4348 bibere,

2141 4378 2246 4434 nisi
2291 4386 2386 4433 aut
2436 4377 2689 4433 Ecclesia:
2733 4376 2894 4442 dono,
2942 4383 3036 4429 aut
3084 4383 3176 4429 tuo
3218 4372 3526 4445 sacrilegio.
3560 4371 3752 4443 Ipsum

2142 4478 2323 4526 autem
2364 4471 2491 4540 quid
2537 4468 2744 4540 legibus
2788 4475 3085 4533 mereatur,
3115 4480 3222 4521 non
3271 4464 3483 4535 indiges
3532 4463 3725 4520 doceri

2143 4563 2235 4634 qui
2270 4571 2324 4619 et
2351 4562 2546 4617 vindex
2577 4576 2607 4615 a
2638 4563 2750 4616 Deo
2771 4568 2826 4616 et
2852 4575 2881 4614 a
2910 4557 3109 4631 popqu
3138 4557 3470 4615 constitutus
3493 4570 3555 4612 es
3578 4568 3751 4626 super

2140 4652 2473 4724 hujusmodi.
2506 4650 2733 4707 Noveris
2758 4659 2937 4705 autem
2981 4647 3239 4705 Ecclesiae
3264 4647 3359 4703 Dei
3404 4654 3459 4701 te
3502 4644 3749 4700 advoca-

2140 4753 2257 4799 tum
2294 4758 2415 4798 esse
2446 4743 2773 4807 institutum,
2805 4756 2911 4795 non
2939 4739 3220 4795 dominum
3247 4739 3377 4809 (non
3403 4734 3550 4791 enim
3574 4734 3747 4791 matri

2139 4835 2406 4891 dominari
2434 4833 2556 4903 quis
2587 4833 2687 4888 nisi
2715 4832 2947 4887 absurde
2973 4830 3171 4903 valet);
3208 4838 3466 4895 tutorem,
3511 4842 3623 4883 non
3650 4827 3743 4882 di-

2133 4936 2502 4998 spensatorem
2533 4967 2547 4992 ,
2596 4940 2757 4995 quem
2817 4924 2959 4979 scias
3022 4938 3179 4990 esse,
3228 4921 3457 4978 Domino
3503 4920 3742 4975 docente

2131 5020 2284 5094 (Luc.
2311 5037 2409 5085 xu,
2433 5020 2545 5093 42),
2569 5019 2908 5089 pontiﬁcem;
2933 5027 3248 5087 patronum,
3274 5030 3379 5073 non
3396 5013 3732 5078 ministrum,

2131 5118 2274 5183 quod
2299 5112 2360 5185 [Ι.
2393 5111 2577 5185 quem]
2600 5114 2849 5167 eumdem
2873 5123 2996 5165 esse
3024 5110 3201 5179 ipsum
3226 5122 3461 5179 quoque,
3492 5107 3536 5160 si
3567 5104 3733 5175 legis,

2131 5205 2315 5278 (Joan.
2370 5223 2470 5274 xu,
2517 5206 2611 5279 26)
2664 5214 2818 5275 potes
2871 5204 3117 5259 invenire
3177 5202 3382 5258 dixisse
3434 5200 3488 5255 in
3546 5197 3734 5254 Evan-
