4018 5406
167 204 261 262 285

1089 205 1664 277 PRELOQUIORUM
1703 209 1883 267 LIBRI
1925 211 2077 268 SEX.
2114 243 2184 255 -
2214 211 2343 270 LIB.
2396 213 2464 270 Υ.

3314 220 3422 280 886

165 309 288 395 gelio
316 321 460 394 (9.58)
505 321 786 378 Dominum
832 323 1000 395 (259).
1054 323 1256 380 Verere
1307 335 1509 390 autem,
1566 342 1634 381 ne
1685 328 1730 383 si
1757 327 2106 390 Apinsontem
2154 325 2308 397 (Gen.
2371 343 2557 396 xxxix,
2591 328 2705 398 ΞΟ).
2771 330 3071 400 Agnoveris
3099 372 3114 396 ,
3156 330 3421 402 Egesippo

169 415 425 486 plusquam
459 423 766 485 perceptum
794 424 877 470 est
906 432 1169 487 usurpare
1197 418 1354 483 velis,
1400 432 1588 489 pcenas
1633 433 1732 488 pro

169 506 424 562 invasione
456 506 506 560 in
538 506 744 576 judicio
772 507 922 563 luere
952 509 1186 577 cogaris.
1229 509 1370 565 Audi
1420 511 1728 577 Dominum,

168 599 389 662 utetiam
431 595 586 666 juxta
615 598 848 654 litteram
892 600 1022 656 illud
1053 603 1308 674 accipias,
1357 604 1410 658 in
1439 604 1732 675 Evangelia

175 691 354 746 dixisse
371 708 396 771 γε
434 689 615 747 Nolite
668 704 907 748 sanctum
951 697 1080 751 dare
1105 697 1321 752 canibus
1367 698 1582 768 (Matth.
1631 715 1728 764 VII,

169 781 232 849 6).
258 783 388 837 Audi
429 785 679 840 eumdem
734 803 831 857 per
871 787 1044 861 legem
1095 789 1363 847 clamasse
1403 810 1416 846 :
1459 790 1732 862 Quidquid

166 874 362 930 Domino
407 877 662 946 offertur,
689 891 929 935 sanctum
979 893 1282 938 sanctorum
1316 895 1413 951 est,
1464 895 1510 939 et
1543 888 1615 938 at!
1635 885 1730 956 jus

167 967 359 1036 pertinet
395 970 730 1025 sacerdotum
765 971 959 1043 (Nam.
1002 991 1156 1041 xvtu,
1187 975 1264 1047 9).
1299 977 1430 1032 Vide
1461 993 1588 1048 ergo
1618 979 1730 1034 sive

169 1066 232 1122 tu,
260 1059 363 1116 sive
387 1061 613 1130 quilibet
643 1065 808 1120 etiam
837 1081 1024 1122 eorum
1057 1068 1134 1142 [id
1160 1080 1237 1125 est
1278 1072 1644 1146 sacerdotum]
1662 1091 1730 1132 ne

167 1151 285 1221 quod
311 1152 515 1210 alendis
544 1155 798 1213 collatum
843 1170 926 1216 est
953 1164 1304 1232 pauperibus,
1334 1163 1449 1218 sive
1473 1171 1728 1223 sacerdo-

1838 429 1990 484 teste,
2039 435 2316 490 nunquam
2370 418 2490 476 illos
2540 419 2758 485 defore,
2811 421 2853 477 si
2904 421 3008 478 illis
3045 422 3296 478 credulus
3331 439 3426 479 vo-

1835 510 2001 565 lueris
2031 526 2170 568 esse.
2209 510 2338 566 Vide
2371 527 2436 567 ne
2479 528 2600 567 cum
2652 513 2702 566 in
2740 513 2953 578 edictis,
3003 514 3265 585 epistolis,
3313 514 3428 570 sive

1834 603 2068 657 decretis
2098 604 2279 660 vocari
2311 604 2518 658 ainbias
2549 605 2702 674 pius,
2738 606 2788 660 in
2838 605 2997 661 factis
3035 622 3297 678 appareas
3327 607 3428 661 im-

1833 694 1983 764 pius;
2025 705 2079 748 et
2108 703 2168 749 ut
2197 694 2398 764 aliquid
2432 696 2498 749 de
2545 695 2898 753 saecularibus
2928 698 3102 753 adhuc
3133 700 3430 756 audeamus

1837 794 2058 857 tangere
2096 802 2112 840 :
2147 783 2448 852 Erubesce,
2483 785 2652 842 Sidon
2705 805 2717 841 :
2764 789 2836 842 ait
2882 791 3020 843 enim
3078 807 3222 844 mare
3270 788 3428 862 (lsat'.

1836 896 1993 944 χχιιι,
2028 879 2102 949 4).
2137 879 2521 934 Animadverte
2553 881 2716 935 etiam
2744 922 2760 948 ,
2792 898 2944 954 rogo,
2977 883 3104 953 quid
3145 893 3304 953 poeta
3333 879 3432 940 tibi

1835 969 1999 1036 dicat,
2050 970 2300 1040 inquiens
2353 971 2405 1024 in
2457 981 2684 1042 satyra:

1959 1081 2253 1143 Exspectata
2277 1083 2357 1132 diu
2380 1083 2576 1132 tandem
2607 1084 2849 1143 provincia
2875 1098 2983 1134 cum
3013 1091 3064 1134 te

1959 1145 2220 1195 lter-torem
2246 1149 2520 1206 acciperet,
2552 1158 2678 1206 pone
2715 1149 2799 1194 tne
2823 1147 2984 1208 frena,
3007 1147 3304 1208 modumque

187 1209 283 1272 'mm
321 1209 598 1272 “and,”
632 1209 1304 1272 ’;:L':_:'_'Afjl"ff"'""
1335 1209 1378 1218 "'
1396 1209 1449 1218 ’ν
1473 1209 1697 1223 ""“W
1960 1209 2097 1258 Pone
2124 1217 2176 1258 et
2199 1209 2434 1268 avaritiae,
2464 1209 2707 1258 miserere
2731 1213 2928 1272 inopum
2956 1219 3006 1260 et
3032 1213 3288 1260 sociorum.

166 1244 286 1299 tibus
321 1247 620 1313 pascendis,
654 1251 861 1306 tribuas
893 1254 1137 1310 canibus.

220 1334 297 1390 35.
325 1335 467 1393 luter
499 1340 660 1412 138
686 1342 803 1399 lucc
834 1361 1055 1402 uxorem
1085 1349 1264 1416 dilige,
1300 1354 1726 1410 concubinarum
1769 1360 1772 1364 ’

166 1428 406 1485 consortia
456 1430 602 1502 fuge.
650 1433 789 1490 Usus
816 1438 1036 1505 quidem
1087 1441 1288 1511 prioris
1334 1445 1430 1499 aevi
1483 1446 1582 1501 iste
1631 1447 1730 1502 fuit

1837 1340 2160 1404 sociorum,
2223 1339 2444 1407 inquit,
2499 1354 2605 1394 non
2675 1355 3002 1404 servorum,
3079 1355 3184 1393 non
3251 1335 3435 1408 subje-

1834 1439 2044 1484 ctorum
2105 1447 2116 1482 :
2178 1426 2370 1482 Omnes
2415 1428 2560 1483 enim
2611 1428 2662 1482 in
2706 1427 2935 1493 Christo,
2984 1429 3277 1484 secundum
3301 1427 3438 1498 Apo-

165 1531 245 1586 pro
280 1520 544 1589 paucitate
574 1524 890 1593 hominum;
922 1530 1014 1584 sed
1061 1532 1344 1589 deﬁciente
1383 1540 1725 1600 "coagulum,
1836 1521 2056 1585 stolum,
2103 1535 2264 1572 unum
2303 1535 2484 1574 sunms
2530 1517 2706 1588 (Rom.
2762 1535 2836 1573 xu
2868 1560 2881 1585 ,
2928 1519 3004 1588 5).
3059 1517 3164 1574 Sed
3207 1517 3436 1578 studebo

168 1610 299 1666 debet
326 1629 537 1684 quoque
563 1625 616 1671 et
665 1619 807 1688 quod
848 1633 1069 1692 propter
1117 1629 1496 1684 nm-essimtem
1530 1631 1724 1698 πρίων,
1827 1625 1940 1696 jam
1995 1626 2045 1671 te
2090 1616 2421 1686 relinquere,
2462 1631 2532 1671 ne
2575 1615 2802 1686 alicujus
2850 1615 3038 1670 videar
3086 1615 3223 1670 velle
3256 1609 3438 1671 mores

169 1718 382 1770 cessare;
426 1709 729 1776 pmsertim
775 1727 898 1767 cum
941 1716 1176 1772 sciamus
1225 1735 1422 1774 novum
1457 1721 1730 1777 hominem
1766 1711 1809 1770 Β
1839 1725 2081 1780 carpere.
2117 1708 2290 1763 Simul
2316 1709 2477 1764 etiam
2507 1707 2589 1764 vel
2636 1723 2758 1764 sero
2786 1709 2955 1763 debeo
2987 1708 3323 1776 meminisse,
3350 1720 3440 1763 me

169 1811 281 1850 nova
316 1809 581 1870 praecepta
612 1802 826 1859 dedisse
857 1805 1041 1874 (Joan.
1073 1825 1192 1874 xm,
1226 1810 1339 1881 54).
1381 1811 1654 1869 Ministros
1680 1823 1736 1868 ct
1840 1816 2027 1863 contra
2062 1805 2259 1860 flumen
2294 1822 2398 1862 non
2431 1807 2630 1861 debere
2660 1815 2867 1860 natare.

171 1887 471 1946 consiliarios
509 1893 608 1948 tibi
642 1894 779 1951 tales
808 1897 965 1967 elige,
995 1901 1083 1968 qui
1115 1917 1222 1956 non
1257 1911 1368 1967 tua,
1402 1905 1494 1959 sed
1525 1914 1578 1960 te
1608 1923 1732 1976 pro-
1912 1901 2000 1956 55.
2052 1901 2257 1972 Regina
2311 1900 2406 1955 es?
2455 1908 2652 1970 prmter
2697 1897 2833 1954 alias
2885 1898 3222 1962 innumeras,
3269 1892 3442 1948 "Nlla

172 1976 338 2033 bentur
379 1980 639 2053 diligere;
680 2000 778 2041 nec
820 1993 1030 2043 tantum
1080 1992 1381 2063 morigeros
1409 2035 1423 2060 ,
1471 2005 1734 2065 quantum
1840 1997 2003 2050 etiam
2054 2009 2173 2063 qum
2218 2003 2272 2048 et
2328 1993 2423 2048 tibi
2465 1992 2577 2062 jam
2628 1992 2876 2067 superius
2906 1991 3080 2062 posita
3126 1990 3444 2058 competunt

173 2069 363 2137 amicos,
390 2072 442 2127 id
469 2083 558 2129 est
584 2076 781 2132 animae
815 2081 1089 2146 custodes,
1125 2085 1216 2153 qui
1247 2094 1298 2138 te
1326 2086 1531 2142 scilicet
1558 2088 1733 2143 corri-
1841 2090 2185 2150 documenta,
2240 2087 2410 2141 babes
2463 2101 2596 2155 quas
2625 2085 2856 2139 imiteris
2877 2126 2890 2148 ,
2930 2083 3188 2139 Helenam
3233 2077 3442 2134 scilicet

172 2161 362 2231 piantiu
388 2166 765 2224 misericordia
797 2178 851 2227 et
881 2171 1182 2244 increpent,
1211 2190 1384 2245 neque
1414 2177 1531 2233 oleo
1560 2177 1734 2231 noxia:
1844 2179 2180 2235 Constantini
2216 2187 2336 2249 post
2383 2176 2607 2232 Mariam
2638 2175 2837 2232 Christi
2864 2219 2877 2243 ,
2929 2173 3312 2244 Radegnndem
3349 2181 3440 2223 re-

175 2253 241 2307 vel
295 2259 582 2316 mortiferae
635 2263 964 2320 adulationis
1013 2276 1176 2337 caput
1207 2309 1221 2332 ,
1279 2268 1332 2322 id
1380 2277 1463 2323 est
1500 2279 1732 2325 mentem
1844 2274 2023 2344 ginam
2081 2273 2281 2342 pariter
2309 2279 2362 2325 et
2405 2270 2692 2339 virginem,
2743 2267 3024 2325 Clotildem
3066 2261 3339 2324 Clodovei,
3387 2266 3442 2314 et

175 2351 317 2411 tuam,
345 2349 707 2407 demulceant.
733 2354 877 2412 Cave
898 2357 1063 2412 etiam
1095 2359 1396 2414 delatorum
1427 2360 1690 2416 fallaciam
1718 2380 1731 2416 :
1842 2367 2119 2422 Placillatn
2163 2364 2472 2421 Theodosii.
2508 2363 2616 2418 Has
2646 2363 2689 2420 si
2733 2362 2971 2422 volueris
3014 2358 3235 2420 imitari.
3265 2367 3319 2412 et
3351 2353 3442 2410 hic

175 2450 409 2498 memento
433 2440 652 2500 illorum
681 2446 869 2504 fraude
906 2452 1198 2508 multorum
1225 2451 1338 2521 jam
1368 2455 1732 2510 innocentiam
1845 2466 2056 2526 sceptra
2108 2456 2338 2511 feliciter
2370 2454 2522 2526 regni
2553 2455 2838 2524 prznscntis
2861 2495 2875 2517 ,
2921 2461 2974 2508 et
3017 2449 3125 2506 illic
3145 2492 3159 2515 ,
3190 2447 3278 2503 ubi
3327 2444 3438 2516 jam

175 2527 313 2588 fuisse
339 2539 740 2608 praescriptam,
780 2557 810 2597 e
859 2544 1058 2612 quibus
1087 2555 1142 2600 ut
1179 2546 1259 2601 vel
1293 2561 1457 2601 unum
1507 2547 1734 2618 periculi
1847 2548 1948 2603 illm
1982 2555 2394 2618 prmccsserunt,
2445 2545 2491 2601 si
2521 2553 2701 2600 tamen
2751 2545 2902 2616 sequi
2953 2560 3058 2599 non
3109 2536 3440 2610 dedigneris,

173 2635 309 2679 causa
357 2642 696 2700 memorem,
742 2636 886 2692 scias
927 2637 1128 2710 Joseph
1177 2656 1452 2696 carcerem
1505 2642 1738 2699 subiisse
1843 2639 2159 2695 felicissime
2226 2638 2475 2693 obtinere
2527 2637 2749 2708 prtemia
2780 2635 2983 2692 valebis
3006 2634 3155 2706 regni
3182 2628 3441 2687 caelestis.

429 2742 603 2828 Quem
651 2748 904 2828 (scilicet
934 2752 1410 2828 dispensatorem)
1467 2757 1607 2812 scias
1654 2775 1734 2812 ess

178 2809 444 2895 [ludiﬁcem
495 2809 735 2895 Domino
791 2809 1036 2888 docente:
1075 2809 1406 2895 patronttin,’
1442 2809 1734 2882 nonqmini

173 2885 341 2947 “Tum;
364 2900 512 2955 quem
544 2891 788 2946 eumdem
817 2885 1114 2964 pontiﬁcem
1142 2913 1282 2963 esse,
1312 2885 1454 2967 potes
1485 2900 1738 2967 invenire,

1846 2761 1892 2815 si
1956 2759 2123 2830 legis,
2183 2759 2352 2831 ipsum
2420 2773 2623 2829 quoque
2686 2755 2970 2811 Dominum
3022 2752 3218 2806 dixisse
3263 2749 3316 2804 in
3368 2744 3444 2801 E-

1845 2832 2104 2898 vangeHo.

1919 2901 2070 2973 (9.59)
2112 2901 2288 2974 Vulg.,
2313 2915 2600 2973 perperam
2633 2898 2868 2954 Domini.

182 3050 2869 3086 mm

1011 3219 1481 3312 INCIPIT
1552 3221 1916 3316 LIBER
1991 3205 2570 3344 QUINTUS.

223 3508 388 3577 Mirari
413 3519 560 3579 forte
605 3523 843 3596 aliquem
871 3526 1175 3600 contingat,
1219 3544 1347 3585 cum
1397 3531 1619 3603 tricipiti
1645 3549 1742 3591 vo-
1767 3535 1813 3600 C
1847 3533 1938 3606 [f.,
1971 3533 2227 3606 perferet]
2253 3531 2573 3604 periculum,
2605 3545 2672 3586 ex
2717 3544 2828 3601 quo
2854 3527 3200 3584 Gubernator
3225 3525 3440 3584 cuncti-

171 3607 399 3668 luminum
434 3614 599 3673 lintre
630 3618 918 3691 contiguos
959 3623 1406 3693 pr0posuerimus
1437 3634 1600 3680 aestus
1625 3633 1744 3680 ten-
1846 3635 2040 3702 potens
2074 3624 2317 3681 omnium
2345 3622 2603 3679 carabum
2628 3621 2820 3678 liberet
2843 3629 3086 3678 nostrum
3116 3637 3129 3674 :
3154 3619 3296 3675 unde
3320 3618 3439 3690 plu-

172 3710 266 3759 tare
292 3705 430 3780 (260)
454 3726 563 3780 qua
592 3711 664 3766 de
693 3728 756 3768 re
785 3721 898 3769 tam
929 3717 1168 3773 enormis
1201 3718 1253 3773 in
1285 3718 1408 3783 isto,
1441 3734 1601 3790 quem
1629 3719 1744 3776 Deo
1847 3719 2016 3776 rimos
2039 3761 2055 3785 ,
2103 3719 2232 3774 dum
2277 3715 2551 3788 placidum
2609 3713 2787 3772 adhuc
2837 3711 3106 3770 modicum
3153 3712 3283 3783 quid
3330 3717 3442 3767 stat

173 3806 375 3873 donante
406 3805 900 3874 transnatavimus,
947 3808 1108 3881 139
1132 3811 1477 3881 granditatis,
1510 3813 1745 3869 subieri-
1844 3827 2016 3876 mare,
2063 3811 2390 3867 advocantes
2433 3808 2632 3875 socios,
2684 3821 3009 3880 precemur,
3060 3812 3120 3860 ut
3172 3805 3443 3876 accipiant

170 3902 270 3944 mus
308 3895 588 3964 carabum,
623 3895 866 3968 impares
905 3900 989 3957 vel
1034 3903 1099 3957 de
1127 3904 1338 3959 caeteris
1379 3903 1578 3960 finibus
1606 3921 1740 3961 con-
1845 3903 1900 3958 in
1947 3903 2187 3960 modicos
2232 3901 2320 3976 [[2,
2348 3899 2689 3973 immodicos]
2720 3901 3030 3970 ducantque
3075 3911 3178 3969 per
3223 3907 3443 3968 aequora

171 3979 390 4057 cedentes
423 3987 672 4042 carinas.
722 3986 829 4044 Sed
879 3991 1093 4046 noverit
1117 4001 1313 4062 praeter
1357 3994 1618 4065 temporis
1662 3995 1744 4051 in-
1845 4012 2047 4064 remos,
2097 3998 2260 4052 citius
2288 4004 2471 4069 optata
2500 4004 2560 4050 ut
2591 4003 2779 4067 tangat
2824 3994 3008 4050 littora
3059 3991 3213 4056 ratis,
3257 3988 3446 4046 morti-

170 4076 546 4144 congruentiam
569 4120 585 4144 ,
631 4078 801 4134 etiam
845 4095 1102 4138 aurarum
1134 4085 1370 4140 maxime
1405 4085 1459 4140 id
1488 4094 1740 4158 expostu-
1846 4087 1948 4142 bus
1992 4096 2302 4158 exemptum
2335 4087 2542 4143 nostris
2586 4085 2958 4158 spectantibus
3009 4084 3287 4139 nauticum
3321 4079 3444 4136 red-

169 4163 286 4222 lasse
315 4169 826 4242 inconsonantiam;
859 4175 984 4231 dum
1014 4191 1120 4232 non
1145 4193 1312 4233 unum
1333 4185 1427 4233 aut
1453 4178 1589 4234 duos
1623 4189 1744 4235 tan—
1844 4180 1978 4235 deus
2007 4181 2217 4235 amicis.
2244 4180 2340 4235 Eia
2369 4180 2630 4250 igiturtet
2653 4195 2854 4236 novum
2877 4179 2945 4234 da
2968 4177 3129 4242 Deus,
3155 4175 3439 4241 auxilium,

171 4262 436 4330 tummodo,
484 4267 582 4323 sed
641 4266 964 4339 perplures,
1015 4271 1108 4341 qui
1155 4270 1403 4328 infractis
1428 4273 1743 4329 cautissime
1845 4284 2005 4343 atque
2061 4273 2252 4330 animis
2321 4273 2545 4330 illabere
2603 4272 2828 4329 nostris”
2866 4270 2946 4346 [id
2992 4281 3067 4326 est
3122 4277 3390 4340 praestans
3421 4307 3440 4336 ,

170 4354 394 4436 scopulis
429 4369 646 4415 rectam
695 4375 794 4432 per
828 4377 1048 4433 aequora
1097 4363 1429 4422 deducerent
1475 4368 1695 4439 puppim
1725 4407 1740 4435 ,
1845 4383 1934 4434 ne,
1968 4365 2100 4440 etc.]
2129 4382 2194 4422 ue
2225 4383 2255 4422 a
2286 4373 2340 4422 te
2368 4367 2422 4422 in
2455 4366 2637 4438 aliquo
2663 4365 2845 4423 deviet
2882 4363 3056 4421 nostri
3105 4361 3260 4419 callis
3303 4375 3443 4434 prte-

171 4459 240 4501 res
262 4448 570 4522 depoposcit
606 4455 918 4512 naucleros.
945 4455 1082 4512 Nam
1107 4457 1234 4515 dum
1259 4460 1522 4529 gauderet
1552 4461 1742 4532 pelago
1846 4469 1996 4516 stans
2017 4459 2306 4516 sermonis.

171 4539 335 4610 sejam
377 4557 696 4618 exemptam
742 4550 913 4605 nostri
961 4551 1148 4608 carina
1199 4553 1488 4619 sermonis,
1519 4553 1744 4610 brachia
1914 4551 1970 4606 2.
2006 4551 2303 4621 Episcopus
2331 4551 2427 4607 es?
2467 4549 2674 4607 Nomen
2723 4549 2924 4622 ipsum,
2975 4563 3145 4622 rogo,
3180 4557 3232 4605 te
3259 4549 3444 4604 admo-

172 4643 354 4689 rursum
381 4635 716 4710 ﬂuctifragis
745 4641 1043 4697 concedere
1070 4643 1238 4699 remis
1278 4645 1525 4713 proxima
1556 4660 1744 4702 mone-
1846 4655 1976 4701 neat
2003 4687 2017 4710 ,
2066 4643 2300 4700 ollicium
2354 4643 2579 4712 doceat;
2645 4643 2878 4717 dignitas
2931 4651 3079 4699 tanta
3129 4640 3441 4703 conveniat,

172 4717 597 4800 batharybdis.
650 4731 801 4788 Adeo
828 4732 916 4789 bis
953 4742 1124 4791 totqu
1161 4735 1568 4792 calamitatibus
1606 4751 1743 4808 opus
1849 4737 2067 4808 antiqua
2115 4736 2410 4808 perpende,
2463 4736 2754 4808 praesentia
2819 4749 3101 4806 compone.
3150 4731 3444 4789 Considera

172 4816 348 4874 exstitit
374 4823 789 4893 tempestivum,
817 4834 875 4880 ut
902 4827 1100 4884 mirum
1144 4843 1250 4884 non
1280 4827 1570 4900 pertulisse
1598 4846 1741 4886 nau-
1846 4847 2007 4902 quam
2060 4830 2231 4886 altum
2284 4829 2427 4901 quod
2473 4839 2654 4902 gestas
2711 4827 3055 4893 vocabulum,
3104 4840 3266 4898 quam
3320 4837 3444 4879 san-

174 4903 394 4978 iraginm,
437 4915 535 4970 sed
579 4916 764 4986 potius
785 4918 1027 4974 evasisse
1066 4920 1248 4975 vivum
1297 4920 1364 4992 (si
1393 4928 1573 4976 tamen
1620 4937 1742 4993 per-
1773 4906 1822 4967 ί)
1849 4932 2016 4990 ctum,
2068 4939 2233 4995 quam
2291 4924 2363 4979 sit
2409 4931 2707 4980 vetustum.
2739 4922 2974 4979 Attende
3013 4928 3168 4975 tuum
3208 4917 3260 4970 in
3313 4912 3448 4971 Abel

175 5005 404 5080 evaserit)
450 5017 708 5064 nostrum
765 5012 927 5079 nobis
953 5013 1205 5070 videatur
1229 5014 1572 5070 nauclerum.
1636 5015 1742 5073 Sed
1849 5013 2181 5070 sacrificium
2244 5023 2527 5087 acceptum
2580 5013 2733 5086 (Gen.
2765 5030 2842 5080 Iv,
2872 5011 2971 5084 4),
3022 5007 3346 5066 munditiam
3393 5003 3449 5060 in

177 5097 521 5165 aggrediamur
547 5099 662 5170 jam
685 5143 699 5168 ,
748 5101 969 5159 Christo
993 5107 1232 5178 auspice,
1277 5116 1330 5164 et
1357 5107 1486 5164 hinc
1511 5113 1746 5182 mqnoris
1849 5103 2034 5161 Elloch
2070 5112 2217 5164 tuam
2247 5107 2566 5163 translatam
2596 5104 2753 5178 (Gen.
2783 5119 2837 5170 v,
2868 5102 2984 5172 ‘24),
3020 5104 3152 5158 tein
3184 5097 3449 5168 NOGPW‘

180 5192 358 5246 tametsi
420 5194 784 5267 inaequalem,
851 5197 1129 5257 enimvero
1204 5216 1304 5259 nec
1375 5205 1744 5271 permodicum
1849 5206 1972 5268 pter
2001 5196 2271 5268 justitiam
2303 5205 2645 5257 reservatum
2693 5198 2847 5270 (Gen.
2898 5208 2975 5256 Vt,
3006 5190 3088 5262 8).
3143 5189 3453 5249 Areamin-

178 5277 340 5338 sinum.
399 5285 657 5344 Forsitan
726 5290 874 5345 enim
942 5299 996 5344 et
1059 5293 1148 5349 hic
1225 5291 1447 5366 aliquod
1521 5299 1745 5366 pertulit,
1851 5290 2030 5365 tellige
2058 5290 2359 5352 Ecclesiam
2389 5288 2713 5363 (Ibid.,u),
2741 5281 3037 5342 animantia
3068 5281 3457 5355 (26l)diverse
