4018 5406
505 306 604 367 287

1458 298 1785 361 RATHERII
1820 295 2034 362 EPISC.
2078 302 2332 399 YERON.
2373 303 2524 363 OPP.
2570 301 2751 363 PARS
2786 306 2826 361 l.

3678 307 3780 365 288

502 426 763 482 distincta
795 420 1081 478 affectibus
1105 421 1386 477 hominum
1417 436 1618 492 genera
1648 420 1801 493 (Gen.
1827 436 1943 487 xix,
1967 420 2086 493 ‘22),
2115 421 2166 484 Α
2196 421 2299 478 ista
2322 422 2427 478 duo
2456 431 2763 494 congruunt
2789 420 2966 476 ordini
3001 420 3256 490 maxime,
3286 436 3451 492 quam
3481 423 3782 493 pontiﬁcali

505 516 766 574 diluvium
807 514 1066 569 mundum
1102 510 1255 583 (Gen.
1302 528 1401 579 vn,
1433 511 1514 583 Ἰ),
1563 521 1616 566 et
1659 511 1854 584 evigila
1898 522 2091 568 contra

503 607 867 681 naufragium.
893 605 952 661 Si
993 604 1208 676 quando
1233 603 1391 659 datur
1417 603 1781 676 tranquillitas
1806 644 1823 670 ,
1866 618 1996 660 cave
2025 617 2093 659 ne

504 701 763 772 subrepat
784 699 1039 756 ebrietas.
1071 696 1353 769 Perpende
1397 695 1793 753 Melchisedech
1834 697 2095 756 obtulisse

503 807 700 865 panem
730 792 990 871 et‘vinum
1015 789 1171 863 (Gen.
1197 804 1307 856 xtv,
1342 788 1457 861 18),
1487 796 1543 844 et
1566 788 1749 860 regale
1779 796 1931 844 tuum
1961 788 2096 861 figu-

510 900 661 941 rassc
688 883 1073 941 sacerdotium.
1104 881 1379 938 Abraham
1418 880 1524 938 ﬁde
1560 879 1715 954 (Gen.
1743 896 1833 947 xv,
1881 879 1961 954 6),
1989 897 2096 952 qua

511 979 667 1044 vivis,
696 978 742 1034 si
774 986 954 1032 tamen
994 975 1139 1047 juste
1176 976 1335 1043 vivis,
1376 974 1614 1046 placuit;
1645 983 1701 1031 et
1731 975 2007 1042 sacerdos,
2038 982 2099 1031 ut

513 1080 572 1127 tu
603 1085 840 1143 quoque,
893 1070 940 1125 si
995 1078 1178 1126 tamen
1212 1084 1274 1127 es
1311 1070 1458 1141 quod
1504 1068 1725 1137 diceris,
1777 1068 1896 1125 fuit.
1947 1069 2099 1125 Isaae

510 1177 633 1219 cum
666 1161 912 1217 Rebecca
945 1161 1077 1232 quid
1116 1161 1223 1217 nisi
1266 1160 1531 1217 Dominus
1553 1169 1608 1218 et
1631 1159 2094 1233 Ecclesia?(Gen.

507 1271 655 1322 xxiv,
690 1254 805 1329 67.)
848 1256 1091 1328 Denique
1130 1264 1185 1312 et
1221 1257 1335 1327 ipse
1357 1264 1646 1327 postquam
1672 1255 1902 1328 estquia
1930 1254 2101 1312 voluit

508 1347 744 1413 oblatus,
775 1348 1024 1403 victimas
1054 1362 1196 1420 saepe
1221 1347 1443 1412 obtulit,
1474 1362 1691 1419 gregem
1714 1349 1879 1419 pavit,
1908 1357 2099 1419 puteos

508 1436 665 1505 fodit,
682 1454 819 1510 quos
842 1438 1126 1511 allophylis
1164 1439 1515 1509 implentibus
1526 1439 1660 1496 alios
1675 1456 1890 1496 rursum
1915 1439 2101 1498 fodere

508 1546 616 1589 non
631 1531 860 1598 distulit,
875 1529 974 1588 sibi
993 1530 1263 1595 laborans,
1282 1539 1334 1587 te
1350 1532 1645 1600 instruens,
1659 1541 1718 1587 ut
1730 1532 1961 1589 victimis
1972 1531 2102 1589 assi-

506 1624 707 1693 duis,id
720 1633 825 1692 est,
842 1624 1257 1681 mortilicatione
1269 1624 1451 1680 carnis
1463 1632 1517 1678 et
1531 1624 1858 1681 contritione
1895 1627 2096 1694 cordis,

506 1719 735 1776 Domino
764 1717 875 1775 Deo
904 1726 956 1773 te
985 1718 1157 1789 ipsum
1180 1716 1420 1791 quotidie
1448 1717 1502 1772 in
1530 1734 1624 1773 ara
1661 1717 1860 1775 mentis
1883 1716 2095 1777 offeras.

2198 514 2549 571 excellentiae.
2602 513 2800 585 Joseph
2827 528 2958 569 vero
2978 514 3168 569 tunica
3216 513 3401 569 talaris
3439 523 3496 570 et
3538 514 3781 584 polimita

2199 606 2329 678 quid
2361 606 2465 662 nisi
2513 606 2588 661 tui
2638 605 2924 662 sacerdotii
2957 605 3205 677 designat
3233 606 3500 679 insignia?
3541 605 3644 663 Job
3689 623 3785 678 pro

2200 701 2327 756 ﬁliis
2351 709 2544 757 octavo
2567 700 2654 756 die
2698 698 3026 756 sacriﬁcium
3053 697 3312 766 offerens,
3342 699 3536 770 eisque
3561 699 3785 755 benedi-

2201 790 2373 847 cendo
2406 789 2753 848 sanctilicans
2781 788 2940 846 dictis
2964 798 3022 846 et
3048 789 3223 854 factis,
3255 803 3416 861 quem
3443 788 3787 860 potissimum

2202 898 2365 954 quam
2392 892 2443 940 te
2481 882 2736 939 instruit?
2775 880 2989 955 Moyses
3016 897 3148 939 vero
3183 881 3298 953 ipse
3325 895 3466 952 pene
3490 888 3637 937 totus
3663 889 3789 938 tuus

2204 961 2447 1034 noscitur
2479 991 2616 1033 esse.
2661 975 2807 1032 Nihil
2854 976 3000 1033 enim
3046 976 3101 1032 in
3132 974 3314 1032 verbis
3346 974 3625 1047 gestisque
3669 973 3791 1045 ejus

2203 1069 2451 1126 invenire
2494 1070 2723 1141 poteris,
2773 1069 2937 1140 quod,
2985 1069 3032 1126 si
3074 1068 3215 1125 bene
3245 1066 3535 1138 intelligas,
3584 1075 3678 1123 aut
3721 1066 3791 1124 ad

2205 1163 2445 1221 litteram
2490 1172 2582 1220 aut
2621 1164 2687 1220 ad
2719 1179 2937 1222 sensum
2984 1180 3095 1222 non
3141 1163 3344 1220 imitari
3382 1161 3616 1235 cogaris.
3651 1160 3793 1229 Quid

2206 1257 2273 1314 de
2307 1258 2487 1315 Aaron
2527 1258 2750 1328 ejusque
2775 1256 2923 1325 ﬁliis,
2967 1255 3153 1326 Josue,
3185 1256 3439 1322 Samson,
3480 1262 3645 1325 atque
3669 1268 3791 1310 om-

2207 1349 2367 1406 nibus
2400 1349 2564 1407 Israel
2588 1350 2881 1421 judieibus,
2914 1348 3168 1406 Samuele
3209 1362 3428 1420 quoque
3466 1346 3561 1403 illo
3589 1345 3797 1402 oratio-

2208 1443 2368 1499 nibus
2396 1443 2701 1514 impetrato,
2746 1443 2799 1498 in
2850 1442 3047 1513 templo
3067 1443 3234 1499 etiam
3262 1440 3488 1503 nutrito,
3512 1439 3815 1496 omnibus-'

2209 1549 2315 1605 que
2343 1534 2725 1592 ecclesiasticas
2771 1533 3064 1591 funetionis
3104 1531 3306 1607 insulis,
3339 1526 3620 1603 insignito,
3668 1524 3821 1587 cum'

2210 1636 2361 1684 actus
2391 1642 2656 1699 personae,
2686 1627 2800 1698 ipsa
2838 1626 3003 1681 etiam
3031 1623 3329 1694 olliciorum
3356 1622 3648 1688 vocabula,
3677 1629 3798 1678 tuos

2210 1704 2412 1787 mores,
2465 1731 2561 1787 tua
2587 1720 2733 1791 jura,
2786 1720 2865 1776 tui
2912 1718 3202 1777 sacerdotii
3236 1717 3554 1789 praedicent,
3591 1715 3797 1771 instru-

510 1811 887 1868 Sacerdotium
926 1820 1079 1867 tuum
1123 1812 1224 1883 ipsi
1270 1827 1300 1867 a
1344 1828 1451 1883 quo
1479 1812 1609 1870 illud
1657 1814 1914 1884 accepisti
1946 1829 2098 1869 com-
2127 1802 2178 1865 Β
2206 1824 2320 1879 ant,
2352 1822 2406 1870 et
2437 1811 2675 1884 pandant
2700 1811 2969 1883 insignia?
2997 1809 3293 1867 Veniamus
3332 1808 3399 1864 ad
3444 1807 3618 1863 David
3646 1805 3799 1860 illum

508 1905 732 1961 mendes
766 1902 948 1979 15.0,
977 1913 1172 1976 puteos
1218 1903 1476 1971 ell‘odias,
1529 1905 1633 1961 hoc
1673 1915 1760 1961 est
1808 1904 2104 1976 Scripturae

507 1996 690 2052 abdita
723 1997 791 2051 ab
821 1995 947 2052 imis
991 1996 1376 2070 mysteriorum
1421 1997 1660 2053 educens
1688 2038 1702 2063 ,
1747 1996 2105 2055 rationalibus

506 2089 703 2145 ovibus
725 2073 922 2145 offeras
955 2090 1095 2153 tuis,
1128 2104 1196 2144 ne
1238 2089 1559 2160 ignorantim
1598 2103 1693 2144 eas
1736 2100 1926 2145 enecet
1960 2089 2100 2145 sitis.

505 2180 675 2237 Jacob
704 2190 867 2252 caput
893 2182 947 2236 in
979 2180 1159 2252 lapide
1194 2196 1423 2252 ponens,
1456 2182 1816 2253 eamdemque
1861 2181 1979 2238 fuso
2005 2183 2101 2238 de-

506 2260 670 2347 super
717 2275 839 2331 oleo
888 2275 941 2331 in
985 2273 1200 2330 titulum
1256 2275 1476 2346 erigens
1526 2273 1680 2347 (Gen.
1720 2292 1887 2331 xxvtu
1917 2317 1930 2341 ,
1988 2276 2100 2348 l8),

508 2385 687 2425 nonne
724 2370 821 2425 tibi
861 2367 1270 2426 evidentissime
1300 2369 1476 2443 (262),
1527 2371 1735 2441 pandit,
1762 2387 1925 2442 super
1947 2370 2104 2427 Citrio

508 2470 652 2519 stum
711 2470 875 2534 caput
926 2454 1175 2528 mentis',
1212 2477 1338 2518 cum
1385 2478 1416 2517 a
1469 2462 1819 2537 smcularibus
1861 2463 2104 2519 vacando

508 2554 774 2612 dormitas
824 2555 973 2610 curis
1030 2553 1116 2610 vel
1171 2554 1383 2611 actibus
1448 2568 1546 2625 per
1592 2553 2102 2625 contemplationem

509 2645 710 2701 debere
738 2659 958 2715 ponere,
1004 2654 1066 2699 ut
1093 2643 1407 2715 angelorum
1434 2660 1719 2702 ascensum
1756 2645 2105 2703 descensum-

508 2750 618 2807 que
666 2735 929 2791 merearis
982 2736 1339 2806 conspicere,
1374 2736 1579 2803 idest,
1627 2739 1717 2795 ubi
1764 2754 1885 2796 sese
1921 2740 2104 2798 divina

510 2825 680 2883 caelos
730 2842 896 2900 super
940 2826 1191 2884 attollant
1237 2828 1448 2900 eloquia
1493 2848 1507 2885 :
1544 2830 1636 2886 ubi
1682 2846 1813 2888 vero
1858 2833 2011 2889 vobis
2040 2832 2101 2907 [ι.

508 2916 690 2991 nobis]
734 2933 843 2990 quo
881 2927 1158 2989 utcunque
1198 2919 1319 2990 capi
1349 2919 1556 2991 possint
1599 2920 2102 2989 condescendendo,

511 3010 666 3082 quasi
703 3009 770 3067 ad
809 3019 1057 3067 nostrum
1088 3014 1443 3078 concordent,
1469 3014 1694 3070 humilia
1721 3014 1920 3072 debere
1949 3016 2108 3072 intel-

509 3107 682 3181 ligere
707 3149 721 3175 ,
773 3109 944 3180 ipsam
984 3108 1218 3179 denique
1257 3115 1467 3181 petram
1490 3108 1609 3166 oleo
1637 3109 2024 3166 misericordiae
2051 3119 2106 3166 et

510 3172 904 3275 compassionis
950 3201 1207 3275 fraterna:
1254 3172 1668 3274 superfundere,
1716 3203 1859 3274 quod
1914 3214 1997 3260 est
2043 3172 2176 3259 ulc

513 3305 732 3361 semper
757 3293 1135 3364 superexaltes
1159 3292 1588 3350 misericordiam
1607 3293 1812 3366 judicio
1833 3292 1976 3367 (Iac.
2018 3310 2057 3351 ιι
2082 3335 2098 3361 ,

513 3381 629 3453 13),
670 3392 730 3440 ut
767 3384 1013 3440 eamdem
1042 3394 1099 3442 et
1143 3386 1260 3457 ipse
1308 3387 1571 3459 consequi
1621 3387 1884 3446 merearis
1918 3404 1949 3444 a
1999 3389 2106 3447 Do-

516 3471 684 3539 mino,
736 3472 1021 3546 ipsumque
1070 3474 1347 3531 Christum
1380 3486 1598 3533 actuum
1653 3487 1868 3534 tuorum
1916 3481 2102 3549 caput,

513 3563 694 3631 idest,
739 3565 953 3622 initium
981 3575 1038 3623 et
1081 3567 1265 3633 ﬁnem,
1289 3576 1345 3623 et
1377 3568 1544 3625 totius
1582 3569 1767 3642 gloriae
1795 3578 1901 3627 tuae
1929 3586 2101 3642 spem,
2140 3563 2146 3567 ’

500 3671 798 3724 coronam,
824 3657 1061 3727 titulum,
1085 3670 1141 3716 et
1160 3659 1329 3715 veluti
1354 3660 1635 3732 cujusdam
1665 3675 1829 3733 super
1854 3676 2102 3734 aggeres,

517 3749 691 3807 sibilis
736 3749 827 3823 [f.,
859 3750 1077 3825 nobilis]
1108 3752 1252 3809 arcis
1302 3766 1423 3809 esse
1451 3753 1650 3809 debere
1702 3753 1912 3826 insigne
1937 3796 1952 3822 ,
1998 3755 2105 3812 hoc

514 3852 620 3912 est,
650 3852 712 3900 ut
737 3843 952 3901 sobrius
1000 3860 1226 3901 manens
1266 3844 1556 3912 fratribus,
1587 3854 1770 3902 mente
1797 3855 1982 3903 autent
2005 3862 2101 3904 ex-

518 3936 717 3994 cedens
748 3937 880 4005 Deo,
920 3937 965 3994 si
994 3938 1122 4009 quid
1159 3938 1450 4010 gloriaris,
1496 3939 1551 3994 in
1581 3940 1813 3996 Domino
1854 3941 2106 4010 glorieris

519 4026 572 4100 (I
600 4026 725 4083 Cor.
763 4043 804 4093 ι,
835 4027 952 4101 51).
995 4027 1237 4100 Denique
1264 4027 1431 4086 Jacob
1461 4028 1688 4085 fratrem
1718 4030 2102 4102 supplantavit,

518 4135 712 4193 greges
738 4123 910 4195 pavit,
947 4140 1144 4181 uxores
1168 4124 1304 4181 duas
1328 4124 1582 4196 (quarum
1606 4124 1780 4196 major
1819 4126 1989 4198 lippa,
2011 4127 2106 4182 sed

517 4213 777 4282 fecunda;
814 4215 992 4271 minor
1016 4215 1228 4272 venusti
1257 4225 1526 4286 aspectus,
1557 4216 1655 4274 sed
1694 4216 1965 4273 infecundi
2004 4215 2108 4274 fuit

518 4308 832 4380 conceptus)
862 4306 1017 4364 duxit
1078 4327 1092 4363 :
1143 4323 1303 4380 quem
1342 4309 1396 4365 in
1443 4308 1528 4365 his
1575 4308 1812 4364 maxime
1855 4304 2108 4367 omnibus

521 4398 628 4455 nisi
671 4410 723 4456 te
775 4400 994 4457 docuit?
1035 4399 1187 4473 (263)
1225 4399 1319 4471 qui
1365 4399 1566 4456 diaboli
1596 4400 1824 4456 astutias
1852 4399 2105 4470 prudenti

516 4491 824 4564 provisione
850 4492 1096 4559 illudcre,
1126 4493 1319 4548 activa:
1348 4493 1473 4548 vita:
1494 4507 1592 4564 per
1629 4492 1892 4548 exercitia
1922 4500 2105 4562 pasto-

2205 1905 2610 1963 sanctissimum
2642 1911 2840 1968 vatem,
2871 1902 3307 1975 potentissimum
3337 1913 3518 1972 regem
3544 1940 3560 1963 ,
3604 1896 3796 1954 fortis-

2205 1994 2402 2051 simum
2447 1994 2795 2058 bellatorem;
2843 1994 3293 2065 pugnatissimum
3319 1990 3410 2065 [f.,
3455 1988 3801 2063 pugnacissi-
3888 1979 3895 1985 ’

2206 2083 2376 2158 mum]
2411 2084 2659 2149 militem,
2706 2082 3341 2157 lhlacceptissimum
3388 2082 3499 2137 Deo
3546 2079 3801 2137 sacerdo-

2205 2185 2337 2232 tem.
2377 2175 2513 2244 Quid
2544 2177 2596 2231 in
2626 2176 2880 2232 omnibus
2929 2168 3075 2245 qute'
3099 2175 3167 2231 de
3205 2175 3321 2245 ipso
3368 2173 3626 2246 leguntur
3650 2171 3797 2237 erit,

2204 2267 2309 2325 nisi
2340 2278 2391 2323 te
2420 2277 2513 2323 aut
2547 2266 2905 2338 spiritualiter
2950 2275 3043 2323 aut
3084 2265 3368 2322 moraliter
3392 2265 3560 2320 etiam
3602 2267 3657 2318 in
3690 2263 3799 2329 his,

2204 2376 2325 2431 qua:
2372 2359 2666 2415 secundum
2715 2358 2952 2415 litteram
3000 2355 3447 2429 reprchensibilia
3500 2355 3797 2420 videntur,

2207 2452 2337 2522 quid
2367 2466 2560 2523 ageres
2589 2450 2807 2507 docuit?
2853 2449 3094 2521 Denique
3140 2450 3293 2521 pavit
3340 2463 3582 2521 gregem,
3610 2460 3799 2503 ursum

2206 2544 2405 2600 occidit
2451 2552 2509 2601 et
2544 2542 2779 2609 leonem,
2834 2544 2942 2600 ictu
2993 2542 3158 2613 lapilli
3186 2541 3482 2614 prostravit
3519 2540 3800 2612 gigantem

2208 2636 2259 2709 (1
2282 2635 2410 2708 Reg.
2466 2652 2653 2704 xxxrv,
2678 2636 2796 2708 49),
2840 2645 3003 2693 cantu
3031 2634 3276 2706 psalterii
3305 2634 3575 2705 mitigavit
3597 2633 3805 2690 dmmo-

2207 2746 2329 2787 nem
2358 2729 2409 2802 (I
2440 2728 2564 2801 Reg.
2602 2745 2716 2795 xvi,
2740 2729 2857 2798 25),
2884 2728 3104 2784 inimico
3139 2725 3382 2798 pepercit
3402 2723 3453 2797 (ι
3483 2723 3616 2796 Reg.
3645 2739 3800 2789 xxiv,

2207 2825 2274 2892 7;
2309 2840 2455 2890 xxvi,
2482 2822 2559 2895 9),
2614 2822 2781 2878 filium
2818 2821 2954 2891 fugit
3004 2821 3090 2893 (II
3128 2820 3258 2893 Reg.
3310 2835 3400 2886 xv,
3457 2819 3570 2890 l4),
3614 2831 3799 2874 coram

2207 2931 2334 2972 area
2374 2913 2587 2971 Domini
2631 2913 2848 2970 saltavit
2876 2912 2962 2985 (ll
3007 2912 3130 2984 Reg.
3161 2927 3238 2979 vt,
3266 2910 3386 2984 M);
3416 2910 3546 2981 quid
3578 2911 3631 2964 in
3674 2907 3799 2963 uni-

2207 3007 2384 3063 versis
2419 3006 2502 3062 bis
2537 3005 2816 3063 moraliter
2852 3005 3317 3076 spiritualiterque
3360 3002 3603 3073 acceptis
3640 2999 3801 3058 intel-

2210 3098 2355 3171 ligis,
2400 3098 2502 3155 nisi
2539 3097 2773 3170 pastoris
2808 3096 3171 3167 ecclesiastici,
3209 3095 3605 3163 fortitudinem,
3638 3093 3804 3148 auda-

2208 3192 2714 3259 ciam,~orationum
2750 3188 3134 3256 emolumenta,
3185 3186 3524 3260 patientiam,
3582 3186 3800 3242 exerci-

2208 3286 2393 3355 tiaque
2417 3284 2586 3341 divini
2615 3282 2793 3338 cultus
2817 3323 2832 3349 ,
2858 3287 3136 3360 postremo
3181 3286 3345 3335 recta:
3393 3275 3801 3348 praedicationis

2206 3389 2258 3435 et
2288 3378 2414 3433 vitm
2457 3376 2743 3437 schemata
2773 3373 3164 3431 sacerdotalis?
3206 3370 3464 3429 Salomon
3499 3382 3802 3438 omnesque

2207 3483 2364 3539 reges
2388 3465 2539 3523 Judae
2581 3474 2637 3522 et
2675 3464 2889 3522 lsraclis
2915 3504 2931 3532 ,
2961 3464 3215 3520 omnibus
3238 3461 3355 3518 suis
3383 3459 3539 3516 bonis
3562 3458 3797 3541 actibus,

2206 3559 2326 3631 ipsa
2363 3572 2579 3630 quoque
2631 3556 2909 3623 unctione,
2952 3571 3115 3627 quem
3143 3595 3158 3620 ,
3217 3553 3322 3610 nisi
3375 3560 3461 3617 te,
3514 3548 3803 3605 docuerint

2207 3651 2477 3708 maxime?
2517 3649 2818 3720 Prophetas
2855 3647 2983 3719 quid
3023 3662 3161 3719 opus
3188 3653 3276 3703 est
3322 3644 3642 3710 decurrere,
3672 3656 3802 3698 cum

2205 3744 2500 3817 prophetas
2534 3743 2778 3810 imitari,
2826 3729 3119 3813 prophetas
3165 3754 3438 3811 exponere
3461 3779 3478 3805 ,
3534 3736 3802 3809 propheta

2208 3836 2324 3909 ipse
2365 3852 2582 3908 quoque
2611 3836 2812 3893 debeas
2838 3834 2996 3892 esse?
3046 3832 3350 3904 Siquidem,
3403 3838 3643 3887 testante
3695 3828 3803 3886 Do-

2207 3933 2380 4000 mino,
2425 3946 2564 3987 nova
2595 3938 2650 3987 et
2675 3938 2855 3986 vetera
2891 3929 2958 3985 de
2980 3928 3239 3984 thesauro
3272 3925 3453 3983 cordis
3480 3924 3648 3980 debes
3675 3936 3805 3994 pro-

2206 4020 2353 4079 ferre
2384 4020 2599 4092 (Matth.
2632 4036 2752 4087 xm,
2796 4018 2911 4092 52).
2954 4016 3390 4075 Machabaaorum
3436 4015 3520 4070 ala
3549 4014 3645 4069 illa
3691 4012 3803 4070 for-

2208 4112 2417 4169 tissima
2459 4112 2513 4167 in
2541 4112 2793 4169 omnibus
2836 4109 3039 4181 praeliis
3067 4108 3528 4178 victoriarumque
3556 4120 3801 4177 proven-
3866 4186 3867 4191 η

2210 4206 2376 4274 tibus,
2408 4205 2561 4277 quid,
2592 4206 2697 4261 nisi
2730 4213 2876 4261 tuam
2921 4212 3114 4261 contra
3140 4203 3386 4260 visibiles
3414 4210 3470 4257 et
3495 4201 3805 4259 invisibiles
3844 4196 3868 4209 ’⁸

2208 4297 2395 4355 hostes
2421 4296 2790 4368 quotidianam
2816 4295 3104 4362 orationis,
3138 4291 3806 4367 prmdicationis,'piazque

2207 4390 2540 4463 operationis
2591 4390 2852 4461 praedicat
2893 4402 3170 4460 pugnam,
3219 4385 3620 4457 triumphisque
3675 4399 3807 4457 pro-

2210 4486 2374 4542 mittit
2421 4485 2678 4556 palmam,
2728 4483 3086 4554 braviumque
3136 4491 3257 4554 post
3304 4478 3627 4537 victoriam?
3673 4478 3807 4538 llaec

516 4584 648 4642 ralis
672 4583 1053 4642 sollicitudinis
1076 4585 1272 4641 uberes
1297 4600 1522 4656 operum
1547 4584 1693 4641 fetus
1721 4585 1966 4657 gignere,
2005 4598 2106 4655 per
2134 4565 2182 4627 ί)
2207 4576 2426 4671 quidem
2448 4574 2729 4671 deﬂeteri,
2751 4582 2814 4630 ut
2832 4574 3216 4671 antiquitatem
3239 4574 3315 4630 tui
3339 4584 3609 4643 agnoscas
3634 4578 3808 4644 atque
3868 4666 3873 4671 Ν

515 4677 872 4735 intentionem
921 4692 1052 4734 vero
1098 4678 1348 4734 :ethercae
1395 4676 1866 4749 contemplationis
1916 4692 2106 4750 specu-

516 4768 679 4826 lativa
720 4784 936 4841 semper
962 4768 1075 4826 Deo
1104 4769 1268 4826 debes
1312 4783 1435 4839 qua:
1483 4777 1610 4824 sunt
1657 4768 1968 4839 qurerendo,
2020 4783 2105 4823 sa-

2207 4666 2556 4738 amplectaris
2584 4665 2894 4722 ministerii.

2280 4758 2333 4814 5.
2376 4758 2435 4813 in
2474 4773 2615 4814 novo
2652 4765 2835 4813 autem
2862 4755 3214 4816 Testamento
3233 4772 3356 4831 quae
3385 4757 3565 4831 lingua
3590 4757 3805 4823 dicere,

516 4861 731 4933 piendo,
764 4840 853 4918 vel
900 4860 1135 4918 amando
1186 4859 1474 4916 inluerere.
1521 4858 1663 4915 qulli
1718 4859 1863 4916 enim
1901 4859 2106 4947 pariter
2205 4852 2329 4924 quis
2351 4848 2653 4908 intelleCtus
2680 4848 2875 4908 sulIlcit
2896 4866 3110 4924 capere,
3135 4840 3675 4924 quantadocumenta
3705 4850 3807 4908 tibi

590 5018 736 5091 (€162)
754 5090 759 5095 δ
774 5018 944 5088 Quam
1007 5017 1255 5100 prolixa“
1268 5026 1344 5100 et.

519 5079 827 5124 ΓιιὲιοΙι-ίιήηο
862 5108 965 5124 ’φησι
995 5079 1057 5124 ἑο
1093 5089 1276 5124 οιηηΑἶΙ
1307 5089 1377 5124 ΙῖῘι

1380 5016 1612 5101 obscura
1636 5088 1649 5100 .
1665 5017 1781 5099 haec
1826 5015 2100 5101 periodus.

1385 5106 1397 5124 Ι
1428 5104 1483 5124 Διὶ

1488 5087 1806 5124 ἱιΙοηΙὸι-ιὸητο
1866 5087 1962 5124 {lbi
1988 5103 2102 5124 palm

2208 5012 2299 5085 qui
2342 5010 2575 5066 eamdem
2615 5029 2647 5065 a
2684 5009 2910 5064 Domino
2937 5023 2957 5062 :
2985 5009 3261 5085 ipsumque
3303 5009 3584 5085 Christum.
3613 5008 3807 5064 debere

2210 5079 2320 5124 ὶειρ
2346 5091 2502 5124 rnnul
2530 5090 2743 5124 nnlsunn
2781 5079 3013 5124 (eranter
3041 5080 3097 5124 id
3135 5079 3208 5124 ne!
3241 5081 3450 5124 initium
3477 5079 3725 5124 Atinam-
3750 5088 3807 5124 ει
