4018 5406
1188 210 1765 284 PRELOQUIORUM
1805 211 1988 270 LIRRI
2025 211 2177 269 SEX.
2221 244 2286 254 —-
2325 210 2451 267 LIB.
2491 208 2554 266 ι’.

2184 104 2198 114 ρ
2235 96 2301 108 ἰκ

3435 207 3545 266 290

247 346 550 414 suppetunt
582 336 834 394 vivendi?
864 334 962 390 llic
989 332 1203 397 melius.
1233 339 1293 386 ut
1316 346 1462 395 reor,
1497 339 1549 384 te
1579 328 1847 398 alloquor,

1962 349 2095 418 quod
2127 347 2362 402 triticum
2393 354 2601 416 erogat,
2631 342 2721 414 qui
2775 342 2990 414 penitus
3011 350 3065 397 ct
3113 340 3242 412 quid
3293 341 3364 396 sit
3393 341 3536 395 triti-

249 443 468 504 tuaeque
491 429 771 486 industria:
799 436 966 484 totum
995 425 1295 482 committo.
1325 422 1582 479 Scrutare
1611 419 1852 491 Scriptu-

247 544 360 594 ras,
393 525 564 582 divini
601 523 801 594 eloquii
840 521 1007 578 libros
1057 520 1293 584 rcvolve,
1340 514 1612 587 apostolos
1643 513 1849 584 aspice,

249 629 524 690 martyres
549 617 690 681 vide,
709 612 1052 670 confessores
1081 610 1319 676 attende,
1351 610 1496 679 ipsas
1516 607 1702 670 etiam,
1729 617 1850 674 quae

248 728 374 768 cum
401 709 604 767 saeculo
629 718 683 764 et
716 721 906 763 sexum
938 705 1211 768 vicerunt,
1248 702 1490 772 virgines
1517 694 1854 766 contempla-

249 818 328 860 re.
385 802 725 859 lustauratos
773 797 1069 855 secundum
1119 795 1219 852 Job
1255 803 1444 851 contra
1473 803 1525 849 te
1572 799 1649 848 tot
1686 800 1852 846 testes

250 896 376 969 (Job
431 913 492 962 ι,
543 894 634 969 l7)
689 893 785 948 Dei
816 889 1121 965 perpende;
1169 901 1356 958 pacem
1409 901 1532 941 cum
1583 883 1693 949 his,
1721 883 1853 937 dum

247 967 602 1048 coambulaut
631 987 686 1042 in
730 987 837 1042 ista
887 983 1178 1056 praesentis
1217 980 1431 1036 itineris
1459 979 1567 1044 via,
1592 987 1647 1033 et
1667 977 1770 1032 tibi
1799 985 1854 1031 et

248 1086 331 1143 eis
355 1083 650 1142 consulens
697 1079 1017 1144 conciliare,
1042 1087 1100 1134 et
1123 1075 1248 1132 aliis
1285 1073 1307 1148 [
1335 1074 1374 1128 l.
1415 1071 1585 1145 alios]
1617 1082 1678 1126 ut
1702 1070 1854 1126 simi-

249 1178 378 1235 liter
423 1186 588 1250 agant
638 1176 798 1233 stude
841 1174 1070 1239 docere;
1119 1185 1299 1242 neque
1332 1168 1478 1225 enim
1518 1167 1678 1223 aliter
1707 1163 1852 1235 quod

250 1275 453 1332 diceris
478 1273 779 1330 mereberis
802 1285 940 1328 esse.

320 1368 378 1424 4.
422 1367 667 1438 Denique
700 1365 910 1438 pondus
939 1363 1083 1435 quod
1117 1371 1170 1418 te
1196 1359 1395 1434 premit
1423 1358 1676 1430 aspicito,
1715 1371 1854 1413 onus

252 1459 402 1530 quod
427 1457 572 1514 ferre
600 1456 803 1512 videris
854 1469 1065 1526 pensa;
1119 1463 1174 1510 et
1223 1452 1268 1508 si
1312 1452 1424 1522 jam
1475 1451 1649 1506 bonus
1696 1464 1776 1514 es,
1806 1448 1853 1503 si

251 1559 500 1616 sanctus,
527 1549 574 1606 si
617 1547 822 1619 justus,
867 1548 916 1602 si
970 1561 1069 1618 per
1112 1555 1308 1601 cuneta
1360 1542 1854 1614 irreprehensibilis

251 1651 496 1698 attamen
548 1640 837 1697 considera
892 1649 1034 1705 tuos,
1081 1635 1186 1694 tibi
1225 1638 1546 1694 commissos
1593 1637 1850 1701 attende;

250 1742 436 1789 utrum
459 1742 516 1789 et
549 1733 602 1786 hi
637 1730 775 1786 tales
813 1731 924 1787 sint
950 1729 1182 1786 sollicite
1207 1727 1454 1800 provide.
1493 1726 1679 1797 Neque
1705 1726 1851 1780 enim
1881 1724 1928 1784 Β

249 1825 400 1880 solus
423 1832 487 1879 ut
520 1823 637 1888 alii,
669 1823 763 1879 sed
787 1837 908 1877 cum
937 1829 1049 1876 toto
1078 1836 1239 1893 grege
1260 1820 1492 1876 Domino
1515 1820 1681 1874 habes
1716 1833 1852 1888 prte-

250 1917 484 1982 sentari,
521 1931 624 1971 nec
663 1924 724 1970 ut
776 1913 998 1979 referas,
1041 1922 1200 1984 prout
1250 1913 1486 1984 gessisti,
1537 1921 1742 1968 tantum
1774 1913 1853 1969 tui

251 2006 476 2077 propria
505 2005 751 2076 corporis
775 2012 926 2076 gesta
955 2001 1003 2073 (1
1013 2001 1038 2055 Ι
1059 2000 1181 2056 Cor.
1211 2019 1264 2068 v,
1290 2002 1403 2075 10),
1445 2003 1541 2057 sed
1565 2003 1728 2057 totius
1757 2001 1852 2058 tibi

252 2098 563 2155 commissa:
588 2097 779 2169 plebis.
810 2096 868 2151 Si
893 2107 1094 2161 autem,
1119 2106 1179 2150 ut
1209 2096 1380 2151 levius
1408 2096 1659 2166 graviora
1686 2095 1852 2151 silens

253 2192 473 2256 dicam,
532 2199 586 2247 te
623 2189 943 2260 prasentari
999 2189 1277 2260 contingat
1338 2187 1532 2251 solum,
1585 2187 1674 2242 ubi
1723 2203 1853 2258 euge

255 2291 408 2337 tuum
440 2281 669 2353 (264)?
698 2280 817 2348 Quo
869 2294 938 2334 ne
990 2293 1199 2344 careas,
1255 2277 1483 2333 sollicite
1529 2277 1850 2331 clamantem

254 2377 378 2432 audi
410 2384 468 2431 et
494 2373 874 2431 consiliantem
921 2371 1210 2444 Sapientiae
1259 2371 1455 2426 librum
1483 2388 1497 2424 :
1531 2369 1642 2424 Fili
1685 2371 1779 2435 mi,
1807 2367 1854 2424 si

254 2473 596 2545 spoponderis
614 2488 711 2543 pro
749 2473 918 2525 amico
949 2481 1061 2535 tuo,
1090 2469 1323 2538 deﬁxisti
1365 2467 1507 2538 apud
1545 2475 1853 2521 extraneum

255 2582 471 2620 manuni
503 2575 669 2619 luant.
695 2561 805 2617 Fac
831 2579 952 2632 ergo
979 2563 1118 2633 quod
1144 2561 1239 2614 tibi
1271 2559 1401 2614 utile
1422 2567 1527 2624 est,
1553 2567 1599 2612 et
1622 2557 1856 2626 temetip-

254 2673 374 2712 sum
421 2655 610 2720 libera,
658 2655 785 2727 quia
841 2653 1071 2708 incidisti
1126 2652 1180 2706 in
1230 2667 1417 2705 manus
1479 2649 1706 2721 proximi
1754 2647 1850 2701 tui.

256 2747 530 2812 Discurre,
577 2746 794 2816 festina,
842 2744 1035 2799 suscita
1067 2744 1296 2797 amicum
1331 2752 1500 2807 tuum,
1545 2757 1608 2795 ne
1649 2739 1856 2793 dederis

257 2856 499 2895 somnum
529 2850 702 2901 tuum,
728 2847 776 2891 et
804 2853 908 2890 non
937 2835 1218 2889 dormitent
1247 2833 1508 2904 palpebra:
1529 2842 1632 2885 tua:
1667 2828 1854 2902 (Prov.

257 2949 334 2998 vi,
368 2931 524 3001 1-4).
580 2931 742 2996 Audi,
782 2938 838 2984 et
881 2943 982 2999 per
1006 2925 1344 2982 Ezechielem
1388 2924 1482 2980 tibi
1530 2923 1855 2980 clamantem

257 3027 587 3082 Dominum:
629 3020 1025 3094 Speculatorem
1059 3018 1216 3091 142
1252 3026 1301 3072 te
1329 3017 1456 3071 dedi
1477 3015 1658 3070 domui
1687 3010 1856 3068 Israel

1952 455 2074 496 cum
2098 439 2344 509 ignorat?
2372 439 2505 493 lline
2542 453 2752 491 mecum
2799 435 2953 491 valde
2985 445 3199 498 antetuo,
3226 450 3292 490 ue
3332 435 3544 490 coutin-

1951 543 2044 607 gat
2067 535 2253 590 audire
2285 553 2297 588 :
2334 535 2532 598 Amice,
2564 533 2633 587 ad
2655 533 2780 604 quid
2811 532 3014 597 venisti,
3039 540 3128 584 aut
3159 530 3420 601 quomodo
3442 529 3544 583 ltuc

1952 627 2182 682 introisti
2215 626 2431 697 (Matth.
2464 642 2598 690 xxii,
2633 625 2762 696 12)?
2793 639 2901 694 quo
2948 623 3133 679 ostio?
3181 638 3286 694 qua
3335 619 3547 691 janua?

1952 721 2149 792 quibus
2179 719 2430 774 meritis?
2457 733 2565 789 qua
2606 715 3004 788 praerogativa?
3058 714 3296 771 virtute?
3341 728 3408 768 an
3454 725 3546 768 sa-

1953 813 2196 884 pientia?
2244 829 2312 868 an
2366 810 2646 869 doctrina?
2692 810 2777 866 An
2831 808 2972 866 forte
3001 809 3174 880 (265),
3225 807 3328 864 etsi
3376 805 3548 862 defuit

1953 905 2354 979 prtedicatiouis
2381 904 2575 976 gratia,
2605 903 3006 959 commendavit
3043 909 3094 958 te
3121 901 3244 956 vitte
3289 900 3548 955 innocen-

1955 999 2064 1054 tia?
2093 997 2281 1053 Nonue
2309 997 2533 1070 praedixi
2561 997 2679 1060 tibi,
2719 995 2864 1067 quod
2887 1003 2942 1050 et
2967 995 3068 1065 ipsi
3093 993 3403 1050 carnalibus
3425 1005 3550 1047 ocu-

1953 1090 2020 1147 lis
2069 1106 2297 1147 cernere
2326 1089 2569 1161 potuisti,
2616 1089 2840 1143 dicens:
2875 1087 3130 1158 Nunquid
3155 1096 3318 1156 potest
3378 1101 3549 1140 aecus

1953 1201 2148 1240 ca’cum
2181 1184 2412 1238 ducere?
2452 1198 2622 1238 nonne
2651 1181 2804 1236 ambo
2845 1181 2899 1234 in
2939 1179 3139 1249 foveam
3172 1178 3364 1232 cadunt
3393 1175 3548 1250 (Luc.

1953 1294 2028 1345 γι,
2065 1277 2208 1348 59)?
2237 1276 2375 1344 Quid
2402 1274 2500 1330 tibi
2550 1274 2822 1339 convenit,
2853 1273 2998 1343 quod
3039 1288 3146 1327 non
3179 1269 3403 1343 potuisti
3437 1278 3552 1324 teu-

1957 1370 2105 1424 tare?
2132 1368 2261 1439 qttid
2295 1375 2404 1422 tam
2435 1382 2728 1422 onerosum
2761 1364 2948 1420 tollere
2961 1362 3171 1433 jugum,
3203 1363 3290 1432 qui
3320 1369 3542 1433 portare

1955 1477 2056 1516 nec
2081 1472 2301 1532 poteras
2333 1458 2715 1530 temetipsum?
2757 1457 2825 1512 Et
2853 1456 2943 1527 qui
2973 1466 3076 1510 tua:
3118 1464 3303 1510 tenere
3349 1453 3538 1509 mode-

1956 1553 2164 1608 ramina
2190 1567 2296 1607 non
2342 1565 2574 1606 noveras
2625 1549 2771 1613 vitae,
2811 1547 2979 1618 judex
3031 1546 3146 1602 ﬁeri
3199 1545 3386 1614 utquid
3432 1559 3548 1599 am-

1955 1645 2082 1701 bisti
2136 1643 2364 1700 alienun?
2403 1642 2684 1710 Quomodo
2732 1640 2962 1696 suadere
3010 1638 3106 1693 tibi
3159 1637 3388 1708 Sapiens
3440 1651 3548 1690 non

1956 1739 2132 1809 potuit
2162 1737 2270 1803 ille,
2296 1735 2386 1807 qui
2409 1736 2544 1790 dixit
2569 1749 2584 1788 :
2627 1733 2706 1788 De
2738 1749 2815 1798 re,
2838 1747 2955 1803 qua:
2972 1730 3041 1784 ad
3087 1741 3134 1784 te
3164 1745 3269 1782 non
3292 1728 3542 1798 pertinet,

1957 1847 2020 1884 ne
2057 1829 2312 1884 sollicitus
2338 1827 2542 1897 fueris?
2567 1824 2691 1891 Ubi,
2724 1839 2876 1896 rogo,
2900 1837 3061 1877 aures
3088 1820 3348 1885 habebas,
3375 1835 3549 1888 quan-

1956 1921 2024 1976 do
2056 1903 2338 1976 dicebantur
2367 1937 2378 1974 :
2409 1917 2615 1972 Altiora
2646 1927 2694 1970 te
2717 1932 2780 1970 ne
2797 1915 3069 1987 quwsieris
3094 1909 3300 1984 (Eccli.
3329 1908 3552 1981 "1,22)?

1956 2014 2048 2068 ubi
2076 2029 2184 2068 non
2226 2012 2398 2067 solum
2432 2011 2546 2078 tibi,
2580 2010 2675 2065 sed
2705 2016 2762 2064 et
2800 2008 3073 2072 oumibus,
3116 2004 3210 2075 qui
3263 2004 3362 2059 sub
3407 2002 3550 2058 caelo

1955 2117 2083 2163 sunt
2122 2106 2388 2177 sapientia
2418 2145 2432 2170 ,
2487 2118 2742 2159 sermone
2769 2145 2783 2168 ,
2833 2110 2889 2157 et
2927 2091 3126 2154 virtute
3160 2139 3174 2166 ,
3230 2079 3416 2168 utpote
3458 2095 3556 2151 Dei

1955 2199 2240 2268 colloquiis
2277 2204 2494 2251 assueto
2544 2193 2715 2265 (266),
2773 2191 3122 2248 iudicibiliter
3167 2187 3550 2261 prmstantiori,

1957 2290 2162 2345 dictum
2226 2287 2466 2359 legebas,
2525 2285 2665 2341 ultra
2722 2284 2866 2338 vires
2921 2294 3042 2337 tuas
3079 2295 3200 2336 esse
3243 2277 3556 2350 negotium?

1957 2381 2239 2451 Quomodo
2271 2381 2366 2437 tibi
2398 2379 2601 2445 sonuit,
2651 2376 2922 2447 quomodo
2964 2389 3070 2429 non
3101 2372 3413 2437 commovit,
3446 2385 3556 2426 non

1958 2477 2178 2542 terruit,
2207 2491 2314 2531 non
2355 2475 2424 2530 ab
2475 2475 2713 2543 incepto
2767 2468 3045 2526 revocavit
3084 2465 3458 2535 evangelicum
3492 2462 3558 2519 il-

1957 2569 2090 2626 lud:
2132 2569 2366 2623 Succede
2412 2566 2580 2632 illaut,
2622 2575 2676 2620 ut
2714 2564 2842 2636 quid
2893 2565 3052 2617 etiam
3095 2575 3290 2616 terram
3337 2567 3557 2630 occupat

1956 2662 2112 2736 (Luc.
2151 2677 2271 2724 xm,
2309 2661 2402 2734 7)?
2427 2659 2566 2728 Quid
2587 2659 2654 2714 de
2686 2667 2738 2712 te
2791 2654 3090 2728 cogitabas,
3142 2669 3266 2710 eum
3316 2668 3403 2708 me
3431 2668 3561 2710 con-

1956 2768 2278 2830 querentem
2304 2755 2564 2811 audiebas
2595 2771 2607 2807 :
2645 2752 2896 2808 Tenentes
2925 2750 3088 2822 legem
3137 2747 3432 2802 nescierunt
3477 2762 3560 2800 me

1957 2850 2116 2921 (Jer.
2147 2865 2212 2915 ιι,
2264 2849 2319 2916 8)
2349 2847 2372 2901 ?
2401 2845 2652 2902 Psalmus
2701 2843 2831 2915 quid
2880 2843 2978 2897 tibi
3021 2839 3282 2897 suadebat
3331 2839 3557 2895 dicens:

1961 2942 2278 2998 Nescierunt
2300 2957 2462 3011 neque
2492 2937 2882 3002 intellexerunt,
2916 2937 2972 2990 in
2997 2933 3222 2990 tenebris
3261 2931 3562 2997 ambulant,

1962 3034 2305 3088 movebuntur
2324 3033 2502 3087 omnia
2525 3030 2869 3102 fundamenta
2885 3039 3039 3083 terra:
3058 3024 3236 3096 (Psal.
3257 3040 3447 3091 LXXXI,
3466 3023 3560 3094 5)?

261 3119 480 3193 (Eucti.
509 3133 593 3183 ιιι,
616 3106 728 3188 l7),
755 3124 903 3172 etc.:
947 3113 1013 3168 de
1055 3122 1107 3167 te
1153 3113 1205 3167 in
1234 3111 1424 3166 eodem
1465 3109 1601 3164 libro
1627 3108 1858 3180 (quibus
1885 3096 1934 3162 C
1965 3128 2034 3184 Ει
2061 3129 2153 3199 qui
2181 3136 2234 3182 ιθ
2263 3125 2368 3199 [μ’
2402 3096 2536 3196 (μηδ’
2561 3123 2682 3188 ubi,
2727 3130 2774 3178 et
2804 3120 3031 3176 subaudi
3053 3116 3307 3188 meum]
3336 3114 3564 3172 diversis

261 3213 338 3269 nil
377 3207 796 3280 comminatius)
826 3207 1120 3263 Jeremiam
1169 3219 1385 3275 quoque
1434 3209 1858 3272 conquerentem

261 3306 318 3363 in
348 3304 623 3361 Threnis:
685 3299 903 3355 Parvuli
945 3298 1204 3369 petierunt
1232 3313 1440 3368 panem,
1477 3311 1570 3350 nec
1619 3304 1730 3349 erat
1769 3292 1859 3364 qui

262 3398 526 3470 frangeret
573 3396 648 3450 eis
680 3393 899 3464 (Tliren.
939 3406 993 3445 tv
1015 3430 1032 3458 ,
1058 3393 1094 3444 4
1115 3390 1156 3460 ).
1188 3387 1603 3460 Expergel‘aciat
1631 3397 1683 3442 te
1727 3384 1859 3440 illud

263 3490 460 3546 saltem
487 3487 571 3544 vel
595 3485 788 3556 judicii
841 3484 1139 3540 tonitruum
1165 3499 1178 3536 :
1215 3479 1374 3537 Serve
1395 3479 1555 3544 male,
1587 3477 1859 3549 inquiens,

262 3597 313 3641 et
334 3585 496 3656 piger,
529 3597 692 3654 quare
725 3595 830 3634 non
872 3577 1062 3632 dedisti
1105 3574 1383 3645 pecuniam
1415 3587 1585 3625 meam
1614 3570 1684 3623 ad
1712 3585 1860 3622 men-

263 3695 404 3743 sam,
433 3685 482 3732 et
510 3692 605 3747 ego
638 3673 848 3728 veniens
871 3671 1048 3741 utique
1069 3683 1187 3722 cum
1215 3681 1378 3720 usura
1401 3664 1683 3735 exegissent
1711 3659 1863 3714 illam

266 3771 422 3847 (Luc.
451 3785 567 3836 six,
594 3766 707 3838 25).
736 3765 804 3821 Et
845 3765 961 3820 haec
997 3762 1219 3834 quidem
1265 3758 1607 3830 torpentibus
1643 3765 1699 3811 et
1721 3755 1864 3811 desi-

267 3863 460 3917 diosis.

340 3956 395 4011 5.
433 3953 575 4022 Quid
618 3965 752 4008 vero
797 3958 1054 4021 putamus
1097 3946 1205 4002 illis
1257 3957 1479 4000 manere
1529 3940 1863 4013 improperii,

266 4046 364 4118 qui
393 4059 515 4101 cum
545 4041 753 4097 nullam
780 4039 1041 4095 doctrina:
1078 4035 1392 4108 acceperint
1417 4032 1728 4105 pecuniam,
1763 4031 1867 4084 ini-

265 4138 524 4211 pudentia
571 4143 628 4191 et
685 4133 867 4189 fronte
913 4130 1110 4187 canino
1163 4129 1230 4185 de
1278 4143 1382 4182 non
1412 4139 1671 4182 concesso
1711 4124 1869 4194 quasi

265 4245 534 4291 concesso
560 4228 862 4302 gloriantur
895 4225 1097 4280 talento
1119 4239 1134 4290 ;
1155 4222 1248 4292 qui
1277 4220 1478 4292 passim
1511 4225 1872 4289 prorumpunt

267 4335 518 4400 pastores
548 4324 760 4388 vocari,
794 4336 916 4376 cum
955 4318 1134 4373 nullas
1173 4318 1298 4370 vitm
1340 4329 1571 4383 pascuus
1598 4312 1870 4374 noverint,

267 4429 326 4477 et
352 4419 758 4489 dispensatores
786 4411 1082 4468 Dominicm
1115 4407 1286 4462 videri
1316 4406 1501 4460 volunt
1535 4402 1870 4465 substantiae,

1963 3222 2111 3277 vitiis
2166 3231 2216 3276 et
2254 3218 2598 3290 passionibus
2655 3213 2858 3270 terreni
2910 3211 3157 3281 corporis
3187 3210 3257 3264 ob
3307 3209 3563 3280 ignoran-

1964 3315 2116 3380 tiam,
2150 3325 2254 3384 qua
2286 3327 2392 3366 non
2445 3309 2620 3364 solum
2650 3307 2786 3362 alios
2814 3305 2980 3372 ferre,
3008 3304 3103 3358 sed
3149 3311 3201 3356 te
3246 3314 3460 3370 quoque
3506 3299 3564 3353 in

1912 3466 1919 3473 _
1965 3405 2238 3461 soliditate
2291 3417 2502 3457 morum
2546 3414 2652 3455 non
2684 3411 2918 3453 noveras
2967 3393 3270 3458 continuere,
3326 3399 3562 3460 desuper

1964 3499 2140 3570 posito
2175 3496 2271 3552 tibi
2304 3495 2469 3550 totius
2497 3496 2690 3550 domus
2740 3492 2835 3547 Dei
2868 3503 3054 3553 onere,
3107 3486 3370 3542 censebas
3403 3482 3564 3557 143

1967 3589 2303 3659 contingere,
2335 3586 2438 3641 nisi
2467 3593 2741 3641 commoto
2766 3581 3123 3637 fundamento
3161 3594 3414 3637 casurum
3447 3578 3566 3634 sine

1967 3681 2132 3738 dubio
2160 3688 2215 3734 ct
2244 3679 2315 3744 id,
2346 3679 2488 3748 quod
2515 3685 2635 3734 erat
2671 3673 3166 3746 superaadilicatum
3193 3673 3217 3726 ?

2039 3775 2093 3829 ϐ.
2135 3773 2261 3828 llaec
2283 3787 2412 3826 vero
2440 3785 2564 3825 cum
2592 3769 2647 3825 in
2683 3767 2995 3838 semetipsis
3017 3766 3241 3820 nimium
3266 3764 3478 3836 gravia,
3509 3762 3568 3820 in

1969 3864 2376 3934 comparatione
2422 3861 2735 3934 graviorum
2777 3860 3064 3915 videantur
3102 3856 3263 3923 levia,
3296 3857 3412 3927 ipsa
3445 3871 3570 3926 gra-

1968 3960 2119 4014 viora
2151 3957 2347 4028 partim
2379 3962 2683 4026 tangentes,
2708 3967 2815 4008 non
2839 3960 3000 4023 prout
3025 3959 3151 4007 sunt
3189 3949 3413 4005 omnino
3437 3963 3570 4020 pro-

1941 4054 2210 4121 .ferentes
2269 4048 2566 4121 (siquidem
2622 4054 2678 4102 et
2747 4043 3058 4099 facundiam
3139 4051 3402 4114 superant
3460 4060 3569 4100 non

1973 4146 2135 4207 modo
2167 4151 2432 4208 nostram,
2466 4141 2561 4196 sed
2580 4148 2634 4196 et
2659 4137 3170 4208 loquacissimormu
3200 4136 3572 4206 quorumlibet

1972 4237 2430 4307 aestimationem)
2462 4235 2591 4305 quid
2641 4235 2726 4288 his
2747 4242 3002 4303 putamus
3031 4245 3252 4286 manere
3283 4231 3569 4298 tormenti,

1975 4336 2068 4406 qui
2118 4349 2225 4388 non
2276 4331 2448 4386 solum
2499 4342 2744 4398 pascere,
2786 4325 2999 4380 etiamsi
3037 4325 3102 4378 ad
3155 4323 3259 4380 hoc
3289 4324 3576 4380 videantur

1982 4427 2182 4490 idonei,
2211 4439 2429 4496 gregem
2477 4422 2578 4479 sibi
2611 4419 2893 4491 negligunt
2938 4416 3324 4482 commissum;
3359 4416 3452 4472 sed
3507 4415 3575 4469 ad

440 4472 498 4489 -κ
1557 4497 1569 4507 1
1982 4472 2182 4490 meum,
2211 4472 2429 4496 δην---
2478 4472 2576 4479 ﬂ--.
2613 4472 2713 4488 πυ
2759 4472 2790 4491 υ
2837 4472 2844 4473 κ
2881 4472 2886 4473 γ
3311 4472 3322 4482 ,

269 4528 408 4586 ιιιιοε
444 4517 660 4567 conm“
711 4505 904 4562 inedia}
946 4509 1099 4572 Ρθδῑθ
1143 4499 1430 4554 laborare?
1471 4496 1609 4563 Qmu
1666 4503 1867 4556 amen"
1901 4472 1950 4532 ο
1984 4521 2249 4575 insaniam
2305 4530 2521 4586 quoque
2581 4513 2716 4568 tanti
2752 4511 2897 4582 quod
2945 4519 3158 4582 gestant
3196 4510 3449 4572 nominis,
3495 4524 3580 4562 se-

271 4623 491 4681 quteso,
524 4611 736 4675 erogat,
761 4599 855 4671 qui
880 4597 1015 4653 nihil
1045 4594 1280 4665 accipit?
1314 4592 1441 4662 quid
1465 4591 1580 4656 dat,
1605 4590 1695 4659 qui
1739 4587 1868 4642 nihil

271 4700 472 4761 habet?
499 4697 628 4769 quid
658 4693 955 4756 ministrat,
983 4688 1073 4760 qui
1097 4686 1349 4742 omnibus
1375 4683 1622 4754 indiget?
1651 4683 1874 4737 Dicente

274 4805 454 4851 autem
485 4786 883 4864 patrefamilias
909 4804 920 4838 :
953 4781 1121 4836 Pasce
1142 4795 1256 4834 ores
1276 4796 1414 4832 meas
1441 4775 1621 4846 (.Iomt.
1641 4775 1872 4844 xst,l7),

276 4889 441 4952 unde,
472 4899 623 4956 rogo.
655 4897 754 4937 eas
795 4877 994 4948 pascit,
1044 4873 1134 4945 qui
1174 4873 1285 4941 ipsa
1317 4872 1496 4925 adlmc
1545 4884 1743 4938 pascua
1778 4882 1877 4920 nec

275 4979 391 5048 ipse
424 4974 666 5031 invenit?
699 4970 836 5026 Cum
859 4977 1042 5021 autem
1077 4963 1246 5018 ﬁdelis
1277 4961 1472 5017 debeat
1497 4958 1612 5013 lore
1663 4959 1880 5027 dispen-

278 5080 427 5124 sator
468 5076 524 5122 et
575 5065 837 5137 prudens,
897 5071 1060 5127 quem
1112 5054 1366 5108 Dominus
1407 5065 1572 5118 super
1621 5051 1878 5104 latuiliam

283 5175 434 5216 suam
457 5156 754 5217 constituit,
788 5161 846 5207 ut
875 5150 969 5204 det
998 5146 1068 5199 illi
1096 5145 1144 5198 iu
1180 5153 1420 5215 tempore
1454 5140 1618 5196 tritici
1659 5157 1876 5195 mensu-

290 5269 400 5307 ram
420 5251 569 5324 (Luc.
595 5267 694 5314 λιι,
722 5247 849 5316 42);
899 5238 1032 5311 quid
1063 5239 1334 5306 diSpeusat
1373 5233 1466 5306 qui
1510 5236 1577 5288 ab
1619 5252 1706 5298 eo,
1738 5234 1880 5304 quod

288 5343 580 5406 dispensari
614 5341 794 5403 debet,
860 5337 978 5404 ipse
1011 5328 1222 5399 jejunus
1272 5343 1321 5387 et
1381 5325 1585 5385 stultus
1633 5328 1882 5382 laborat?

1983 4612 2244 4682 rnetipsos
2287 4625 2447 4680 agerc
2481 4621 2586 4661 non
2614 4605 2869 4660 desinunt
2894 4617 2992 4672 per
3029 4603 3257 4671 abrupta
3284 4600 3575 4660 vitiorum;

1983 4707 2072 4776 qui
2108 4704 2243 4759 ludis
2282 4700 2650 4764 smcularibus,
2685 4694 2996 4760 venatibus,
3046 4702 3101 4748 ct
3134 4692 3466 4749 illecebrosis
3490 4689 3581 4759 ju:

1984 4803 2124 4874 giter
2150 4805 2488 4867 occupantur
2521 4791 2798 4861 aucupiis;
2847 4787 2939 4858 qui

2233 4933 2502 4986 Teutonico
2519 4908 2613 4978 ritu
2629 4926 2759 4980 soliti
2779 4931 3019 4986 torquere
3039 4921 3243 4986 cateias.

2891 4983 3271 5045 (νιιιο.Δῐηεὶα.
3294 4977 3527 5043 υκαι.)

1988 5142 2204 5191 sanctas
2221 5127 2434 5198 penitus
2462 5124 2792 5181 desuescunt
2810 5111 3138 5179 scripturas;
3164 5113 3256 5183 qui
3282 5111 3390 5166 Deo
3415 5107 3592 5169 exuti,

1990 5224 2402 5290 tmmdoimluti,
2418 5215 2720 5292 ipsislaicis
2740 5225 2846 5268 non
2869 5205 3060 5259 timent
3083 5209 3332 5262 vestibus
3362 5204 3604 5262 indusia-

1990 5324 2034 5378 ri
2051 5318 2226 5386 ‘?Quid
2246 5333 2380 5371 vero
2407 5317 2474 5372 de
2496 5309 2650 5365 laicis
2666 5312 2992 5374 conqueror,
3009 5311 3146 5354 cum
3167 5301 3390 5358 viderim
3407 5309 3606 5372 perste-
