4018 5406
494 311 598 379 I91

1408 314 1737 376 RATHERII
1770 318 1986 377 EPISC.
2025 321 2279 382 VERON.
2320 324 2471 383 OPP.
2513 325 2696 386 PARS
2730 327 2776 387 ῐ.

498 443 568 502 pe
610 424 869 499 quosdam
916 426 1215 526 peregrini.
1242 426 1398 490 ritus.
1435 436 1492 483 et
1528 429 1847 497 barbaricis,
1892 447 1950 511 ut
2001 434 2074 490 ita
2104 445 2157 505 Α
2181 439 2457 498 ell‘eratur.
2483 442 2613 501 Sine
2649 460 2813 503 causa
2835 447 2980 504 enim
3007 448 3191 506 vivere
3211 450 3428 508 videtur
3449 453 3757 526 episcopus,

498 521 698 586 dicam,
722 518 1054 575 redimiculis
1075 517 1247 591 (267),
1274 522 1343 575 ad
1384 521 1620 603 dedecus
1669 526 1954 581 sacerdotii
2006 527 2079 583 ita

498 610 1016 675 inconvenientibus,
1060 609 1217 682 longe
1258 627 1419 682 quam
1452 626 1573 667 sese
1623 614 1856 686 dignitas
1887 616 2081 673 habeat

498 706 670 766 tanta,
701 699 935 767 amiciri,
963 698 1047 757 vel
1095 700 1239 770 quod
1285 709 1370 756 est
1416 702 1615 770 verius,
1664 702 1958 776 detur-pari,
2022 715 2079 763 ut

652 862 747 880 .....
774 829 1009 891 Quirinali
1034 830 1207 882 trabea
1230 833 1495 895 cinctuque
1518 832 1726 885 Gabino.
1892 904 1901 909 _
2020 876 2021 879 η

1369 917 1532 980 (Vise.
1549 920 1751 973 afraid.
1779 935 1860 986 vn,
1883 922 2013 987 ιιι.)

498 1080 660 1138 quam
677 1062 863 1121 habitu
891 1064 1138 1137 insigniri
1170 1065 1341 1137 pluris
1368 1066 1666 1138 penderent
1685 1069 2080 1131 ecclesiastico?

496 1156 587 1229 qui
642 1162 923 1211 venatores
956 1170 1118 1226 quam
1148 1157 1418 1218 doctores,
1447 1158 1682 1216 audaces
1703 1175 1863 1232 quam
1896 1164 2074 1231 mites,

496 1242 675 1302 callidi
713 1261 874 1316 quam
921 1246 1214 1323 simplices,
1246 1248 1531 1305 Machabmi
1562 1248 1640 1325 [id
1662 1262 1736 1307 est
1761 1253 1863 1308 viri
1886 1254 2077 1329 fortes]

496 1338 671 1411 magis
697 1347 884 1411 optant
921 1339 1025 1394 dici
1052 1355 1214 1409 quam
1244 1340 1505 1412 episcopi.
1533 1342 1711 1414 Atque
1739 1345 1946 1401 utinam
1978 1346 2079 1404 hoc

494 1429 618 1485 vita:
666 1428 885 1484 nomine
939 1428 993 1484 in'
1046 1429 1135 1485 illo
1188 1439 1469 1486 uterentur
1519 1434 1840 1501 certamine,
1891 1438 1945 1491 in
1973 1453 2080 1508 quo

494 1519 740 1576 Christus
780 1535 875 1576 eos
921 1520 989 1576 de
1032 1522 1233 1577 mundo
1263 1523 1444 1594 posuit
1504 1525 1837 1596 triumphare
1880 1536 1934 1583 et
1962 1529 2079 1599 ejus

496 1613 759 1686 principe.
793 1612 895 1684 Qui
923 1613 1112 1670 trocho
1142 1614 1353 1684 ludunt,
1380 1615 1551 1673 aleam
1581 1633 1713 1675 vero
1735 1636 2080 1693 nequaquam

497 1706 744 1780 fugiunt;
774 1708 863 1777 qui
888 1706 1070 1763 tabula
1099 1724 1259 1781 quam
1289 1709 1594 1782 Scriptura,
1624 1712 1773 1769 disco
1819 1728 2082 1770 exercen-

2179 535 2225 590 si
2256 550 2359 589 non
2384 534 2548 591 fuerit
2568 540 2910 608 pecuniosus.
2934 542 3140 598 Frater
3166 542 3316 615 (275)
3348 560 3411 601 ea
3429 544 3556 615 joca
3582 556 3760 604 tecum

2182 623 2427 698 [subaudi
2476 627 2583 700 est]
2643 629 2786 686 risus
2834 631 3220 703 intemperans,
3285 636 3351 690 de
3405 636 3758 707 simplicitate

2179 732 2393 788 quoque
2414 718 2509 774 Dei
2522 719 2636 776 haec
2669 721 2862 778 timore
2889 722 3255 781 abdicantium
3283 726 3606 799 plerumque
3630 744 3779 786 con-r

2178 817 2390 879 gestus;
2423 811 2632 869 cithara
2659 813 2713 868 in
2757 814 3019 871 conviviis
3038 823 3094 872 et
3118 815 3252 888 lyra,
3296 826 3354 873 ut
3392 817 3524 875 dicit
3550 828 3764 892 etpra-

2177 899 2339 970 pbcta
2377 900 2571 973 (lsa.v,
2591 902 2679 973 12)
2707 919 2724 969 ;
2754 918 2890 974 opus
2922 918 3053 961 vero
3077 904 3289 963 Domini
3322 907 3379 964 in
3412 908 3618 966 nullius
3641 925 3761 966 me-

2178 992 2371 1058 moria,
2420 1007 2519 1050 nec
2553 1010 2629 1050 rw
2660 995 2985 1064 promissum
3025 998 3311 1068 agentibus
3354 999 3503 1059 talia.
3558 1001 3762 1061 Tecum

2179 1084 2497 1154 symphonia
2524 1094 2578 1141 et
2608 1087 2791 1144 omnia
2827 1089 3155 1147 musicorum
3195 1107 3415 1163 genera,
3457 1076 3765 1154 'cantorum

2180 1173 2469 1251 lenocinia,
2496 1177 2833 1239 saltatricum
2855 1181 3049 1252 pestis,
3079 1196 3260 1240 sermo
3300 1194 3466 1251 totus,
3494 1187 3589 1256 qui
3620 1184 3769 1243 forte

2180 1264 2248 1319 ad
2276 1281 2388 1322 rem
2416 1268 2652 1336 pertinet
2677 1269 2746 1325 de
2776 1270 2994 1331 homine
3017 1288 3124 1328 non
3160 1276 3227 1330 de
3252 1274 3383 1340 Deo,
3414 1277 3479 1333 de
3506 1286 3765 1345 creatura

2180 1371 2285 1411 non
2313 1357 2385 1430 de
2422 1358 2698 1427 Creatore,
2724 1360 2791 1418 de
2833 1365 3191 1434 praesentibus
3216 1382 3323 1422 non
3353 1368 3420 1423 de
3447 1367 3668 1431 futuris.
3697 1371 3768 1426 de

2181 1449 2396 1507 seniore
2420 1449 2570 1523 (274)
2596 1461 2811 1508 terreno
2839 1470 2945 1511 non
2989 1456 3056 1511 de
3082 1456 3288 1513 cmlesti
3320 1459 3568 1515 Domino.
3613 1459 3766 1517 Tunc

2181 1540 2271 1596 ille
2310 1540 2639 1607 celebratur,
2669 1543 2827 1601 istius
2874 1560 2977 1601 nec
3011 1547 3301 1621 quisquam
3348 1551 3761 1621 reminiscitur;

2182 1631 2325 1688 illius
2377 1647 2570 1690 nomen
2592 1632 2826 1703 juratur,
2894 1636 3052 1694 istius
3101 1654 3201 1695 nec
3260 1642 3622 1710 recordatur;
3667 1659 3767 1715 pro

2181 1728 2355 1785 salute
2384 1728 2526 1785 illius
2555 1729 2706 1801 (275)
2750 1732 2973 1797 bibitur,
3006 1734 3112 1789 iste
3137 1735 3326 1791 sitiens
3365 1751 3466 1795 nec
3500 1744 3718 1807 potatur
3744 1752 3767 1800 ;

496 1808 587 1855 tur
604 1813 766 1895 quam
792 1798 961 1895 libro
993 1798 1085 1871 qui
1116 1799 1310 1856 melius
1335 1800 1597 1858 damnosa
1619 1804 1860 1895 canicula
1907 1822 2077 1895 quan-
2105 1825 2152 1889 Β
2180 1819 2400 1892 crapula
2429 1798 2573 1879 iniu,
2597 1798 2782 1878 amore
2819 1824 3143 1880 ἀίειρηάίωιι
3171 1834 3377 1895 venter,
3406 1798 3515 1883 is“;
3536 1798 3781 1887 roman-

495 1898 610 1945 tum
640 1891 797 1946 rodat
822 1889 990 1961 (268),
1016 1905 1179 1962 quam
1224 1901 1422 1947 norunt
1467 1902 1669 1964 quanta
1700 1894 1953 1951 salutaris
1979 1893 2077 1951 Ve-

496 1983 633 2040 ritas
647 1980 854 2053 jubeat,
884 1991 1047 2049 vetet,
1094 1981 1176 2036 vel
1201 1984 1505 2052 promittat,
1552 1985 1793 2056 quidque
1841 1986 2070 2053 dixerit;

498 2071 753 2150 [subaudi
778 2072 969 2146 magis]
1010 2072 1187 2129 ferant
1215 2074 1389 2141 senio,
1418 2092 1580 2146 quam
1608 2077 1752 2147 quod
1776 2077 1878 2149 ipsi
1910 2077 2079 2134 refer-

493 2183 559 2224 re
608 2166 838 2233 debeant
878 2165 1019 2233 Deo;
1068 2166 1158 2236 qui
1212 2167 1506 2223 histriones
1533 2184 1695 2239 quam
1742 2169 2073 2236 sacerdotes,

498 2258 779 2325 temelicos
807 2256 1172 2331 [thymelicos]
1200 2270 1360 2328 qnam
1385 2258 1633 2325 clericos,
1663 2260 1900 2316 bromios
1927 2261 2074 2334 (269)

495 2352 658 2424 quam
685 2348 1052 2422 phil050phos,
1103 2348 1398 2404 nebulones
1428 2366 1589 2419 quam
1622 2366 1866 2416 veraces,
1898 2352 2075 2422 impu—

496 2440 648 2498 dicos
673 2456 836 2513 quam
861 2440 1217 2507 verecundos,
1259 2442 1451 2496 mimos
1477 2443 1696 2496 charius
1742 2442 2079 2513 ainplectun-

498 2540 586 2589 tur
605 2547 766 2603 quam
795 2531 1120 2597 monachos;
1154 2531 1244 2600 qui
1276 2530 1495 2586 Graecas
1521 2532 1742 2604 glorias.
1776 2532 2075 2604 Babyloni-

494 2638 590 2681 cas
609 2637 854 2694 pompas,
887 2621 1128 2677 exoticos
1161 2620 1409 2676 ambiunt
1437 2632 1703 2689 ornatus;
1734 2623 1825 2692 qui
1856 2624 2079 2693 scyphis

496 2714 699 2778 aureis,
753 2710 993 2767 scutellis
1033 2710 1323 2779 argenteis,
1366 2711 1554 2782 cuppis
1592 2712 1852 2767 auctioris
1896 2712 2076 2783 pretii,

497 2802 800 2861 crateribus
829 2801 1199 2856 imoconchis
1225 2800 1478 2870 ponderis
1530 2798 1691 2875 144
1723 2801 1988 2873 gravioris
2025 2811 2081 2857 et

501 2896 690 2953 invisae
723 2895 816 2950 ulli
871 2895 1067 2951 saeculo
1112 2894 1495 2967 magnitudinis
1532 2897 1739 2951 instant
1792 2897 2079 2968 operandis

501 3002 673 3053 auro;
733 2987 940 3043 sessilis
969 2985 1142 3059 (270)
1193 2987 1390 3056 quibus
1437 2987 1740 3059 depingitur
1765 2988 1926 3056 obba,
1955 3000 2080 3044 cum

499 3080 721 3153 iuligine
749 3081 960 3152 oppleta
980 3082 1062 3135 eis
1088 3080 1343 3151 adiacens
1372 3078 1621 3137 videatur
1643 3082 1885 3138 basilica.

569 3174 624 3226 7.
665 3172 813 3257 Inter.
836 3172 952 3227 haec
970 3170 1197 3226 obsonia
1237 3169 1621 3239 refertissima,
1658 3174 1830 3244 epulas
1854 3175 1968 3245 ipsa
1993 3174 2078 3231 sui
2106 3197 2153 3267 ε
2183 3216 2282 3256 nec
2320 3169 2635 3256 mmmam}
2685 3169 2937 3258 ίηιθτίιλιε
2972 3169 3152 3273 [nam
3193 3218 3247 3268 ν,
3298 3169 3425 3272 ιξι)

457 3268 464 3279 ‘
501 3250 815 3322 diversitate
864 3272 1061 3334 praster
1102 3263 1553 3333 multiplicitatem
1602 3266 1907 3334 mirabiles;
1938 3275 1992 3323 et
2021 3267 2077 3323 in

493 3355 581 3413 his
603 3355 874 3419 omnibus,
902 3353 994 3425 qui
1022 3353 1231 3409 avidior
1254 3353 1345 3409 ille
1390 3354 1672 3425 dapsilior,
1711 3356 1802 3426 qui
1828 3358 2078 3428 sagacior

503 3446 593 3502 ille
618 3445 829 3511 melior,
858 3444 952 3514 qui
974 3443 1293 3515 locupletior
1322 3445 1412 3501 ille
1439 3448 1774 3516 prudentior,
1802 3448 1894 3518 qui
1935 3464 2075 3505 masv

494 3536 669 3591 sutior
690 3535 837 3609 (27l)
869 3533 967 3609 [f.,
1008 3534 1330 3609 massucior]
1358 3535 1446 3592 ille
1478 3538 1820 3606 celebratior,
1857 3539 1946 3594 ille
1974 3540 2075 3607 vir,

498 3626 588 3682 ille
615 3626 881 3698 vulgatus,
908 3625 996 3681 ille
1018 3624 1282 3691 famosus,
1310 3627 1398 3681 ille
1432 3638 1751 3684 cunctorum
1776 3645 1872 3686 ore
1899 3630 2081 3686 lauda-

500 3724 607 3771 tus.
634 3715 797 3786 Frugi
831 3725 1011 3771 autem
1033 3716 1140 3770 dici
1163 3717 1216 3771 in
1240 3725 1451 3772 tantum
1473 3706 1636 3774 hodie
1659 3730 1990 3787 exsecratur,
2021 3732 2080 3777 ut

489 3809 605 3881 jam
625 3817 678 3864 et
706 3808 759 3863 in
788 3809 919 3879 ipsis
944 3810 1226 3866 monachis
1264 3811 1635 3883 vituperetur;
1688 3829 1996 3886 quanquam
2022 3823 2079 3873 et

498 3901 711 3972 largitio
762 3901 1088 3957 charitativa
1161 3903 1402 3959 virorum
1460 3904 1963 3963 liberalissimorum
2024 3911 2079 3965 in

497 4007 600 4049 usu
657 3990 1162 4047 munilicentissimo
1207 4008 1236 4046 a
1268 3994 1427 4050 nobis
1478 4010 1586 4050 non
1632 3998 1804 4052 solum
1858 4001 2079 4057 minime

499 4087 950 4157 reprehendatur,
978 4086 1074 4141 sed
1103 4085 1253 4158 (272)
1282 4096 1338 4142 et
1364 4089 1619 4144 maximis
1641 4088 1766 4159 jure
1792 4095 2078 4163 praeconiis

575 4199 726 4286 (267)
760 4183 1141 4254 Redimic’ulum
1175 4207 1259 4256 est
1282 4211 1658 4259 ornamentum
1690 4207 1955 4264 muliebre
1988 4225 2081 4267 ca-

498 4281 722 4414 Ριῗξέίὃ)
760 4339 886 4396 Haec
920 4353 988 4396 ex
1008 4338 1198 4414 Persio
1240 4350 1341 4397 sat.
1373 4357 1457 4410 ut,
1491 4359 1636 4400 vers.
1672 4346 1761 4403 49.
1811 4318 2080 4406 Damnosa

500 4415 753 4486 canicula
781 4421 1040 4486 quantum
1085 4413 1324 4486 roderet;
1392 4429 1458 4470 ex
1506 4417 1699 4486 quibus
1748 4421 2080 4478 correximus

502 4481 954 4558 rodat,ubi_erat
1000 4482 1177 4558 radat.
1227 4482 1321 4558 Est
1371 4481 1550 4541 autem
1603 4487 1867 4555 canicula,
1898 4488 2079 4558 jactus

498 4549 720 4630 quidam
754 4551 1002 4630 talorum,
1032 4554 1155 4630 _qui
1202 4554 1461 4630 unitatem
1498 4549 1863 4630 ostendebat,
1898 4549 2077 4630 'quem
2103 4549 2159 4610 D

500 4622 595 4700 qui
622 4623 860 4700 fecisset,
874 4622 1212 4700 vincebatur.
1245 4624 1367 4681 Mox
1396 4629 1541 4700 senio
1569 4644 1784 4700 quoque
1819 4622 1904 4687 est
1932 4622 2078 4689 'aleze

500 4695 557 4773 et
583 4695 692 4750 ludi
718 4695 948 4773 species,
981 4696 1048 4749 de
1073 4709 1180 4773 quo
1203 4706 1370 4773 agunt
1396 4695 1631 4773 ioatmes
1660 4695 2080 4773 Sarisberiensis

500 4768 593 4824 lib.
650 4782 688 4821 ι.
731 4764 1011 4831 Policrat.,
1056 4764 1106 4819 c.
1146 4764 1200 4831 5,
1227 4764 1282 4821 et
1318 4765 1478 4822 Fabri
1513 4768 1824 4827 Thesaurus
1876 4772 1932 4828 in
1980 4789 2078 4830 vo-

499 4837 747 4981 ce(s‘2?§)
778 4906 1017 4981 _(_30_nfer.
1060 4914 1188 4981 not._
1210 4906 1318 4964 245
1346 4909 1572 4981 hujusce
1613 4912 1766 4967 tomi.

610 4912 747 4978 269)
797 4912 1017 4963 Confer.
1060 4914 1173 4962 not.
1210 4912 1318 4964 245
1346 4912 1572 4981 hujusce
1613 4912 1766 4967 torni.

573 4912 742 5051 i270)
777 4977 959 5051 Vulg.,
982 4976 1239 5051 sessiliis,
1270 4994 1574 5049 perperam.
1605 4982 2078 5042 Emendationem.

502 5047 816 5120 comprobat
847 5047 1086 5115 Persius,
1114 5049 1209 5117 qui
1239 5047 1342 5103 sat.
1369 5047 1439 5116 ‘5,
1492 5065 1635 5107 vers.
1687 5053 1812 5120 118,
1852 5056 2085 5112 sessilem

502 5120 688 5176 obbam
710 5126 994 5175 memorat.

694 5257 729 5259 _
847 5257 854 5259 _
1052 5185 1504 5259 [Veientanumque
1524 5190 1781 5247 rubellum

680 5257 904 5339 Exhalat
942 5257 1131 5339 cupida
1160 5258 1342 5310 lterum
1363 5257 1475 5339 pice
1496 5262 1692 5316 sessilis
1706 5262 1875 5339 _obba.

506 5328 656 5384 Obba
685 5338 770 5383 est
790 5343 888 5382 vas
914 5326 1215 5384 vinarium:
1246 5326 1444 5382 sessilis
1471 5339 1650 5384 autem
1687 5333 1853 5384 dicta-
1901 5333 1954 5384 id
1998 5344 2084 5384 est

2177 1910 2340 1967 etiam
2379 1902 2686 1969 in'carcere
2729 1913 2888 1969 micis
2910 1913 3160 1984 indigens
3196 1930 3303 1971 non
3348 1914 3592 1971 reﬁcitur
3628 1931 3769 1988 pau-

2177 2015 2274 2074 per
2298 2020 2313 2069 ;
2344 2002 2429 2058 ille
2451 2004 2809 2075 praeponitur,
2838 2003 2940 2061 iste
2979 2006 3338 2077 supponitur;
3380 2007 3525 2063 illius
3552 2023 3781 2065 metuo-V

2180 2093 2260 2149 ria
2288 2093 2342 2148 in
2374 2094 2585 2166 primis,
2618 2095 2775 2151 istius
2803 2109 2906 2151 nec
2938 2097 3175 2151 habetur
3203 2098 3257 2153 in
3284 2099 3556 2157 secundis.
3588 2099 3767 2156 Canes

2176 2194 2441 2257 praeterea
2492 2187 2610 2256 ipsa
2640 2196 2870 2242 currunt
2921 2188 2976 2243 in
3026 2202 3238 2256 mensa,
3282 2189 3407 2261 equi
3452 2191 3771 2260 pernicibus

2178 2276 2360 2333 volant
2387 2278 2562 2348 magis
2589 2292 2755 2348 quam
2801 2278 3072 2334 cursitant
3107 2279 3378 2345 curribus,
3411 2294 3583 2350 cappo
3611 2281 3763 2351 (276)

2177 2381 2467 2442 prtepetem
2494 2370 2656 2426 librat
2683 2370 2944 2437 volatum,
2972 2372 3232 2443 accipiter
3256 2373 3601 2428 raucisonam
3630 2390 3771 2445 pra;-

2179 2463 2307 2533 ripit
2362 2478 2568 2531 gruem.
2626 2462 2897 2533 Propheta
2945 2463 3087 2519 inter
3149 2464 3267 2520 hanc
3318 2464 3517 2536 nullus,
3582 2464 3777 2535 nullus,

2177 2558 2474 2629 apostolus,
2504 2574 2662 2615 nemo
2707 2560 2915 2626 doctor,
2966 2566 3065 2615 nec
3092 2559 3258 2632 aliqui
3288 2577 3457 2632 prope
3502 2576 3761 2628 canones,

2179 2665 2445 2721 nusquam
2479 2651 2617 2706 scita
2659 2660 2896 2722 patrum,
2938 2651 3127 2723 procul
3159 2654 3375 2709 decreta
3420 2655 3771 2727 pontificum,

2179 2741 2337 2813 longe
2382 2743 2676 2814 passiones,
2717 2743 3020 2815 frugalitas,
3071 2745 3368 2812 humilitas,
3402 2756 3641 2815 egestas,
3679 2745 3768 2803 vel

2180 2843 2330 2907 gesta
2359 2846 2669 2893 sanctorum
2701 2853 2732 2892 a
2775 2837 3037 2893 memoria
3058 2847 3265 2894 remota
3294 2849 3638 2895 cunctorum.
3670 2839 3760 2894 Di-

2178 2942 2277 2983 ves
2305 2926 2393 2983 ille
2429 2929 2694 2998 superbus
2727 2927 2885 3002 ιω
2923 2944 3024 2986 nec
3058 2939 3420 3001 prtesentatnr
3440 2932 3756 3004 obtutibus;

2182 3033 2377 3074 canum
2396 3018 2586 3075 saltem
2615 3019 2809 3091 linguis
2825 3035 2931 3075 non
2954 3020 3197 3091 lingitur,
3213 3021 3342 3092 quin
3364 3023 3545 3093 potius
3577 3038 3766 3079 corro-

2180 3106 2327 3164 ditur
2339 3108 2749 3181 Lazarus(Luc.
2772 3126 2884 3175 xvr,
2902 3111 3015 3183 21).
3033 3112 3310 3168 Baltassar
3330 3128 3428 3183 pro
3456 3114 3765 3185 hnjnsmodi

3434 3242 3449 3256 .
3483 3204 3769 3275 Amphora

2182 3290 2271 3347 illa
2302 3307 2425 3348 cum
2458 3291 2658 3347 talento
2685 3292 2885 3361 plumbi
2926 3292 2991 3347 de
3036 3294 3329 3364 prOpheta,
3362 3295 3429 3349 de
3483 3292 3684 3350 talibus
3711 3295 3769 3351 in

2180 3390 2323 3438 terra
2353 3382 2600 3438 Sennaar
2626 3382 2728 3438 alis
2759 3383 2908 3439 milvi
2949 3384 3125 3439 delata
3157 3383 3355 3455 (Zach.
3398 3401 3451 3452 v,
3480 3385 3635 3458 8-9),
3666 3401 3771 3471 nec

2181 3474 2326 3529 venit
2378 3475 2817 3531 inmemoriam:
2856 3474 3074 3548 [supple
3099 3475 3245 3551 nec]
3277 3476 3500 3549 gibbum
3547 3479 3769 3551 cameli,

2181 3581 2415 3636 acusque
2462 3564 2704 3621 foramen
2755 3568 3137 3623 animadvertit
3190 3567 3420 3640 (Matth.
3462 3584 3578 3633 nx,
3632 3569 3769 3640 24),

2182 3676 2280 3714 nec.
2312 3658 2450 3713 ullus
2502 3668 2885 3729 superventum
2936 3660 3042 3715 diei
3102 3660 3313 3716 Domini
3371 3663 3767 3719 reminiscitur.

2181 3747 2368 3804 Nullus
2398 3763 2492 3803 ore
2522 3749 2682 3817 pleno
2725 3749 2924 3820 epulis,
2978 3748 3411 3823 lacrymantibus
3440 3751 3637 3819 oculis,
3670 3752 3772 3809 Iin-

2185 3856 2288 3911 gua
2341 3840 2481 3910 jocis
2542 3840 2778 3897 resoluta
2841 3841 3165 3908 inconditis,
3230 3858 3402 3913 nuper
3473 3845 3770 3913 quemdam

2181 3934 2360 3988 obisse
2393 3948 2549 3989 nemo
2580 3932 2774 4005 [nemo
2798 3932 3093 4007 abundat],
3126 3943 3281 3990 curat
3317 3936 3630 4004 advertere;
3670 3951 3773 3994 nec
3803 3930 3843 3967 ’-

2187 4025 2355 4081 Deum
2404 4028 2474 4082 ob
2527 4026 2580 4081 id
2633 4028 2951 4098 praecepisse
2997 4044 3095 4084 nos
3137 4030 3531 4102 omnitempore
3601 4012 3772 4090 orati;

2185 4129 2264 4173 tes
2284 4117 2507 4188 vigilare
2537 4117 2689 4191 (Luc.
2714 4135 2826 4187 xxi,
2853 4119 2977 4194 36).
3007 4119 3065 4176 1n
3102 4121 3190 4177 die
3210 4124 3442 4179 convivii
3471 4126 3634 4196 primi
3658 4126 3773 4183 frac

2182 4228 2328 4284 titas.
2370 4227 2507 4284 Hinc
2535 4231 2821 4313 massmior
2854 4231 2957 4313 ille_
2977 4232 3317 4313 intelligitur,
3344 4236 3436 4307 qui
3457 4236 3581 4313 plus
3605 4255 3777 4313 agro-

2183 4314 2302 4353 rum
2329 4316 2421 4380 seu
2452 4301 2771 4370 praediorum
2816 4304 3073 4380 possidet.
3120 4301 3283 4380 Forte
3324 4301 3772 4380 vero—legendum

2183 4372 2477 4448 massncior
2502 4385 2534 4448 a_
2562 4387 2855 4448 massucus,
2909 4373 2961 4429 id
3003 4384 3088 4429 est
3122 4376 3281 4443 edax,
3314 4377 3379 4433 de
3410 4372 3771 4448 quo'veteres

2184 4438 2375 4512 glossa;
2396 4442 2536 4512 apud
2563 4438 2847 4512 Cangium.

2255 4510 2404 4595 (272)
2433 4510 2758 4593 addidimus
2789 4514 3445 4595 sedexigentecontexm
3472 4540 3486 4576 :
3517 4531 3574 4580 et
3604 4523 3778 4595 paulo

2188 4591 2318 4661 post
2351 4581 2673 4661 scripsimus
2708 4581 3052 4661 pecuniosus,
3094 4588 3187 4643 ubi
3223 4602 3556 4661 repugnante
3602 4581 3776 4654 sensu

2184 4650 2479 4722 legebatur
2491 4650 2841 4722 pecuniosius.

2259 4721 2407 4808 (27's)
2446 4721 2684 4808 lnginlg.
2714 4732 3004 4808 ιᾳηριςαρεετ.
3037 4726 3660 4808 Delevimnspronomen
3684 4746 3769 4808 tu,

2228 4793 2386 4868 uippe
2429 4795 2572 4868 quod
2615 4793 2898 4851 manifeste
2959 4797 3223 4854 intrusum
3282 4793 3401 4858 fuit.
3452 4793 3771 4868 Constare;

2187 4807 2386 4915 quippe
2429 4807 2572 4873 quod
2615 4807 2898 4851 mantteste
2959 4807 3223 4881 Intrusum
3282 4807 3401 4858 fuit.
3452 4807 3771 4868 Constare:

2243 4872 2396 4916 rreter
2413 4879 2475 4917 ea
2492 4878 2620 4934 joca
2646 4873 2815 4919 tecum
2854 4876 2929 4948 est
2967 4884 3105 4948 risus
3128 4880 3501 4948 intemperans,
3531 4877 3772 4948 ριιηιπι..

2223 4948 2287 5009 ue
2313 4948 2513 5009 quoque
2556 4945 2824 5009 congestus
2848 4937 2912 4991 de
2934 4939 3266 5009 simplicitate
3285 4937 3774 5007 abdicantiumlwc

2223 4949 2287 4986 ue
2313 4949 2513 5004 quoque
2556 4949 2824 5003 congestus
2848 4949 2912 4991 ae
2934 4949 3266 5009 simplicitate
3285 4949 3774 5007 abdicantiumlwc

2187 4949 2369 5085 zjoca)
2400 5005 2581 5057 timore
2599 5002 2698 5085 De}:
2717 5018 2736 5056 :
2758 5015 2927 5085 tecum
2956 5018 3030 5062 est
3059 5012 3275 5080 cytltara
3296 5024 3343 5085 et
3366 5012 3481 5085 lyra
3507 5017 3563 5071 in
3591 5022 3774 5076 convi-

2186 5074 2320 5159 piis:
2343 5090 2470 5145 opus
2498 5090 2617 5159 vero
2644 5074 2887 5156 .Domini,
2919 5089 2967 5159 et
3020 5074 3456 5159 vaipromissu'm
3495 5074 3770 5159 agentibus

2184 5144 2318 5268 itali}:
2365 5144 2468 5199 non
2516 5155 2590 5198 est
2636 5145 2692 5199 in
2744 5149 2993 5204 memoria
3045 5144 3235 5219 ullius,
3291 5164 3348 5208 ut
3407 5165 3458 5211 et
3510 5144 3773 5231 ῥ’τορήἀᾶ

2224 5230 2289 5268 ιω
2319 5254 2331 5266 .

2184 5225 2405 5384 Ζὶῗξῆι)
2446 5281 2633 5339 Senior
2666 5285 2767 5343 hoc
2792 5287 2912 5345 loco
2937 5306 3117 5364 regem
3147 5307 3244 5350 seu
3266 5296 3563 5370 principem
3590 5301 3768 5375 signi-
