4018 5406
220 373 328 434 293

1267 367 1838 438 PRAELOQUlORUM
1878 368 2052 426 LIBRI
2097 371 2248 428 SEX.
2292 373 2416 428 LlD.
2455 375 2498 430 ιι

3403 379 3514 441 294

222 495 321 549 tris
347 489 451 547 Job
476 491 616 547 filios
647 491 944 546 exstinctos
975 488 1214 545 omnium
1243 488 1570 559 subterfugit
1604 487 1808 543 oculos.
1839 490 1888 548 A
1918 489 2036 544 aliis
2062 492 2190 546 dicit
2223 492 2353 548 foris
2383 511 2394 547 :
2434 491 2553 548 Non
2585 495 2637 548 in
2666 494 3180 551 commessationibus
3211 505 3259 551 et
3285 496 3510 554 ebrieta—

221 584 358 640 Lotli
392 601 421 637 a
471 583 726 638 Sodomis
759 597 917 636 nemo
964 581 1212 636 meminit
1251 582 1520 647 exeuntis,
1575 596 1674 635 nec
1705 579 1817 636 Noe

221 691 403 730 arcam
437 673 715 729 intrantis.
768 673 1050 728 Postremo
1096 687 1331 728 canones
1365 671 1556 726 oblitni
1598 673 1815 739 dantur,

219 765 600 835 prmeipientes
655 764 722 821 de
773 765 984 820 cunctis
1041 765 1342 820 redditibus
1383 765 1647 831 ecclesiae,
1689 766 1816 836 quia

220 867 408 912 sancta
437 866 753 913 sanctorum
784 866 909 912 sunt
932 857 1164 924 Domini,
1197 867 1428 928 quatuor
1451 867 1632 929 partes
1662 857 1812 925 fieri;

219 963 339 1017 qua:
373 949 419 1004 si
448 948 684 1005 ﬁdeliter
714 947 916 1005 fuerint
947 959 1102 1016 aeta},
1134 966 1243 1006 non
1285 950 1408 1006 dico
1449 958 1650 1016 crater,
1680 966 1812 1007 con-

217 1042 340 1104 cba,
379 1040 465 1094 vel
487 1040 935 1109 vqsculatorium,
969 1051 1063 1096 aut
1090 1043 1108 1112 (
1132 1053 1188 1097 ut
1216 1043 1516 1098 mirabilius
1544 1043 1672 1114 qttid
1695 1059 1814 1114 pro-

215 1131 709 1198 feram,etutinam
741 1133 1028 1203 mentiens)
1054 1133 1464 1206 lebes,sciphus
1492 1144 1642 1192 certe
1673 1136 1814 1191 unde

215 1224 330 1286 ﬁat,
365 1223 561 1278 deerit.
592 1223 714 1293 lpse
758 1224 949 1293 (taceo
987 1227 1052 1281 de
1096 1227 1361 1282 conviviis
1412 1227 1630 1298 regiﬁco
1683 1225 1812 1282 luxu

212 1316 466 1387 paratis)
520 1316 637 1386 ipse
688 1318 1039 1386 quotidianus
1091 1335 1331 1390 persaepe
1382 1320 1557 1374 vietus
1585 1329 1813 1392 cogetur

215 1428 371 1468 more
399 1413 546 1468 illius
587 1412 640 1466 in
668 1411 843 1468 lacum
888 1413 1056 1469 clausi
1109 1413 1293 1486 (Dan.
1345 1431 1457 1481 xiv,
1488 1415 1590 1486 50)
1641 1431 1670 1470 a
1703 1415 1812 1470 Deo

212 1505 460 1578 reparari
492 1504 637 1579 (277
659 1505 702 1575 ),
730 1505 814 1560 vel
844 1507 1134 1562 serotinus.
1167 1507 1420 1573 Mentior,
1446 1509 1490 1562 si
1523 1523 1626 1562 non
1664 1508 1812 1562 testi-

211 1599 460 1655 monium
484 1597 671 1654 ferunt
695 1608 856 1654 tantae
885 1615 984 1669 per
1007 1602 1194 1656 orbem
1228 1602 1516 1656 destructa:
1533 1589 1806 1668 'basilicaa,

208 1694 408 1758 viduae,
472 1683 732 1762 orphani,
802 1692 1104 1764 peregrini,
1173 1709 1442 1767 pauperes
1507 1692 1805 1759 innumeri,

208 1785 435 1859 captivi,
463 1784 654 1850 vincti,
687 1784 975 1850 earcerati,
1001 1783 1150 1850 eieci,
1177 1785 1377 1853 claudi,
1403 1785 1626 1852 debiles,
1660 1783 1808 1844 inﬁr-

1918 581 2054 634 tibus
2079 581 2251 652 (Rom.
2297 599 2414 651 xm,
2462 584 2586 653 l5);
2633 595 2729 640 et:
2786 584 3158 640 llumiliautini
3192 588 3286 642 sub
3312 585 3514 659 potenti

1917 689 2077 726 manu
2115 672 2207 727 Dei
2249 674 2297 744 (I
2335 675 2478 729 Petr.
2529 692 2582 740 v,
2613 675 2700 744 6);
2735 686 2830 731 et:
2879 677 3052 731 Nolite
3097 677 3312 749 diligere
3351 696 3509 735 mun-

1916 768 2042 820 dum
2066 785 2300 838 nequeea
2330 786 2447 840 qua:
2476 780 2595 822 sunt
2625 770 2679 822 in
2704 769 2898 823 mundo
2927 769 2978 840 (1
3008 768 3170 824 Joan.
3200 786 3262 836 tt,
3290 771 3400 842 15);
3431 781 3508 838 et,

1917 857 2224 931 Quicunque
2249 861 2464 915 voluerit
2489 863 2690 916 amicus
2714 879 2822 916 esse
2846 862 3028 917 sreculi
3047 863 3228 934 hujus,
3263 861 3508 922 inimicus

1914 949 2013 1004 Dei
2043 953 2378 1006 constituitur
2409 952 2549 1022 (Jac.
2586 971 2659 1021 tv,
2690 954 2784 1026 4)?
2816 953 2944 1009 Esto
2983 954 3070 1010 illa
3099 965 3300 1026 quanto
3331 957 3511 1015 minus

1916 1038 2118 1108 facere,
2149 1059 2249 1097 nec
2289 1044 2417 1098 velit
2445 1045 2668 1111 docere;
2705 1046 2832 1117 quid
2865 1062 2985 1102 eum
3017 1046 3359 1119 compellitur
3382 1064 3508 1104 sur-

1914 1148 2029 1185 sum
2057 1134 2216 1187 corda
2242 1135 2480 1190 clamare
2505 1136 2527 1188 ?
3267 1149 3274 1157 ‘

1994 1222 2047 1278 9.
2076 1222 2274 1278 Verum
2314 1233 2372 1277 ιιι
2413 1225 2596 1279 relicta
2630 1227 2825 1298 specie,
2860 1227 3050 1283 iterum
3078 1227 3350 1298 paululum
3378 1228 3508 1300 quid

1913 1314 2151 1371 varicato
2205 1331 2392 1387 gressu
2446 1326 2780 1371 transeamus
2842 1319 2905 1371 ad
2963 1334 3164 1390 genus;
3220 1320 3329 1376 vini
3375 1333 3497 1394 post

1915 1407 2029 1462 haec
2066 1407 2214 1478 (280)
2245 1408 2440 1462 madidi
2474 1407 2779 1477 potionibus
2808 1408 3059 1474 confecti,
3094 1427 3160 1466 ne
3199 1411 3248 1466 in
3283 1412 3389 1468 ullo
3419 1426 3508 1486 pe-

1914 1499 2058 1554 nitus
2097 1510 2292 1569 praeter
2323 1499 2709 1566 idololatriam,
2741 1517 2861 1555 cum
2908 1516 3006 1558 nec
3035 1503 3172 1558 desit
3205 1503 3255 1559 in
3299 1505 3493 1572 altero,

1912 1590 2016 1646 hoc
2053 1599 2136 1646 est
2167 1590 2393 1645 avaritia
2437 1591 2573 1661 ipsa,
2626 1591 2912 1645 videantur
2955 1591 3242 1648 dissimiles
3288 1593 3391 1649 illis
3430 1595 3499 1651 de

1913 1680 2110 1749 quibus
2145 1673 2346 1736 dietum
2386 1690 2503 1736 est:
2550 1680 2697 1737 Sedit
2743 1681 2966 1753 populus
3003 1685 3322 1739 manducare
3351 1696 3397 1740 et
3429 1686 3510 1740 lii-'-

1913 1772 2051 1838 bere,
2083 1782 2131 1826 et
2157 1783 2494 1827 surrexerunt
2536 1772 2712 1827 ludere
2743 1773 2940 1844 (Exod.
2979 1791 3151 1842 xxx”,
3183 1775 3269 1844 6);
3300 1777 3506 1832 editum

208 1855 304 1943 mi,
340 1876 611 1940 monachi,
646 1876 904 1947 virgines,
940 1892 1038 1946 pro
1085 1877 1280 1932 debitis
1319 1892 1536 1948 quoque
1552 1877 1797 1932 ,constri-
1830 1860 1877 1921 B
1907 1855 2244 1934 arduumque
2274 1864 2581 1934 linquentes
2611 1875 2944 1937 suggestum,
2972 1881 3184 1931 currus,
3216 1875 3274 1920 ut
3303 1867 3376 1922 ita
3421 1867 3521 1923 lo-'

207 1969 302 2035 eti,
336 1977 393 2024 et
445 1966 625 2022 alieno
671 1980 780 2022 aere
808 1966 1075 2036 oppressi,
1119 1967 1184 2021 ad
1224 1967 1472 2021 ultimum
1506 1981 1695 2022 omnes
1732 1964 1801 2020 ad

206 2063 569 2133 quodcunque
599 2058 874 2114 destinati.
902 2058 1132 2129 Aliquod
1165 2058 1475 2129 suffragium
1505 2058 1677 2130 (9.78)
1703 2072 1801 2127 pro

205 2151 534 2207 necessitate
572 2149 939 2220 singulorum,
971 2150 1016 2204 si
1048 2149 1190 2205 valet
1223 2161 1278 2206 et
1316 2164 1420 2203 non
1453 2149 1568 2202 vult
1599 2163 1802 2218 przero-

203 2257 355 2316 gare,
388 2242 792 2297 damnationem
819 2239 1146 2295 fraudulenti
1172 2241 1563 2311 dispensatoris
1590 2239 1800 2294 videbi-

206 2344 292 2389 tur
325 2335 628 2390 incurrere.
662 2333 875 2387 Dictum
905 2340 987 2388 est
1015 2332 1162 2387 enim
1194 2348 1223 2386 a
1256 2333 1492 2403 quodam
1527 2348 1631 2386 non
1671 2348 1801 2387 eon-

203 2423 526 2494 temptibilis
575 2424 914 2478 auctoritatis
965 2422 1333 2489 veracissime,
1389 2423 1515 2492 quia
1575 2421 1802 2492 quilibet

201 2515 566 2578 Christianus,
605 2514 648 2569 si
689 2529 796 2568 non
831 2513 1102 2583 aliquibus
1141 2528 1239 2583 pro
1270 2528 1429 2583 posse
1461 2513 1797 2579 subvenerit,

197 2606 569 2680 iudicabitur;
602 2605 914 2676 episcopus,
948 2604 994 2659 si
1043 2604 1280 2676 aliquem
1325 2605 1642 2677 neglexerit,
1671 2621 1798 2661 con-

202 2697 572 2754 demnabitur.

271 2791 326 2846 8.
362 2789 514 2846 Pone
555 2799 736 2844 tamen
769 2788 883 2844 haec
927 2791 1109 2845 omnia
1137 2789 1279 2859 juste
1320 2791 1655 2862 pleniterque
1695 2793 1799 2848 im-

199 2898 372 2955 pensa
411 2881 489 2937 nil
520 2881 802 2955 obstarent
853 2880 918 2934 ad
963 2880 1171 2936 luxum.
1226 2881 1464 2936 Debetue
1508 2883 1698 2938 doctor
1733 2899 1796 2938 ea

200 2971 1230 3075 ambire‘uwl‘liisnl’ugienda
1277 2973 1600 3028 omnimodis
1642 2973 1798 3030 esse?

199 3065 341 3134 Quid
362 3063 509 3122 enim
534 3065 578 3119 si
597 3063 892 3136 θρίω
917 3063 1002 3117 illa
1027 3063 1354 3134 percellatur
1381 3065 1667 3130 sententia,
1692 3083 1797 3136 qua

199 3155 864 3231 diciturzAMcas
895 3173 998 3210 non
1037 3155 1348 3225 furandum,
1394 3158 1590 3227 furoris
1620 3159 1791 3231 (Rom.

199 3267 272 3316 ιι,
309 3251 404 3320 21)
430 3225 857 3314 ἷεποιιιὶιιὶςιι
907 3264 1040 3303 voce
1079 3247 1305 3303 feriatur
1356 3225 1602 3305 dicente:
1628 3225 1798 3321 ‘Ejice

196 3343 427 3413 primum
456 3340 654 3395 trabem
678 3339 743 3393 de
770 3338 919 3393 oculo
943 3350 1032 3392 tuo
1067 3338 1281 3410 (Matth.
1317 3357 1411 3404 vn,
1445 3341 1530 3411 5);
1565 3351 1647 3397 et:
1690 3341 1802 3396 Me-

200 3434 316 3487 dice
348 3449 479 3486 cura
503 3433 725 3502 teipsum
750 3433 897 3502 prius
932 3430 1079 3502 (Luc.
1112 3449 1184 3498 1v,
1209 3433 1349 3503 25)?
1381 3434 1477 3490 Ubi
1497 3446 1676 3489 autem
1699 3436 1804 3490 erit

197 3525 330 3579 illud
363 3522 525 3598 146
562 3522 805 3593 ejusdem
837 3525 1086 3595 apostoli,
1135 3528 1352 3598 castigo,
1386 3527 1635 3592 dicentis,
1687 3545 1802 3581 cor-

193 3632 293 3687 pus
333 3631 528 3679 meum,
571 3626 616 3668 et
663 3615 902 3669 servituti
952 3615 1194 3685 subjicio,
1245 3634 1306 3671 ne
1346 3617 1478 3686 forte
1518 3636 1635 3671 cum
1683 3618 1802 3672 aliis

194 3709 613 3782 prwdicarerim,
654 3710 766 3780 ipse
811 3709 1058 3778 reprobus
1093 3710 1286 3778 emciar
1330 3708 1379 3780 (I
1406 3709 1526 3764 Cor.
1564 3726 1639 3775 Ix,
1667 3709 1804 3780 27)?

198 3802 271 3858 Ut
303 3802 449 3857 enim
485 3818 514 3854 a
558 3801 895 3871 peritissimo
928 3802 1383 3872 sanctissimeque
1410 3811 1538 3858 ante
1564 3819 1663 3856 nos
1685 3801 1799 3870 jam

195 3895 407 3949 dictum
437 3904 520 3947 est
545 3891 771 3948 ductare
797 3909 808 3945 :
848 3891 1014 3962 Cujus
1049 3895 1152 3946 vita
1180 3894 1464 3964 despicitur
1489 3904 1643 3948 restat
1678 3905 1729 3948 ut
1753 3904 1804 3949 et

194 3986 507 4057 prtrdicatio
545 3993 913 4040 contemnatur
943 3983 1132 4054 (Gneo.
1158 3983 1250 4038 lib.
1278 4002 1316 4051 ι,
1339 3987 1392 4038 in
1418 3983 1618 4056 Evaug.
1651 3986 1798 4041 lium.

197 4080 315 4151 12).
341 4080 482 4147 Quid
505 4095 631 4136 vero
654 4079 808 4151 (9.79)
825 4078 924 4134 sibi
949 4079 1052 4149 ipsi
1076 4079 1281 4135 intimis
1311 4080 1493 4136 talium
1513 4082 1655 4153 quis,
1677 4097 1803 4138 cum

267 4281 421 4358 (277)
453 4281 784 4358 ln‘vulga‘tis
815 4281 960 4358 nullo
999 4297 1162 4358 sensu
1194 4284 1444 4358 separati.
1491 4283 1802 4358 C_orrectio-

196 4353 324 4412 nem
353 4355 618 4424 approbat
643 4354 812 4408 etiam
846 4353 1070 4408 historia
1106 4354 1312 4418 Daniel,
1338 4355 1422 4408 cui
1451 4370 1480 4409 a
1517 4355 1624 4411 Deo
1648 4358 1802 4414 cibus

197 4438 423 4500 paratus
444 4424 567 4500 fuit.
595 4424 821 4500 Sensus
843 4433 1021 4479 autem
1047 4436 1159 4479 est:
1198 4426 1252 4478 Si
1285 4425 1523 4500 redditus
1557 4428 1801 4484 ecclesia:

197 4496 434 4556 fideliter
464 4497 778 4551 dividantur
811 4496 863 4549 in
897 4504 1077 4564 partes
1098 4506 1350 4566 quatuor,
1382 4505 1442 4550 ut
1465 4496 1660 4564 jttlient
1709 4516 1798 4554 ca-

197 4585 404 4635 nones,
447 4585 551 4622 non
587 4567 765 4622 solum
809 4568 999 4632 deerit,
1032 4569 1168 4620 unde
1205 4568 1336 4621 liant
1364 4577 1621 4631 crateres,
1661 4580 1791 4636 etc.,

197 4642 293 4698 sed
323 4643 438 4710 ipse
456 4641 622 4712 etiam
640 4639 806 4712 rcibus
831 4637 1200 4712 quotidianus,
1227 4637 1309 4712 vel
1341 4640 1614 4712 serotinus
1647 4658 1794 4712 coge-

197 4723 303 4774 tur,
337 4708 430 4766 seu
458 4710 678 4765 debebit
709 4711 956 4779 reparari
979 4725 1008 4762 ιι
1032 4709 1164 4775 Deo,
1190 4719 1246 4764 ιιι
1268 4708 1396 4765 fecit
1418 4727 1541 4766 cuiu
1569 4708 1794 4768 Daniele

197 4785 252 4840 in
274 4785 395 4837 lacu
424 4782 639 4836 leonum
673 4780 878 4836 clauso.

268 4854 419 4924 (278)
453 4853 516 4925 lu
572 4851 721 4925 vulg.
773 4852 1031 4907 mendose
1085 4852 1311 4922 alicujus
1361 4853 1624 4925 suffragii.
1676 4854 1792 4910 Nisi

200 4923 568 4996 supplendum
601 4923 756 4978 malis
782 4941 954 4993 apem,
991 4926 1385 4996 correctionem
1425 4923 1790 4981 necéssariatn

197 4993 485 5067 iudicabis.
538 4993 683 5067 Post
716 5010 885 5064 pauca
929 5003 1049 5048 erat
1093 4995 1144 5067 in
1201 4996 1392 5067 iisdem
1445 4998 1696 5066 vulgatis,
1744 4997 1790 5051 si

201 5065 351 5132 calet,
384 5076 431 5122 et
466 5083 572 5120 non
602 5065 733 5120 valet
762 5082 1066 5137 prorogare.
1099 5065 1517 5122 Emendavimus
1537 5065 1792 5140 exigente

201 5150 485 5193 sententia.

272 5209 420 5281 (279)
445 5209 728 5281 Construe,
754 5217 810 5264 et
833 5205 1054 5276 supple:
1083 5206 1222 5281 Quid
1249 5226 1365 5264 vero
1393 5205 1583 5281 aliquis
1606 5210 1794 5265 talium

203 5279 323 5335 dicit
343 5279 454 5360 sibi
476 5280 575 5360 ipsi
606 5281 660 5333 in
682 5279 900 5360 intimis,
931 5294 1047 5360 cum
1072 5279 1193 5334 dicit
1216 5283 1333 5336 aliis
1370 5279 1523 5348 l'oris.

1821 4607 1874 4669 D

1905 1969 2065 2023 quar,
2107 1955 2412 2025 rbedasque
2451 1957 2843 2022 conscendunt,
2883 1973 3240 2026 spnmcasqne
3271 1957 3506 2017 subeunt

1907 2061 2079 2115 equos
2101 2045 2327 2101 habenis
2357 2046 2556 2113 aureis,
2582 2047 2823 2102 murenis
2847 2048 3135 2117 argenteis,
3167 2047 3334 2104 frenis
3357 2047 3498 2105 Ger-

1905 2137 2153 2203 manicis,
2188 2136 2336 2191 sellis
2386 2135 2674 2192 Saxonicis
2709 2135 2987 2202 faleratos,
3021 2138 3086 2192 ad
3130 2138 3510 2210 quoslibetquo

1903 2237 2218 2298 properant,
2251 2242 2388 2298 quos
2417 2228 2638 2298 crapula
2679 2228 2987 2294 dictaverit,
3025 2229 3195 2284 lusus.
3229 2228 3380 2285 Tune
3418 2231 3509 2287 ille

1904 2321 2100 2373 sedens
2131 2318 2297 2374 asello
2323 2317 2506 2389 (Joau.
2535 2335 2634 2384 xu,
2665 2316 2776 2388 l5),
2804 2318 2958 2374 fortis
2983 2330 3037 2373 et
3070 2328 3260 2389 potens
3294 2321 3344 2374 in
3374 2336 3508 2391 pra:-

1904 2410 1975 2466 lio
2000 2410 2116 2485 (Ps.
2150 2429 2307 2478 xxiii,
2351 2412 2427 2482 8),
2462 2428 2567 2466 non
2606 2411 2767 2466 alicui
2803 2412 3043 2466 occurrit
3076 2412 3129 2467 in
3170 2413 3370 2467 animo.
3404 2413 3508 2468 'l‘e-‘-

1903 2521 2025 2560 cum
2078 2504 2225 2576 (28l)
2285 2519 2439 2575 reges
2490 2504 2589 2575 ipsi
2639 2504 2820 2560 smculi
2869 2504 3040 2576 gloria
3087 2505 3293 2576 pratiri,
3340 2517 3506 2574 quam

1902 2595 2264 2665 apostolorum
2294 2603 2583 2666 paupertas
2613 2594 2853 2662 imitari;
2884 2595 3108 2649 divitum
3139 2596 3388 2665 voluptas
3415 2609 3506 2650 su-

1899 2688 2099 2757 perari,
2128 2702 2290 2757 quam
2317 2687 2650 2757 piscatorum
2678 2687 2941 2742 sanctitas
2964 2687 3116 2757 sequi
3147 2687 3404 2742 ambitur.

1976 2796 2060 2851 10.
2091 2794 2288 2850 Lectus
2313 2804 2436 2864 post
2463 2796 2580 2850 haec
2603 2803 2828 2850 ornatur
2856 2794 3036 2851 aureis
3064 2795 3355 2851 distinctus
3392 2795 3503 2852 mi-

1903 2890 2054 2946 riﬁce
2093 2889 2312 2954 crustis,
2349 2888 2519 2944 fulcra
2557 2889 2748 2945 sericis
2784 2889 2996 2960 depicta
3038 2887 3391 2958 proferuntur
3416 2888 3503 2946 fa-

1903 2983 2095 3047 cturis,
2119 2981 2346 3037 culcitra
2369 2981 2481 3052 ipsa
2496 2980 2658 3050 pallio
2679 2981 2886 3052 Optimo
2913 2991 3186 3052 cooperta,
3205 2982 3503 3040 scabeilunt

1916 3081 2094 3144 tapete
2145 3073 2377 3128 Gothico
2435 3081 2658 3127 tectum.
2706 3072 2852 3128 liiter
2900 3073 3016 3129 btec
3064 3071 3210 3144 (282)
3263 3087 3506 3145 praesepe

1906 3165 2074 3220 nostri
2096 3164 2338 3229 infantis,
2359 3164 2460 3236 ipsi
2479 3180 2577 3220 nec
2605 3165 2793 3236 panni,
2822 3181 2923 3220 nec
2953 3166 3128 3235 ipsum
3160 3166 3327 3220 menti
3354 3166 3507 3221 adest

1907 3257 2263 3312 diversorium
2321 3255 2471 3324 (Luc.
2526 3274 2598 3323 ιι,
2640 3257 2727 3328 7);
2783 3257 2970 3326 procul
3018 3273 3048 3311 a
3102 3258 3366 3312 memoria
3415 3256 3506 3312 iile

1906 3360 2068 3421 caput
2100 3367 2208 3405 non
2239 3351 2443 3405 habens
2479 3349 2566 3404 ubi
2592 3350 2815 3405 reclinet
2847 3349 2998 3423 (Luc.
3029 3367 3106 3417 ix,
3135 3351 3246 3420 58).
3292 3341 3506 3406 Martia;

1906 3444 2057 3499 cibus
2088 3443 2304 3498 tandem
2336 3457 2526 3498 somno
2563 3443 2710 3497 curis
2737 3457 2987 3506 excusso,
3034 3459 3085 3496 ιιι
3120 3442 3236 3513 ipso
3267 3443 3504 3498 obleciav

1906 3538 2048 3591 mine
2097 3537 2196 3592 tori
2245 3552 2364 3591 sese
2408 3535 2730 3600 volutantes,
2780 3551 2879 3589 nec
2921 3535 3201 3604 quiescere
3241 3535 3501 3600 valentes,

1905 3645 2002 3699 pro
2035 3629 2314 3683 matutinis
2349 3629 2562 3701 hymnis
2591 3630 2885 3684 murmuria
2923 3630 3168 3698 quaedam
3195 3627 3342 3700 (285)
3374 3645 3503 3700 pro-

1906 3717 2105 3784 ferunt,
2133 3719 2342 3789 injuriae
2368 3703 2548 3788 potius
2573 3729 2698 3790 apta
2728 3735 2891 3790 quam
2919 3719 3128 3791 gratim,
3165 3709 3500 3790 contemptui

1906 3829 2066 3883 quam
2104 3813 2362 3882 receptui,
2394 3813 2755 3868 exsecrationi
2787 3829 2951 3883 quam
2981 3811 3334 3868 exauditiont.

1977 3903 2063 3957 il.
2085 3901 2186 3958 Ubi
2213 3918 2339 3957 vero
2362 3912 2577 3956 ventum
2601 3901 2766 3958 fuerit
2787 3904 2854 3957 ad
2875 3903 3149 3966 vestitum,
3177 3903 3499 3973 peregrinis,

1907 4006 1965 4050 ut
1985 3995 2118 4062 dixi,
2143 4011 2305 4065 quam
2333 3994 2634 4066 patrioticis
2659 3995 2986 4050 amiciuntur
3013 3992 3169 4067 147
3193 3993 3500 4061 ornatibus,

1905 4089 2158 4146 cruribus
2179 4087 2329 4160 (284)
2369 4087 2632 4143 teretibus
2659 4087 2856 4154 instar,
2892 4097 3070 4155 torno,
3102 4096 3162 4141 ut
3197 4087 3273 4142 ita
3300 4087 3500 4155 dicam,

1905 4290 2179 4346 videantur
2199 4285 2479 4341 dissimiles
2503 4283 2630 4351 illis,
2663 4286 2729 4341 de
2753 4285 2939 4356 quibus
2970 4287 3167 4341 dictum
3199 4297 3272 4342 est
3299 4305 3311 4340 :
3347 4286 3500 4343 Sedit

1904 4362 2148 4431 populus,
2178 4369 2412 4431 etc.,ne,
2437 4358 2970 4431 inquam,videantur
2995 4359 3074 4411 Itis
3103 4359 3306 4431 penitus
3339 4359 3500 4414 dissi-

1905 4427 2052 4484 miles
2079 4432 2132 4483 iu
2157 4429 2264 4483 utlo
2295 4441 2483 4498 printer
2508 4427 2893 4493 idololatriam,
2921 4445 3039 4482 eum
3067 4446 3157 4482 nec
3181 4429 3315 4483 desiit
3353 4431 3494 4500 (ipsa

1906 4500 2232 4570 idololatria)
2275 4501 2331 4553 in
2377 4501 2565 4564 altera,
2608 4500 2705 4552 hoc
2741 4509 2814 4553 est
2857 4500 3082 4571 avaritia
3125 4500 3238 4571 ipsa
3277 4501 3498 4571 (quippe

1905 4588 2024 4639 qtae
2044 4568 2308 4624 idolorum
2329 4571 2548 4623 servitus
2591 4583 2817 4624 vocatur
2850 4585 2881 4623 a
2922 4570 3091 4626 Paulo
3124 4568 3499 4641 [Ep/1.31.5”

1899 4636 2188 4715 linquentes
2213 4641 2412 4694 editum
2440 4641 2768 4713 arduumque
2791 4651 3110 4712 suggestum,
3126 4636 3500 4695 conscendunt

1900 4731 2110 4777 currus,
2137 4721 2246 4767 etc.

1972 4786 2122 4856 (281)
2155 4781 2332 4856 Hujus
2347 4782 2550 4852 periodi
2575 4799 2766 4840 sensus
2797 4782 3147 4856 eXplricandus
3167 4790 3272 4856 est.
3305 4779 3500 4856 Tecum

1900 4850 1999 4928 pro
2031 4875 2063 4910 a
2105 4850 2153 4911 te
2192 4850 2431 4928 ambitur
2474 4856 2666 4928 praeire
2708 4850 2884 4925 reges'
2914 4855 3058 4925 ipsos
3101 4852 3268 4928 gloria
3314 4850 3498 4906 smeuli

1901 4923 2097 5000 potius,
2129 4942 2291 5000 quam
2330 4927 2529 5000 imitari
2558 4923 3355 5000 paupertatemapostolorum;
3402 4938 3494 4977 suc

1899 4997 2094 5071 perure
2131 4999 2437 5066 voluptates
2471 4998 2717 5066 divitum,
2759 5012 2922 5069 quam
2963 4997 3114 5065 sequi
3155 5001 3500 5056 sanctitatem

1905 5082 2236 5142 ριεριιιοιιιιιι
2249 5106 2264 5121 ι
2492 5139 2510 5142 _
2660 5141 2665 5142 γ
2971 5137 2979 5142 _
3233 5131 3243 5142 .

1977 5142 2454 5214 (289.),Construe:
2481 5139 2628 5214 Inter
2647 5141 2759 5196 haec
2783 5155 2884 5214 non
2910 5137 3063 5214 adest
3087 5137 3243 5190 menti
3269 5149 3502 5214 privsepe

1906 5205 2072 5286 nostri
2111 5205 2375 5286 infantis,
2415 5229 2505 5268 nec
2541 5213 2643 5282 ipsi
2687 5212 2870 5286 panni,
2917 5223 3009 5261 nec
3046 5209 3214 5286 ipsum
3266 5205 3504 5286 diverso-

1903 5285 2072 5341 rium:
2113 5276 2295 5355 prbcut
2328 5296 2404 5339 est
2433 5303 2464 5339 a
2495 5276 2745 5339 mémoria
2782 5279 2869 5335 ille
2908 5293 3011 5332 non
3045 5276 3260 5339 habens,
3303 5276 3390 5329 ubi
3425 5292 3504 5329 re«
