4018 5406
551 288 660 346 295

1464 294 1792 352 RATHERII
1829 294 2044 352 EPISC.
2090 293 2343 352 VERON.
2384 295 2535 352 OPP.
2575 295 2757 354 PARS
2791 296 2833 352 Ι.

3724 303 3824 363 296

552 406 732 478 potius
761 406 955 476 aptatis
978 422 1142 478 quam
1179 423 1362 478 manu,
1397 412 1466 466 ita
1502 423 1560 467 ut
1585 412 1788 482 qumvis
1821 426 2006 467 earum
2039 427 2131 468 co-
2163 418 2212 476 Α
2240 412 2536 477 videntum,
2578 413 2810 467 subeunt
2848 409 3011 489 148
3039 426 3232 484 equos,
3269 414 3450 472 aureis
3476 425 3696 475 ornatos
3716 429 3820 496 tor-

550 497 732 552 lumua
782 498 982 552 ret-tius
1020 500 1123 555 dici
1159 504 1331 572 possit
1372 519 1531 574 quam
1573 504 1721 559 tibia.
1769 506 1976 576 Corpus
2017 521 2144 561 vero

555 597 724 643 totum
753 597 902 643 tanto
926 591 1101 645 studio
1123 593 1378 659 comitur,
1401 603 1458 647 ut
1478 595 1764 649 lueresium
1780 595 1926 666 (285)
1946 596 2140 665 ipsum,

550 682 692 753 quod
717 681 830 736 solo
857 681 1073 754 frigoris
1102 683 1361 740 debuerat
1386 686 1607 741 obtentu
1629 688 1834 757 parari,
1868 696 2018 742 tanto
2035 705 2170 744 me-,

550 775 656 831 lius
684 784 887 846 quanto
909 776 1157 846 Spissius,
1188 792 1308 832 cum
1331 777 1402 833 sit
1420 793 1485 834 ex
1509 777 1668 847 pallio
1693 777 1889 833 factum
1912 779 2137 850 optimo,

553 866 781 920 liinbtun
835 867 1030 922 habeat
1078 883 1144 922 ex
1193 868 1320 934 alio,
1359 869 1525 939 quod,
1577 869 1621 924 si
1667 869 1895 924 inveniri
1937 881 2133 941 posset,

550 955 745 1015 melius
789 959 858 1014 sit
895 959 1134 1030 optimo;
1178 960 1332 1030 cujus
1374 960 1600 1016 latitudo
1637 970 1980 1028 emtcrorum,
2032 962 2136 1018 nisi

547 1051 763 1120 quidem
813 1050 1134 1117 tnodicatur,
1171 1051 1266 1106 sed
1310 1051 1378 1106 ad
1416 1051 1605 1117 cubiti,
1647 1060 1866 1121 superat
1919 1067 2136 1108 mensu-

546 1159 702 1207 ram;
756 1143 842 1198 cui
891 1143 936 1197 si
977 1143 1106 1215 quid
1157 1160 1327 1216 genus
1376 1145 1682 1200 vestimenti
1732 1145 2130 1216 superponitur,

548 1241 698 1288 tanta
733 1233 858 1289 huic
883 1233 1134 1290 elationis
1163 1235 1423 1291 industria
1462 1245 1766 1306 coaptatur,
1796 1246 1854 1290 ut
1882 1246 1974 1290 aut
2007 1237 2133 1292 sub-

542 1328 768 1393 tilitate,
819 1336 911 1382 aut
962 1327 1202 1398 qualibet
1249 1328 1413 1384 etiam
1465 1339 1589 1385 enm
1630 1329 1826 1384 damno
1872 1329 2130 1397 scissura,

544 1419 892 1492 ipsumquod
921 1421 1111 1477 subtus
1144 1429 1326 1492 tegere
1355 1423 1638 1486 debuerat,
1668 1422 1861 1493 prodat
1892 1423 2131 1478 miracu-

538 1512 671 1567 lum.
720 1510 992 1566 Lumbare
1030 1511 1176 1583 (286)
1225 1520 1406 1568 autem
1443 1513 1643 1582 ipsum,
1687 1513 1914 1584 pedibus
1959 1527 2130 1584 usque

537 1603 778 1659 sedentis
817 1611 1150 1672 porrectum,
1202 1618 1367 1658 aurea
1415 1603 1576 1658 ﬁbula
1623 1591 1984 1675 compactum,
2034 1620 2130 1658 au-

539 1707 691 1747 reum
755 1692 809 1745 in
850 1691 1163 1747 summitate
1201 1691 1510 1748 videntibus
1557 1691 1716 1747 offert
1757 1701 1812 1748 et
1864 1693 2125 1760 balteum,

2245 505 2458 574 quibus,
2488 505 2656 560 frenis
2682 507 2972 576 argenteis,
3005 507 3139 562 tanti
3169 523 3299 563 vero
3327 505 3604 578 ponderis,
3633 519 3693 566 ut
3720 511 3816 582 ipsi

2243 595 2578 651 solummodo
2652 595 2858 650 ferendi
2927 596 3236 654 fortissimis
3295 615 3508 670 quoque
3581 600 3818 660 sufﬁcere

2240 697 2462 756 possent
2486 687 2660 756 equis,
2679 686 2897 757 quibus,
2925 696 2983 742 ut
3011 688 3190 744 verbis
3212 691 3460 747 ornatius
3483 690 3537 747 id
3560 704 3818 764 exsequar

2239 787 2396 852 poeta
2423 796 2436 834 :

2241 951 2250 957 _
2329 892 2496 957 aurea
2521 892 2804 957 pectoribus
2824 893 3040 957 demissa
3068 892 3264 957 monilia
3289 893 3525 955 pendent,

2327 953 2466 1005 Tecti
2490 953 2612 1004 auro
2633 953 2811 1004 fulvum
2836 954 3035 1007 madunt
3051 956 3137 1019 qui
3159 953 3390 1007 dentibus
3409 953 3606 1024 aurum;

2235 1059 2300 1116 Et
2328 1059 2446 1116 vel.

2329 1149 2383 1214 la
2409 1149 2676 1214 gramineis
2692 1150 3173 1214 exercentmembra
3194 1148 3456 1214 palestris;

2327 1211 2638 1264 Contendant
2659 1213 2789 1275 ludo,
2815 1218 2869 1264 et
2890 1211 3016 1265 fulva
3038 1211 3278 1264 luctantur
3295 1211 3476 1276 arena;

2232 1317 2380 1373 Aut:

2324 1408 2638 1477 Exercentur
2658 1410 2816 1477 equis,
2843 1411 3181 1477 domitantque
3202 1410 3480 1477 inpulvere
3503 1424 3693 1477 currus,

2324 1473 2421 1538 aut
2440 1483 2581 1538 acres
2600 1473 2808 1523 tendunt
2829 1485 2990 1537 arcus,
3010 1477 3093 1524 aut
3111 1473 3246 1524 lenta
3262 1473 3482 1538 lacertis;

2322 1532 2518 1597 Spicula
2539 1541 2894 1598 contorquent;

3034 1595 3196 1657 (Vitta.
3216 1595 3413 1650 ﬁnem.
3440 1612 3524 1663 vn,
3545 1614 3613 1662 Vl,
3639 1615 3685 1653 vr

2230 1711 2326 1758 aut
2360 1702 2446 1757 his
2485 1700 2708 1769 similia,
2755 1709 2816 1756 ut
2859 1701 2926 1758 ad
2954 1710 3144 1759 nostra
3182 1703 3484 1771 redeamus,
3517 1715 3807 1774 exercent;

543 1800 650 1840 non
680 1785 798 1840 sine
821 1784 971 1856 gravi
1003 1784 1312 1840 ambitionis
1342 1793 1610 1840 tormento
1637 1785 1842 1840 visibus
1863 1786 2130 1855 ingestum
2157 1777 2206 1839 B
2231 1792 2330 1850 aut
2354 1801 2501 1850 certe
2530 1793 2739 1850 relictis
2767 1793 3100 1863 caelestibus,
3133 1802 3372 1852 tractam
3407 1806 3465 1851 οι
3499 1807 3696 1854 ειη-ειη
3728 1815 3809 1855 so.

534 1877 853 1942 multorum,
888 1877 961 1932 ita
991 1885 1050 1931 ιιι
1092 1877 1146 1931 in
1179 1876 1281 1932 hoc
1323 1877 1439 1932 solo
1475 1885 1656 1947 posset
1687 1877 1856 1931 videri
1890 1878 2128 1947 complc-

536 1975 667 2032 tum,
711 1969 836 2038 quia
877 1968 1002 2022 dum
1047 1968 1276 2038 superbit
1317 1969 1530 2038 impius,
1579 1968 1878 2022 incenditur
1929 1985 2129 2040 pauper

533 2059 710 2132 (Psal.
755 2077 832 2126 ix,
862 2060 938 2132 2).
978 2060 1115 2115 Tum
1163 2075 1293 2115 vero
1337 2059 1520 2115 videas
1547 2060 1809 2130 quosdam
1853 2069 2126 2132 mastruga

531 2167 634 2225 pro
670 2169 838 2225 cappa
892 2153 1065 2224 (287),
1093 2152 1296 2222 galero
1344 2151 1614 2222 Ungarico
1665 2168 1762 2223 pro
1806 2153 2127 2210 sacerdotali

531 2245 698 2318 pileo,
728 2254 941 2315 sceptro
967 2244 1042 2298 uti
1076 2259 1174 2314 pro
1200 2243 1414 2308 baculo,
1448 2258 1546 2298 nec
1569 2244 1809 2314 cogitare
1839 2243 1965 2298 illud
1988 2244 2128 2315 Apo-

533 2337 658 2393 stoli
685 2355 697 2391 :
737 2333 858 2391 Non
886 2337 940 2390 in
972 2346 1106 2390 reste
1127 2336 1354 2406 pretiosa
1385 2333 1435 2405 (1
1467 2333 1602 2388 Tim.
1632 2350 1690 2400 ll,
1728 2335 1782 2404 9)
1809 2352 1823 2401 ;
1855 2349 1954 2391 nec
1984 2334 2126 2391 illius

532 2430 765 2510 dicentis
803 2428 1108 2484 reminisci:
1145 2427 1297 2492 Quod
1325 2437 1552 2498 superest
1589 2428 1708 2482 date
1745 2425 2124 2498 eleemosynam

534 2517 689 2591 (Luc.
721 2534 800 2584 XI,
827 2518 955 2588 ll);
996 2526 1072 2580 et,
1105 2516 1258 2581 Quod
1285 2515 1450 2568 altum
1479 2525 1550 2569 est
1579 2516 1894 2580 hominibus,
1927 2516 2124 2570 abomi-

533 2609 678 2662 natio
703 2617 778 2662 est
807 2617 928 2661 ante
953 2606 1121 2661 Deum
1147 2603 1298 2675 (Luc.
1327 2621 1438 2670 χιιι,
1469 2606 1589 2675 15);
1622 2615 1697 2670 ct,
1732 2606 1928 2660 dicturi
1955 2625 1966 2660 :
2000 2605 2122 2660 Nu-

531 2700 633 2754 dus
674 2699 751 2769 {ui
785 2709 832 2754 et
873 2715 975 2752 non
1011 2698 1286 2769 operuistis
1325 2713 1405 2751 me
1444 2696 1658 2766 (Matth.
1693 2715 1819 2764 xxv,
1855 2698 1967 2769 36),
1999 2715 2122 2754 cum

533 2791 649 2863 ipse
678 2804 1049 2862 percussorem
1081 2803 1238 2844 suum
1281 2803 1387 2843 non
1421 2789 1593 2842 solum
1621 2789 1690 2844 de
1728 2789 1894 2856 mille,
1930 2791 2022 2846 sed
2053 2789 2122 2847 de

531 2882 739 2939 duabus
773 2881 974 2938 tunicis
1017 2896 1232 2950 quoque
1291 2895 1454 2935 unam
1503 2881 1761 2952 indigenti
1803 2883 2123 2953 praeceperit

529 2975 645 3032 dari
671 2973 822 3046 (Luc.
857 2989 940 3040 ιιι,
969 2973 1079 3044 Η).

601 3068 690 3122 t2.
721 3066 885 3122 Missa
917 3066 1116 3122 dehinc
1141 3079 1369 3121 excursa
1400 3063 1579 3137 potius
1607 3079 1770 3135 quam
1809 3073 2114 3132 excantata,

525 3178 614 3236 vel
651 3178 817 3252 (quod
861 3186 946 3234 est
975 3177 1211 3249 gravius)
1264 3176 1553 3247 aliquoties
1587 3178 1807 3248 penitus
1849 3178 2116 3250 neglecta,
2144 3155 2192 3218 (ἶ

528 3287 670 3345 pane
699 3279 922 3342 accepto
952 3277 1008 3325 et
1039 3269 1228 3324 bibere
1255 3267 1426 3341 (288),
1458 3268 1602 3339 quod
1628 3270 1814 3338 utique
1842 3269 1910 3324 ad
1938 3270 2118 3341 regale

527 3365 813 3436 prandium
846 3370 1028 3434 posset
1059 3360 1324 3427 suﬂicere,
1378 3361 1526 3416 nullo
1572 3363 1856 3426 existente,
1887 3364 1978 3433 qui
2019 3379 2120 3420 nec

528 3453 597 3508 ad
623 3452 879 3518 litteram,
912 3466 1012 3506 nec
1047 3451 1112 3505 ad
1144 3466 1385 3516 sensum,
1419 3450 1550 3506 velit
1585 3451 1786 3506 dictum
1820 3453 2116 3521 reminisci,

527 3547 653 3620 quia
706 3545 800 3601 Va:
839 3555 1015 3612 terrm,
1058 3544 1210 3615 cujus
1251 3545 1509 3614 principes
1544 3561 1696 3599 mane
1734 3545 2030 3612 comedunt,
2069 3554 2118 3600 et

527 3638 680 3709 cujus
706 3653 798 3692 rex
821 3653 998 3692 servus
1025 3633 1221 3707 (Eccle.
1252 3651 1307 3698 ιι,
1341 3636 1460 3707 16);
1497 3635 1690 3690 iterum
1721 3635 1982 3703 Faliscos,
2009 3651 2118 3692 non

527 3727 743 3798 quidem
774 3742 910 3798 quos
937 3726 1127 3797 pridie,
1159 3739 1227 3779 ne
1264 3724 1445 3779 forsan
1488 3724 1808 3780 assiduitate
1851 3725 2119 3782 vilescant

621 3860 748 3932 285)
781 3858 1076 3932 Haeresium
1103 3857 1226 3929 (nisi
1262 3871 1420 3912 error
1447 3856 1700 3924 laleatiin
1728 3856 2018 3928 scriptura)
2052 3873 2119 3913 ea:

526 3930 690 4005 pallio
709 3930 909 4005 cptimo
941 3930 1170 4005 lacerum
1205 3942 1375 4005 genus
1399 3937 1539 3991 erat,
1569 3943 1690 4005 quae
1723 3935 1889 4005 totum
1919 3943 2118 4005 corpus

526 3997 853 4058 defendebat
878 4014 908 4053 a
939 4000 1173 4069 frigore:
1205 3997 1424 4068 paliium
1455 4006 1634 4069 autern
1663 3997 1764 4051 hoc
1784 3998 1912 4069 loco
1939 3999 2115 4068 ipsum

567 4088 766 4128 annum
796 4068 1065 4141 signiﬁcat
1094 4068 1825 4141 sericuni,_autpretiosioris
1846 4069 2112 4123 matcriei.

567 4088 766 4128 annum
796 4088 1065 4141 Slglllllcal
1094 4088 1352 4130 εει-1011111,
1377 4088 1470 4122 aut.
1488 4088 1825 4136 [)I‘CUUSIOI'IS
1846 4088 2112 4123 matertet.

527 4088 667 4200 {line
719 4157 900 4196 correr
943 4140 996 4193 al
1037 4139 1198 4208 pallio
1251 4138 1674 4208 ltalicerdieitttr
1722 4139 1789 4191 de
1850 4153 2115 4206 equorum

527 4229 714 4278 cursu,
740 4228 805 4267 co
826 4211 968 4281 quod
996 4207 1202 4282 praemii
1230 4208 1348 4263 loco
1373 4207 1735 4282 pallium,_seu
1759 4223 1970 4279 pannus
1993 4225 2116 4282 pre;

528 4285 717 4342 tiosior
738 4278 1077 4338 vincentibus
1103 4286 1458 4351 proponalur.
1482 4278 1594 4333 Hoc
1620 4278 1936 4351 item'seusu
1965 4278 2117 4349 pallii

525 4370 715 4412 vocem
746 4353 866 4407 aliis
898 4355 952 4408 in
985 4350 1323 4407 documentis
1358 4359 1637 4419 acceptam
1669 4350 1905 4419 Cangius
1931 4360 2116 4404 osten-

527 4427 606 4482 dit
641 4441 694 4480 v.
736 4422 992 4478 Pallium.
1030 4422 1199 4478 Pallia
1232 4463 1245 4485 ,
1298 4435 1418 4489 qua:
1473 4421 1525 4475 in
1561 4421 1838 4490 provincia
1884 4421 2110 4476 Venetia

526 4497 748 4561 fiebant,
787 4504 1052 4579 memorat.
1102 4493 1393 4548 Ratberius
1438 4491 1492 4546 in
1541 4492 1701 4563 epist.
1743 4490 1799 4558 2,
1852 4493 1918 4546 ad
1968 4490 2111 4546 Nan-
2138 4518 2191 4579 ι)

527 4581 723 4625 nonem
755 4582 901 4620 num.
938 4568 988 4622 1.

600 4637 748 4710 (286)
799 4635 1058 4710 Lumbare
1097 4636 1202 4690 hoc
1243 4633 1362 4710 loco
1401 4632 1544 4687 idem
1577 4642 1757 4710 es_t__ac_
1804 4631 2106 4699 femoralia,

527 4703 622 4766 seu
671 4703 878 4763 br'accze
909 4707 1200 4777 longiores,
1244 4703 1436 4774 quibus
1475 4713 1595 4758 erat
1633 4703 1796 4759 libula
1838 4719 2024 4770 aurea,
2055 4712 2113 4760 et

526 4781 768 4836 balteum
798 4792 892 4833 seu
922 4777 1168 4847 cingulus
1194 4790 1412 4847 aureus.

602 4849 752 4924 (287)
784 4848 984 4924 Cappa,
1007 4843 1368 4924 sacerdotalis
1394 4843 1588 4924 pilcus,
1609 4851 1673 4924 .et
1698 4843 1924 4924 baculus
1951 4853 2111 4899 erant

526 4915 1150 5000 epi'scoporttm'iusignia
1170 4917 1388 4998 {iisque
1413 4915 1652 5000 dimissis
1693 4915 1949 5000 episcopi,
1973 4931 2112 5000 quos

527 4985 728 5050 auctor
763 4985 1100 5061 perstringit,
1137 4985 1380 5043 lairis’et
1419 4985 1670 5056 pretiosis
1709 4985 1950 5040 vestibus
1989 4995 2111 5040 ule-

525 5067 745 5122 bantur.

603 5134 745 5156 1000\
785 5131 871 5156 οη.
884 5148 960 5156 ---

2228 1885 2504 1941 lummodo
2544 1893 2792 1951 terrena;
2833 1885 2927 1956 qui
2963 1885 3256 1942 decernere
3297 1885 3498 1960 [supple
3534 1887 3809 1963 deberent]

2227 1972 2619 2038 ecclesiastica,
2665 1971 2918 2028 sanciunt
2953 1972 3226 2043 quomodo
3267 1988 3388 2030 sese
3424 1989 3586 2046 agere
3626 1976 3814 2032 debeat

2228 2067 2555 2139 respublica.
2580 2067 2759 2137 Atque
2787 2067 2993 2122 utinam
3019 2065 3096 2122 nil
3122 2066 3269 2122 aliud
3297 2066 3428 2122 inibi
3458 2076 3810 2136 tractaretur;

2226 2162 2332 2219 hoc
2377 2161 2494 2217 solo
2524 2159 2634 2216 illic
2673 2161 2813 2216 Deus
2839 2157 3225 2226 otl‘enderetur,
3261 2169 3406 2216 esset
3448 2159 3702 2217 fortassis
3729 2175 3815 2216 ve-

2228 2254 2453 2318 niabile,
2485 2253 2588 2309 etsi
2619 2267 2726 2308 non
2757 2251 3125 2323 approbabile.
3159 2251 3275 2308 Non
3313 2253 3499 2324 utique
3535 2255 3813 2326 continge-

2227 2353 2314 2400 ret
2335 2345 2480 2414 quod
2507 2359 2700 2416 nuper,
2730 2343 2783 2400 id
2806 2352 2890 2400 est
2920 2344 3024 2400 isto
3052 2345 3351 2416 eodemque
3381 2357 3624 2416 tempore
3667 2346 3812 2418 [sub-

2225 2440 2353 2495 audi
2392 2439 2666 2512 contigit.]
2695 2439 2884 2512 .Prope
2914 2455 3055 2496 anno
3085 2440 3235 2513 (289)
3282 2441 3546 2511 siquidem
3590 2450 3816 2511 practer-

2229 2535 2306 2589 ito
2338 2533 2587 2606 [subaudi
2612 2532 2830 2603 quidam
2854 2532 3137 2605 episcopi],
3162 2533 3469 2589 ambiebant
3490 2533 3724 2604 placere,
3750 2546 3813 2588 ne

2225 2625 2279 2680 id
2306 2624 2433 2680 illud
2461 2639 2555 2681 eos
2585 2623 2790 2694 pariter
2831 2624 3173 2696 contingeret
3214 2625 3471 2692 incidere,
3513 2626 3658 2696 quod
3688 2641 3814 2681 con-

2226 2726 2519 2790 sequenter
2574 2719 2630 2772 in
2678 2717 2869 2773 eodem
2919 2717 3186 2773 versiculo
3236 2717 3382 2773 soliti
3426 2727 3582 2773 erant
3638 2718 3811 2774 taliter

2223 2826 2451 2867 canere:
2484 2809 2771 2866 Inc’iinabit
2799 2827 2875 2875 se,
2904 2818 2951 2864 et
2981 2809 3151 2876 cadet,
3183 2826 3299 2864 cum
3328 2811 3633 2866 dominatus
3653 2811 3810 2881 fuerit

2221 2920 2542 2974 pauperum;
2567 2902 2700 2956 dixit
2727 2901 2864 2956 enim
2893 2902 2949 2956 in
2971 2901 3126 2956 corde
3145 2899 3520 2974 suoigblitus
3549 2911 3626 2956 est
3651 2901 3806 2968 Deus,

2221 2997 2402 3050 avertit
2425 2995 2612 3065 faciem
2645 3010 2819 3059 suam,
2849 3010 2912 3047 ne
2946 2993 3112 3048 videat
3138 2965 3377 3089 iw
3403 2977 3684 3064 θείαις,
3726 2994 3806 3060 10,

2223 3086 2334 3157 Η).
2383 3085 2440 3140 In
2491 3094 2701 3141 tantum
2749 3086 2894 3142 enim
2945 3074 3642 3232 ειιεοεᾱθίῖιἫιιίο,
3694 3100 3812 3140 cre-

2223 3187 2409 3232 scente
2437 3178 2799 3232 incommodo.
2826 3176 2977 3231 illum
3002 3175 3319 3232 derelictum
3346 3191 3378 3231 ιι
3539 3186 3696 3232 ηιιιιιι
3719 3193 3810 3232 co-

2222 3187 2409 3234 scente
2437 3178 2799 3242 incommodo,
2826 3176 2977 3231 illum
3002 3175 3319 3232 derelictum
3338 3175 3696 3232 Malum
3719 3193 3810 3233 co-

2223 3269 2485 3341 gitabant,
2509 3269 2672 3323 etiam
2695 3267 2970 3332 dicebant,
2994 3280 3023 3320 a
3040 3267 3290 3332 Domino,
3313 3276 3373 3322 ut
3393 3268 3508 3337 ipso
3525 3266 3667 3324 festo
3689 3283 3809 3324 san-

2221 3368 2322 3416 ctae
2347 3359 2441 3414 Dei
2464 3358 2755 3414 chitricis
2779 3358 2998 3428 quidam
3023 3358 3368 3437 severissima
3403 3357 3602 3414 fuerint
3635 3360 3808 3415 incre-

2219 3449 2438 3522 patione
2459 3449 2748 3520 redarguti,
2773 3451 2916 3519 quod
2937 3447 3180 3503 osculum
3208 3448 3282 3502 illi
3308 3449 3361 3502 in
3387 3447 3616 3504 ecclesia
3651 3449 3809 3523 149

2222 3541 2593 3596 concesserint
2618 3542 2699 3611 (ut
2724 3540 2890 3595 moris
2919 3549 3003 3594 est
3039 3539 3182 3595 inter
3218 3540 3481 3595 solemnia
3511 3541 3806 3596 missarum

2221 3633 2362 3704 ﬁeri)
2405 3633 2574 3704 pacis,
2615 3641 2866 3702 putantes
2912 3631 3099 3688 felices
3133 3641 3188 3688 et
3236 3634 3640 3702 prudentissimi
3685 3651 3805 3688 cum

2222 3726 2366 3792 ideo,
2400 3741 2508 3780 non
2535 3725 2661 3795 quia
2684 3733 3023 3796 peccatorem
3049 3724 3218 3796 (290),
3255 3723 3503 3796 [subaudi
3532 3725 3654 3798 sed]
3683 3727 3804 3797 quia

2219 3860 2650 3932 praeteritopost
2693 3859 2932 3932 Hugonis
2968 3861 3112 3932 regis
3145 3861 3426 3918 victoriam
3467 3873 3660 3918 contra
3701 3863 3803 3919 Ar-

2220 3925 2442 4005 itoldum
2480 3925 2748 4005 _l_3ajoari_re
2774 3925 2966 4005 ducem
2997 3925 3316 4005 eidemrregi
3345 3934 3660 4005 ambiebant
3691 3936 3803 4005 pla-

2219 4016 2368 4074 cere,
2397 3999 2728 4074 in_R_a’tlterii
2752 4003 2980 4057 exitium
3009 3999 3412 4074 conspirarunt.
3441 4003 3654 4059 Etenim
3688 3999 3802 4061 Suco

2221 4072 2430 4146 cedente
2450 4071 2762 4146 ia[ortunio,
2789 4082 3047 4146 crescente
3079 4071 3404 4146 incommodo
3426 4076 3572 4146 (cum
3601 4077 3803 4133 scilicet

2218 4140 2458 4213 ᾼι-ιιοΙιΙο
2490 4141 2699 4213 Verona
2733 4143 2911 4213 pulso,
2942 4142 3179 4212 ejusdem
3213 4144 3393 4199 fautor
3429 4140 3802 4204 traduceretur

2219 4211 2537 4285 Batherius)
2577 4229 2680 4285 non
2731 4211 2944 4285 tantum,
2974 4211 3306 4285 cogitabant,
3353 4217 3510 4270 etiam
3563 4217 3799 4274 dicebant

2217 4281 2367 4337 illum
2395 4281 2759 4354 (Ratherium)
2785 4281 3088 4354 derelictum
3127 4302 3159 4338 a
3216 4285 3436 4340 Domino
3476 4288 3532 4340 in
3576 4298 3796 4351 tantum.

2216 4364 2272 4430 ut
2312 4349 2424 4430 ipso
2461 4353 2599 4430 festo.
2633 4349 2830 4430 sancta:
2866 4349 2964 4408 Dei
3001 4355 3261 4430 genitricis
3282 4357 3496 4430 quidam
3538 4349 3807 4430 redarguti'

2217 4423 2410 4496 fuerint
2440 4425 2764 4478 severissima
2791 4423 3161 4496 increpatione,
3189 4423 3327 4496 quod
3351 4423 3796 4484 concesserini'illi

2217 4495 2452 4548 osculum
2479 4496 2622 4564 pacis
2650 4496 2706 4549 in
2734 4494 2950 4548 ecclesia
2969 4496 3104 4550 inter
3131 4494 3406 4550 missurum
3443 4497 3719 4565 solemnia,
3748 4511 3795 4555 ut

2217 4565 2378 4619 moris
2419 4575 2492 4619 est
2535 4565 2650 4634 ﬁeri
2691 4575 2954 4633 putantes,
2999 4576 3105 4620 etc.
3151 4567 3284 4621 Cum
3338 4568 3535 4622 factum
3582 4570 3792 4635 iudicet,

2217 4636 2362 4704 quod
2391 4635 2548 4708 paulo
2576 4645 2699 4690 ante
2743 4651 2899 4708 suam
2929 4636 3296 4705 captivitatem
3326 4639 3586 4708 contigit;
3629 4641 3681 4694 iu
3717 4658 3792 4697 se-

2218 4706 2510 4777 quentibus
2532 4715 2709 4777 autem
2744 4707 2974 4777 crastina
3003 4708 3177 4777 itaque
3209 4717 3420 4777 peracta
3450 4706 3557 4774 die,
3595 4711 3792 4768 scilicet

2218 4726 2510 4776 quentibus
2532 4726 2709 4759 aurem
2744 4726 2974 4760 σταδιιηα
3003 4726 3177 4777 itaque
3244 4726 3420 4762 eracm
3450 4726 3557 4774 ατε,
3595 4726 3790 4768 SCIIICCI

2215 4784 2340 4846 post
2369 4774 2564 4851 festum
2592 4776 2763 4829 beata:
2786 4775 2988 4851 Mariae,
3016 4778 3161 4851 aliud
3189 4726 3390 4833 factum
3417 4779 3629 4845 innuat,
3657 4781 3790 4851 quod

2217 4861 2342 4918 mox
2369 4847 2655 4918 subsecuta
2687 4855 2771 4901 est
2801 4847 2913 4918 ipsa
2935 4848 3241 4918 captivitas,
3269 4865 3431 4918 quam
3460 4847 3718 4908 incidisse
3747 4854 3789 4906 in

2217 4915 2571 4991 [Februarium
2615 4918 2742 4971 anni
2770 4916 2907 4991 935_
2927 4915 3055 4991 alibi
3098 4915 3328 4991 vidimus
3358 4920 3491 4991 (Vit.
3535 4923 3785 4988 auctoris,

2222 4986 2251 5059 ς
2283 4986 2376 5055 4);
2417 4985 2610 5042 festum
2639 4999 2840 5059 sancta:
2877 4987 2971 5059 Dei
2995 4988 3288 5044 Genitricis
3317 4985 3419 5046 hoc
3447 4991 3567 5047 loco
3595 4985 3788 5049 indica;

2222 5058 2356 5124 tum,
2388 5067 2477 5142 est
2526 5059 2722 5141 festum
2773 5058 3171 5142 Purilicatiptiis
3210 5062 3340 5142 anni
3367 5059 3652 5142 .ejusdem,
3691 5078 3786 5136 quo

2661 5130 2938 5156 uo:nln-:.\n\
2977 5130 3094 5156 n‘::n
3141 5130 3407 5156 ΑΑῘΛΑΑ-ιιῖ.

2220 5137 2334 5156 una.
2388 5128 2623 5156 ...ιιηΛ-ιῖη
