4018 5406
563 306 673 365 θὶῢῧ

1500 297 1831 357 ΒΛΤΗΕῙΠΙ
1871 297 2083 354 EPISC.
2129 294 2377 351 VERON.
2421 293 2571 352 OPP.
2610 294 2789 367 PARS
2829 296 2872 351 1.

3734 298 3852 355 300

564 424 724 480 modo
752 419 1061 482 occasione,
1092 418 1165 474 ita
1192 410 1295 472 non
1321 418 1479 472 unius
1507 414 1899 480 tantummodo,
1927 413 2021 470 sed
2042 413 2153 485 ple-
2183 417 2227 474 Α
2255 410 2405 477 .lesu,
2445 411 2538 483 qui
2593 410 3025 481 persecutionem
3075 423 3181 466 non
3232 409 3434 482 patitur
3468 424 3569 482 pro
3624 408 3848 466 Christo

562 530 791 587 rumque
843 512 1134 568 multorum
1195 509 1410 564 eveniat
1464 508 1799 578 probatione.
1841 504 1949 561 Nec
2001 506 2145 560 enim

557 610 758 664 trustra
793 613 916 658 ante
973 602 1191 673 januam
1223 599 1407 654 divitis
1453 598 1623 669 jacuit
1651 597 1912 661 Lazarus,
1941 595 2034 650 sed
2066 603 2144 658 ut,

555 695 700 753 unde
732 695 822 750 ille
851 693 1227 753 exercebatur,
1272 691 1372 745 iste
1413 690 1803 751 damnaretur;
1855 688 1965 751 ille,
2016 687 2142 756 quia

554 787 870 857 indigebat;
909 786 1029 848 iste,
1063 783 1189 853 quia
1236 798 1343 835 non
1399 780 1689 835 tribuebat.
1752 778 1886 834 Nam
1935 793 2056 833 cum
2088 778 2143 832 in

555 882 767 954 psalmo
800 878 1060 935 Dominus
1084 876 1261 930 dicat:
1300 873 1523 928 Probavi
1560 881 1610 926 te
1637 872 1706 926 ad
1735 888 1900 935 aquas
1926 879 2141 925 contra-

554 975 799 1029 diotionis
828 969 1001 1045 (Psaf.
1032 985 1196 1033 ωαχ,
1227 967 1282 1041 8)
1311 985 1325 1032 ;
1372 966 1484 1031 ubi,
1530 980 1681 1036 rogo,
1724 962 1924 1035 vigoris
1960 961 2058 1017 zeli
2086 970 2143 1018 et

550 1064 892 1121 fortitudinis
938 1060 1226 1133 pastoralis
1290 1056 1584 1113 monstrari
1629 1064 1809 1127 potest
1859 1054 1944 1110 vel
1983 1053 2140 1109 debet

552 1156 803 1218 intentio,
851 1153 956 1209 nisi
999 1152 1088 1208 ubi
1119 1166 1225 1206 non
1256 1161 1612 1218 quaecunque,
1644 1146 1738 1202 sed
1795 1143 2030 1200 maxima
2054 1149 2140 1198 est

552 1243 1040 1303 contradictio?Et
1068 1258 1189 1298 eum
1224 1257 1327 1294 non
1376 1247 1684 1300 coronetur,
1726 1237 1829 1292 nisi
1869 1237 1959 1306 qui
2006 1234 2138 1305 legi-

551 1338 681 1393 time
706 1336 1002 1392 certaverit
1054 1331 1142 1404 (11
1175 1331 1308 1386 Tim.
1344 1347 1403 1390 ιι,
1430 1330 1521 1400 5);
1574 1329 1733 1391 unde,
1783 1342 1988 1397 quasso,
2039 1341 2135 1381 co—

550 1445 740 1487 ronam
793 1438 886 1484 aut
921 1436 1106 1498 sperat
1152 1433 1244 1479 aut
1299 1423 1545 1492 requirit,
1588 1421 1677 1491 qui
1708 1420 2021 1485 imminente
2048 1418 2132 1471 fu-

547 1520 700 1592 giens
729 1519 886 1585 bello,
920 1532 1183 1588 nusquam
1231 1513 1534 1585 pugnavit?
1560 1512 1698 1579 Quid
1751 1509 1938 1565 enim?
1992 1508 2057 1562 Et
2087 1507 2133 1564 si

546 1612 780 1669 obtineri
835 1626 939 1665 non
970 1618 1146 1680 potest
1177 1606 1422 1670 victoria,
1449 1603 1717 1658 debeatne
1748 1603 1818 1657 ob
1846 1600 1898 1655 id
1923 1614 2136 1669 semper

547 1703 794 1759 hostibus
825 1700 984 1756 tribui
1025 1708 1169 1770 terga
1194 1698 1219 1751 ?
1265 1697 1454 1752 Nonne
1486 1693 1736 1750 confosw
1766 1705 2005 1762 persaepe
2033 1689 2132 1744 mi-

2251 501 2374 559 Jesu
2400 520 2414 568 ;
2457 513 2669 559 recusat
2688 505 2874 571 etiam,
2906 511 2964 556 ut
2994 513 3120 558 ante
3149 518 3247 559 nos
3275 502 3477 567 dictum
3507 512 3618 566 est.
3640 519 3761 559 esse
3786 507 3852 563 in

2253 611 2501 667 corpore,
2549 597 2641 666 qui
2700 610 2804 652 non
2850 595 2962 649 vult
3000 596 3181 650 odium
3209 596 3393 651 mundi
3422 596 3849 652 sustineremus

2249 688 2448 756 capite.
2478 686 2594 743 Non
2622 686 2820 752 audeo,
2851 687 3030 756 inquis
3054 704 3067 740 :
3091 685 3455 756 periculosum
3475 697 3559 742 est
3580 686 3838 745 hodie....

2254 780 2321 835 Et
2336 780 2594 837 Dominus
2619 800 2632 835 :
2658 780 2735 835 De
2756 797 2847 835 ore
2864 790 2954 834 tuo
2976 790 3026 833 te
3041 780 3255 848 judico,
3272 795 3413 836 serve
3436 796 3662 852 nequam
3683 777 3838 845 (an.

2247 887 2358 938 XIX,
2389 871 2503 945 22).
2534 871 2811 942 Abjurasti
2835 870 2979 929 enim
3011 870 3295 935 militiam,
3342 870 3388 926 si
3430 866 3716 940 perdidisti
3745 885 3840 923 au-

2245 968 2478 1024 daciam.
2512 966 2582 1023 Ut
2602 967 2730 1038 quid
2758 980 2887 1037 ergo
2914 981 3066 1019 arma
3107 961 3432 1035 sumpsisti?
3455 970 3513 1017 ut
3548 961 3681 1032 quid
3724 962 3830 1015 mi-~

2244 1061 2375 1118 litis:
2403 1076 2599 1118 nomen
2630 1060 2863 1116 dedisti?
2897 1068 3087 1130 pastor
3122 1059 3303 1114 vocari
3342 1067 3400 1113 ut
3425 1057 3556 1128 quid
3595 1056 3841 1123 ambisti,

2245 1154 2335 1223 qui
2366 1152 2491 1223 lupo
2519 1151 2772 1207 veniente
2795 1150 2981 1222 fugere
3001 1148 3314 1206 deliberasti
3334 1148 3361 1205 ?
3382 1148 3642 1203 Batulum
3668 1162 3842 1218 quare

2243 1247 2457 1319 cepisti,
2485 1246 2529 1302 si
2557 1259 2848 1301 occurrere
2871 1242 3111 1315 periculo
3149 1241 3421 1298 timuisti?
3459 1240 3517 1296 Si
3541 1239 3842 1296 defendere

2245 1353 2349 1391 non
2369 1335 2607 1391 audebas
2629 1348 2870 1406 gregem,
2903 1343 2961 1388 ut
2996 1332 3124 1403 quid
3156 1330 3434 1401 sumpsisti
3472 1330 3783 1386 mercedem
3815 1329 3843 1381 ἵ

2241 1430 2350 1484 Lac
2375 1443 2479 1499 qua
2524 1426 2703 1483 fronte
2722 1425 2961 1482 comedis
2982 1423 3179 1495 gregis,
3220 1423 3311 1494 qui
3336 1430 3523 1477 contra
3550 1420 3728 1476 furem
3748 1435 3846 1491 aug

2242 1540 2429 1580 vocem
2455 1522 2609 1588 dare,
2637 1528 2727 1576 aut
2763 1516 3208 1589 patremfamilias
3257 1514 3517 1580 excitare,
3557 1524 3655 1567 aut
3676 1527 3839 1568 canes

2242 1619 2505 1688 instigare
2535 1613 2781 1686 pavescis
2808 1612 2831 1666 ?
2854 1610 3020 1667 Lanis
3044 1624 3212 1680 quare
3240 1607 3483 1664 indueris
3510 1605 3725 1670 ovium,
3747 1604 3838 1675 qui

2242 1713 2295 1767 in
2328 1718 2537 1766 tantum
2566 1706 2828 1763 formidas
2860 1704 3022 1761 etiam
3053 1701 3267 1758 haedum
3318 1700 3472 1771 agnis
3506 1698 3825 1759 admistum,

545 1792 668 1858 lite,
712 1791 917 1861 prolem
975 1790 1092 1860 ejus
1145 1795 1546 1842 t'emuncratam
1579 1784 1812 1838 vidimus
1841 1797 1939 1853 pro
1969 1780 2140 1851 patris
2172 1781 2213 1840 Β
2246 1803 2440 1858 nedum
2492 1800 2814 1855 fremant",
2862 1804 3183 1852 conlemnas
3221 1792 3430 1847 leonem
3474 1789 3564 1846 γει
3606 1786 3839 1844 ursum?

547 1883 804 1949 audacia,
854 1880 1182 1946 constantia,
1238 1877 1326 1932 vel
1379 1875 1723 1933 devotione?
1772 1873 1967 1928 Nostra
2010 1886 2140 1927 vero

551 1993 677 2032 cum
702 1977 856 2046 longe
886 1974 986 2029 alia
1013 1973 1084 2028 sit
1116 1986 1314 2043 pugna,
1356 1968 1604 2040 graviora
1636 1974 1761 2021 sunt
1782 1974 1838 2020 et
1859 1962 2133 2035 pericula;

551 2068 825 2138 siquidem
867 2065 1077 2136 fugiens
1099 2064 1149 2117 in
1177 2071 1439 2117 aeternum
1468 2058 1695 2114 moritur
1721 2074 1735 2121 ;
1767 2055 1968 2110 cadens
1987 2068 2137 2116 vero,

546 2169 761 2212 tantum
796 2172 863 2210 ue
896 2155 1115 2209 delitiat
1137 2152 1353 2208 devotio
1389 2148 1565 2221 (501),
1597 2164 1702 2202 non
1747 2146 1919 2202 solum
1951 2160 2141 2199 rursus

547 2250 798 2319 erigitur,
827 2248 923 2302 sed
965 2246 1128 2300 etiam
1167 2260 1265 2314 pro
1294 2242 1489 2311 injuria
1542 2242 1593 2295 in
1625 2249 1888 2295 retentum
1919 2253 2139 2292 (orena-

539 2352 671 2406 tur;
705 2336 973 2394 obtinenti
1004 2333 1252 2407 [subaudi
1285 2328 1596 2401 victoriam]
1653 2343 1781 2382 vero
1829 2327 2018 2382 eadem
2068 2326 2142 2380 sit

541 2445 745 2488 corona
794 2427 936 2498 quod
986 2433 1223 2489 scutum,
1272 2422 1416 2493 quod
1469 2437 1643 2485 arma,
1694 2420 1837 2488 quod
1888 2420 2135 2481 victoria,

549 2523 657 2577 hoc
683 2530 765 2575 est
796 2519 936 2572 Deus
989 2517 1105 2587 ipse
1134 2515 1339 2577 omnia,
1367 2514 1456 2582 qui
1503 2513 1736 2581 protegit
1764 2525 1897 2578 quos
1926 2509 2135 2577 incitat,

542 2620 772 2668 coronat
813 2623 950 2678 quos
988 2606 1240 2678 protegit,
1291 2605 1450 2675 erigit
1493 2618 1628 2672 quos
1652 2601 1845 2654 cadere
1872 2601 2021 2662 sinit,
2055 2614 2138 2653 re-

544 2710 798 2757 munerat
822 2715 957 2770 quos
994 2700 1228 2752 victores
1256 2711 1379 2749 esse
1424 2694 1691 2748 concedit.
1752 2692 2027 2761 Siquidem
2083 2691 2138 2743 in

548 2795 652 2849 ista
686 2808 805 2857 non,
829 2791 967 2845 alius
989 2804 1166 2861 pugna
1193 2787 1294 2842 nisi
1325 2787 1441 2856 ipse
1489 2801 1611 2840 cum
1644 2783 1956 2838 adversario
2000 2798 2135 2851 prae-

544 2886 732 2940 liatur.
758 2883 877 2954 Ipse
907 2882 1151 2949 dimicat,
1200 2879 1315 2948 ipse
1352 2876 1650 2940 oLsidetur,
1682 2875 1792 2943 ipse
1824 2873 2137 2933 includitur,

544 2980 660 3048 ipse
698 2976 923 3039 assistit,
978 2976 1094 3044 ipse
1143 2987 1419 3026 murorum
1452 2979 1604 3038 septa
1653 2966 1893 3020 defendit
1919 2982 1934 3030 ;
1964 2974 2018 3019 et
2054 2964 2133 3018 \i-

540 3069 721 3123 ctoria
755 3068 910 3120 nobis
956 3065 1121 3127 cedit,
1157 3064 1310 3116 nobis
1347 3060 1656 3120 asrt‘ibitut‘,
1712 3059 1867 3111 nobis
1911 3058 2136 3125 imputa-

2244 1893 2534 1950 l‘ccuniam
2567 1903 2741 1947 meam
2770 1902 2940 1958 quare
2986 1883 3286 1955 sumpsisti,
3325 1882 3371 1938 si
3409 1882 3551 1937 hanc
3582 1894 3836 1952 erogare,

2242 2003 2366 2045 eum
2391 1985 2584 2049 scires,
2614 1979 2882 2037 timuisti?
2911 1979 2976 2037 Et
3022 1978 3112 2048 qui
3154 1985 3204 2031 te
3235 1982 3426 2030 contra
3474 1987 3563 2027 me
3593 1981 3706 2027 tam
3742 1985 3838 2024 au-

2243 2077 2450 2132 daciler
2466 2073 2649 2143 erigis,
2671 2068 2944 2142 quomodo
2968 2078 3073 2123 tam
3103 2063 3416 2127 meticulose
3438 2062 3541 2133 ipsi
3571 2071 3651 2127 te,
3673 2075 3834 2131 quem

2242 2170 2344 2226 sub
2375 2166 2602 2240 pedibus
2656 2172 2834 2227 teneo,
2887 2158 3153 2231 subjicis?
3191 2156 3585 2220 Periculosum,
3629 2154 3834 2223 inquis,

2241 2275 2387 2316 esse.
2413 2297 2425 2313 .
2446 2299 2457 2311 .
2482 2297 2494 2311 .
2520 2296 2533 2309 .
2559 2256 2879 2325 Tempestas
2904 2266 3036 2322 ergo
3080 2258 3165 2305 est
3195 2248 3248 2302 in
3284 2247 3442 2311 mari,
3471 2245 3516 2301 si
3558 2244 3836 2316 pericula-

2242 2351 2370 2404 ritet
2396 2348 2550 2403 navis
2572 2346 2595 2399 2
2624 2344 2761 2412 Quid
2783 2356 2912 2415 ergo
2925 2355 3085 2411 agere
3107 2338 3219 2394 vis?
3241 2336 3479 2393 Monstra
3500 2351 3602 2391 cur
3624 2350 3833 2390 remum

2241 2440 2560 2510 sumpseris,
2594 2453 2662 2493 an
2690 2446 2749 2491 ut
2773 2442 2958 2505 caput,
2983 2432 3261 2493 moriture,
3297 2430 3514 2499 ingeras
3545 2426 3783 2482 sentiuis
3809 2423 3833 2480 ?

2241 2533 2415 2586 Excre
2440 2529 2618 2600 potius
2639 2527 2805 2591 vires,
2829 2523 3038 2578 fortiter
3064 2519 3285 2582 dimica,
3306 2519 3574 2573 instanter
3600 2516 3829 2584 naviga:

2240 2632 2436 2692 prmsto
2458 2627 2542 2675 est
2572 2628 2784 2690 portus,
2807 2615 2954 2687 jacet
2983 2613 3037 2668 in
3071 2611 3220 2677 nari,
3250 2611 3379 2666 licet
3400 2607 3683 2663 dormiens
3711 2606 3833 2670 tibi,

2240 2716 2325 2768 cui
2347 2712 2613 2766 obediunt
2636 2722 2786 2763 mare
2808 2715 2863 2762 et
2889 2706 3034 2760 venti
3070 2700 3287 2774 (Matth.
3316 2715 3432 2763 vnt,
3454 2698 3572 2768 27).

2252 2844 2255 2849 -
2316 2804 2398 2861 i5.
2454 2803 2655 2866 Metuo,
2685 2800 2789 2865 ais,
2848 2795 3112 2853 offensam
3141 2790 3373 2849 senioris
3417 2789 3497 2862 (id
3525 2798 3603 2842 est
3635 2785 3829 2858 regis]:

2240 2897 2470 2952 Etontra
2501 2890 2793 2962 Apostolus
2819 2907 2833 2941 :
2862 2887 2998 2958 Ego,
3032 2884 3226 2954 inquit,
3251 2883 3297 2935 si
3324 2881 3498 2935 adhuc
3525 2878 3832 2932 hominibus

2238 2991 2519 3061 placerem,
2547 2984 2741 3040 Christi
2773 2997 2949 3037 servus
2986 2996 3089 3033 non
3114 2992 3279 3030 essent
3309 2972 3455 3043 (Cal.
3484 2987 3524 3035 ι,
3556 2971 3672 3039 10).
3692 2970 3832 3036 Quid

2239 3081 2382 3134 enim
2429 3078 2524 3132 tibi
2572 3076 2734 3131 faciet
2784 3071 2986 3128 oﬁ‘ensa
3042 3066 3324 3124 senioris?
3369 3061 3833 3124 Counmutalimr,

543 3172 650 3213 tm"
705 3159 843 3225 ΨΜ
884 3167 992 3210 tam
1043 3155 1262 3210 desmes
1304 3150 1603 3222 ‘l‘mmn’m
1650 3148 1902 3202 θυηνθηίί
1945 3161 2135 3217 gerere
2161 3157 2205 3219 C
2239 3171 2374 3227 forte
2397 3169 2600 3225 auferet
2631 3180 2908 3222 concessa.
2939 3161 3100 3216 Forte
3130 3168 3299 3215 totum
3326 3157 3428 3211 hoc
3450 3154 3553 3209 rite
3582 3153 3831 3214 timeres,

537 3253 773 3317 animos,
797 3241 917 3307 cuni
949 3266 978 3304 ιι
1003 3248 1114 3304 Deo
1138 3255 1415 3301 certamen
1446 3243 1585 3313 ejus,
1612 3257 1717 3296 non
1740 3241 1876 3309 ejus,
1910 3242 2001 3295 sed
2037 3239 2127 3291 Dei

541 3345 634 3410 sit,
663 3343 904 3398 utetiam
946 3355 1048 3395 nec
1081 3339 1326 3409 cogitare
1376 3333 1647 3404 quomodo
1697 3339 1793 3386 aut
1822 3330 1949 3400 quid
1984 3328 2128 3398 loqui

537 3438 733 3492 debeat
759 3433 976 3506 (Matth.
1009 3449 1062 3499 x,
1092 3431 1202 3501 l9),
1230 3443 1567 3499 nequaquam
1599 3426 1870 3495 indigeat;
1925 3432 2128 3476 tantum

537 3538 606 3582 ne
630 3526 872 3591 devotio,
900 3535 961 3578 ut
1001 3522 1136 3586 dixi,
1175 3536 1280 3590 qua
1330 3518 1475 3588 loqui
1510 3516 1654 3581 velit,
1686 3515 1900 3570 deﬁciat
1931 3513 1955 3566 ?
1992 3512 2129 3579 Quid

538 3616 816 3687 trepidare
856 3612 1091 3682 aliquem
1123 3608 1398 3671 convenit,
1435 3624 1556 3661 cum
1600 3607 1739 3660 idem
1772 3605 1885 3674 ipse
1915 3604 2006 3672 qui
2048 3618 2132 3656 te-

538 3713 878 3767 muneralor,
913 3704 1026 3771 ipse
1057 3700 1129 3754 sit
1158 3708 1213 3753 et
1237 3707 1532 3769 protector,
1565 3697 1678 3765 ipse
1697 3694 1928 3763 denique
1948 3703 2002 3747 et
2026 3709 2127 3763 pu-

532 3796 767 3867 gnator?
796 3792 954 3858 Nam,
986 3792 1040 3845 in
1075 3799 1288 3843 tantum
1333 3802 1456 3842 cum
1507 3799 1731 3856 pugnas,
1765 3785 1957 3848 adest;
2005 3798 2126 3837 cum

539 3884 789 3948 dimicas,
820 3895 1064 3951 praesens
1084 3888 1167 3932 est
1201 3894 1217 3942 ;
1250 3884 1309 3930 ut
1350 3875 1535 3936 etiam,
1567 3876 1693 3927 dum
1723 3872 1932 3942 putaris
1955 3870 2125 3933 feriri,

542 3977 651 4042 ille,
687 3991 794 4029 non
830 3981 909 4037 tu,
957 3971 1224 4026 feriatur:
1253 3968 1298 4022 si
1329 3966 1545 4037 quidem
1588 3964 1661 4017 ita
1709 3964 1867 4018 hodie
1903 3963 2123 4027 audisti,

536 4084 662 4123 eunt
686 4075 741 4122 et
772 4065 889 4120 lteri
911 4064 1171 4133 legisses:
1201 4059 1305 4125 Qui
1329 4059 1495 4126 tangit
1533 4072 1641 4117 vos,
1673 4056 1824 4125 quasi
1845 4056 1934 4125 qui
1962 4055 2125 4122 tangit

537 4157 792 4227 pupillam
823 4138 963 4209 oculi
991 4153 1090 4207 mei
1118 4149 1304 4222 (Zach.
1333 4164 1390 4213 tt,
1425 4148 1477 4217 8)
1503 4164 1516 4213 ;
1548 4157 1599 4200 ct
1627 4165 1636 4199 :
1671 4144 1772 4211 Qui
1798 4162 1882 4202 vos
1909 4146 2124 4214 spernit,

539 4267 621 4307 me
648 4252 841 4323 spernit
873 4247 1024 4320 (Luc.
1048 4263 1103 4310 ιι,
1132 4245 1240 4318 ili).

616 4342 775 4414 152
805 4340 888 4395 14.
926 4338 1002 4394 Ne
1028 4353 1157 4409 ergo
1180 4335 1503 4391 lenocineris
1547 4333 1708 4396 hosti,
1735 4333 1779 4386 si
1813 4333 1893 4385 ris
1914 4331 2127 4401 placere

542 4435 856 4505 imperatori
882 4450 896 4499 ;
930 4447 1028 4486 nec
1051 4432 1195 4486 enim
1226 4444 1349 4483 eum
1372 4426 1579 4498 poteris
1608 4425 1926 4495 promereri,
1951 4424 1994 4477 si
2024 4440 2051 4475 a
2076 4431 2126 4475 te

2236 3265 2281 3319 si
2312 3279 2418 3316 non
2451 3260 2777 3331 promissum
2818 3253 3047 3310 dicentis
3100 3250 3369 3305 haberes:
3401 3245 3640 3300 Gaudete
3668 3255 3717 3296 et
3739 3257 3838 3295 ex-

2234 3354 2470 3413 sultate;
2502 3366 2617 3405 ecce
2654 3349 2790 3403 enim
2821 3360 3012 3400 merces
3049 3353 3218 3398 vestra
3261 3338 3426 3394 multa
3468 3346 3543 3392 est
3596 3336 3652 3389 in
3702 3335 3835 3388 σαιΙο

2239 3445 2452 3516 (Matth.
2479 3459 2531 3509 ν,
2552 3441 2639 3512 t2)
2666 3458 2681 3506 ;
2713 3448 2768 3494 et
2806 3439 2851 3494 si
2879 3452 2984 3492 non
3012 3437 3213 3490 dictum
3241 3435 3309 3488 ab
3336 3429 3594 3502 Apostola
3620 3428 3797 3484 scires
3815 3446 3831 3479 :

2239 3534 2369 3600 Quis
2396 3542 2468 3587 est
2497 3531 2585 3602 qui
2607 3529 2746 3584 vobis
2774 3535 2978 3593 noceat,
3007 3525 3053 3579 si
3076 3523 3196 3577 boni
3222 3520 3553 3577 wmulatores
3572 3518 3785 3587 [ueritis
3806 3517 3835 3567 1’

2237 3626 2326 3680 sed
2354 3635 2402 3678 ct
2430 3625 2472 3677 si
2502 3623 2626 3692 quid
2656 3620 2895 3688 patimini
2923 3626 3131 3687 propter
3146 3614 3440 3685 justitiam,
3463 3611 3598 3665 beati
3630 3612 3832 3674 ,‘timo-

2238 3734 2343 3771 rem
2385 3726 2557 3769 autem
2605 3730 2784 3767 eorum
2815 3727 2875 3765 ne
2907 3710 3184 3763 tintueritis
3224 3706 3273 3777 (Ι
3306 3703 3449 3759 Petr.
3475 3719 3560 3762 ιιι.
3585 3703 3700 3772 15).
3732 3702 3831 3755 ’[ι-

2237 3824 2357 3862 meo
2395 3807 2515 3877 plus
2544 3803 2762 3872 aliquid,
2795 3801 2989 3870 inquis.
3023 3798 3206 3865 Quid?
3230 3796 3386 3860 Mor',
3414 3795 3531 3848 ais:
3565 3792 3713 3864 quod
3744 3800 3830 3844 est

2236 3900 2417 3955 dicere
2445 3916 2458 3950 :
2511 3895 2614 3948 Leo
2657 3893 2709 3947 in
2741 3895 2846 3957 riu,
2902 3893 2951 3945 in
2984 3891 3155 3945 medio
3182 3887 3477 3959 platearum
3506 3884 3828 3939 occidendus

2234 4005 2351 4041 sum
2389 3986 2575 4058 (Prov.
2619 3999 2752 4046 uti,
2783 3981 2891 4053 ~13).
2926 3980 3031 4035 Sed
3062 3978 3186 4034 audi
3228 3977 3514 4032 Dominmn
3543 3993 3555 4027 :
3582 3972 3830 4042 Capillus

2237 4079 2304 4131 tte
2348 4077 2513 4146 capite
2542 4086 2704 4129 restro
2737 4092 2837 4126 non
2866 4073 3049 4140 prribt
3098 4070 3250 4141 (Luc.
3280 4084 3392 4132 xxi,
3415 4068 3523 4131 ltl).
3581 4066 3723 4119 Audi
3766 4073 3830 4121 et

2238 4168 2380 4227 illius
2410 4166 2652 4234 ejusdem
2706 4168 2812 4232 (ιιιιι
2847 4164 3085 4231 iungeris
3129 4160 3334 4215 ordinis
3379 4173 3622 4223 servum,
3661 4159 3715 4212 id
3741 4166 3829 4212 cst

2236 4257 2533 4327 sa'pissime
2574 4256 2660 4308 hic
2711 4255 2938 4308 inditum
2968 4252 3372 4321 Augustinum:
3406 4249 3571 4315 Time,
3622 4249 3827 4319 inquit,

2235 4349 2391 4412 mori,
2428 4347 2473 4399 si
2502 4357 2641 4415 potes
2672 4361 2772 4397 non
2813 4344 2962 4396 mori.
3006 4342 3145 4396 Audi
3179 4350 3232 4396 et
3271 4341 3435 4395 alium
3463 4357 3485 4394 :
3514 4340 3620 4406 Qui
3666 4350 3828 4393 natus

2234 4455 2298 4492 ex
2325 4440 2527 4492 homine
2550 4447 2620 4489 est
2650 4446 2696 4489 et
2730 4434 2883 4504 153
2908 4436 3193 4487 moriturus
3255 4435 3373 4487 erit.
3404 4432 3541 4486 Audi
3586 4440 3643 4486 et
3680 4432 3821 4503 Apo~

542 4528 704 4581 istum
734 4524 967 4581 nolueris
996 4521 1238 4592 separari
1266 4519 1326 4592 [ι.
1352 4517 1638 4589 superari].
1671 4515 1824 4571 Nullo
1863 4516 2003 4569 enim
2028 4529 2125 4569 ex-

2240 4527 2427 4583 slolutn
2456 4544 2470 4577 :
2498 4525 2608 4594 ligo
2636 4540 2737 4576 non
2765 4532 2932 4575 sinum
2969 4521 3200 4591 alligari,
3252 4522 3408 4574 etiam
3439 4522 3575 4573 mori
3599 4533 3829 4590 paratus

541 4628 720 4690 cepto,
748 4618 947 4673 dicitur
973 4616 1041 4671 ab
1068 4614 1324 4685 Apostolo
1347 4630 1362 4667 :
1387 4612 1603 4676 Omnes,
1630 4613 1721 4682 qui
1745 4612 1827 4681 pie
1855 4610 2030 4663 volunt
2051 4608 2127 4660 tti-

541 4729 657 4766 rere
688 4713 740 4765 in
760 4709 968 4764 Christo
987 4709 1139 4774 Jesu,
1160 4707 1565 4779 persecutionem
1587 4703 1853 4774 patientur
1879 4700 1960 4774 (II
1988 4700 2122 4753 'l'im.

542 4821 628 4871 ιιι,
654 4803 762 4874 12).
797 4803 1022 4867 ViJetur
1067 4816 1198 4871 ergo
1243 4798 1383 4853 nolle
1430 4799 1514 4867 pie
1563 4797 1742 4851 vivere
1802 4796 1853 4849 in
1908 4794 2126 4849 Christo

544 4964 664 5018 aliis
686 4961 870 5016 multis
888 4958 1155 5029 episcopis
1176 4955 1396 5029 accidit,
1414 4964 1473 5029 ιιι
1500 4955 1902 5029 notavitetiaut
1913 4966 2126 5006 coaevus

545 5044 737 5088 auctor
765 5035 892 5086 Atto
922 5022 1625 5097 cpiscopusVercellensis
1672 5023 1766 5097 lib.
1799 5039 1817 5097 t_
1865 5022 1939 5074 De
1981 5037 2127 5097 pres-

545 5105 698 5178 saris
713 5101 958 5178 Ecclesia:
976 5090 1183 5178 '_10tn.l
1220 5094 1493 5178 Spicil'egii
1534 5092 1820 5178 Aeltet'iani
1845 5106 1964 5178 pag.
1995 5090 2129 5151 M8,.

2230 4637 2349 4675 sunt
2371 4635 2465 4689 pro
2500 4616 2708 4670 Christo
2741 4614 2866 4694 stu
2898 4615 3035 4685 (Act.
3067 4629 3182 4680 ut,
3225 4614 3337 4684 13).
3368 4612 3510 4668 Audi
3541 4621 3598 4667 et
3626 4628 3824 4682 quem—

2232 4713 2352 4766 dam
2409 4711 2474 4763 ad
2521 4709 2595 4762 ttti
2634 4706 3015 4761 verecundiam
3065 4707 3385 4761 etltuicum:
3443 4703 3829 4767 Tolerabilior;

2232 4803 2425 4872 inquit,
2457 4812 2527 4854 est
2582 4800 2669 4869 qui
2710 4799 2846 4853 mori
2879 4798 3062 4868 jubet,
3119 4815 3278 4868 quam
3312 4797 3400 4868 qui
3445 4798 3585 4852 male
3635 4799 3827 4852 viuere.

2231 4976 2350 5029 qua:
2376 4960 2514 5014 Idem
2565 4958 2739 5014 tradit
2784 4971 2905 5026 pag.
2936 4955 3062 5029 405,
3093 4955 3185 5029 ul_d
3234 4956 3518 5029 episcopos
3569 4956 3696 5011 sine
3725 4942 3827 5011 de4

2230 5025 2472 5155 feqsiouc
2506 5029 2792 5082 damnatos
2825 5028 3085 5095 queritur.
3134 5025 3375 5081 Ratberii
3404 5040 3628 5079 causam
3660 5042 3825 5095 agere

2232 5117 2298 5155 \‘tt
2322 5110 2462 5153 etttr.
