4018 5406
197 259 300 316 301

1088 243 1662 316 PRELOQUlORde
1705 243 1884 300 [ΑΒΝ
1924 243 2080 300 SEX.
2109 243 2190 285 '—
2209 241 2340 298 LIB.
2368 239 2434 297 ν.

3359 236 3469 290 5οἒ

201 371 464 429 Occidere
488 378 541 424 te
567 367 708 422 valet
735 366 877 434 regis
904 365 1002 426 ira.
1036 373 1211 433 potest
1239 380 1304 418 ne
1326 363 1421 417 tibi
1452 378 1517 415 ne
1539 360 1786 414 moriaris
1817 365 1860 421 Α
1893 359 2054 408 iri-net
2083 373 2238 425 super
2291 353 2452 424 155.
2488 370 2574 406 eos
2603 351 2709 422 inii.
2759 352 2878 424 (Job
2905 367 2953 404 vt
2979 392 2993 417 ,
3039 351 3165 421 16);
3218 352 3358 421 quod
3409 353 3468 408 lit

203 472 467 535 praestare
494 462 615 532 ejus
653 460 826 530 gratia
858 458 882 512 ?
910 457 1038 520 Sed.
1069 471 1213 526 rogo.
1247 471 1314 510 ne
1338 470 1510 508 erres.
1547 452 1661 505 Non
1693 468 1786 506 rex

198 555 504 627 quemlibet
542 553 762 617 occidit,
800 552 894 607 sed
923 550 1012 605 ille
1050 550 1141 620 qui
1171 549 1308 603 dixit
1341 566 1354 601 :
1402 547 1514 618 Ego
1554 547 1788 600 occidam

199 661 248 705 α
282 651 450 705 eicere
482 648 677 715 faciam
729 645 910 716 (Deut.
951 659 1122 707 χχχιι,
1151 642 1264 710 59).
1316 641 1372 696 Si
1410 641 1553 695 enim
1596 648 1791 709 prmter

199 737 366 793 istum
406 735 606 805 aliquis
633 733 938 805 quempiam
991 730 1238 786 occidere
1287 729 1513 794 valeret,
1543 730 1791 783 caminus

203 827 346 899 ignis
372 837 486 882 tres
512 841 710 897 pueros
748 841 852 878 non
903 830 1253 887 reservasset,
1283 837 1382 877 nec
1412 822 1594 876 leones
1621 819 1791 875 fatue-

197 918 291 974 lici
319 918 696 990 pepercissent
720 915 949 970 Danieli.
980 914 1227 969 Susanna
1253 928 1486 982 quoque,
1539 921 1596 967 ut
1640 921 1812 982 putas

201 1011 385 1076 batur,
419 1009 630 1082 legibus
677 1008 952 1070 damnata,
993 1013 1103 1058 tam
1157 1005 1418 1060 velociter
1453 1021 1558 1059 non
1599 1003 1792 1060 fuisset

198 1097 459 1154 liberata.
515 1099 648 1153 Ceto
694 1097 858 1152 etiam
901 1094 1068 1150 Jonas
1106 1095 1364 1149 sorbente
1402 1102 1640 1160 voratus,
1683 1111 1789 1149 non

199 1187 415 1256 fuisset,
444 1188 555 1244 Deo
573 1187 821 1258 iubente,
847 1185 1137 1241 evomitus.
1169 1184 1309 1251 Quid
1330 1185 1473 1239 enim
1495 1185 1563 1237 ad
1590 1199 1790 1239 necan-

199 1280 328 1334 dum
354 1279 602 1349 paratius
631 1277 843 1333 leonina
876 1277 1024 1331 rabie
1058 1277 1081 1329 2
1134 1276 1263 1347 quid
1302 1275 1370 1331 ad
1405 1275 1790 1332 absolvendum

196 1370 494 1436 diﬁicilius,
546 1387 707 1440 quam
740 1372 994 1424 damnata
1042 1369 1176 1441 lege,
1235 1385 1354 1439 qua:
1403 1370 1534 1424 nulli
1565 1376 1791 1426 noverat

199 1465 466 1533 parcere?
488 1462 619 1534 quid
642 1463 707 1517 ad
733 1462 1135 1517 absorbendum
1158 1462 1409 1516 voracius
1435 1463 1648 1517 marina
1666 1479 1790 1532 pro—

197 1551 490 1618 funditate,
539 1551 622 1608 vel
674 1552 850 1623 potius
901 1551 1134 1607 belluina
1161 1552 1431 1607 edacitate
1460 1554 1484 1606 ?
1516 1554 1579 1608 Et
1610 1564 1790 1612 tamen

194 1655 458 1698 neutrum
492 1645 710 1711 horum,
759 1661 881 1702 cuin
931 1645 1042 1698 vim
1072 1643 1375 1712 obtineant,
1420 1647 1528 1702 Deo
1576 1633 1791 1704 volente

1887 462 2012 498 ctnn
2049 445 2267 499 timetur
2294 443 2607 512 temporalis
2638 444 2738 508 ira,
2777 443 3069 497 incurritur
3097 443 3462 511 sempiterna;

1891 539 2148 590 metuitur
2175 547 2448 590 terremun
2478 535 2796 605 periculum,
2822 544 2876 590 et
2905 535 3062 589 irruit
3090 549 3384 605 supernum
3415 545 3468 588 et

1893 629 2201 683 inevitabile
2226 630 2317 682 irse
2340 629 2576 683 caelestis
2595 627 2877 697 judicium.

1963 721 2048 774 17.
2089 720 2239 787 Quod
2283 721 2324 774 si
2379 721 2636 774 honorem
2686 720 2856 790 magis
2898 728 3166 780 nostrum,
3208 733 3315 788 quo
3360 735 3468 773 non

1891 809 2066 863 solum
2103 811 2170 863 ad
2195 811 2482 879 imaginem
2512 810 2605 864 Dei
2649 809 2872 874 conditi,
2901 809 2993 864 sed
3028 811 3190 864 etiam
3221 811 3473 865 omnibus

1891 900 1992 954 sub
2042 900 2182 954 (mlo
2221 916 2316 969 per
2356 899 2587 954 oﬂicium
2632 901 2898 955 creaturis
2944 901 3146 969 prinlati
3200 901 3464 973 [subaudi

1893 985 2124 1058 smnus],
2178 989 2534 1045 voluissenms
2591 991 2830 1044 moribus
2884 991 3198 1054 vindicare,
3250 990 3471 1046 Christo

1891 1080 2120 1144 scilicet,
2179 1089 2238 1134 ut
2291 1088 2660 1135 antecessores
2709 1082 2899 1146 nostri,
2953 1079 3210 1149 subjecti,
3269 1083 3472 1136 mundo

1890 1173 2082 1235 erecti,
2116 1171 2257 1225 alter
2299 1171 2520 1226 alterius
2566 1188 2754 1237 onera,
2797 1173 3089 1226 secundum
3129 1173 3469 1242 Apostolum,

1892 1272 2175 1332 portantes
2208 1261 2352 1333 (Cal.
2379 1279 2455 1328 vt,
2480 1263 2559 1334 2),
2586 1264 2813 1319 invicem
2842 1280 2940 1318 nos
2961 1261 3236 1331 juvautes,
3265 1267 3472 1321 honore

1893 1355 2124 1409 invicem
2164 1355 2584 1424 prtevenientes,
2637 1355 2867 1424 idipsum
2913 1355 2964 1408 in
3012 1355 3238 1411 Domino
3281 1371 3472 1414 omnes

1893 1444 2208 1508 sentientes,
2232 1446 2422 1514 spiritu
2449 1445 2746 1509 ferventes,
2766 1445 2880 1499 zelo
2895 1447 3176 1500 charitatis
3196 1463 3292 1516 pro
3311 1449 3472 1503 domo

1889 1534 2058 1590 Israel
2081 1537 2328 1606 exemplo
2357 1535 2521 1590 lleli:e
2552 1537 2806 1601 zelantes,
2841 1537 2892 1590 in
2922 1538 3161 1592 doctrina
3191 1540 3468 1602 docentes,

1892 1629 2231 1682 exhortando
2279 1636 2465 1682 mutuo
2511 1644 2608 1682 nos
2646 1631 3014 1692 exhortantes,
3061 1633 3343 1686 cmumoda
3374 1649 3473 1702 pro

195 1751 544 1801 concessum,
579 1737 782 1806 aliquid
814 1736 983 1790 valuit
1021 1745 1214 1791 eam",
1268 1739 1660 1808 “Medionem
1711 1742 1793 1796 (η,
1827 1713 1868 1771 Β
1896 1719 2223 1772 necessitate
2247 1719 2566 1773 alterutrum
2594 1717 2671 1791 [id
2692 1728 2790 1787 est,
2826 1721 3232 1793 alter-utrorum]
3265 1723 3315 1775 in
3339 1725 3472 1776 sim-

195 1827 379 1881 vinam
404 1846 419 1880 :
454 1828 597 1883 unde
618 1828 841 1899 pulchre
863 1828 930 1884 de
959 1844 1066 1883 uno
1090 1828 1300 1884 illorum
1319 1829 1398 1900 [id
1413 1839 1506 1893 est,
1535 1831 1604 1886 de
1625 1833 1794 1888 tribus

195 1917 385 1986 pueris
438 1919 624 1988 primo
658 1919 909 1988 exemplo
942 1919 1279 1992 nominatis],
1332 1923 1441 1976 Deo
1472 1923 1525 1976 in
1555 1923 1793 1979 ECclesia

193 2008 584 2063 consuevimus
614 2022 814 2064 canere
859 2027 873 2062 :
927 2007 1039 2062 Vim
1088 2009 1293 2063 virtutis
1347 2027 1456 2064 sure
1500 2011 1689 2065 oblitus
1718 2025 1793 2067 est

192 2095 355 2165 ignis,
399 2107 458 2150 ut
479 2099 630 2168 pueri
665 2099 743 2151 tui
768 2098 1116 2152 liberarentur
1159 2098 1314 2154 illa'si
1340 2099 1428 2171 (In
1478 2099 1686 2156 Domiti.
1730 2119 1789 2157 ιιι

195 2184 502 2253 Quadrag.,
527 2188 820 2259 antiphJ).

272 2277 361 2332 16.
405 2276 600 2333 Utrum
643 2295 771 2334 vero
817 2281 930 2334 haec
976 2297 1032 2335 se
1065 2281 1143 2334 ita
1182 2289 1240 2335 ιιι
1281 2280 1517 2334 diximus
1555 2281 1792 2336 habeant

195 2387 393 2437 necne,
427 2380 584 2442 potes
613 2374 777 2428 etiam
805 2391 872 2428 ex
901 2375 1062 2428 dictis
1091 2375 1422 2436 Cassiodori,
1456 2375 1500 2429 si
1534 2375 1685 2439 velis,
1719 2377 1793 2431 ita

199 2463 434 2518 dicentis
457 2465 793 2535 perpendere
825 2483 838 2519 :
870 2483 888 2515 t
918 2465 1110 2520 Mirum
1140 2475 1398 2535 praetcrea
1427 2467 1638 2520 videtur
1679 2484 1792 2521 rem

196 2551 577 2622 incorporeatu
605 2554 861 2610 membris
891 2555 1233 2610 solidissimis
1267 2556 1596 2626 colligatum,
1628 2567 1684 2612 et
1715 2559 1794 2614 sic

199 2643 468 2697 distantes
502 2652 728 2698 naturas
753 2645 804 2698 in
833 2661 994 2699 unam
1020 2645 1453 2702 convenientiam
1481 2647 1650 2703 fuisse
1673 2664 1794 2718 per-

195 2735 418 2798 ductas,
449 2744 510 2789 ut
536 2751 635 2791 nec
664 2737 846 2790 anima
875 2753 932 2791 se
961 2738 1130 2807 possit
1156 2753 1464 2808 segregare,
1489 2755 1615 2794 cum
1643 2741 1791 2807 velit,

194 2841 307 2880 nec
357 2826 615 2893 retinere,
665 2843 787 2882 cum
822 2828 1122 2898 iussionem
1171 2829 1444 2885 Creatoris
1487 2833 1791 2900 agnoverit.

196 2914 404 2970 Clausa
442 2917 514 2971 illi
551 2928 677 2971 sunt
715 2919 985 2984 universa,
1018 2933 1140 2972 cum
1182 2919 1492 2988 pt'tccipitur
1521 2921 1790 2986 insidere;

191 3019 395 3078 aperta
428 3011 729 3064 redduntur
772 3010 980 3074 omnia,
1011 3026 1132 3064 cum
1172 3011 1394 3079 jubetur
1441 3013 1611 3065 exire.
1657 3012 1791 3066 Nam

1894 1809 2134 1878 plicitate
2167 1811 2484 1874 tribuentes,
2511 1812 2854 1881 prmlaturam
2895 1815 2947 1866 in
2991 1813 3352 1868 sollicitudine
3382 1817 3477 1870 ad*

1896 1902 2286 1968 ministrantes,
2310 1903 2363 1957 in
2395 1903 2666 1957 hilaritate
2695 1905 2850 1959 nobis
2881 1905 3107 1960 invicem
3133 1908 3474 1971 miserantes,

1891 1992 2234 2048 dilectionem
2267 1995 2358 2049 Dei
2406 2004 2462 2050 et
2505 1995 2800 2050 fraternam
2837 1999 2952 2049 sine
2995 1998 3335 2051 simulatione
3377 1998 3476 2052 ha-

1893 2084 2103 2148 bentes,
2131 2085 2374 2140 odientes
2403 2086 2625 2151 malum,
2668 2087 3004 2141 adhaerentes
3035 2086 3193 2151 bono,
3239 2088 3477 2140 Charita-

1895 2186 2002 2229 tem
2030 2175 2389 2231 fraternitatis
2416 2177 2646 2231 invicem
2687 2178 3078 2240 custodientes,
3111 2193 3213 2232 non
3247 2179 3354 2231 alta
3385 2195 3476 2233 sa-

1893 2267 2118 2337 pientes,
2138 2269 2229 2323 sed
2250 2269 2540 2323 humilibus
2553 2269 2955 2323 consentientes
2975 2269 3144 2335 (Rom.
3177 2285 3272 2334 xu,
3289 2271 3462 2340 8-l7):

1892 2357 2084 2424 fateor,
2114 2375 2216 2412 non
2243 2359 2413 2413 solum
2443 2359 2676 2430 aliquem
2704 2377 2806 2414 non
2840 2361 3170 2425 timeremus,
3196 2362 3287 2414 sed
3309 2362 3476 2415 etiam

1894 2448 1962 2502 ab
1996 2451 2246 2504 omnibus
2281 2453 2613 2505 timcremur.
2660 2451 2769 2504 Nec
2809 2467 2936 2505 vero
2985 2461 3063 2518 ut,
3114 2454 3245 2522 proh
3287 2454 3474 2507 nefas!

1895 2541 1948 2593 in
1973 2541 2123 2596 nobis
2154 2542 2282 2596 illud
2309 2543 2593 2612 impleatur
2613 2545 2985 2612 propheticum
3015 2545 3240 2598 dicentis
3267 2562 3278 2598 :
3302 2543 3480 2599 Unus-

1893 2635 2110 2702 quisque
2126 2650 2334 2686 carncm
2352 2633 2552 2687 brachii
2573 2635 2656 2687 sui
2669 2633 2893 2697 vorabit,
2912 2634 3182 2688 Manasses
3199 2633 3475 2704 Epitraim,

1891 2736 1940 2779 et
1998 2724 2252 2794 Ephraitn
2317 2725 2631 2790 Manassen,
2687 2725 2845 2779 simul
2899 2725 2994 2794 ipsi
3046 2736 3226 2777 contra
3275 2724 3476 2778 ludant

1899 2814 2058 2883 (Isai.
2092 2831 2170 2878 Ix,
2196 2816 2308 2883 ΞΟ),
2346 2815 2448 2868 hoc
2473 2824 2557 2869 est
2583 2815 2922 2869 confessione
2954 2814 3045 2867 Dei
3080 2814 3344 2881 insignem
3377 2815 3480 2868 Ec-

1897 2906 2113 2960 clesium
2142 2906 2311 2976 (505),
2347 2907 2574 2960 invicem
2618 2907 2948 2969 mordentes,
2979 2906 3044 2958 ah
3081 2905 3308 2959 invicem
3345 2922 3476 2960 con-

1899 3001 2181 3066 sumimur,
2237 2999 2504 3068 divisique
2552 3001 2620 3053 ab
2678 3000 2939 3054 alterutro
2995 2999 3320 3052 desolamur.
3370 2997 3481 3053 Nec

194 3099 311 3152 etsi
340 3099 570 3153 acerbus
597 3101 749 3153 dolor
777 3099 1015 3154 vulneris
1058 3100 1352 3170 inﬂigatur,
1383 3101 1499 3156 sine
1536 3103 1794 3159 Auctoris
1821 3063 1867 3124 C
1897 3092 2042 3146 οηίιη
2093 3092 2355 3145 meum"?
2403 3090 2640 3144 veridica
2686 3105 2900 3159 semper
2953 3090 3165 3144 “Tuas
3221 3090 3408 3144 (Πεθηδ
3456 3108 3476 3142 τ

205 3189 438 3258 imperio
466 3205 570 3243 non
603 3191 890 3253 amittitur,
916 3191 1056 3244 sicut
1087 3207 1187 3246 nec
1219 3192 1336 3244 sine
1373 3193 1541 3262 ipsius
1573 3208 1797 3250 munere

200 3280 534 3333 custoditur.
572 3300 588 3330 ι
623 3283 752 3347 Qua:
780 3299 899 3336 cntn
951 3283 1022 3335 ita
1068 3297 1125 3336 se
1160 3283 1344 3337 haberi
1379 3284 1798 3341 intituhahiliter

207 3372 329 3442 ipsa
357 3373 493 3427 duce
520 3373 728 3427 ratione
751 3375 913 3426 etiam
944 3389 1009 3428 ex
1043 3374 1198 3428 nobis
1229 3374 1354 3442 ipsis
1383 3376 1654 3443 possimus
1679 3378 1792 3432 col-

209 3463 406 3531 ligere;
448 3461 588 3516 virili
619 3463 945 3518 omnimodis
973 3465 1213 3534 deposita
1244 3465 1568 3527 constantia,
1603 3467 1796 3522 mulie-

205 3551 292 3606 bri
333 3561 608 3623 assumpta
647 3552 877 3624 ignavia,
909 3552 1018 3606 Deo
1044 3553 1209 3608 erecti
1244 3553 1413 3625 (502),
1445 3555 1642 3608 mumlo
1671 3557 1798 3610 sub-

202 3640 365 3709 jecti,
413 3642 624 3698 desides
671 3653 726 3698 et
777 3643 1093 3709 elleminali,
1141 3644 1322 3698 inanis
1361 3660 1574 3714 quoque
1612 3646 1796 3714 gloriae

201 3731 609 3801 inexplebiliter
632 3733 836 3802 cupidi,
884 3733 1110 3787 invicem
1157 3744 1533 3804 provocantes,
1568 3736 1798 3790 invicem

204 3823 539 3886 invidentes,
571 3823 905 3894 negligentes
933 3834 986 3877 et
1029 3825 1404 3892 infelicissimi,
1432 3828 1680 3896 superbia
1713 3838 1799 3883 tu-

202 3915 368 3978 midi,
414 3915 655 3970 bonitate
701 3915 886 3980 vacui,
939 3917 1120 3970 carnis
1159 3917 1524 3987 voluptatibus
1575 3921 1800 3987 subditi,

209 4004 480 4059 fratribus
509 4005 738 4070 elati,ia
765 4007 1110 4075 acquirendis
1137 4007 1298 4061 rebus
1321 4008 1563 4062 avaritia:
1589 4009 1803 4065 facibus

203 4097 457 4155 accensi,
494 4098 886 4168 congregandis
917 4108 1101 4152 autem
1138 4099 1396 4153 virtutum
1431 4100 1624 4171 opibus
1663 4101 1804 4156 incf.

214 4190 410 4245 licaces
439 4199 496 4244 et
540 4191 696 4262 pigri,
749 4191 874 4245 dum
924 4191 1240 4247 aﬂ‘ectamus
1290 4193 1552 4248 honorem
1593 4196 1799 4261 saeculi,

203 4282 442 4352 gloriam
467 4296 586 4352 quae
612 4298 642 4336 a
665 4281 777 4336 Deo
797 4291 895 4344 est,
923 4283 1218 4352 perdimus,
1246 4283 1349 4337 heu
1373 4283 1552 4339 dolor!
1583 4285 1798 4348 miseri;

205 4374 455 4443 dumque
479 4371 774 4444 superferri
801 4373 1059 4428 fratribus
1091 4375 1381 4440 ambimus,
1414 4377 1795 4446 snperbiendo,

209 4467 450 4533 lugendo
483 4483 683 4538 genere
707 4467 989 4538 (505),cui
1022 4467 1263 4537 prrcl‘erri
1295 4468 1578 4523 debuimus
1605 4485 1800 4540 suppo-

215 4557 400 4610 nimur
422 4557 655 4623 mundo;
677 4559 1497 4627 contemnentcsqueDominum
1520 4561 1802 4614 dominan-

211 4659 352 4712 tem,
396 4649 634 4719 patimur
683 4665 935 4713 servum;
980 4657 1038 4702 et.
1079 4651 1168 4719 qui
1214 4659 1479 4720 potestate
1521 4667 1799 4715 concessa,

213 4739 433 4794 calcare
453 4739 740 4794 debuimus
762 4751 1041 4808 serpentes
1069 4750 1120 4795 et
1145 4742 1478 4811 scorpiones,
1509 4751 1561 4794 et
1585 4757 1799 4797 (minem

219 4830 477 4886 virtutem
501 4831 706 4886 initnici
729 4831 881 4900 (Luc.
912 4848 966 4892 κ,
998 4831 1106 4902 19),
1143 4833 1455 4901 retrogrado
1477 4833 1668 4887 ordine
1693 4833 1803 4888 cal-

215 4939 410 4978 catnnr
447 4925 690 4995 quotidie
736 4925 859 4996 ipsi,
910 4925 982 4977 ita
1030 4934 1088 4978 ιιι
1132 4935 1188 4979 et
1233 4927 1283 4978 in
1340 4925 1495 4979 nobis
1544 4925 1802 4995 compleri

215 5017 546 5088 quandoque
591 5019 860 5087 possimus
904 5017 1099 5072 timere
1141 5018 1312 5089 (304),
1354 5016 1498 5086 quod
1529 5027 1582 5071 et
1617 5018 1670 5071 ιιι
1699 5018 1806 5073 Job

217 5109 420 5182 legitur
441 5110 516 5165 ita
540 5111 753 5166 dicente
781 5130 793 5163 :
823 5107 1015 5176 Fugiet
1041 5124 1188 5163 arista
1220 5110 1416 5178 ferrea,
1451 5117 1502 5161 et
1533 5109 1722 5163 incidet
1751 5109 1806 5160 in

216 5217 402 5254 arcum
431 5217 631 5254 teneant
653 5199 777 5264 (Job
813 5215 908 5261 xx,
931 5197 1057 5268 25);
1084 5210 1138 5254 et
1165 5217 1177 5254 :
1214 5199 1317 5266 Qui
1335 5201 1516 5269 timent
1530 5200 1804 5270 pruinam,

299 5394 440 5406 ι-ΛΑι
497 5394 530 5406 λ
772 5397 785 5406 ι
841 5395 853 5406 ι
882 5395 894 5406 ι
999 5403 1008 5406 -
1199 5399 1211 5406 Α
1461 5395 1492 5406 οι

1903 3181 2070 3235 Omne
2101 3197 2314 3250 regnum
2344 3182 2396 3233 in
2431 3182 2596 3249 seir‘so
2629 3181 2853 3232 divisum
2902 3179 3226 3233 desolabitur
3256 3179 3478 3250 (Matth.

1902 3291 1998 3337 ιιι,
2031 3275 2154 3344 ἓξῖῗὶ);
2185 3292 2281 3329 nec
2313 3276 2594 3329 refutanda
2622 3276 2920 3342 cujusdam,
2955 3292 3263 3346 quanquam
3311 3277 3481 3330 Deum

1901 3369 2210 3430 nescientis,
2247 3369 2511 3421 sententia
2543 3368 2771 3420 dicentis
2801 3385 2812 3420 :
2845 3368 2970 3435 quia
3003 3368 3281 3420 concordia
3303 3384 3482 3436 parva:

1901 3477 1982 3514 res
2014 3470 2270 3522 crescunt,
2299 3459 2564 3510 discordia
2602 3460 2828 3510 maxime
2868 3457 3192 3510 dilabuntur.
3234 3457 3480 3525 Apostoli

1896 3550 2147 3620 (subaudi
2168 3550 2456 3619 sententia)
2478 3562 2691 3617 quoque
2716 3548 2767 3600 in
2795 3557 2972 3601 mente
2997 3563 3210 3617 semper
3235 3546 3479 3599 habenda

1901 3640 2170 3696 monentis
2199 3659 2211 3693 ε
2243 3640 2373 3706 Qua?
2402 3641 2548 3709 pacis
2578 3648 2698 3693 sunt
2729 3649 3011 3699 sectemur;
3055 3647 3104 3701 et
3145 3655 3262 3708 (ιιιτσ
3305 3638 3477 3705 a'difi-

1901 3735 2122 3787 talionis
2161 3741 2281 3787 sunt
2333 3732 2547 3786 invicem
2596 3731 2953 3784 custodiamus
2989 3730 3162 3800 (Rom.
3215 3745 3324 3795 xw,
3367 3729 3476 3798 l9).

1904 3822 2009 3888 Qui
2034 3825 2170 3877 enim
2194 3825 2246 3876 in
2278 3823 2374 3876 hoc
2401 3823 2552 3875 scrrit
2579 3820 2808 3887 Christo,
2845 3820 3009 3889 placet
3040 3820 3170 3882 Deo,
3207 3831 3251 3873 et
3293 3822 3484 3889 proba-

1899 3925 1986 3968 tus
2011 3923 2090 3968 est
2118 3914 2413 3967 hominibus
2446 3913 2636 3983 (Ibid,
2672 3913 2781 3982 18).
2823 3913 3060 3981 Itemque
3106 3920 3120 3964 :
3161 3908 3247 3964 Vis
3285 3927 3387 3964 non
3419 3912 3487 3965 ti-

1904 4023 2041 4060 mere
2079 4016 2404 4075 potestatem,
2443 4006 2633 4059 bonum
2682 4005 2786 4075 fac,
2836 4015 2883 4059 et
2935 4005 3145 4058 habebis
3178 4005 3388 4058 tandem
3418 4020 3483 4057 ea:

1903 4099 2016 4164 ipsa
2043 4096 2216 4168 (Rom.
2249 4112 2366 4160 xui,
2396 4096 2469 4166 3).
2502 4096 2566 4150 Ει
2593 4115 2604 4147 :
2639 4095 2768 4148 Ilatc
2796 4106 2869 4149 est
2899 4095 3136 4149 voluntas
3169 4095 3286 4161 Dei,
3318 4105 3372 4147 ut
3401 4095 3484 4148 be-

1905 4191 2219 4260 nefacientes
2243 4189 2592 4244 obmutescere
2623 4188 2830 4258 faciatis
2879 4189 3284 4258 imprudentiam
3315 4186 3490 4240 homi-

1907 4297 2030 4350 num
2055 4290 2102 4334 et
2131 4281 2480 4350 ignorantiam
2509 4277 2560 4349 (I
2591 4278 2732 4334 Pctr.
2763 4295 2824 4341 tt,
2855 4278 2960 4349 l5).
2996 4277 3230 4331 Alterius
3261 4286 3439 4332 autem
3465 4285 3502 4329 :'

1906 4369 2038 4423 Cum
2073 4369 2351 4439 placuerit,
2384 4367 2576 4436 inquit,
2612 4367 2857 4432 Domino,
2894 4368 2990 4420 via:
3026 4367 3274 4429 hominis,
3312 4368 3490 4420 inimi-

1909 4479 1995 4516 cos
2023 4477 2225 4531 quoque
2248 4460 2392 4512 illius
2421 4468 2682 4513 convertet
2713 4459 2779 4512 ad
2818 4475 2997 4528 pacem
3040 4456 3223 4528 (Prov.
3265 4475 3374 4522 xw,
3406 4459 3483 4527 7).

1909 4552 1976 4605 Et
2008 4565 2103 4621 per
2130 4550 2472 4604 Psalmistam
2504 4549 2716 4602 Domini
2749 4567 2763 4602 :
2800 4548 2859 4602 Si
2882 4548 3104 4618 populus
3131 4566 3274 4602 meus
3301 4550 3486 4601 audis-

1909 4652 1982 4696 set
2013 4659 2111 4704 me,
2140 4639 2307 4693 Israel
2336 4640 2381 4692 si
2430 4641 2482 4692 iu
2519 4639 2610 4692 viis
2642 4640 2774 4692 meis
2814 4638 3129 4692 untbulasset
3151 4680 3163 4702 ,
3197 4656 3293 4706 pro
3335 4638 3496 4690 nihilo

1912 4737 2134 4806 forsitan
2157 4735 2393 4787 inimicos
2418 4748 2597 4786 eorum
2622 4731 2978 4786 humiliassem
3008 4731 3180 4802 (Psal.
3210 4747 3371 4792 Lxxx,
3408 4730 3498 4800 14,

1911 4828 2020 4894 15).
2052 4825 2156 4880 Per
2178 4825 2468 4880 Jeremia—m
2510 4821 2774 4895 [Baruch]
2823 4823 2949 4875 item
2990 4841 3002 4874 :
3055 4822 3113 4876 Si
3163 4823 3216 4874 in
3267 4823 3346 4874 via
3396 4821 3493 4873 Dei

1909 4916 2256 4983 ambulasses,
2303 4917 2591 4970 Itabitasses
2631 4918 2808 4987 utique
2851 4915 2905 4967 in
2945 4930 3070 4982 pace
3100 4928 3257 4981 super
3300 4922 3497 4964 terram

1915 5013 2066 5085 (Bar.
2095 5029 2175 5078 ιιι,
2207 5011 2317 5083 15).
2345 5010 2448 5065 Per
2477 5010 2697 5080 Moysen
2725 5024 2940 5080 quoque
2967 5021 2983 5059 :
3015 5005 3147 5060 Ecce
3170 5006 3318 5058 mitto
3341 5022 3504 5073 attge-

1915 5106 2024 5158 lum
2052 5121 2246 5168 meum,
2273 5105 2362 5174 qui
2388 5101 2652 5172 pra'cedat
2687 5114 2758 5165 te,
2781 5109 2826 5152 ct
2859 5097 3122 5152 custodiat
3148 5111 3380 5164 semper;
3420 5096 3507 5148 ob-

1916 5212 2066 5250 serva
2101 5206 2328 5260 tantum,
2374 5203 2421 5247 et
2467 5192 2592 5244 audi
2626 5208 2800 5248 vocem
2831 5204 3020 5241 meam.
3057 5198 3108 5242 et
3141 5187 3387 5240 inimicus
3417 5201 3508 5240 ero

1994 5393 2128 5406 ι-Αιι
2169 5394 2226 5406 .-
2340 5403 2344 5406 .
2451 5402 2459 5406 .
2585 5400 2594 5406 .
2681 5401 2688 5406 .
2784 5384 2994 5406 ___2.---.-
3035 5387 3120 5406 ιε..-
3140 5401 3210 5406 ----
3261 5381 3506 5406 --.--.-'-..:
