4018 5406
504 188 610 248 505

1460 192 1787 280 RA‘i‘llERll
1826 190 2039 248 EPISC.
2080 191 2333 249 \‘ERON.
2376 196 2525 253 OPP.
2565 196 2744 255 PARS
2780 197 2821 254 I.

3563 206 3779 274 ,sot

504 302 733 359 inimicis
782 300 906 366 tuis,
947 307 996 355 et
1028 300 1305 373 amigentes
1336 308 1383 356 te
1431 301 1655 372 aﬂligam
1687 302 1884 373 (Exod.
1933 318 2091 368 mn,
2121 309 2170 367 Α
2198 284 2497 363 debuerant
2522 326 2705 365 coram
2735 309 3063 378 hominibus,
3089 319 3147 367 ut
3194 311 3595 386 gloriﬁcaretur
3636 318 3786 375 Deus

503 394 576 449 so
609 393 725 465 es).

487 465 492 473 ’
576 486 661 542 18.
707 484 815 542 Nos
849 499 978 540 vero
1027 498 1058 538 e
1107 478 1320 539 diverso
1349 481 1493 555 (cum
1543 492 1598 535 et
1646 482 1760 537 haec
1804 481 2082 538 omninoa

499 577 760 650 perfectis
786 592 887 631 nec
911 575 1229 646 appetenda,
1255 591 1354 644 pro
1379 574 1550 646 gloria
1579 574 1672 628 Dei
1708 590 1935 644 qumque
1960 581 2085 629 sunt

500 671 642 727 bona
690 670 930 742 agenda;
978 669 1202 725 adversa
1254 683 1382 723 vero
1426 667 1543 736 ejus
1591 684 1775 723 amore
1802 668 2082 722 toleranda

500 762 699 833 magis,
727 776 888 830 quam
917 760 1151 816 vindicta
1182 758 1439 830 optanda)
1471 760 1650 829 potius
1680 759 1954 814 vindicare
1985 774 2083 813 nos

502 853 738 909 solemus
763 867 926 922 quam
958 851 1256 907 vindicari:
1289 850 1581 906 defendere
1624 866 1722 905 nos
1767 851 1911 919 ipsos
1962 850 2081 921 ipsi,

502 960 667 1014 quam
704 960 734 998 a
772 943 881 998 Deo
907 940 1155 1004 defendi;
1181 949 1236 995 et
1282 957 1403 996 cum
1433 943 1499 996 ad
1532 942 1583 996 id
1616 959 1719 995 nun
1767 941 2082 1005 sutlicimus,

499 1036 678 1092 foedus
702 1035 968 1106 quoddam
991 1049 1112 1088 cum
1144 1031 1301 1103 155
1330 1032 1461 1102 ipsis
1488 1032 1744 1097 inimicis,
1767 1032 1920 1087 eisin
1945 1031 2085 1086 malo

500 1128 902 1184 consentientes
935 1125 1083 1198 (506)
1130 1126 1268 1181 inire
1314 1125 1508 1197 magis,
1554 1140 1713 1194 quam
1759 1124 1925 1179 Deum
1959 1139 2083 1194 pro-

499 1228 760 1275 tectorem
793 1217 955 1273 corde
1004 1232 1128 1272 cum
1177 1216 1426 1270 manibus
1469 1216 1535 1270 ad
1565 1232 1685 1270 eum
1719 1215 1893 1271 levato
1926 1214 2077 1269 invo-

498 1325 646 1375 care,
672 1318 728 1364 et
765 1317 955 1364 contra
1007 1308 1279 1362 internum
1330 1315 1624 1376 raptorem,
1674 1306 1764 1377 qui
1806 1321 2080 1376 nunquam

498 1401 691 1456 melius
738 1400 993 1466 vincitur,
1025 1415 1189 1470 quam
1222 1414 1344 1454 cum
1381 1399 1620 1453 exterior
1646 1408 1881 1462 amatur,
1926 1414 2078 1452 arma

497 1494 774 1564 corripere
814 1508 1201 1563 properamus;
1235 1491 1448 1561 illisque
1479 1507 1583 1545 non
1630 1492 1938 1553 dissimiles,
1989 1490 2076 1559 qui

495 1587 708 1653 salutis,
739 1602 858 1656 quae
884 1604 911 1641 a
944 1586 1058 1641 solo
1090 1587 1199 1641 Deo
1228 1587 1410 1651 datur,
1456 1600 1639 1652 causa,
1673 1587 1777 1641 ritu
1816 1587 2079 1656 sacrilego

2193 395 2408 467 (Matth.
2445 416 2496 465 ν,
2534 401 2645 469 16).
2734 470 2737 471 ν

2262 490 2348 545 19.
2392 489 2502 547 Nec
2529 493 2765 548 otiosum
2797 494 3010 549 videtur
3036 495 3219 549 talium
3250 512 3415 552 causa
3444 498 3548 552 isto
3581 499 3634 553 in
3657 497 3784 554 loco

2187 580 2408 637 brevem
2438 586 2678 653 quidem,
2711 595 2888 641 tamen
2937 586 3218 641 utillimam
3264 589 3566 660 presbyteri
3593 590 3784 660 cujus-

2188 673 2332 740 dam,
2358 675 2525 731 nostri
2564 693 2698 746 pene
2726 680 3004 749 temporis,
3030 695 3234 749 ponere
3272 676 3598 737 sententiam
3634 702 3649 737 :
3682 684 3778 754 qui

2187 778 2310 818 cum
2337 766 2560 821 vidisset
2587 769 2897 839 episcopum
2926 787 3105 839 summ,
3134 774 3461 829 horrendum
3494 776 3676 830 dictu!
3707 775 3780 831 ad

2188 852 2396 913 tabulas
2426 858 2720 925 ludentem,
2737 864 3283 921 subsannalusmovit
3308 866 3597 938 frigutiens
3618 869 3775 939 (511)

2185 939 2347 1029 caput
2375 966 2387 1001 :
2413 964 2521 1019 quo
2550 950 2761 1018 intuito,
2790 953 2958 1010 iratus
2981 957 3285 1028 episcopus,
3311 960 3607 1028 etquidem
3637 963 3780 1017 satis

2177 1034 2345 1106 juste,
2371 1040 2464 1094 sed
2499 1041 2543 1095 si
2584 1042 2648 1123 ei.
2682 1043 2771 1098 cui
2806 1044 3025 1101 deberet
3055 1047 3229 1118 (512),
3280 1049 3665 1107 interminatus
3692 1062 3779 1109 est

2186 1132 2440 1187 continuo
2469 1148 2765 1201 carcerem,
2793 1137 2897 1193 nisi
2928 1138 3214 1195 confestim
3247 1142 3475 1208 diceret,
3527 1143 3617 1198 ubi
3669 1146 3777 1199 hoc

2188 1216 2304 1275 ﬁeri
2351 1222 2450 1277 sibi
2494 1226 2754 1279 canonica
2789 1225 2871 1281 lex
2913 1229 3189 1285 vetuisset.
3224 1230 3317 1285 Ille
3367 1231 3632 1287 simulans
3661 1249 3781 1289 me-

2185 1319 2321 1378 tum,
2348 1330 2469 1370 cum
2505 1317 2558 1372 in
2586 1329 2837 1389 promptu
2872 1320 3114 1386 haberet,
3146 1337 3253 1393 quo
3280 1321 3567 1395 fugitivum
3606 1326 3779 1382 strin-

2183 1414 2373 1475 geret,
2427 1405 2588 1479 156
2640 1424 2895 1476 nervum;
2950 1411 3176 1481 pedibus
3231 1413 3351 1482 ejus
3417 1425 3775 1485 prostratus.

2182 1495 2425 1565 Ignosce,
2472 1498 2583 1564 ait,
2633 1500 2879 1566 domine;
2919 1509 3067 1557 tanto
3114 1503 3256 1558 enim
3304 1521 3423 1560 sum
3470 1522 3780 1563 concussus

2184 1599 2402 1654 pavore,
2437 1595 2495 1641 ut
2529 1604 2595 1643 ne
2626 1590 2856 1658 primum
2883 1591 3101 1659 quidem
3153 1593 3310 1663 primi
3342 1594 3533 1664 pSalmi
3581 1598 3778 1653 memi—

448 1726 451 1729 .
496 1679 566 1732 ad
600 1677 777 1733 fontes
804 1677 890 1733 vel
937 1678 1162 1752 arbores
1204 1678 1434 1733 reddunt.
1470 1687 1593 1733 vota
1635 1692 1731 1748 pro
1776 1679 2077 1733 commodis
2108 1669 2153 1728 Β
2183 1676 2357 1731 nerim
2388 1679 2735 1744 versiculum,
2779 1680 2974 1734 nedum
3023 1682 3227 1751 aliquid
3267 1700 3333 1738 ex
3372 1686 3612 1749 decretis
3647 1703 3774 1757 pro-

495 1771 759 1838 terrenis,
787 1770 957 1840 ipsam
998 1771 1178 1842 potius
1228 1779 1428 1825 terram
1477 1786 1635 1840 quam
1685 1786 1809 1824 eum
1863 1771 2075 1841 precari

495 1866 795 1928 studemus,
826 1865 915 1934 qui
964 1864 1090 1919 fecit
1120 1864 1318 1918 emlum
1349 1874 1400 1917 et
1433 1874 1652 1918 terram.
1688 1863 1753 1916 Et
1799 1878 1864 1918 ne
1895 1863 1947 1917 in
1978 1862 2077 1916 ali-

494 1972 604 2025 quo
632 1972 852 2027 precum
890 1956 1083 2013 effectu
1131 1956 1451 2011 fraudentur
1479 1956 1627 2028 (507)
1653 1966 1858 2027 optato,
1889 1956 2078 2011 relicto

492 2049 708 2116 penitus
733 2062 798 2103 eo
841 2049 931 2119 qui
966 2064 1060 2103 vos
1104 2049 1396 2118 praeposuit
1442 2049 1664 2111 mundo,
1708 2048 1893 2103 relicto
1928 2047 2074 2103 omni

488 2150 689 2210 praeter
716 2155 909 2195 nomen
934 2140 1129 2204 oﬂicio,
1158 2141 1257 2210 ipsi
1287 2141 1362 2195 ita
1390 2140 1676 2211 specialius
1709 2140 1862 2210 (508)
1894 2140 2076 2194 deser-

489 2231 911 2287 vimus‘czeteris
942 2231 1162 2295 mundo,
1196 2239 1256 2285 ut
1302 2230 1429 2285 dum
1462 2232 1641 2285 caeteri
1676 2231 1785 2285 Deo
1814 2245 1933 2300 ane
1958 2229 2073 2295 Dei,

489 2322 692 2375 mundo
736 2337 855 2391 qua:
902 2321 1084 2376 mundi
1127 2330 1254 2375 sunt
1303 2321 1634 2376 contendunt
1678 2320 1925 2386 reddere,
1978 2335 2076 2375 nos

489 2420 713 2465 econtra
744 2412 942 2466 mundo
970 2428 1089 2482 qua:
1124 2413 1237 2476 Dei,
1265 2412 1316 2467 id
1347 2422 1430 2466 est
1456 2411 1804 2480 omnigenum
1833 2426 2073 2466 amorem

489 2509 545 2553 et
584 2499 819 2566 cultum;
868 2501 1104 2571 Deoque,
1151 2516 1271 2571 qua:
1302 2502 1601 2556 debuerant
1656 2501 1853 2557 mundo
1901 2502 2069 2567 reddi,

489 2594 804 2659 reddamus,
836 2594 887 2648 id
918 2604 1001 2649 est
1033 2595 1377 2664 omnigenum
1410 2594 1725 2664 despectum
1755 2603 1806 2649 et
1832 2604 2075 2650 contem-

485 2695 675 2755 ptum;
705 2695 760 2742 et
791 2695 848 2740 ut
878 2687 977 2757 ipsi
1020 2686 1236 2759 [scilicet
1279 2686 1500 2759 mundo]
1530 2687 1815 2758 alligemur
1844 2671 2071 2755 arctius,

487 2795 559 2836 ne
589 2781 805 2850 quando
833 2781 1070 2845 scilicet,
1100 2782 1225 2835 dum
1256 2781 1325 2835 ab
1360 2796 1425 2836 eo
1456 2797 1563 2835 non
1613 2781 2070 2851 recognoscimur,

487 2872 853 2942 despiciamur
903 2890 916 2926 :
969 2872 1161 2927 relicto
1205 2873 1336 2938 ritu,
1386 2872 1572 2937 cultu,
1624 2872 1809 2927 habitu
1857 2889 2072 2943 quoque

485 2972 696 3029 nostro,
744 2963 912 3033 ipsius
960 2963 1142 3017 mundi
1191 2946 1579 3019 consuetudine
1633 2972 1793 3033 atque
1844 2965 2069 3029 studiis,

2181 1765 2326 1821 ferre
2356 1767 2562 1822 valeam
2592 1784 2880 1825 canonum.
2917 1769 3024 1826 Sed
3061 1773 3290 1828 obsecro
3317 1789 3344 1831 a
3389 1784 3461 1838 te,
3501 1776 3774 1844 piissime,

2181 1858 2323 1914 hunc
2350 1860 2480 1915 mihi
2506 1862 2781 1917 recordari
2814 1879 3030 1919 sensum
3065 1864 3239 1938 (515),
3280 1866 3549 1936 siquidem
3594 1867 3774 1939 ipsum

2178 1966 2378 2020 pavore
2419 1952 2596 2008 amisi.
2648 1953 2797 2009 Tune
2853 1970 2976 2009 cum
3025 1954 3151 2023 joco
3200 1956 3419 2027 risuque
3470 1958 3603 2013 totis
3647 1975 3773 2014 cum

2180 2044 2486 2099 astantibus
2541 2044 2811 2101 resolutus
2873 2046 3194 2117 episcopus,
3246 2047 3481 2103 instante
3550 2050 3769 2104 tandem

2176 2136 2516 2206 presbytero,
2544 2136 2779 2205 primum
2807 2152 2928 2192 cum
2958 2138 3131 2193 altero
3164 2137 3390 2209 protulit
3435 2139 3770 2196 versiculum

2177 2224 2364 2280 dicens
2397 2242 2409 2278 :
2437 2225 2632 2279 Beatus
2659 2227 2762 2293 vir,
2789 2237 2898 2281 etc.
2933 2225 3108 2298 (Psal.
3136 2244 3172 2293 t,
3202 2229 3280 2299 2).
3301 2226 3403 2283 Sed
3434 2231 3488 2283 in
3521 2230 3634 2300 lege
3656 2229 3771 2286 Do-

2178 2318 2305 2370 mini
2337 2317 2580 2371 voluntas
2609 2317 2744 2387 ejus,
2777 2329 2823 2372 et
2850 2319 2905 2372 in
2938 2320 3046 2390 lege
3071 2320 3184 2389 ejus
3228 2319 3571 2374 meditabitur
3594 2322 3682 2376 die
3720 2333 3770 2377 et

2180 2419 2348 2463 nocte.
2408 2409 2698 2481 Presbyter
2753 2426 2849 2467 ore
2905 2413 3121 2482 proprio
3178 2421 3394 2483 captum
3454 2414 3770 2485 bujusmodi

2178 2499 2518 2566 respondens
2569 2500 2827 2554 instruxit
2875 2501 3209 2571 episcopum.
3261 2501 3496 2573 Optime,
3550 2504 3769 2575 inquit,

2180 2584 2349 2641 Pater
2395 2589 2756 2656 sanctissime,
2799 2592 2942 2661 quod
2991 2601 3258 2662 superest,
3302 2595 3368 2648 ad
3403 2594 3616 2650 tabulas
3647 2594 3771 2651 lude

2178 2673 2357 2747 (514).
2423 2676 2549 2731 Hice
2605 2693 2736 2734 vero
2796 2679 2925 2735 istie'
2989 2681 3144 2735 nobis
3210 2681 3331 2737 ideo
3400 2683 3604 2752 placuit
3672 2700 3772 2756 po-

2179 2781 2350 2833 nere,
2404 2777 2460 2822 ut
2508 2768 2561 2823 in
2617 2769 2722 2825 hac
2776 2770 3096 2826 brevissima
3159 2773 3465 2840 sententia,
3516 2784 3574 2830 et
3638 2778 3770 2846 quid

2173 2875 2370 2915 cavere
2419 2868 2472 2915 et
2517 2863 2644 2932 quid
2698 2864 2896 2919 debeas
2941 2880 3102 2934 agere
3145 2866 3551 2922 evidentissime
3583 2868 3770 2924 valeas

2179 2953 2468 3023 conjicere.
2501 2952 2605 3009 Sed
2636 2955 2866 3010 studebo
2902 2965 2952 3009 te
2982 2956 3094 3023 jam
3122 2955 3448 3027 relinquere,
3487 2974 3557 3013 ne
3591 2959 3769 3015 hortis

487 3024 780 3109 amictibus
805 3053 970 3108 etiam
1003 3053 1057 3107 in
1090 3061 1295 3107 tantum
1325 3053 1551 3119 utimur,
1580 3061 1639 3107 ut
1664 3024 1777 3107 solo
1812 3053 1981 3125 (509),
2012 3068 2071 3108 ιιι
2102 3024 2144 3085 C
2177 3044 2504 3109 sitientibus,
2532 3060 2702 3116 aquas
2733 3046 2783 3100 in
2815 3046 3032 3102 ﬂumine
3060 3062 3250 3102 vecors
3280 3048 3468 3104 videar
3513 3051 3766 3116 mittere;

484 3144 564 3199 ita
595 3144 836 3214 eloquar,
887 3144 1189 3199 barhirasio
1232 3152 1287 3199 et
1331 3158 1554 3208 corona,
1600 3152 1654 3197 et
1700 3144 1844 3214 quod
1883 3159 1989 3199 non
2037 3160 2066 3197 a

483 3238 663 3304 nobis,
707 3245 767 3293 ut
817 3238 884 3292 ab
932 3237 1031 3301 eis,
1080 3237 1350 3292 ducuntur
1393 3252 1614 3300 uxores,
1665 3236 2069 3307 qualescunque

486 3332 674 3397 etiam,
703 3346 838 3402 quas
873 3330 1100 3386 Domino
1130 3330 1247 3401 (ore
1271 3330 1665 3396 tantummodo,
1695 3329 1875 3385 ethoc
1904 3329 2082 3409 raris-ﬁ

484 3424 646 3496 sime)
672 3425 900 3480 reddere
932 3424 1180 3479 videmur
1204 3423 1412 3487 laudes,
1440 3423 1492 3478 in
1528 3423 1674 3479 nullo
1702 3423 1807 3477 alio
1845 3422 2068 3478 smcula-

483 3519 639 3576 ribus
687 3517 970 3573 videamur
1012 3516 1302 3572 dissimiles
1356 3535 1369 3569 :
1413 3516 1486 3570 ita
1529 3525 1589 3570 ut
1615 3514 1682 3570 de
1715 3514 1890 3580 nobis,
1933 3515 2064 3585 proli

478 3608 662 3665 nefas!
694 3610 898 3664 dictum
915 3606 1211 3679 prophetia:
1236 3606 1407 3676 possit
1426 3606 1593 3671 credi,
1617 3610 1759 3676 quod
1787 3605 2066 3659 continent

485 3709 734 3777 tempora
758 3696 1062 3767 praesentis
1101 3696 1201 3750 sevi
1250 3713 1265 3749 :
1297 3695 1364 3749 Et
1396 3696 1491 3749 erit
1538 3696 1672 3749 sicut
1702 3695 1948 3766 populus,
1988 3696 2064 3748 sic

483 3789 727 3845 sacerdos
774 3786 933 3856 (Isai.
980 3802 1128 3852 xxrv,
1177 3786 1265 3857 2);
1313 3785 1535 3855 etquod
1567 3785 1704 3840 alius
1746 3785 1798 3839 in
1832 3785 2066 3840 Tlirenis

482 3881 728 3952 deplorat
751 3895 766 3934 :
786 3880 1085 3946 Quomodo,
1100 3879 1373 3949 inquiens,
1396 3877 1730 3931 obscuratum
1752 3888 1825 3931 est
1850 3893 2061 3943 aurum,

479 3980 713 4025 mutatus
738 3980 812 4025 est
842 3968 985 4023 color
1005 3970 1247 4039 optimus,
1276 3966 1495 4036 dispersi
1534 3977 1651 4021 sunt
1695 3966 1894 4037 lapides
1936 3983 2061 4021 san-

483 4060 676 4115 ctuarii
718 4061 772 4115 in
815 4060 981 4130 capite
1025 4061 1256 4114 omnium
1284 4058 1581 4133 platearum
1621 4060 1837 4131 (Tltren.
1863 4076 1940 4126 tv,
1974 4042 2075 4130 1);

482 4151 781 4207 detractam
806 4166 1023 4221 quoque
1048 4151 1160 4220 jam
1198 4150 1266 4205 de
1291 4149 1430 4227 cmlo
1462 4150 1513 4205 in
1545 4150 1705 4205 terris
1734 4150 1915 4221 lugere
1942 4165 2064 4221 pos-

479 4241 651 4313 simus
673 4256 920 4312 magnam
950 4250 1158 4309 partem
1185 4240 1459 4295 stellarum
1493 4240 1676 4312 (Apoc.
1702 4256 1774 4305 v1,
1802 4240 1921 4311 15)i
1948 4226 2073 4296 test

2170 3151 2293 3190 cum
2342 3145 2397 3191 et
2439 3137 2760 3203 timendum,
2792 3153 2860 3193 ne
2897 3138 2966 3192 ab
3008 3138 3191 3209 aliquo
3237 3140 3451 3207 borum,
3485 3141 3578 3212 qui
3606 3142 3767 3212 juxta

2170 3239 2385 3300 poetam
2435 3231 2646 3302 nigrum
2691 3232 2743 3286 in
2796 3232 3023 3287 candida
3089 3242 3328 3299 vertunt,
3380 3235 3506 3289 dum
3558 3236 3767 3290 malum

2167 3320 2393 3386 bonum,
2416 3321 2616 3376 bonum
2639 3321 2827 3377 dicunt
2848 3322 3071 3388 malum,
3089 3325 3339 3380 tenebras
3362 3323 3562 3392 lucem,
3585 3326 3765 3383 lucem

2170 3404 2422 3464 tenebras
2463 3418 2732 3479 putantes,
2772 3413 3057 3467 veritatem
3100 3411 3414 3477 falsitatem,
3464 3410 3762 3470 falsitatem

2167 3500 2452 3554 veritatem
2482 3502 2836 3567 aestimantes,
2879 3502 3094 3557 dicatur
3132 3504 3302 3559 mihi:
3351 3504 3524 3560 Morte
3569 3510 3768 3563 morie-

2168 3586 2277 3654 ris,
2324 3589 2448 3661 quia
2494 3590 2819 3643 mendacium
2855 3590 3057 3646 locutus
3085 3608 3137 3646 es
3189 3595 3243 3647 in
3285 3594 3491 3648 nomine
3539 3597 3760 3652 Domini

2167 3666 2353 3754 (Zach.
2391 3698 2522 3746 xm,
2568 3681 2642 3752 5).
2684 3682 2911 3755 Pergam
2949 3686 3127 3754 potius
3154 3685 3220 3739 ad
3252 3685 3354 3739 alia
3391 3702 3526 3742 mea:
3553 3688 3761 3758 profes-

2165 3774 2304 3829 sioni
2338 3773 2486 3846 (515)
2519 3760 2779 3843 quantum
2811 3774 3215 3845 propinquiora,
3257 3777 3759 3836 tantumformido-

2164 3865 2383 3921 losiora.

2233 3956 2324 4010 20.
2384 3955 2462 4009 Ex
2512 3956 2775 4010 monacho
2824 3954 3047 4012 fortuitu
3103 3967 3411 4029 assumptus
3467 3961 3566 4017 es?
3618 3961 3754 4018 Vide

2163 4056 2328 4121 unde,
2369 4071 2476 4126 quo
2506 4056 2806 4121 deveneris,
2854 4055 3105 4132 videlicet
3136 4058 3201 4113 de
3246 4059 3485 4113 maximo
3524 4060 3594 4114 ad
3637 4076 3755 4115 ma~

2165 4166 2351 4222 gnum,
2376 4151 2442 4206 de
2470 4150 2705 4206 maxima
2730 4151 2911 4220 quiete
2943 4151 3258 4206 monasterii
3288 4152 3354 4206 ad
3386 4166 3646 4222 magnum
3674 4152 3753 4207 la-

2167 4234 2353 4299 borem
2379 4243 2586 4307 smculi,
2615 4243 2681 4297 de
2709 4242 2826 4297 sinu
2860 4242 3112 4297 tutissimi
3155 4243 3350 4297 littoris
3388 4243 3455 4296 ad
3484 4243 3755 4313 procellas

481 4328 719 4429 deiectos
747 4345 778 4387 a
807 4330 1125 4386 sublimibus
1174 4333 1225 4384 in
1272 4331 1375 4385 ima
1407 4341 1613 4386 tantum
1650 4333 1847 4387 sectari
1877 4332 2060 4387 multi-
2090 4369 2139 4429 Β
2167 4336 2616 4408 frequentissimae
2640 4335 2996 4405 tempestatis.
3014 4334 3215 4406 Naviga
3240 4336 3423 4406 itaque
3443 4347 3752 4407 suspectus,

478 4419 720 4477 tudinem
769 4421 1109 4477 sacerdotum
1154 4421 1342 4493 (510),
1384 4437 1614 4493 quorum
1664 4438 1830 4494 opera
1881 4423 2061 4480 lucere

738 4621 874 4695 Male
901 4624 951 4677 in
985 4624 1151 4695 \fulg.,
1184 4628 1527 4681 consentiens.

549 4690 700 4764 (307)
738 4690 1126 4766 Iitletnvulga'ti
1152 4695 1274 4747 libri
1299 4696 1630 4762 fraudentur,
1658 4695 1797 4751 male
1827 4713 1839 4749 :
1865 4706 1918 4751 ct
1942 4707 2062 4766 post

475 4776 646 4883 paupa
674 4765 941 4845 proposuit
970 4779 1067 4833 pro
1088 4765 1390 4834 promeruit,
1416 4765 1544 4818 item
1573 4766 1731 4820 male.
1762 4768 1834 4821 De
1857 4765 2061 4838 episco-

476 4848 562 4883 ms
610 4843 846 4883 Olllllllll‘.

476 4834 562 4901 pis
591 4834 846 4901 l0quitur.

548 4902 699 4978 (508)
739 4903 792 4958 Id
824 4912 937 4978 est,
981 4904 1367 4978 ita_specialius
1393 4905 1594 4960 cwteri-s
1625 4906 1741 4978 (seu
1766 4922 1931 4976 quam
1962 4921 2064 4962 cae-

477 4974 605 5044 teri)
638 4974 952 5044 deseruimus
983 4974 1080 5044 ipsi
1110 4979 1325 5039 nnmdo,
1356 4985 1434 5039 ut,
1464 4983 1570 5030 etc.

547 5042 694 5115 (509)
733 5044 790 5098 ld
832 5053 932 5115 est,
984 5042 1037 5097 ut
1094 5046 1366 5098 videamur
1395 5045 1674 5100 dissimiles
1723 5042 2066 5100 stvcularibus

474 5112 607 5185 solo,
644 5112 699 5165 ut
731 5115 805 5166 ita
839 5114 1072 5185 eloquar,
1101 5114 1392 5169 barbirasio
1426 5114 1499 5183 (id
1545 5126 1624 5170 est
1664 5117 1778 5184 sola
1819 5116 2066 5170 tonsione

475 5182 684 5236 barba!)
710 5194 757 5235 et
786 5182 997 5236 corona.
1040 5196 1085 5236 et
1114 5186 1254 5236 auod
1276 5203 1307 5236 a
1342 5186 1488 5236 nobis
1519 5201 1620 5236 non
1648 5182 1916 5236 ducuntur
1938 5200 2067 5236 umo-

2164 4429 2256 4500 qui
2304 4428 2357 4483 in
2406 4435 2561 4498 portu
2588 4426 2820 4496 gaudere
2850 4424 3069 4482 noluisti
3099 4441 3356 4492 securus;
3386 4442 3610 4492 conare,
3645 4438 3755 4484 s:.to

2163 4628 2368 4691 datum,
2396 4624 2588 4679 sectari
2616 4632 2819 4695 tantum
2859 4624 3085 4695 dejectos
3120 4640 3153 4677 a
3193 4624 3502 4695 sublimibus
3546 4628 3605 4679 in
3626 4627 3752 4691 ima,

2164 4698 2417 4778 pimjr’um
2451 4694 2647 4749 sectari
2673 4693 2965 4761 daemones,
2995 4696 3085 4765 qui
3114 4710 3143 4748 a
3172 4693 3310 4750 cmlo
3331 4695 3385 4750 in
3419 4694 3632 4752 inferos
3656 4698 3751 4753 de-

2160 4766 2290 4835 iecti
2315 4764 2553 4820 fuerunt.
2699 4796 2703 4802 ι
3014 4764 3025 4765 “

2239 4836 2388 4909 (511)
2430 4834 2744 4909 Fulgentius
2791 4837 3147 4909 de_sermone
3192 4833 3374 4904 prisco
3418 4853 3432 4889 :

2167 4905 2646 4962 dicitur'subliliter
2671 4905 2964 4975 adgarrire.
3123 4973 3131 4975 _
3584 4905 3599 4908 ⁷
3756 4960 3757 4963 η

2241 4976 2389 5100 (ῗίῐῗ)
2429 4976 2483 5030 ld
2509 4985 2592 5029 est
2632 4973 2798 5029 iratus
2831 4974 3001 5044 juste,
3043 4973 3133 5029 sed
3161 4975 3208 5028 si
3238 4975 3407 5029 iratus
3450 4975 3638 5045 fuisset
3682 4981 3748 5040 ei,

2241 5065 2250 5099 l
2316 5064 2343 5100 e
2377 5055 2501 5100 erat.
3510 5080 3517 5085 ς

2168 5063 2250 5100 cm
2279 5063 2501 5101 aenei-er.
3510 5080 3517 5085 ς

2237 5116 2388 5199 (5-15)
2447 5115 2667 5170 Sensum
2725 5113 2927 5169 scilicet
2996 5115 3159 5186 primi
3233 5112 3485 5168 versiculi
3552 5114 3749 5183 psalmi

2168 5201 2348 5236 Dl‘lllll.

3478 4834 3756 4908 Frigutiu
