4018 5406
220 351 332 414 303

1206 357 1991 444 anLOQUIoauu'LIBnI
2033 367 2187 422 sax.
2213 400 2284 410 —
2313 367 2438 422 LIB.
2481 364 2544 422 v.

3383 368 3486 424 506

221 481 344 538 age,
392 469 554 523 stude
614 471 814 540 aliquid
864 488 1024 543 agere
1080 476 1290 530 cut-teris
1343 478 1660 544 sublimius,
1699 481 1806 534 imo
1834 485 1882 541 Α
1911 480 2178 545 attollant,
2217 481 2536 536 industriam
2585 491 2855 551 repareut,
2895 483 3034 538 vires
3081 492 3327 545 exeraut,
3357 498 3484 537 con-

224 557 486 612 humilius
513 569 566 613 et
615 562 926 630 perfectius,
968 565 1145 618 sciens
1175 569 1500 632 ponderibus
1541 579 1590 623 te
1621 568 1804 640 subja-

221 663 349 702 cere
384 650 616 705 duobus.
659 651 1008 722 Compellcris
1050 655 1192 710 enim
1224 659 1491 714 monacho
1519 676 1639 730 qua:
1683 672 1808 717 sunt

229 742 504 802 monachi,
534 744 790 814 episcopo
834 746 1056 802 reddere
1088 763 1207 818 qme
1237 759 1358 804 sunt
1391 753 1650 821 episcopi.
1680 752 1810 809 Vide

225 845 295 883 ne
325 832 418 885 libi
452 849 548 886 sua
563 834 684 889 lere
713 836 907 906 aliquis
936 838 1112 892 valeat
1143 837 1292 894 illum
1335 856 1572 912 unquam
1604 856 1814 900 mutare

227 923 516 993 habitum,
562 929 773 984 etiamsi
831 931 932 985 hoc
994 941 1294 1004 approbare
1351 953 1416 991 ex
1467 940 1812 1010 antiquorum

227 1016 496 1085 exemplis
521 1018 651 1072 velit
673 1017 914 1086 Patrum,
940 1034 1165 1092 excepto
1188 1039 1311 1078 eum
1335 1027 1398 1079 ad
1425 1027 1552 1080 illud
1576 1029 1814 1085 divinum

229 1106 446 1160 accedis
488 1108 873 1176 ministerium,
901 1113 1043 1180 quod
1073 1115 1172 1168 sibi
1215 1118 1490 1185 proprium
1519 1119 1687 1188 exigit
1729 1136 1818 1175 or-

230 1207 577 1252 namentum.
603 1200 758 1255 'fuuc
781 1217 994 1272 quoque
1022 1220 1142 1259 eum
1176 1223 1278 1259 tton
1303 1219 1545 1277 gestator
1566 1227 1813 1281 corpore,

231 1300 339 1338 non
393 1288 613 1342 recedat
661 1307 689 1343 a
740 1294 923 1346 corde.
957 1293 1094 1347 Audi
1138 1296 1456 1363 Apostolum
1495 1301 1764 1354 dicentem
1799 1319 1814 1355 :

236 1375 507 1431 Habentes
551 1380 963 1446 damnationem,
995 1386 1118 1454 quia
1161 1388 1381 1453 primum
1415 1389 1572 1456 [idem
1611 1391 1819 1444 irritam

236 1466 478 1533 iecerunt
527 1469 578 1537 (I
633 1469 764 1525 Tim.
809 1487 864 1536 v,
913 1473 1018 1542 12).
1074 1473 1298 1541 Jejuniis
1341 1477 1523 1546 itaque
1573 1479 1822 1534 refectio-

237 1572 411 1621 nem,
483 1562 822 1617 orationibus
898 1565 1144 1633 corporis
1213 1567 1669 1633 delectationem,
1748 1573 1824 1626 la-

234 1647 447 1717 crymis
511 1658 752 1720 tempera
829 1654 1007 1708 strculi
1068 1654 1482 1722 jucunditatem.
1553 1661 1704 1728 Quod
1779 1664 1822 1719 si

235 1735 471 1792 forsitan
510 1752 818 1812 assumptus
853 1760 918 1798 ex
959 1745 1179 1814 abbate,
1205 1760 1330 1809 aut,
1357 1763 1413 1804 ut
1443 1755 1660 1817 assolet,
1688 1755 1825 1809 duo-

1911 569 2162 624 stantiam
2198 581 2495 634 resumant,
2535 569 2657 635 fide,
2699 587 2793 641 spe
2838 582 2893 627 et
2936 574 3202 628 cbaritate
3231 574 3284 626 iu
3319 574 3486 627 Deum

1913 659 2286 724 recalescunt,
2345 662 2508 714 invita
2560 670 2615 715 et
2661 663 2920 728 obsecra;
2986 679 3085 717 nec
3158 665 3258 718 hoc
3323 663 3489 716 verbo

1916 755 2309 818 tantummodo,
2368 754 2534 807 multo
2591 755 2762 824 magis
2816 755 3070 824 aperibus
3125 755 3218 808 tibi
3272 753 3490 808 noveris

1915 846 2340 915 exsequendum.
2390 844 2531 899 Vera
2576 855 2659 900 est
2712 846 2854 900 enim
2907 847 3104 900 Leonis
3168 861 3316 916 papae
3367 860 3492 898 seu-

1919 938 2106 1000 tentia,
2155 939 2280 1006 quia
2334 937 2594 991 validiora
2647 947 2773 992 sunt
2819 938 3059 1007 exempla
3100 954 3261 1007 quam
3306 937 3489 1000 verba,

1918 1039 1972 1083 et
2022 1027 2142 1098 plus
2191 1037 2274 1082 est
2321 1044 2485 1097 opere
2532 1029 2728 1082 docere
2774 1044 2936 1096 quam
2989 1044 3139 1080 voce.
3199 1027 3494 1081 Necessita-

1923 1115 2066 1170 tihus
2088 1130 2299 1185 quoque
2319 1131 2504 1170 eorum
2538 1117 2589 1170 in
2622 1116 3006 1186 temporalibus
3035 1116 3253 1170 sedulus
3283 1116 3490 1169 adesto.

1923 1208 1978 1263 Si
2027 1210 2153 1279 quid
2195 1208 2457 1262 fraudasti
2489 1209 2761 1278 praelatus,
2813 1219 3054 1264 restaura
3099 1208 3403 1278 episcopus.
3437 1205 3496 1260 Si

1877 1373 1879 1375 ι
1923 1300 2049 1368 quid
2070 1300 2133 1353 de
2160 1309 2210 1353 te
2234 1299 2431 1362 minus,
2449 1299 2614 1353 abbas
2639 1300 2759 1353 dum
2785 1315 2952 1363 esses,
2980 1298 3285 1354 recordaris
3305 1295 3495 1360 fuisse,

1923 1389 2162 1461 pontifex
2194 1405 2258 1442 ne
2291 1391 2528 1442 verearis
2560 1404 2904 1458 componere.

1999 1481 2088 1534 2:2.
2123 1481 2230 1536 Nec
2263 1483 2364 1536 hoc
2407 1497 2572 1550 agens
2604 1481 2864 1546 verearis,
2918 1498 2986 1534 ne
3040 1482 3160 1549 quis
3211 1491 3261 1533 te
3309 1495 3501 1548 pects-i-

1882 1640 1884 1642 ν
1928 1582 2122 1634 torem,
2165 1581 2216 1624 te
2246 1571 2373 1624 olim
2408 1570 2602 1624 dixerit
2635 1571 2907 1624 exstitisse
2945 1570 3331 1623 fraudatorem.
3370 1569 3502 1624 Vide

1928 1671 2226 1716 tantumne
2275 1661 2490 1715 Christo
2531 1661 2933 1730 opprobriosus,
2964 1676 3031 1714 ne
3081 1660 3190 1714 Deo
3227 1660 3497 1720 horridus,

1934 1768 2000 1806 ne
2049 1751 2273 1821 Spiritui
2324 1761 2513 1805 saneto
2551 1765 2743 1819 pareas
2796 1749 3184 1806 exsecrandus.
3245 1747 3357 1802 Hoc
3410 1747 3503 1811 lit,

239 1832 341 1886 bus
394 1842 490 1886 aut
547 1843 696 1889 certe
745 1836 989 1905 pluribus
1037 1837 1148 1905 jam
1200 1842 1460 1910 pr:efuisti
1511 1843 1667 1914 157
1714 1861 1827 1899 mo-
1860 1830 1902 1887 Β
1932 1842 1974 1896 si
2012 1856 2110 1896 nec
2144 1841 2414 1914 prmterita
2452 1842 2631 1904 diluis,
2675 1854 2772 1894 nec
2816 1839 3101 1910 pra-seutia
3131 1839 3510 1893 emendatione

241 1925 554 1990 nasteriis;
630 1941 796 1996 pensa
865 1944 984 1998 qua:
1056 1947 1214 1986 causa
1285 1932 1590 2001 hujusmodi
1667 1937 1830 1992 fuerit

238 2017 650 2074 demutationis.
702 2020 810 2075 Nec
869 2022 995 2086 tibi,
1055 2039 1269 2092 quaeso,
1341 2043 1564 2096 parcas,
1619 2046 1723 2084 non
1779 2041 1830 2085 te

241 2105 518 2176 decipias,
571 2124 680 2162 non
735 2118 788 2164 te
835 2111 1059 2180 palpes,
1107 2129 1212 2166 non
1281 2114 1375 2168 tibi
1423 2117 1566 2184 quod
1628 2120 1830 2186 optime
1885 2105 1888 2108 ’

243 2199 389 2252 nosti
422 2199 562 2254 velis
600 2201 801 2256 celare.
836 2197 990 2257 Nulla
1033 2205 1176 2258 enim
1222 2208 1362 2274 apud
1412 2206 1603 2271 Deum,
1649 2219 1708 2263 ut
1756 2211 1832 2264 ait

245 2287 604 2354 Augustinus,
635 2290 836 2346 latebra
857 2333 871 2357 ,
904 2294 1115 2348 etiamsi
1147 2295 1304 2364 plena
1344 2297 1416 2350 sit
1454 2300 1833 2354 abscondentis

244 2379 497 2444 perﬁdia.
546 2379 734 2451 Neque
764 2383 880 2438 ideo
907 2383 994 2439 ille
1043 2400 1148 2439 non
1205 2388 1373 2451 novit,
1412 2389 1456 2442 si
1493 2400 1546 2443 tu
1580 2400 1634 2443 te
1666 2390 1835 2460 lingis
1901 2379 1906 2382 ’

246 2467 505 2537 ignorare
536 2487 550 2521 :
587 2472 719 2540 quin
753 2465 946 2542 potius
993 2483 1046 2528 tu
1097 2476 1372 2530 humiliter
1400 2493 1654 2548 agnosce,
1683 2481 1724 2534 si
1755 2482 1836 2536 vis

249 2572 309 2616 ut
341 2563 432 2618 ille
462 2566 711 2634 ignoscat
761 2569 954 2622 'Prima
1001 2579 1085 2624 est
1135 2586 1280 2636 vero,
1329 2582 1386 2626 ut
1431 2574 1506 2627 ait
1555 2575 1834 2644 gentilium

247 2655 498 2722 quidam,
547 2658 700 2720 ultio,
753 2660 896 2728 quod
947 2675 1004 2714 se
1044 2659 1228 2728 judice
1289 2677 1488 2717 noeens
1546 2663 1838 2719 absolvitur

250 2761 433 2800 nemo.
467 2747 656 2817 Cogita
709 2749 891 2818 igitur,
941 2758 1120 2803 utrum
1171 2751 1254 2804 his
1303 2750 1521 2823 [scilicet
1564 2765 1838 2810 monaste-

250 2835 373 2906 riis}
411 2837 515 2890 rite
563 2837 862 2906 praefeci-is.
915 2838 1068 2906 Quod
1117 2839 1162 2894 si
1213 2841 1503 2903 inveneris,
1539 2842 1657 2896 dole
1696 2845 1838 2912 quod

249 2943 363 2981 non
412 2930 890 2998 perseveraveris;
947 2931 1028 2986 sin
1094 2932 1295 2997 minus,
1343 2934 1506 2987 etiam
1562 2934 1630 2988 ob
1682 2935 1732 2990 id
1784 2937 1838 2990 in

255 3019 410 3072 omni
457 3020 563 3072 vita
618 3020 918 3088 quotidiani
972 3037 1077 3076 non
1123 3022 1373 3076 desinant
1421 3025 1669 3094 gemitus.
1734 3025 1841 3078 Me-

253 3118 442 3162 mento
499 3117 577 3164 tot
633 3119 684 3164 te
736 3109 1020 3177 subjacere
1070 3112 1432 3180 ponderibus,
1473 3123 1606 3184 quot
1656 3113 1842 3183 praefe-

1934 1934 2210 2004 componis
2260 1951 2272 1985 :
2316 1933 2442 2002 quin
2499 1933 2678 2002 potius
2723 1947 2844 1986 cum
2899 1931 2964 1986 de
3027 1939 3079 1985 te
3127 1931 3229 1984 hoc
3288 1929 3512 1992 dicitur,

1935 2023 2106 2092 gaude
2143 2022 2415 2076 lmmiliter
2445 2023 2496 2075 in
2528 2023 2657 2086 Deo,
2703 2023 2747 2076 si
2784 2022 2877 2075 tibi
2913 2021 3075 2092 158
3113 2037 3235 2076 cum
3295 2020 3512 2075 caeteris

1938 2125 2062 2164 vere
2106 2110 2315 2164 dicatur
2355 2129 2366 2163 :
2414 2109 2614 2164 Fuisti:
2642 2110 2929 2178 aliquando
2956 2111 3201 2172 tenebrw,
3232 2127 3369 2162 nunc
3408 2126 3512 2161 au-

1935 2211 2036 2254 tem
2100 2201 2192 2255 lux
2244 2204 2298 2255 in
2349 2201 2608 2265 Domino;
2648 2212 2694 2255 et
2749 2203 2858 2255 haec
2903 2201 3111 2264 quidem
3166 2201 3364 2270 fuistis,
3417 2209 3508 2253 sed

1937 2294 2101 2347 abluti
2127 2295 2268 2359 estis,
2297 2295 2610 2362 sanctiﬁcati
2659 2293 2779 2347 estis
2820 2292 2871 2362 (1
2898 2293 3020 2346 Cor.
3055 2309 3130 2358 vI,
3158 2293 3264 2362 ll).
3293 2292 3349 2346 Si
3389 2292 3508 2360 quis

1939 2387 2121 2454 itaque
2160 2386 2434 2450 detrahat,
2485 2386 2824 2454 obloquatur,
2863 2387 3170 2448 maledicat,
3204 2386 3516 2455 factumque

1942 2479 2238 2548 vituperet;
2276 2478 2367 2533 tibi
2404 2478 2559 2532 ﬁrma
2593 2494 2738 2547 spes,
2782 2478 3012 2534 solidum
3057 2479 3324 2549 refugium
3367 2480 3418 2534 in
3453 2479 3517 2533 il-

1947 2569 2051 2622 lius
2085 2569 2157 2622 sit
2196 2568 2419 2633 auxilio,
2468 2567 2551 2621 cui
2601 2585 2629 2620 a
2676 2567 2946 2637 Propheta
2979 2578 3064 2622 est
3111 2568 3314 2622 dictum
3351 2585 3364 2621 :
3399 2566 3518 2621 Ma-

1941 2657 2161 2710 lcdiccut
2221 2656 2314 2718 illi,
2373 2668 2419 2710 ct
2471 2669 2528 2710 ιιι
2575 2658 2839 2712 benedices
2889 2655 3060 2728 (Psal.
3098 2672 3247 2721 CVIII,
3278 2656 3411 2729 28);
3463 2667 3520 2712 et

1940 2748 2152 2818 erigens
2203 2748 2399 2801 mentis
2440 2749 2612 2802 aciem
2668 2747 3049 2803 indesinenter
3081 2747 3256 2802 clama
3297 2763 3315 2804 :
3354 2748 3530 2814 Aufer-

1943 2858 1972 2891 ιι
2005 2855 2082 2890 me
2126 2837 2458 2906 opprobrium
2504 2848 2551 2890 et
2600 2848 2947 2909 contemptum
2976 2839 3149 2909 (l’sal.
3182 2857 3374 2906 cvaII,
3402 2841 3517 2912 22),

1945 2941 2050 2979 non
2077 2927 2261 2994 utique
2291 2927 2645 2996 opprobrium
2692 2929 2971 2983 hominum
3001 2931 3140 3002 quod
3172 2932 3470 3000 pertransit
3499 2975 3511 2997 ,

1945 3017 2123 3086 potius
2165 3026 2334 3082 tuum,
2370 3019 2510 3088 quod
2557 3019 2600 3072 si
2651 3020 2737 3074 hic
2785 3036 2888 3078 non
2943 3022 3159 3088 desiuit,
3207 3023 3314 3084 illic
3361 3024 3522 3088 finem

1949 3125 2053 3162 non
2110 3109 2331 3162 invenit.
2386 3109 2588 3164 Vereor
2641 3111 2807 3176 enim,
2858 3127 2925 3166 ne
2963 3112 3084 3174 dum
3145 3121 3415 3176 transacta
3465 3123 3526 3167 ut

249 3207 431 3261 eturis
476 3205 736 3261 infulatus
774 3207 1018 3276 largitori
1069 3208 1287 3278 indigne
1337 3209 1421 3263 his
1477 3219 1635 3265 utens
1672 3212 1841 3266 exszi-
1870 3204 1912 3264 C
1947 3214 2070 3258 sunt
2094 3205 2252 3276 digna
2285 3204 2827 3275 opprobriojudieas,
2855 3208 3016 3262 etiam
3049 3209 3524 3278 prwsenliadigua

251 3297 371 3350 tisti
427 3296 701 3368 ingratus;
741 3298 976 3369 dumque
1022 3299 1277 3367 prodesse
1313 3299 1544 3354 debuisti
1570 3301 1836 3371 pluribus,

252 3388 444 3456 paucis
465 3399 557 3442 aut
587 3388 812 3442 forsitan
841 3389 1002 3443 nullis
1026 3404 1188 3444 causa
1222 3389 1448 3460 alicujus
1485 3390 1629 3446 fuiin
1665 3393 1842 3462 profe-

253 3488 414 3533 ctus:
447 3479 552 3533 imo
582 3479 669 3534 his
695 3479 988 3546 destitutis,
1030 3479 1098 3534 ad
1139 3481 1274 3536 alios
1322 3481 1551 3537 subinde
1584 3485 1838 3554 migrans,

254 3569 573 3640 nullumque
599 3587 704 3626 nec
736 3572 802 3627 de
826 3573 910 3626 his
938 3588 1038 3627 nec
1064 3573 1129 3628 de
1151 3573 1276 3638 illis,
1307 3575 1436 3643 quin
1465 3575 1629 3628 etiam
1656 3590 1756 3630 nec
1777 3577 1843 3631 de

256 3659 433 3728 teipse
462 3661 526 3712 ad
561 3661 816 3715 horreum
866 3661 1159 3717 Dominica:
1202 3678 1342 3717 areae
1372 3663 1615 3718 iructum
1645 3681 1839 3734 appor-

256 3759 403 3811 tans,
431 3760 563 3820 quot
595 3751 829 3807 debuisti
874 3753 1175 3823 manipulos
1215 3752 1378 3820 ferre,
1413 3763 1493 3808 tot
1524 3754 1760 3824 exiget-is
1787 3755 1841 3810 in

251 3838 464 3908 judicio
499 3855 846 3910 componere.

333 3931 424 3984 21.
475 3930 582 3985 Fac
629 3931 834 4002 itaque,
885 3932 1012 3987 dum
1048 3935 1223 3988 adhuc
1265 3935 1380 3989 dies
1406 3944 1509 4000 est,
1542 3935 1683 4003 quod
1716 3951 1845 4006 sug-

259 4039 416 4094 gero.
488 4023 624 4077 Dum
693 4024 870 4078 adhuc
934 4034 1092 4080 vacat
1149 4035 1362 4094 tempus
1420 4026 1668 4091 sationis,
1717 4027 1843 4080 dum

257 4114 441 4168 adhuc
491 4127 808 4168 (Bconomus
854 4123 1064 4184 spectat
1100 4114 1176 4187 [id
1220 4127 1293 4170 est
1333 4115 1660 4186 exspectat],
1710 4117 1838 4168 dum

261 4212 450 4259 custos
503 4219 642 4260 area:
692 4205 943 4269 triturat,
980 4206 1189 4274 paleam
1232 4222 1335 4259 non
1382 4206 1590 4270 exerit,
1624 4204 1847 4258 ventila-

264 4295 426 4348 hrum
479 4310 585 4348 non
636 4295 847 4364 arripit,
897 4295 1023 4349 dum
1074 4294 1248 4348 adhuc
1303 4309 1407 4347 non
1468 4293 1731 4358 ventilat;
1775 4293 1851 4346 la-

261 4383 419 4447 bora,
461 4398 605 4447 sere,
654 4399 957 4454 congrega,
997 4383 1170 4438 nullas
1213 4383 1428 4438 dederis
1483 4384 1671 4448 ferias,
1731 4384 1849 4438 nul.

257 4473 371 4528 lum
416 4475 512 4529 tibi
558 4474 871 4538 colludium,
915 4474 1116 4531 nullam
1167 4489 1413 4544 pausam,
1456 4473 1657 4527 nullum
1712 4485 1846 4526 tem-

1943 3299 2273 3368 contemptui
2309 3299 2549 3368 deputes.
2603 3299 2755 3365 Quod
2787 3299 2839 3352 lit
2864 3340 2877 3364 ,
2911 3301 2954 3354 si
2987 3311 3038 3354 et
3073 3310 3343 3356 transacta
3395 3317 3520 3356 cor-

1945 3389 2193 3458 riguntur
2237 3389 2498 3458 segniter,
2544 3397 2597 3442 et
2652 3390 2938 3457 praesentia
2977 3400 3302 3444 exercentur
3349 3390 3523 3459 negli-

1942 3491 2150 3551 genter.
2197 3481 2344 3533 lllam
2380 3482 2540 3535 etiam
2577 3479 2726 3534 Sara:
2759 3481 3056 3535 orationem
3101 3481 3168 3534 ad
3221 3491 3363 3534 tuam
3393 3496 3521 3550 pro-

1944 3572 2027 3628 fer
2090 3572 2376 3625 tttilitatem
2417 3591 2428 3623 :
2490 3570 2616 3623 Peto
2645 3611 2658 3634 ,
2705 3571 2992 3638 itttlltiens,
3038 3570 3295 3635 Domine,
3341 3581 3394 3622 ut
3458 3571 3523 3628 de

1943 3661 2148 3715 vinculo
2180 3662 2483 3730 improperii
2507 3660 2665 3728 hujus
2691 3660 2923 3715 absolvas
2953 3678 3050 3721 me,
3083 3670 3172 3722 aut
3203 3671 3336 3722 certe
3367 3661 3520 3716 desit-

1944 3767 2034 3819 per
2075 3759 2266 3803 terram
2314 3749 2505 3817 eripias
2563 3765 2642 3802 me
2679 3747 2830 3818 (Tob.
2878 3746 3112 3810 ηιμ-κῆν
3158 3767 3271 3810 non
3304 3747 3526 3822 quidem

1943 3840 2374 3895 substantialit—cr
2432 3848 2559 3894 ante
2605 3849 2820 3908 tempus
2881 3840 3326 3908 praedestinatum
3374 3836 3527 3901 aufe-

1911 3917 2142 3995 rendo,
2207 3929 2412 4000 [supple
2465 3927 2582 4001 sed]
2644 3939 2876 3982 mentem
2923 3944 3093 3982 meam
3145 3927 3208 3980 ad
3239 3936 3289 3980 te
3317 3926 3529 3996 penitus

1947 4019 2222 4089 erigendo.
2267 4019 2365 4073 llic
2427 4027 2532 4084 est,
2573 4019 2776 4082 dicent,
2810 4017 3052 4071 novellus
3101 4017 3384 4086 propheta,
3437 4030 3525 4069 re-

1950 4124 2079 4164 cens
2113 4107 2409 4178 apostolus,
2438 4107 2616 4163 subito
2644 4107 2868 4177 angelus
2895 4104 3137 4160 effectus.
3173 4105 3276 4160 Iste
3307 4112 3528 4158 sanctus

1951 4197 2234 4262 Martinus,
2287 4197 2433 4252 Zeno
2478 4211 2559 4253 est
2613 4200 2715 4252 iste
2764 4211 3009 4262 sanctus,
3051 4195 3209 4250 modo
3258 4195 3325 4248 de
3376 4193 3529 4248 etnlis

1951 4288 2238 4342 demissus.
2269 4286 2555 4353 Vanitatis,
2597 4289 2879 4357 inquiunt,
2922 4288 3070 4358 signa
3109 4294 3234 4339 sunt
3270 4285 3392 4346 ista,
3425 4283 3528 4354 hy-

1955 4379 2202 4449 pocrisis,
2253 4379 2546 4445 simulatio,
2579 4379 2661 4433 vel
2715 4380 2933 4443 levitas;
2971 4378 3198 4432 mutatio
3237 4375 3530 4438 affectuum

1957 4471 2082 4532 ista,
2117 4483 2219 4521 non
2252 4468 2429 4536 aliqua
2481 4470 2667 4540 religio
2695 4485 2839 4523 vera.
2875 4469 2918 4523 Ο
2941 4483 3103 4538 quam
3134 4481 3384 4537 asperum
3411 4479 3541 4529 ver-

260 4583 361 4636 pus
399 4566 682 4637 indulgeas
722 4568 1008 4623 vacationi.
1051 4567 1242 4622 Insiste
1268 4555 1600 4621 omnimodis
1619 4564 1844 4630 sationi,
1877 4550 1924 4608 Ι)
1955 4559 2115 4612 bum!
2154 4559 2247 4614 sed
2278 4559 2396 4613 vide
2423 4575 2489 4614 ne
2511 4559 2581 4614 sit
2613 4575 2820 4614 verum.

262 4672 329 4712 ne
365 4657 506 4713 desit
538 4659 681 4728 quod
714 4656 911 4713 afferas
938 4658 1270 4712 triturationi
1309 4676 1322 4710 :
1357 4658 1528 4725 ipsam
1559 4656 1724 4710 etiam
1759 4657 1847 4710 iu-

259 4761 540 4808 cessanler
597 4753 795 4808 mentis
851 4753 1026 4809 oculis
1072 4753 1300 4818 adhibe,
1356 4752 1529 4822 ipsam
1583 4752 1842 4816 attende;

262 4843 433 4913 cogita
482 4843 728 4912 quotidie
777 4858 842 4896 ne
887 4851 1144 4911 superent
1174 4843 1362 4914 paleae,
1406 4857 1473 4896 ne
1506 4841 1843 4911 superabun-

238 4934 388 4990 ‘deut
429 4937 676 5000 zizania;
737 4944 1008 4989 memento
1046 4935 1285 4990 triticum
1335 4934 1386 4987 in
1438 4935 1695 4988 horreum
1752 4937 1852 4990 de-

263 5028 385 5083 bere
440 5028 665 5083 recondi
723 5026 942 5099 (Matth.
974 5043 1091 5091 xm,
1118 5027 1232 5097 30),
1267 5025 1454 5096 paleas
1487 5035 1667 5079 autem
1698 5041 1849 5080 com~

259 5115 376 5172 buri
416 5117 525 5188 igni
566 5115 1019 5187 inexstinguibill.
1075 5116 1248 5186 Prope
1281 5116 1464 5184 itaque
1497 5116 1702 5186 positos
1731 5128 1848 5169 cre-

2023 4653 2112 4708 23‘.
2154 4648 2302 4708 Cave
2345 4652 2507 4704 etiam
2565 4667 2743 4722 prope
2778 4652 3036 4711 latentem
3078 4651 3390 4709 venantium
3443 4645 3525 4708 la-

1954 4764 2172 4818 queum.
2203 4744 2351 4799 Multi
2377 4743 2522 4796 enim
2551 4743 2651 4796 hoc
2680 4757 2870 4812 aspero
2901 4742 3066 4796 verbo
3095 4739 3242 4811 (516)
3271 4735 3529 4812 perterri-

1956 4840 2014 4902 ti,
2044 4835 2347 4906 exasperati
2397 4841 2450 4887 et
2501 4833 2870 4896 verccundati,
2919 4831 3118 4886 bonum
3169 4829 3532 4896 relinquentes

1955 4933 2272 5001 inemptum,
2319 4926 2458 4996 capti
2513 4935 2637 4980 sunt
2686 4927 2738 4979 in
2796 4921 3148 4990 muscipulam
3201 4916 3530 4972 venantium.

1957 5022 2034 5077 Tn
2074 5030 2292 5076 econtra
2341 5019 2424 5073 his
2466 5019 2658 5080 corde,
2693 5033 2796 5072 non
2856 5029 2951 5067 ore
3010 5011 3308 5080 responde;
3361 5007 3537 5076 ipsum

1957 5113 2118 5169 etiam
2170 5122 2218 5166 te
2262 5113 2374 5165 haec
2412 5110 2659 5179 cogitans
2704 5121 2855 5162 cave.
2909 5101 3027 5156 Non
3078 5102 3272 5156 desunt
3309 5097 3452 5151 enim
3485 5105 3542 5152 et

2631 5215 2673 5228 η.
2723 5208 2974 5228 ηεινοι-ηαι
3031 5193 3118 5228 nlui
3159 5192 3348 5228 nlinnen
3378 5188 3542 5228 lnII-n-

2406 5203 2415 5211 υ

2119 5203 2351 5228 .-.ηρ-...1.ια..
2406 5210 2624 5228 ιιιΙιιΛιιτπι
