4018 5406
530 163 637 217 δίη

1408 231 1413 236 ,
1484 161 1807 220 RATtlEttit
1849 158 2065 218 EPtsc.
2105 155 2356 212 VERON.
2396 156 2545 213 ΟΜ).
2588 164 2768 221 mas
2801 164 2843 220 ι,

3690 163 3800 220 508

530 272 831 329 mentieris.
886 266 943 327 In
993 268 1185 328 melius
1232 283 1437 330 mutare
1488 274 1821 344 propositum
1872 291 1976 328 non
2033 280 2113 328 est
2142 273 2194 335 Δ
2223 272 2267 327 si
2296 273 2438 343 quod
2471 275 2624 329 valeo
2654 274 2749 329 tibi
2777 275 2907 329 dare
2938 290 3043 328 non
3073 273 3305 345 negligo,
3335 281 3530 328 caetera
3560 282 3667 329 tua:
3696 276 3781 329 in-

529 365 741 430 levitas,
774 365 867 419 sed
908 365 1058 436 (517)
1108 366 1301 430 virtus,
1350 381 1525 436 neque
1566 367 1741 436 culpa,
1785 367 1877 421 sed
1912 367 2106 437 gratia.

528 457 704 512 Erunt
726 458 888 512 etiam
935 459 1024 529 qui
1066 460 1192 514 dum
1217 459 1358 513 nulla
1387 460 1757 527 considerant,
1791 462 1898 514 imo
1925 462 2114 515 nolunt

531 550 739 606 habere
792 566 930 615 sua,
992 560 1080 604 tua
1139 552 1183 604 si
1251 567 1354 621 qua
1415 552 1686 618 viderint,
1738 553 1919 605 Statim
1969 553 2109 606 bona

530 642 797 712 incipiant
843 640 1062 695 laudare
1098 640 1271 711 (5l8),
1325 650 1378 695 et
1429 641 1614 695 mirari
1660 642 1805 695 velut
1851 643 2108 696 maxima.

533 732 743 800 Quilzns
774 732 817 786 si
864 740 971 784 tua:
1020 731 1366 786 conscientiae
1414 732 1600 786 relicto
1650 734 1956 788 testimonio
2000 751 2117 789 ere-

533 821 764 886 dideris;
819 820 1013 883 fateor,
1064 836 1166 874 nec
1204 822 1460 887 mentior,
1510 820 1652 875 illico
1700 822 1942 892 perditus
1980 823 2109 878 eris.

536 910 617 964 'l'u
643 917 867 964 econtra
913 910 1039 963 dum
1092 910 1323 965 exhibes
1366 910 1672 980 praesentia,
1713 925 1928 982 semper
1959 912 2115 967 stude

532 1002 845 1057 me'ninisse
896 1002 1190 1071 praeterita,
1241 1002 1508 1072 simulque
1547 1002 1640 1057 Dei
1673 1003 1916 1058 districta
1956 1013 2005 1058 et
2042 1003 2116 1058 in-

532 1092 1046 1161 comprehensibilia
1078 1095 1319 1162 cogitare
1341 1092 1566 1162 judicia.
1595 1094 1750 1164 Smpe
1794 1096 1939 1150 enim
1969 1097 2114 1151 unde

535 1185 733 1240 mereri
787 1193 1008 1254 putatur
1050 1185 1245 1256 gratia,
1276 1179 1617 1241 contrahitur
1664 1185 1903 1251 offensa;
1971 1189 2117 1244 unde

533 1275 781 1330 contrahi
834 1276 1057 1329 timetur
1115 1274 1347 1341 oll'ensa,
1393 1277 1696 1347 acquiritur
1747 1278 1938 1349 gratia.
1989 1277 2113 1332 Lin-

534 1383 693 1438 guam
748 1382 854 1421 non
900 1366 1072 1420 solum
1129 1383 1157 1420 a
1202 1368 1541 1435 ei-iininosis,
1588 1370 1750 1423 etiam
1800 1371 1866 1423 ah
1923 1371 2114 1425 otiosis

532 1458 773 1521 contine,
801 1457 979 1512 sciens
1001 1456 1202 1512 dictum
1230 1473 1326 1527 per
1349 1457 1607 1513 .laeobum
1637 1475 1759 1514 esse
1790 1478 1802 1514 :
1838 1460 2033 1532 Siquis
2059 1480 2115 1517 se

496 1579 502 1585 -
531 1559 680 1618 putat
707 1546 1001 1617 religiosum
1020 1563 1265 1611 esse,uou
1291 1547 1559 1617 refrenetis
1581 1549 1813 1620 linguam
1831 1567 2001 1605 silent.
2021 1554 2112 1605 sed

492 1668 497 1677 ‹
530 1639 781 1692 seducem
801 1639 1251 1709 corsuum,lmjus
1277 1655 1414 1693 vana
1446 1649 1519 1694 est
1551 1639 1733 1710 religio
1755 1640 1892 1708 (Jac.
1914 1657 1953 1704 ι,
1996 1641 2111 1712 ‘26).
2147 1626 2193 1687 Β

605 1730 697 1784 24ξ
729 1731 833 1786 Sed
872 1741 931 1786 ut
975 1733 1143 1787 semel
1176 1734 1438 1804 incipiens
1468 1734 1655 1804 paucis
1678 1736 1855 1790 adhuc
1884 1746 1940 1791 te
1986 1736 2116 1791 allo-

536 1836 697 1890 quar,
740 1837 970 1894 suggero
996 1833 1051 1879 ut
1091 1834 1145 1879 et
1190 1826 1233 1879 si
1284 1826 1410 1895 quid
1461 1826 1513 1881 in
1549 1826 1852 1897 iuventute,
1896 1827 1948 1883 si
1988 1828 2116 1898 quid

537 1913 700 1967 etiam
747 1915 923 1970 adhuc
961 1915 1013 1970 in
1043 1917 1374 1972 monasterio
1412 1918 1644 1986 positus,
1692 1928 1981 1988 antequam
2013 1919 2118 1973 sei-

534 2001 664 2058 licet
706 2005 772 2058 ad
824 2004 1040 2075 aliquod
1089 2006 1332 2078 regimen
1378 2022 1529 2062 esses
1578 2018 1907 2079 assumptus,
1934 2009 2117 2081 egisti,

540 2094 702 2166 159
751 2096 978 2152 sollicite
1026 2107 1337 2153 retractes:
1380 2099 1613 2155 forsitan
1659 2110 1709 2155 et
1766 2102 1836 2158 ibi
1888 2102 2114 2172 aliquid,

531 2188 671 2248 quod
722 2204 826 2241 non
871 2204 1059 2258 parum
1122 2189 1322 2244 debeas
1371 2200 1632 2253 metuere,
1678 2191 1943 2247 invenies.
2002 2192 2110 2247 Be-

535 2280 778 2349 pcrietur
824 2280 987 2334 etiam
1040 2281 1158 2344 tibi,
1222 2296 1330 2351 quo
1380 2281 1574 2337 ordine
1633 2294 1961 2352 assumptus,
2012 2298 2119 2353 qua

544 2374 868 2429 necessitate
935 2374 1105 2429 fueris
1163 2376 1391 2430 electus.
1455 2374 1722 2430 Proclivis
1773 2376 1921 2429 enim
1978 2391 2120 2430 sem-

538 2480 636 2533 per
663 2466 714 2519 in
744 2466 1012 2519 deteriora
1048 2467 1299 2521 humana:
1337 2467 1649 2521 ambitionis
1690 2467 1964 2537 superbia,
1996 2467 2122 2521 uui-

538 2570 694 2610 versa
719 2555 831 2623 jam
882 2572 1156 2625 occupans
1186 2556 1405 2621 sarcula,
1438 2572 1540 2611 nec
1566 2557 1679 2626 ipsa
1713 2557 1875 2612 hodie
1916 2556 2123 2611 deserit

541 2648 811 2709 coenobio,
835 2647 1086 2701 videlicet
1114 2657 1173 2702 ut
1198 2648 1428 2719 eligendi
1463 2664 1568 2702 non
1603 2648 1863 2702 virtutum
1889 2647 2120 2713 meritis,

504 2770 505 2773 η
543 2739 636 2792 sed
681 2738 909 2809 pllll'ltlte
950 2740 1130 2804 istius,
1176 2755 1338 2809 quam
1387 2738 1459 2793 ita
1507 2747 1725 2803 vocant,
1753 2746 1986 2793 terrena:
2022 2753 2124 2794 no-

541 2829 813 2897 bilitatis,
858 2847 918 2886 re
965 2840 1142 2885 autem
1217 2846 1344 2885 vera
1410 2829 1885 2902 corruptibilitatis
1928 2839 2122 2885 taxen-

540 2929 633 2973 tur
696 2921 1004 2991 praceoniis.
1071 2919 1185 2975 Nec
1248 2920 1551 2991 exquiritur
1616 2919 1739 2990 quis
1809 2919 2123 2976 obedientia

545 3022 770 3069 czcteros
838 3022 1080 3082 peccat,
1154 3012 1459 3067 humilitate
1530 3011 1757 3077 vincat,
1828 3011 2119 3079 prudentia

549 3103 841 3158 antecellat
887 3122 899 3157 :
951 3103 1170 3175 [simple
1216 3102 1343 3174 sed}
1393 3101 1545 3170 cujus
1592 3118 1718 3157 arca
1765 3101 2123 3165 cumulatior,

506 3208 829 3251 ‘eamerave
901 3196 1131 3262 fortior,
1202 3197 1359 3251 donis
1424 3196 1497 3249 sit
1567 3194 1856 3266 repletior;
1909 3192 2122 3249 stabula

546 3288 669 3359 quis
718 3287 948 3357 amplius
975 3287 1155 3358 plena,
1189 3286 1389 3356 praedia
1432 3294 1487 3341 et
1521 3283 1784 3340 beneficia
1830 3284 1993 3338 latius
2024 3284 2126 3337 ha-

508 3384 668 3440 beat
720 3384 993 3448 distenta;
1036 3382 1190 3451 cujus
1234 3394 1386 3451 pater
1436 3380 1621 3445 ditior,
1677 3378 1851 3434 frater
1892 3376 2128 3448 locuple~

543 3477 676 3543 tior,
715 3475 962 3546 prosapia
993 3475 1304 3545 generosior
1328 3514 1341 3538 ,
1376 3488 1616 3543 propago
1659 3471 1949 3542 potentior.
1980 3470 2127 3524 Inter

550 3570 666 3624 iure
720 3582 821 3622 nec
862 3566 975 3636 ipsa
1008 3566 1307 3620 honoratur
1357 3564 1607 3619 canities.
1657 3562 1922 3617 Iuventus
1971 3575 2125 3616 sene-

543 3658 709 3712 ctutis
748 3656 928 3710 locum
975 3654 1221 3721 invadit;
1250 3664 1306 3707 et
1336 3653 1484 3719 illud,
1517 3653 1658 3722 quod
1694 3661 1864 3708 totum
1913 3660 1992 3707 est
2040 3651 2123 3706 di-

542 3749 753 3812 vinum,
807 3748 968 3801 datur
1013 3748 1078 3799 ad
1134 3746 1458 3815 priemium;
1512 3752 1565 3797 et
1624 3742 1775 3798 lucra
1830 3750 2127 3813 captantur

546 3847 783 3901 terrena,
830 3838 973 3890 unde
1015 3836 1318 3889 animarum
1367 3834 1708 3888 solummodo
1756 3832 1974 3900 congeri
2025 3832 2123 3887 de-

510 3922 775 3979 buerant
840 3914 1213 3979 mereimonia.
1262 3923 1359 3977 llis
1423 3922 1657 3991 denique
1721 3928 1775 3975 et
1829 3920 1974 3983 aliis,
2031 3921 2122 3990 qui

544 4014 851 4083 lmjusmodi
879 4014 1053 4069 solent
1089 4013 1358 4076 comitari,
1401 4013 1650 4084 pessima:
1690 4011 2006 4067 ambitionis
2034 4027 2128 4068 ea-

511 4106 696 4163 ~sibus
749 4106 793 4160 si
842 4105 1069 4160 forsitan
1122 4115 1175 4159 te
1220 4104 1581 4176 interceptum
1628 4104 1941 4175 repereris;
1992 4103 2124 4158 laeti-

545 4197 654 4261 tiae,
706 4197 909 4267 quaiso,
944 4196 1120 4251 locum
1177 4197 1231 4251 in
1280 4197 1443 4252 corde
1482 4213 1550 4251 ne
1586 4197 1820 4253 dederis.
1872 4196 2124 4251 Forsitan

545 4290 690 4345 enim
738 4291 824 4347 bis
867 4291 1123 4362 auSpiciis
1176 4300 1422 4357 evectus,
1447 4291 1513 4345 ad
1567 4292 1669 4347 hoe
1711 4307 1771 4347 es
1806 4293 2125 4361 perductus,

510 4370 809 4453 'nt(5l9)
861 4381 927 4436 ad
982 4382 1146 4446 illud,
1189 4396 1297 4451 quo
1357 4382 1517 4437 modo
1571 4381 1845 4453 fungeris,
1900 4382 2127 4437 honoris

542 4473 851 4545 fastigium,
901 4473 1083 4545 aliquo
1128 4475 1403 4530 saecularis
1446 4474 1686 4547 suilragii
1731 4474 2012 4544 juvamine
2069 4486 2125 4531 te

544 4564 834 4636 contigerit
871 4567 1198 4622 ascendisse.
1238 4566 1395 4634 Quod
1432 4567 1476 4621 si
1523 4567 1600 4621 ita
1626 4582 1685 4621 se
1724 4566 1906 4632 habet,
1947 4582 2121 4636 quan-

522 4667 659 4725 ,tum
724 4658 985 4729 lugendus
1047 4660 1161 4724 sis,
1213 4674 1471 4715 enarrare
1530 4674 1635 4712 non
1703 4656 1911 4713 sutiicio
1965 4656 2121 4721 satis,

516 4740 757 4804 etiamsi
804 4749 986 4805 omnia
1031 4750 1272 4805 membra
1304 4748 1552 4820 corporis
1587 4746 1949 4803 cunetimodis
1990 4762 2123 4802 con-

544 4848 766 4911 erepent
791 4840 1008 4912 linguis.
1034 4842 1233 4898 Verum
1257 4857 1323 4896 ne
1347 4848 1505 4910 putes
1535 4855 1621 4894 me
1642 4839 1745 4893 hoc
1776 4838 1896 4893 ideo
1918 4839 2122 4903 dicere,

546 4936 688 5004 quod
720 4945 772 4991 te
799 4944 893 4991 aut
913 4934 1144 5005 deiicere
1170 4945 1265 4990 aut
1290 4935 1451 4990 velim
1484 4934 1795 5002 desperare.
1821 4931 2123 4988 Consilium

617 5209 763 5276 (517)
797 5210 1049 5284 heresin
1075 5213 1310 5284 vulgatis
1338 5213 1773 5284 laxatus;_quem
1798 5220 2025 5263 sanasse
2042 5207 2125 5261 vi-

532 5274 735 5352 denlur
763 5280 941 5352 addita
970 5282 1058 5335 hic
1080 5293 1134 5338 et
1162 5274 1345 5352 postea
1381 5274 1647 5352 particula
1670 5278 1779 5332 sed.

617 5346 766 5406 (518)
797 5347 1064 5406 Construe
1098 5369 1109 5406 :
1140 5345 1264 5406 dum
1292 5345 1440 5406 nulla
1478 5366 1575 5404 sua
1602 5350 1735 5402 bona
1773 5345 2128 5406 considerant,

2218 363 2441 420 dustria:
2468 367 2772 421 committo.

2285 454 2374 510 9.5.
2422 461 2559 512 Sunt
2608 456 2771 511 multa
2822 464 3131 511 sanctorum
3178 455 3400 510 Patrum
3440 457 3557 526 iam
3600 472 3671 511 ex
3712 458 3801 512 his

2216 557 2359 612 dicta
2412 552 2641 607 diversis
2678 550 2956 621 opusculis
2995 549 3164 604 indita
3195 567 3211 602 :
3239 548 3355 603 haec
3384 547 3588 618 relege,
3618 556 3676 602 et
3704 563 3800 602 ne-

2216 646 2420 718 gotium
2483 658 2550 696 ex
2598 641 2685 696 his
2736 640 2828 695 tibi
2884 639 3073 695 salutis
3125 640 3365 709 acquire.
3425 637 3555 693 Milli
3615 627 3797 692 mmet:

2216 736 2461 798 videtur,
2508 734 2637 786 dum
2695 731 2914 786 interim
2975 731 3090 785 haec
3146 739 3356 799 ('aptas,
3400 737 3457 783 et
3509 729 3800 784 consilium

2216 827 2524 885 inveniendi
2577 834 2632 880 et
2677 823 3014 895 exsequendi
3065 822 3209 893 quod
3263 821 3526 887 dixerint,
3569 820 3803 875 forsitan

2217 919 2443 991 impedit
2489 917 2738 981 tarditas,
2770 925 2830 970 ut
2878 914 3026 969 nullo
3070 915 3231 971 modo
3278 914 3604 984 desperans,
3632 912 3685 967 in
3712 928 3807 977 eo,

2216 1011 2306 1083 qui
2362 1010 2539 1065 omnia
2591 1008 2719 1062 fecit
2765 1006 2831 1060 de
2876 1006 3065 1070 nihilo,
3096 1005 3327 1061 firmiter
3363 1020 3514 1074 spem
3566 1017 3804 1075 ponens,

2215 1101 2474 1174 laerymis
2506 1110 2556 1154 te
2588 1108 2754 1154 totum
2779 1098 2977 1161 dedas,
3005 1097 3091 1167 pia
3119 1112 3283 1167 opera
3316 1096 3468 1167 (520)
3499 1111 3609 1150 non
3645 1094 3805 1164 quasi

2215 1192 2307 1262 qui
2355 1190 2423 1244 ah
2455 1190 2566 1260 ipsa
2613 1187 2907 1257 ineoepcris
2932 1202 3196 1242 exercens
3234 1186 3486 1252 infantia,
3518 1185 3618 1241 sed
3647 1184 3808 1255 quasi

2170 1359 2177 1363 ν
2215 1288 2307 1359 qui
2363 1294 2533 1342 totum
2576 1285 2702 1340 vita:
2748 1293 2958 1353 tempus
3003 1283 3185 1354 pravis
3230 1282 3417 1337 datum
3463 1290 3635 1352 atque
3673 1295 3809 1335 con-

2216 1388 2489 1449 sumptum
2541 1378 2746 1432 habens
2787 1374 3262 1438 delectationibus,
3311 1373 3533 1429 residuo
3578 1374 3623 1429 si
3673 1375 3809 1444 quid

2215 1472 2379 1527 datur
2428 1469 2619 1539 spatii,
2676 1468 2784 1522 Deo
2842 1476 3052 1523 tantum
3116 1475 3170 1523 te
3226 1466 3431 1522 debere
3487 1465 3817 1521 memineris

2220 1560 2545 1635 mancipari.
2575 1559 2645 1613 Et
2685 1558 2808 1612 licet
2838 1558 3009 1613 sciam
3041 1565 3093 1612 te
3114 1556 3216 1611 hoc
3240 1557 3433 1611 ordine
3462 1571 3561 1627 per
3603 1556 3809 1612 ostium

2218 1667 2325 1707 non
2373 1649 2653 1713 introisse,
2694 1647 2912 1703 aliunde
2952 1647 3135 1716 potius
3172 1646 3517 1711 ascendisse;
3563 1661 3674 1701 non
3723 1654 3811 1700 ta-

2217 1755 2342 1796 men
2410 1747 2463 1794 te
2520 1738 2735 1808 penitus
2786 1735 2960 1791 audeo
3021 1735 3350 1806 desperare,
3405 1735 3536 1804 quia
3599 1742 3819 1789 tantam

2217 1830 2345 1885 novi
2395 1825 2835 1898 pratrisfamilias
2882 1825 3039 1880 istius
3089 1812 3386 1896 potentiam
3427 1838 3574 1892 esse,
3622 1832 3687 1878 ut
3734 1837 3809 1878 ex

2219 1921 2336 1992 ipso
2392 1920 2510 1973 fure
2549 1926 2849 1988 pastorem,
2910 1916 2953 1973 si
3007 1916 3159 1980 velit,
3209 1916 3382 1986 possit
3426 1913 3667 1982 edicere,
3712 1913 3809 1985 qui

2220 2014 2285 2068 de
2342 2013 2469 2082 lupo
2522 2024 2678 2066 ovem
2744 2023 2887 2078 saepe
2948 2007 3148 2079 legitur
3190 2005 3405 2062 fecisse.
3455 1996 3599 2073 Quid
3651 2004 3803 2060 enim

2219 2122 2326 2163 non
2363 2112 2541 2174 potest
2576 2100 2970 2172 Omnipotens?
2997 2099 3127 2171 quid
3165 2115 3272 2155 non
3297 2108 3478 2170 potest
3513 2099 3621 2154 nisi
3657 2097 3804 2169 quod

2220 2212 2379 2271 posse
2426 2196 2594 2251 nolit?
2640 2193 2756 2251 Non
2800 2203 2980 2266 potest
3029 2194 3097 2249 de
3140 2192 3309 2263 impio
3353 2192 3610 2247 invasere
3650 2191 3805 2263 pium

2218 2289 2532 2361 pontiﬁcem
2566 2286 2768 2351 facere,
2803 2287 2893 2358 qui
2932 2286 3110 2357 potuit
3137 2286 3206 2340 de
3243 2285 3512 2355 lapidibus
3540 2285 3815 2340 suscitare

2222 2380 2362 2435 ﬁlios
2408 2378 2675 2433 Abrahae?
2718 2376 2933 2448 (Matth.
2979 2392 3063 2443 tn,
3111 2375 3192 2448 9.)
3250 2374 3415 2447 160
3455 2373 3576 2430 Non
3610 2373 3803 2445 ’ροιιιὶι

2221 2466 2884 2531 ἰηιενΐθεῑιιηιτεῐίεοω,
2944 2466 3038 2536 qui
3093 2464 3271 2537 potuit
3314 2479 3423 2519 non
3479 2463 3817 2519 existentem

2221 2559 2451 2616 creare?
2476 2557 2744 2621 Dillicilia,
2771 2557 2878 2622 ais,
2924 2564 3053 2612 sunt
3092 2556 3320 2611 nimium
3360 2555 3478 2611 hate
3503 2573 3521 2608 :
3551 2554 3650 2610 sed
3685 2554 3814 2609 cui?

2221 2649 2465 2720 nunquid
2531 2648 2680 2704 Deo?
2734 2646 2873 2714 Quid
2924 2646 3002 2701 illi
3049 2645 3308 2713 diﬁcile,
3359 2645 3454 2716 qui
3496 2653 3702 2701 cuncta
3740 2643 3816 2699 de

2222 2741 2393 2797 nihilo
2435 2739 2613 2811 potuit
2658 2737 2875 2793 facere?
2901 2736 3078 2807 Ipsius
3114 2753 3223 2792 non
3261 2735 3462 2790 audisti
3491 2734 3663 2790 hodie
3693 2748 3819 2789 ser-

2223 2848 2439 2889 mouem
2485 2829 2754 2886 dicentis:
2788 2827 2847 2883 Si
2876 2836 3022 2899 potes
3065 2827 3296 2893 credere,
3322 2827 3497 2881 omnia
3532 2823 3823 2896 possibilia

2223 2922 2522 2980 credentis?
2558 2920 2733 2987 (Marc
2785 2935 2861 2984 lx,
2900 2918 3020 2991 εἳ.)
3053 2918 3242 2975 Nescis
3288 2918 3341 2973 in
3386 2917 3553 2973 rebus
3589 2928 3819 2987 quoque

2225 3012 2478 3070 humanis
2505 3009 2812 3079 huiusmodi
2840 3008 3032 3064 haberi
3062 3007 3533 3073 consuetudinem,
3564 3014 3627 3060 ut
3661 3012 3821 3061 tanto

2225 3104 2348 3176 plus
2392 3101 2643 3156 laudetur
2692 3098 2955 3164 medicus,
3007 3110 3213 3169 quanto
3262 3096 3499 3168 amplius
3550 3096 3818 3165 despera-

2228 3195 2388 3248 hatur
2427 3202 2666 3263 :egrotus
2700 3206 2715 3241 :
2754 3205 2876 3245 cum
2907 3197 2965 3244 et
3002 3204 3111 3260 quo
3137 3188 3481 3259 desperatior
3510 3186 3716 3242 anima:
3744 3185 3824 3240 sit

2228 3285 2424 3339 mortis
2454 3281 2699 3347 occasio,
2733 3290 2883 3336 tanto
2921 3278 3102 3349 plures
3132 3278 3448 3349 plerumque
3472 3278 3671 3332 eodem
3700 3289 3820 3330 eor-

2230 3373 2478 3440 rigantur
2522 3368 2808 3438 exemplo?
2850 3368 2989 3424 llinc
3039 3368 3185 3422 enim
3225 3367 3445 3438 quidam
3496 3374 3819 3420 nostrorum

2230 3461 2360 3516 dicit
2404 3460 2590 3515 eodem
2638 3474 2800 3515 sensu
2853 3458 3175 3529 prmmisso:
3220 3455 3353 3512 Vide
3400 3455 3589 3522 Dauid,
3642 3455 3825 3509 tonsi—

2227 3553 2355 3607 dera
2406 3549 2643 3612 Petrum,
2674 3567 2893 3621 quorum
2926 3566 3030 3619 quo
3073 3548 3271 3620 gradus
3318 3547 3517 3613 altior,
3558 3564 3621 3601 eo
3658 3564 3823 3602 casus

2228 3643 2439 3711 gravior
2459 3655 2479 3693 :
2502 3657 2604 3711 quo
2625 3650 2800 3696 autem
2832 3656 2987 3694 rasus
3014 3639 3249 3710 gravior,
3276 3653 3341 3692 eo
3372 3638 3541 3706 pietas
3568 3637 3822 3707 uigenti:

2229 3736 2448 3807 gratior.
2507 3732 2662 3788 Unde
2707 3741 2764 3788 et
2821 3732 2963 3786 idem
3028 3731 3196 3786 nimis
3250 3729 3476 3800 pulchre
3526 3730 3824 3784 consuevit

2229 3842 2443 3883 orare:
2486 3824 2659 3891 Deus,
2707 3824 2796 3895 qui
2856 3822 3284 3892 omnipotentiae:
3343 3830 3490 3874 tuam
3549 3819 3824 3888 parcendo

2229 3918 2457 3974 maxime
2505 3928 2551 3971 et
2601 3914 2900 3970 miserando
2943 3911 3271 3981 manifestas,
3320 3909 3617 3980 multiplica
3660 3925 3825 3980 super

2206 4006 2326 4065 nos
2370 4006 2787 4063 misericordiam
2828 4014 2995 4057 tilum.
3042 4000 3183 4069 Quid
3240 4002 3385 4056 enim
3426 4000 3472 4056 si
3518 4000 3640 4055 lucc
3684 4014 3820 4055 cun-

2231 4112 2314 4158 cta
2364 4099 2488 4155 ideo
2532 4098 2608 4153 ita
2655 4094 2907 4168 permisit
2954 4093 3220 4158 incidere,
3261 4100 3322 4147 ut
3376 4092 3619 4148 haberes
3668 4091 3825 4147 unde

2230 4205 2353 4244 eum
2411 4186 2644 4257 amplius
2694 4197 2882 4254 posses
2924 4182 3170 4248 laudare,
3222 4181 3410 4238 sinens
3454 4179 3711 4236 videlicet
3765 4189 3823 4235 te

2232 4278 2528 4352 periclitari
2583 4278 2637 4332 in
2680 4275 2952 4347 pluribus,
2998 4282 3059 4329 ut
3090 4274 3212 4330 sine
3241 4271 3460 4330 defectu
3505 4272 3824 4329 clamares?

2232 4372 2371 4441 Quid
2398 4370 2449 4426 si
2473 4378 2526 4424 te
2553 4366 2860 4437 exemplum
2893 4366 3063 4420 voluit
3093 4379 3219 4420 esse
3260 4363 3475 4429 talium,
3506 4362 3600 4434 qui
3652 4362 3821 4434 (proh

2232 4461 2456 4531 dolor!)
2504 4458 2977 4515 innumerabiliter
3021 4457 3093 4513 ita
3137 4458 3297 4513 hodie
3342 4472 3444 4528 per
3498 4456 3821 4512 universum

2233 4554 2592 4608 instituuntur
2642 4549 2941 4613 saeculum,
2984 4558 3043 4602 ut
3095 4548 3319 4619 capiant
3368 4546 3822 4618 aliquodeunque

2231 4644 2299 4697 de
2363 4659 2422 4697 se
2491 4655 2708 4711 quoque
2770 4638 2870 4710 ipsi
2925 4638 3237 4704 consilium,
3290 4638 3423 4693 dum
3471 4645 3525 4692 te
3576 4636 3821 4693 viderint

2232 4732 2614 4789 resuscitatnm
2644 4746 2804 4801 quem
2851 4737 3117 4785 noverant
3151 4729 3500 4792 exstinctum,
3529 4742 3643 4799 quo
3681 4744 3823 4781 ana-

2233 4827 2488 4883 thematis
2514 4824 2743 4891 lethum,
2790 4823 2836 4879 si
2884 4822 3002 4878 ﬁeri
3030 4824 3227 4895 possit,
3253 4822 3492 4877 evadant
3514 4819 3827 4876 eanonibus

2228 4917 2668 4990 promulgatum,
2725 4914 3272 4985 maledictionemque
3329 4929 3364 4970 a
3418 4927 3480 4971 se
3530 4913 3827 4982 expellant

2302 5209 2451 5281 (320)
2477 5209 2529 5281 ld
2565 5216 2650 5281 est
2677 5223 2920 5281 exercens
2956 5209 3252 5281 piaAopem,
3286 5204 3689 5281 non‘quosi‘qui
3735 5205 3822 5281 in:

2233 5276 2444 5350 corporis
2467 5279 2532 5350 ob
2563 5278 2790 5350 infamia
2810 5276 3058 5350 ipsa,'sed
3084 5279 3247 5350 (hanc
3274 5276 3595 5350 particulam
3632 5276 3820 5329 sensui

2235 5346 3027 5406 necessariam’snpplevitnusl
3065 5348 3219 5406 quasi
3266 5347 3359 5406 qui
3406 5346 3601 5400 habens
3646 5353 3821 5397 totum
