4018 5406
231 269 368 340 as,

1216 277 1784 346 PILELOQUOIWM
1824 279 1999 336 LIBRI
2041 279 2195 337 SEX.
2224 310 2295 322 -η
2329 280 2454 335 LlB.
2487 279 2549 334 η.

3426 277 3524 336 ars

254 399 520 470 principis
560 411 606 462 a;
629 394 928 448 ostolorum
962 410 1058 464 per
1093 394 1434 453 clementiam
1481 393 1574 447 Dei
1625 402 1680 447 et
1734 393 1836 448 Do—
1871 399 1911 456 Α
1942 393 2011 446 tis
2053 393 2158 446 tuis
2207 393 2308 446 hoc
2340 393 2434 446 tibi
2469 393 2756 455 accidisse,
2789 402 2843 446 et
2876 393 3085 448 minora
3121 393 3345 447 multum
3377 410 3520 456 esse,

258 490 389 541 mini
422 486 831 558 apostolorum?
861 483 991 540 Nam
1023 494 1077 539 et
1113 500 1211 554 pro
1261 485 1418 540 nobis
1460 483 1547 540 ille
1597 482 1713 538 tieri
1757 483 1840 538 di-

257 589 457 648 gnatus
505 591 590 634 est
644 578 990 633 maledictum
1021 577 1163 648 (Cat.
1197 593 1276 640 III,
1309 577 1416 647 13),
1450 586 1507 632 ut
1543 592 1641 632 nos
1677 592 1706 630 a
1738 590 1844 629 ma-

257 671 458 728 ledicto
504 671 798 725 redimeret
843 687 949 724 non
997 679 1206 724 tantum
1257 670 1410 741 legis,
1447 671 1540 725 sed
1576 678 1631 722 et
1677 668 1843 738 origi-

259 761 462 819 nalium
517 769 682 829 atque
741 760 1035 816 actualium
1099 761 1418 824 criminum;
1492 770 1700 814 tantum
1761 769 1842 813 est

257 868 324 907 ne
365 851 642 920 desperes,
701 866 769 903 ne
815 850 1052 920 segniter
1105 866 1254 921 agas,
1314 865 1381 904 ne
1436 850 1501 903 ad
1556 849 1838 904 dexteram

256 956 355 1012 per
402 941 714 1006 elationem,
746 957 812 996 ne
857 941 924 994 ad
982 941 1262 997 sinistram
1308 941 1563 996 deﬂectas
1605 956 1700 1012 per
1743 939 1840 993 de-

256 1035 664 1104 sperationem;
701 1049 768 1088 ne
829 1033 1092 1101 qualitate
1144 1033 1310 1098 boni,
1361 1041 1452 1088 aut
1515 1033 1838 1103 quantitate,

255 1136 318 1178 ut
363 1124 568 1178 assolet
617 1123 756 1188 ﬁeri,
812 1121 936 1176 mali
976 1122 1210 1188 fallaris;
1269 1138 1336 1177 ne
1382 1125 1612 1178 aliorum
1663 1139 1843 1178 mores

256 1217 498 1280 intuens,
543 1224 595 1269 te
645 1226 740 1268 aut
763 1222 1105 1288 arroganter
1138 1216 1339 1285 erigas,
1369 1226 1463 1268 aut
1492 1216 1844 1284 desperanter

254 1306 327 1359 hn
356 1306 544 1367 iiilies;
578 1320 712 1360 neve
742 1304 914 1358 locum
952 1305 1266 1359 athCI‘SnI‘lO
1295 1305 1346 1358 in
1389 1305 1671 1374 temetipso
1709 1303 1844 1357 ulte-

255 1400 371 1449 rius
426 1397 658 1458 tribuas,
708 1411 775 1450 ne
821 1395 964 1465 quod
1031 1396 1125 1448 tibi
1187 1395 1481 1464 contigisse
1526 1395 1694 1459 doles,
1739 1394 1840 1448 ali-

251 1490 342 1543 cai
395 1488 656 1560 [subaudi
713 1488 1064 1560 contingere]
1120 1494 1415 1558 (quantum
1484 1488 1694 1542 scilicet
1757 1502 1840 1542 re-

253 1582 360 1636 niti
419 1581 738 1651 prazvaleas)
801 1595 1073 1649 nunquam
1127 1579 1412 1643 concedas,
1481 1594 1579 1632 nec
1633 1578 1739 1631 labi
1792 1586 1843 1631 te

252 1673 490 1743 amplius
524 1673 674 1728 sinas
706 1675 758 1727 in
813 1673 1008 1727 talibus
1061 1683 1153 1725 aut
1197 1674 1359 1726 etiam
1411 1673 1701 1734 similibus,
1747 1685 1839 1724 c0-

1947 501 2108 554 quaIn
2173 485 2431 553 iniquitas
2497 494 2587 540 tua
2663 486 2995 550 merebatur,
3044 487 3302 558 proﬁtere
3358 486 3528 557 (525).

1947 577 2155 647 ltubigo
2185 579 2329 632 enim
2364 587 2634 632 tantorum
2680 579 2944 633 scelerum
2995 581 3240 635 consumi
3289 596 3393 634 non
3437 595 3536 648 po-

1947 671 2067 733 tuit,
2095 670 2198 724 nisi
2234 671 2355 739 igne
2385 672 2722 725 diversarum
2760 686 3066 740 poenarum.
3097 672 3322 726 Exsulta
3353 673 3535 742 itaque

1945 761 2185 832 gaudens
2227 762 2278 815 in
2332 761 2559 818 Domino
2607 764 2908 825 humiliter,
2941 765 3082 833 quod
3112 765 3164 818 in
3199 765 3302 818 hoc
3331 765 3530 817 sreculo

1945 851 2140 922 partim
2187 851 2279 904 tibi
2323 852 2545 921 contigit
2607 852 3040 908 vicissitudinem
3071 854 3337 908 malorum
3388 855 3532 908 reci—

1945 957 2092 1010 pere,
2139 957 2258 1011 qua:
2302 942 2354 996 in
2403 943 2490 998 illo
2543 942 2619 1015 [id
2666 954 2740 998 est
2786 945 2836 998 in
2888 943 3070 998 futuro
3111 945 3329 1018 Sieculo]
3379 945 3533 1000 valde

1945 1033 2287 1088 metuendum
2341 1042 2460 1100 erat
2509 1034 2670 1089 simul
2699 1035 2878 1089 omnia
2932 1035 3092 1100 ferre,
3127 1052 3249 1091 cum
3298 1035 3376 1090 nil
3429 1036 3530 1089 im-

1947 1125 2194 1196 punitum
2221 1134 2432 1178 constet
2461 1126 2626 1179 Dcmn
2657 1127 2966 1194 relinquere
3001 1145 3014 1182 :
3057 1144 3156 1182 suo
3195 1137 3374 1183 autem
3404 1143 3534 1197 pec-

1946 1227 2067 1269 cato
2106 1215 2344 1284 praedicti
2394 1216 2544 1284 (526)
2598 1216 2699 1271 hoc
2753 1218 2910 1272 modo
2941 1219 3116 1273 solent
3159 1221 3279 1290 ejus
3322 1219 3536 1274 miseri-

1946 1306 2127 1358 cordia
2172 1305 2409 1359 liberari.
2445 1305 2635 1359 Tcmct
2677 1307 2860 1376 itaque
2912 1308 3253 1363 incessanter
3294 1309 3348 1364 in
3396 1324 3530 1364 con-

1945 1405 2128 1466 specta
2167 1397 2307 1450 illius
2338 1412 2555 1461 accusa,
2582 1398 2769 1468 sicque
2797 1413 2915 1451 cum
2949 1400 3212 1468 Propheta
3244 1400 3482 1455 declama
3519 1419 3533 1452 :

1945 1487 2130 1542 Justus
2164 1506 2248 1552 es,
2289 1489 2524 1552 Domine,
2561 1501 2609 1544 et
2645 1500 2839 1545 rectum
2874 1491 3134 1560 judicium
3183 1503 3329 1545 tuum
3353 1491 3531 1561 (Psal.

1946 1597 2145 1644 CXVIII,
2189 1582 2338 1650 I57);
2387 1592 2442 1635 et
2484 1598 2606 1635 cum
2637 1581 2744 1635 alio
2777 1599 2788 1633 :
2827 1582 3011 1635 Justus
3059 1600 3134 1644 cs,
3187 1581 3437 1648 Domine,
3479 1585 3536 1638 in

1949 1675 2186 1726 omnibus
2237 1691 2353 1745 qua:
2405 1673 2678 1727 reddidisti
2735 1674 2880 1726 nobis
2931 1673 3092 1736 (Dan.
3141 1691 3238 1736 111,
3269 1675 3392 1743 2ἷ);
3435 1684 3534 1728 et:

249 1764 432 1835 gitans
496 1781 659 1835 quam
737 1762 951 1819 diﬂicile
1015 1764 1181 1818 elisus
1248 1764 1383 1834 erigi
1460 1762 1646 1817 valeas
1725 1777 1844 1814 rur-
1877 1755 1918 1813 Β
1950 1763 2140 1818 Omnia
2192 1782 2309 1835 ante
2347 1765 2518 1832 fecisti
2567 1766 2734 1827 nobis,
2784 1765 3028 1826 Domine,
3073 1767 3125 1818 in
3167 1782 3285 1818 rcro
3329 1766 3535 1835 judicio

249 1871 367 1910 $63.

320 1946 411 1999 ‘26.
476 1944 711 2000 Pulchre
775 1954 954 1999 autem
1013 1954 1063 1998 te
1123 1945 1340 2014 quidam
1390 1946 1574 2014 tuique
1634 1942 1839 1997 similes

246 2037 491 2106 satique
526 2036 757 2101 utiliter,
805 2037 927 2090 licet
978 2036 1137 2104 paulo
1169 2035 1350 2087 mitius
1391 2049 1551 2103 quam
1587 2047 1705 2085 sese
1745 2047 1839 2084 au-

245 2127 479 2181 ctoritas
530 2141 800 2181 canonum
834 2126 1054 2190 haheat,
1087 2136 1397 2178 commeant
1433 2125 1621 2177 dicens
1655 2141 1667 2174 :
1709 2122 1839 2188 Qui-

244 2232 455 2286 cunque
508 2216 639 2270 lalcs
677 2227 820 2282 sunt,
877 2218 922 2270 si
965 2216 1176 2280 nolunt,
1220 2217 1447 2268 veniente
1489 2214 1732 2278 Domino,
1776 2212 1837 2265 de

247 2309 491 2362 Ecclesia
541 2309 778 2378 auferri;
813 2310 1056 2377 auferant
1103 2319 1149 2361 et
1183 2308 1281 2370 ipsi
1311 2307 1412 2360 ista
1447 2306 1593 2375 (5‘21)
1628 2306 1702 2371 (id
1755 2315 1840 2360 est

243 2417 308 2454 ea
343 2415 468 2468 qnze
527 2399 790 2453 Dominus
841 2401 892 2452 in
939 2397 1141 2467 teuzplo
1196 2397 1279 2466 agi
1331 2397 1536 2457 videns,
1594 2395 1835 2449 factode

246 2491 525 2545 resticulis
559 2490 857 2544 vindicavit
903 2489 1137 2558 ﬂagello)
1168 2489 1231 2540 de
1273 2488 1517 2540 cordibus
1563 2487 1694 2549 suis,
1748 2503 1839 2540 nec

245 2582 450 2649 faciant
512 2583 725 2635 domum
783 2581 874 2634 Dei
930 2581 1142 2633 domum
1199 2580 1590 2648 negotiationis.
1635 2577 1836 2632 Horum

245 2681 432 2725 autem
481 2671 725 2725 omnium
753 2671 994 2740 (3212)....
1025 2670 1290 2724 sacratico
1320 2669 1408 2722 illo
1431 2668 1700 2737 exemplo,
1734 2683 1840 2737 quo

247 2761 418 2814 dicit:
475 2760 600 2814 Sum
655 2761 864 2830 quidem
927 2760 1278 2821 libidinosus;
1327 2775 1497 2811 meum
1547 2767 1619 2811 est
1671 2759 1838 2827 ipsam

250 2853 410 2922 161
443 2851 711 2905 libidinem
746 2869 1024 2922 superare;
1067 2861 1170 2904 tua:
1214 2850 1430 2912 virtuti,
1464 2859 1565 2903 tute
1595 2848 1836 2913 cautelae,

246 2944 357 2996 tuis
414 2943 484 2996 nil
537 2944 847 2997 committas
908 2943 1145 3006 viribus;
1201 2942 1341 2996 illius
1393 2951 1532 2996 totus
1575 2941 1840 2995 contende

245 3049 394 3094 esse,
439 3044 601 3104 atque
633 3035 752 3104 ejus
793 3045 843 3089 te
899 3045 1068 3088 totum
1117 3036 1418 3094 committe,
1471 3034 1648 3088 nitens
1680 3034 1838 3088 corde

245 3133 304 3177 et
368 3126 651 3185 manibus,
716 3125 994 3185 custodias,
1049 3124 1134 3177 cui
1189 3134 1238 3178 te
1298 3139 1508 3183 creare,
1572 3111 1914 3175 redimcreC

244 3218 473 3288 placuit,
515 3226 569 3270 et
627 3233 822 3271 vocare
871 3216 1042 3285 (5:25).
1111 3216 1225 3284 Ipse
1292 3222 1340 3267 te
1384 3214 1654 3267 custodire
1705 3211 1844 3265 valet

246 3307 412 3377 paulo
451 3317 713 3371 erectum,
749 3307 838 3376 qui
866 3307 1033 3360 voluit
1061 3306 1267 3374 erigere
1297 3306 1512 3374 penitus
1538 3304 1800 3372 deiectum
1826 3318 1840 3363 ;

247 3403 365 3472 ipse
403 3405 674 3457 continere
706 3418 918 3467 smum,
949 3402 1038 3470 qui
1076 3416 1271 3455 sanare
1319 3399 1482 3454 voluit
1510 3399 1838 3466 contritum;

245 3497 366 3566 ipse
416 3497 672 3565 perpetior
730 3495 942 3549 cﬂicere
999 3495 1249 3564 spudiuni
1303 3493 1473 3562 (525),
1521 3492 1611 3560 qui
1654 3503 1841 3547 contra

244 3597 502 3640 naturam
555 3589 801 3655 citraque
860 3604 1075 3640 omnem
1141 3602 1289 3654 spem
1356 3585 1608 3654 colligere
1675 3585 1843 3640 voluit

243 3679 415 3735 etiam
443 3678 784 3734 iul'atuatnm.
826 3678 1084 3745 Quamvis
1127 3687 1306 3731 autem
1343 3677 1460 3731 sine
1487 3675 1574 3729 illo
1609 3675 1682 3729 nil
1715 3677 1842 3730 boni

244 3773 468 3843 possis,
517 3772 712 3825 saltem
776 3787 875 3825 nec
927 3771 1084 3835 velle,
1140 3770 1335 3825 nedum
1404 3770 1606 3834 facere,
1660 3778 1838 3824 tamen

245 3880 355 3919 nec
408 3863 524 3916 sine
569 3872 661 3918 tuo
715 3861 990 3930 aliquanto
1035 3861 1324 3916 conamine
1373 3860 1564 3913 credas
1619 3867 1670 3914 te
1732 3858 1840 3913 sal-

247 3953 486 4008 vandnm
518 3953 850 4008 omnimodis
886 3953 1019 4018 fore,
1069 3967 1190 4006 cum
1240 3953 1308 4007 ob
1363 3952 1412 4004 id
1466 3950 1839 4004 rationabilem

247 4054 305 4100 te
334 4061 362 4098 a
416 4035 524 4100 Deo
563 4054 810 4099 creatum
860 4043 999 4097 scire
1043 4043 1216 4112 possis
1263 4042 1585 4107 certissime,
1631 4041 1842 4096 indulta

246 4138 469 4192 arbitrii
513 4137 781 4192 libertate.
841 4135 943 4204 lpsi
985 4151 1115 4206 ergo
1170 4151 1274 4190 non
1319 4135 1517 4205 raptim
1569 4144 1624 4190 et
1680 4135 1836 4203 quasi

247 4233 301 4284 in
355 4229 625 4292 transitu,-
661 4228 1035 4284 indesinenter
1073 4228 1337 4282 inhaerere
1364 4228 1540 4292 stude,
1581 4243 1702 4282 cum
1732 4243 1839 4296 quo

245 4337 371 4376 esse
393 4322 493 4375 nisi
518 4321 748 4376 feliciter
768 4329 942 4393 potes,
975 4321 1092 4376 sine
1127 4335 1234 4390 quo
1280 4336 1398 4375 esse
1429 4320 1530 4374 nisi
1558 4319 1842 4375 infeliciter

248 4417 418 4472 vales.
473 4416 623 4483 Quod
677 4416 724 4470 si
781 4416 923 4471 inter
970 4414 1282 4481 baec,jnsto
1327 4414 1434 4467 imo
1485 4413 1725 4482 piissimo
1748 4413 1840 4482 ju-

246 4511 370 4563 dice
393 4507 820 4562 misericorditer
845 4507 1182 4577 disponente,
1217 4505 1310 4559 tibi
1340 4504 1517 4574 aliqna
1543 4503 1842 4559 adversitas

233 4599 516 4673 evenerit,
554 4607 650 4653 aut
695 4595 1028 4651 inﬁrmitatis
1069 4595 1292 4659 scilicet,
1324 4606 1419 4651 aut
1448 4595 1626 4650 damni
1661 4609 1840 4649 rerum

249 4687 625 4754 familiarium,
666 4687 750 4743 vel
797 4687 1074 4758 quodlibet
1126 4688 1272 4742 aliud
1323 4702 1494 4759 genus
1550 4686 1839 4749 vindictre;

252 4795 322 4833 ne
370 4777 715 4834 contristeris
765 4777 918 4846 quasi
974 4777 1262 4845 despectus
1318 4776 1616 4848 humiliter,
1673 4773 1844 4846 gaude

253 4869 407 4941 quasi
454 4870 540 4940 pie
588 4876 900 4938 respectus,
934 4867 1114 4922 sciens
1142 4877 1197 4922 et
1224 4867 1488 4924 conﬁtens
1519 4883 1617 4939 pro
1649 4883 1844 4938 pecca-

329 5091 474 5160 (321)
518 5089 791 5146 Coastree
822 5107 834 5142 :
864 5087 1112 5157 auferant
1136 5096 1188 5159 et
1229 5087 1329 5156 ipsi
1350 5085 1420 5160 de
1462 5085 1704 5160 cordibus
1731 5084 1842 5160 suis

1945 1856 2150 1924 fecisti;
2200 1859 2322 1926 quia
2353 1858 2676 1925 peccavimus
2727 1857 2818 1908 tibi
2875 1855 3064 1924 (lbid.,
3104 1856 3224 1927 5|);
3257 1865 3351 1910 ct:
3385 1855 3535 1908 Iram.

1950 1946 2158 1999 Domini
2215 1947 2500 2010 sustinebo,
2535 1946 2783 2015 quoniam
2837 1948 3043 2015 peccavi
3097 1949 3165 2009 ci,
3217 1947 3381 2000 donec
3429 1947 3538 2015 ipse

1937 2037 2187 2106 justi/icet
2227 2054 2439 2090 causam
2470 2053 2636 2090 meam
2671 2036 2854 2105 (Mich.
2885 2053 2973 2100 vn,
3001 2037 3077 2105 9).

2013 2129 2100 2180 ‘27.
2144 2127 2197 2181 Ι;1
2248 2129 2360 2196 ipsa
2417 2138 2595 2180 autem
2658 2127 3004 2180 tribulatione
3071 2143 3166 2181 nec
3221 2137 3270 2180 te
3316 2126 3534 2180 dederis

1944 2219 2206 2290 segnitiae,
2249 2221 2400 2288 quasi
2454 2229 2635 2273 Certus
2684 2219 2827 2286 (cum
2880 2226 2935 2272 et
2986 2234 3052 2271 ex
3103 2219 3203 2271 hoc
3241 2218 3531 2285 desperare

1945 2329 2050 2366 non
2097 2312 2295 2366 debeas
2335 2310 2566 2381 penitus)
2610 2325 2704 2379 pro
2749 2311 2850 2365 hac
2877 2323 3032 2378 poena
3077 2309 3256 2362 omnia
3302 2307 3394 2362 tibi
3449 2323 3538 2361 re‘

1946 2404 2104 2456 missa
2128 2444 2141 2466 ,
2191 2411 2282 2456 aut
2311 2412 2459 2458 certe
2487 2413 2693 2471 partem
2721 2403 3029 2471 graviorum
3062 2401 3155 2454 tibi
3186 2409 3532 2469 peccatorum

1949 2492 2105 2562 162
2153 2491 2424 2546 donatam.
2482 2491 2721 2560 Vigiliis,
2774 2489 3144 2552 orationilms,
3199 2497 3252 2541 et
3289 2486 3534 2557 jejuniis,

1945 2591 2142 2652 pra-ter
2175 2583 2286 2635 haec
2314 2598 2432 2649 quae
2474 2582 2769 2636 necessitas
2802 2595 2959 2651 agerc
2995 2580 3156 2650 cogit,
3205 2578 3449 2632 crebrius
3478 2588 3535 2632 et

1944 2672 2223 2727 sollicitius
2251 2673 2458 2734 insiste,
2493 2672 2712 2741 ignarus
2740 2671 2989 2725 videlicet
3012 2685 3118 2739 quo
3144 2669 3220 2723 sis
3247 2683 3537 2738 percussus

1946 2761 2133 2831 ﬂagelli
2174 2778 2398 2832 genere,
2447 2773 2624 2816 utrum
2675 2777 2739 2816 eo
2783 2777 2890 2832 quo
2938 2762 3289 2831 corriguntur
3320 2761 3429 2818 lilii,
3465 2775 3535 2813 an

1945 2853 2033 2906 illo
2071 2870 2177 2922 quo
2215 2853 2553 2924 ﬂagellantur
2602 2854 2766 2916 servi,
2801 2862 2895 2907 aut
2933 2853 3230 2921 puniuntur
3279 2850 3533 2906 malefici.

1943 2945 2076 3000 Cum
2110 2946 2276 3010 enim,
2304 2945 2581 3014 Scriptura
2606 2954 2760 3009 teste,
2785 2945 2960 2998 omnis
2985 2944 3123 3019 lilius
3155 2942 3242 3010 qui
3269 2941 3529 3010 recipitur

1947 3040 2240 3109 castigctur
2269 3036 2457 3109 (Hebr.
2494 3054 2587 3102 xu,
2614 3040 2702 3108 b');
2759 3037 2923 3090 multa
2973 3034 3177 3103 ﬂagella
3230 3031 3542 3104 peccatoris

1947 3127 2124 3199 (Psal.
2159 3144 2307 3193 χχχι,
2341 3130 2447 3198 10),
2484 3128 2726 3197 laqueus,
2765 3126 2919 3198 ignis,
2956 3124 3198 3196 sulphur,
3229 3134 3284 3178 et
3310 3123 3534 3193 spiritus

1948 3219 2302 3289 procellarum
2352 3216 2523 3288 (Psal.
2557 3235 2610 3283 x,
2637 3219 2691 3288 't')
2721 3259 2732 3272 .
2759 3227 2812 3272 et
2849 3235 2971 3270 cum
3024 3219 3307 3272 videantur
3352 3216 3530 3271 omni—

1947 3310 2122 3364 modis
2149 3312 2262 3363 hazc
2294 3309 2679 3368 intolerabilia,
2735 3319 2914 3362 tamen
2948 3326 3056 3362 non
3096 3311 3258 3364 totitts
3295 3325 3421 3378 pars
3449 3315 3537 3362 est.

1947 3402 2130 3455 calicis
2171 3416 2357 3454 eorum
2400 3399 2585 3468 (IbitL,
2617 3400 2703 3470 8);
2743 3409 2834 3454 et:
2874 3398 3040 3468 Plaga
3081 3399 3364 3453 insanabili
3408 3416 3533 3468 per-

1946 3494 2084 3545 cussi
2115 3502 2161 3546 te
2188 3493 2532 3560 castigatione
2554 3491 2754 3543 crudeli
2783 3491 2916 3561 (Jer.
2949 3507 3076 3555 xxx,
3110 3493 3225 3562 l0);
3262 3477 3531 3559 itemquei

1948 3585 2086 3652 Quid
2113 3585 2308 3638 clamas
2335 3585 2402 3637 ad
2431 3601 2510 3637 me
2532 3600 2686 3652 super
2709 3584 3021 3638 contritione
3051 3587 3184 3637 tua?
3215 3584 3535 3636 Insanabilis

1945 3684 2018 3727 est
2049 3673 2199 3728 dolor
2227 3683 2348 3728 (nus
2376 3673 2564 3744 (Ibid.,
2596 3673 2712 3743 15);
2747 3687 3071 3744 poenamque
3121 3674 3433 3728 describens
3477 3676 3530 3726 in

1945 3776 2203 3820 :eternum
2253 3765 2655 3828 damnatorum,
2704 3763 3030 3829 Induantur,
3069 3766 3260 3834 inquit,
3290 3765 3420 3817 sicut
3450 3764 3534 3817 di-

1944 3858 2116 3928 ploide
2163 3856 2471 3926 confusione
2511 3873 2606 3910 sua
2635 3855 2808 3926 (l’sal.
2844 3871 2993 3918 chII,
3024 3853 3152 3925 92);
3196 3855 3334 3908 unde
3369 3863 3422 3907 et
3449 3853 3534 3907 bis

1945 3949 2088 4004 idem
2127 3949 2176 4001 in
2210 3947 2415 4016 psalmo
2445 3956 2732 4015 precatur:
2763 3946 3001 4011 Domine,
3043 3963 3105 4000 ne
3145 3946 3200 3998 in
3229 3944 3407 4012 furore
3438 3953 3534 3996 tuo

1945 4056 2138 4111 arguas
2167 4055 2245 4092 me
2271 4035 2443 4109 (Psal.
2475 4054 2548 4103 v1,
2577 4037 2689 4110 57).
2740 4037 2892 4091 Alius
2921 4047 3099 4092 autem
3131 4055 3143 4089 :
3185 4033 3399 4106 Corripe
3426 4051 3530 4097 me,

1947 4134 2042 4194 ait,
2068 4131 2311 4195 Domine,
2343 4139 2712 4184 verumtamen
2755 4130 2808 4182 in
2839 4129 3201 4182 misericordia
3247 4137 3302 4181 et
3342 4142 3445 4180 non
3478 4128 3560 4178 iu.

1946 4222 2125 4290 furore
2155 4231 2275 4285 tuo,
2315 4235 2378 4273 ne
2408 4220 2542 4289 forte
2583 4219 2651 4272 ad
2691 4214 2908 4272 nihilum
2948 4219 3153 4288 redigas
3193 4235 3274 4272 me
3305 4217 3438 4288 (Jer.
3471 4232 3528 4280 Χ,

1945 4311 2056 4384 54).
2107 4311 2237 4376 Quae
2280 4314 2460 4364 omnia
2509 4325 2629 4364 cum
2675 4311 2740 4362 ad
2791 4310 2918 4364 illud
2965 4311 3156 4381 ﬂagelli
3205 4326 3394 4382 genus,
3426 4326 3535 4380 quo

1945 4403 2189 4472 exemplo
2214 4401 2512 4456 Pharaonis
2541 4400 2849 4455 etllerolis
2878 4411 2934 4454 et
2983 4401 3032 4454 in
3075 4402 3327 4471 prtesenti
3375 4411 3430 4456 et
3479 4403 3532 4455 in

1869 4471 1920 4531 D
1946 4471 2128 4550 futuro
2157 4494 2304 4564 impii
2338 4492 2692 4563 ﬂagellantur,
2721 4493 3397 4563 perpenderispertinere;
3442 4508 3541 4548 ne—.

1947 4588 2114 4653 veris,
2167 4596 2302 4642 teste
2342 4585 2625 4656 Gregorio,
2674 4583 2817 4640 solos
2864 4584 3088 4656 ﬂagellis
3146 4585 3548 4657 temporalibus.

1947 4678 2016 4730 ab
2045 4676 2264 4731 internis
2290 4674 2532 4738 liberari,
2563 4689 2698 4743 quos
2731 4675 2819 4729 hic
2850 4674 2917 4730 ab
2953 4674 3330 4744 iniquitatibus
3365 4674 3546 4728 conti—

1945 4766 2087 4838 gerit
2141 4765 2360 4820 Inutari.
2412 4765 2565 4820 Scias
2617 4765 2780 4820 etiam
2837 4775 2886 4820 te
2937 4781 3061 4820 cum
3111 4762 3420 4820 adversario
3479 4764 3564 4821 111,Δ

1947 4871 2118 4932 agone
2155 4856 2457 4916 consistere,
2499 4865 2648 4915 tanto
2696 4855 3274 4920 smviusbacchante,
3325 4863 3538 4927 quanto

1949 5084 2159 5160 mittes...
2179 5091 2284 5160 els-
