4018 5406
522 327 642 390 ιειδ

1476 322 1800 391 unum"
1842 332 2056 390 EPISC.
2102 328 2349 390 venon.
2392 331 2542 391 ore.
2587 334 2767 391 PARS
2802 330 2843 391 t.

3704 312 3813 393 as

604 448 695 506 52.
726 448 878 506 Nunc
907 463 1035 505 vero
1074 449 1202 521 quiJ
1240 449 1305 506 de
1336 451 1529 507 abbate
1558 451 1840 507 dicemus?
1875 448 2119 505 Diximus
2150 450 2192 510 Α
2223 448 2313 503 nio
2341 449 2514 515 aliud,
2550 451 2653 505 nisi
2696 449 3067 521 qualecunque
3093 448 3165 506 sit
3190 449 3333 521 quod
3362 449 3465 507 ista
3487 460 3651 507 nocte
3681 453 3810 507 mihi

533 541 752 611 quidem
777 539 1075 612 paululum,
1103 541 1196 597 sed
1226 550 1281 598 et
1303 541 1369 598 de
1394 542 1584 597 eodem
1613 541 1774 612 paulo
1795 541 1914 613 plus
1940 554 2123 610 prose-

532 645 788 703 quamur.
815 631 999 688 Abbas
1024 639 1109 689 est
1143 632 1386 688 omnium
1416 632 1802 687 monachorum
1824 673 1838 696 ,
1884 630 1929 687 si
1977 630 2122 700 loqui

533 722 835 780 auctoritas
854 722 930 778 ita
953 724 1296 788 concederet,
1323 722 1800 787 monachissimns,
1823 721 1912 791 qui
1937 721 2124 791 utique

532 813 658 884 plus
698 812 977 885 ieiunare,
1010 812 1130 884 plus
1174 813 1317 868 valet
1363 827 1551 877 orare;
1602 810 1721 882 plus
1764 809 1973 881 legere,
2004 809 2125 880 plus

532 904 797 973 psallere;
829 904 1085 970 inediam,
1117 905 1438 967 nuditatem,
1465 904 1725 976 inapiam,
1749 901 2121 967 contumelias,

533 994 871 1065 despectum,
888 995 1107 1060 famem,
1129 995 1299 1060 sitim,
1318 994 1580 1066 algorcm,
1602 1002 1847 1059 ventum,
1871 993 2121 1054 imbrem,

535 1086 739 1152 nivem,
773 1087 1117 1160 grandinem,
1143 1086 1363 1160 probra,
1398 1086 1721 1150 derisiones,
1747 1083 2129 1140 subsannatio—

534 1192 653 1241 nes,
709 1178 776 1234 ad
823 1186 1159 1249 postremum
1210 1178 1394 1234 omnia
1447 1176 1783 1233 incommoda
1832 1176 2126 1247 patientius

534 1266 799 1333 tolerare;
846 1267 1298 1333 benevolentiam,
1338 1267 1429 1323 ubi
1462 1265 1819 1322 beneﬁcentia
1867 1281 1972 1322 non
2015 1265 2126 1321 sul.

534 1353 800 1427 fragatur,
831 1358 1083 1414 omnibus
1108 1359 1275 1413 etiam
1296 1356 1421 1413 odio
1444 1369 1566 1410 cum
1597 1354 1989 1411 insectantibus
2015 1369 2128 1409 am—

538 1448 683 1517 plius
707 1449 920 1506 caeteris
948 1449 1228 1514 exhibere,
1272 1449 1362 1519 qui
1403 1447 1687 1503 docibilior
1712 1454 1874 1515 atque
1902 1444 2128 1501 docilior

533 1543 779 1609 caneris;
813 1541 931 1613 qni,
960 1542 1006 1598 si
1037 1540 1154 1598 ﬁeri
1183 1550 1393 1614 potest,
1435 1542 1539 1596 hoc
1560 1549 1645 1595 est
1669 1536 2128 1596 concordantibus

533 1635 749 1691 caeteris
790 1633 1117 1700 virtutibus,
1159 1632 1488 1704 sapientior,
1521 1632 1611 1702 qui
1645 1630 1913 1686 charitatc
1957 1626 2125 1683 refer-

534 1727 678 1792 tior;
726 1724 816 1795 qui
856 1724 1156 1796 disciplina:
1191 1725 1368 1796 rigore
1394 1723 1687 1790 volentior,
1736 1722 1826 1794 qui
1878 1720 2125 1791 benigni-

2226 542 2543 613 contigcrit,
2579 554 2772 599 vestrae
2794 542 3026 599 referam
3065 543 3442 600 dominationi.
3478 541 3815 600 Sollicitatus

2226 633 2449 689 nimium
2487 635 2601 689 heri
2633 651 2733 707 pro
2758 636 3064 706 recipienda
3102 637 3408 708 provisione
3435 637 3669 692 abhatia‘.
3692 652 3816 691 sano

2225 724 2296 778 eti
2323 723 2548 780 Amandi
2570 766 2585 790 ,
2615 742 2737 782 cmn
2776 727 2843 782 ad
2879 727 3200 783 nocturnale
3228 726 3462 783 ollicittm
3507 725 3811 797 vigilando.

2227 826 2315 882 ut,
2344 817 2479 888 proh
2506 817 2686 874 nefas!
2716 834 2858 890 smpe
2893 819 3190 881 somnians,
3238 828 3464 882 starem,
3492 818 3621 872 dum
3644 817 3817 872 lector

2184 908 2189 913 “
2224 906 2291 961 ad
2318 921 2441 962 eum
2463 908 3081 979 pcrvenissettractatus
3102 907 3242 963 beati
3274 907 3589 979 Hieronymi
3613 906 3814 969 locum,

2226 997 2314 1052 ubi
2347 997 2605 1054 Dominus
2631 998 2687 1054 in
2728 1000 3023 1071 Evangelio
3055 999 3374 1069 quibusdam
3419 998 3663 1069 praefatis
3689 1014 3814 1069 pro-

2224 1088 2472 1158 sequitur
2497 1088 2724 1146 dicens:
2773 1088 2988 1145 Venient
3032 1090 3143 1144 Ita’c
3191 1090 3366 1144 omnia
3402 1106 3563 1159 super
3600 1105 3820 1159 genera-

2225 1180 2417 1233 tionem
2449 1181 2605 1235 istam
2635 1179 2853 1252 (Matth.
2880 1196 3039 1245 χχιιι,
3071 1178 3184 1252 56),
3225 1188 3282 1235 et
3304 1194 3407 1251 ego
3435 1178 3820 1249 explanatione

2225 1270 2465 1341 eiusdem
2488 1271 2601 1342 iam
2631 1268 2729 1326 fati
2758 1271 2997 1327 doctoris
3018 1271 3122 1327 hoc
3144 1271 3217 1326 ita
3247 1270 3819 1340 intellexissem,quod

2227 1361 2317 1429 qui
2368 1360 2529 1415 hodie
2578 1360 2799 1415 fratrem
2835 1376 3015 1427 suum,
3059 1359 3160 1416 hoc
3189 1369 3275 1415 est
3311 1357 3689 1415 Christianum
3718 1358 3810 1413 ali-

2226 1468 2386 1523 quem
2410 1494 2424 1516 ,
2465 1449 2660 1521 injuste
2690 1452 2963 1529 interficit,
3003 1460 3157 1507 tanto
3188 1450 3448 1521 majorem
3480 1466 3682 1507 noxam
3717 1450 3818 1507 sibi

2227 1542 2500 1599 contrahit
2529 1543 2687 1615 167
2715 1542 2783 1597 ab
2813 1543 2916 1608 his,
2944 1543 3035 1613 qui
3068 1545 3137 1599 ab
3176 1541 3309 1597 Abel
3348 1541 3499 1612 iusto
3543 1556 3721 1613 usque
3756 1542 3821 1595 ad

2227 1633 2544 1705 sanguinem
2592 1632 2869 1689 Zachariae
2911 1632 3007 1687 filii
3051 1632 3327 1688 Barachiaa
3350 1632 3567 1702 aliquos
3607 1631 3823 1687 occide.

2228 1734 2391 1790 runt,
2438 1731 2640 1794 quanto
2679 1732 2735 1779 et
2782 1722 2927 1778 illam
2975 1722 3191 1796 [scilicet
3221 1722 3442 1796 noxam]
3478 1736 3700 1779 omnem
3724 1738 3825 1793 pro

534 1817 662 1873 tatis
695 1815 848 1887 copia
897 1817 1253 1883 mansuetior,
1278 1817 1368 1888 qui
1399 1815 1724 1874 liberalitate.
1746 1814 2121 1887 prtestantior,
2155 1827 2199 1887 Β
2228 1816 2501 1871 consortio
2516 1815 2884 1885 generationis
2904 1816 3089 1888 utique
3117 1815 3299 1883 habet,
3322 1824 3377 1872 et
3397 1831 3553 1872 suam
3576 1816 3821 1883 insuper,

537 1908 632 1979 qui
656 1907 722 1963 ad
743 1909 1179 1980 compatiendum
1205 1908 1537 1965 calamitosis
1553 1907 1814 1978 paratior,
1831 1907 1921 1977 qui
1945 1905 2125 1962 Immi-

526 1998 641 2056 'lior
673 1999 740 2056 sit
774 2000 1047 2065 omnibus,
1095 2010 1259 2072 atque
1295 1999 1635 2055 submissior.
1680 1997 1747 2052 Et.
1785 1998 1871 2054 hic
1909 1997 2126 2067 quilem

531 2101 593 2149 ut
607 2091 675 2149 de
704 2092 989 2159 monacho,
1012 2092 1093 2149 sic
1115 2100 1171 2149 et
1194 2092 1261 2149 de
1283 2092 1477 2147 abbate
1502 2089 1839 2147 satisfactum
1870 2091 2126 2147 decerno.

601 2185 695 2241 33.
735 2185 828 2241 Isti
876 2185 1102 2254 etenim,
1151 2200 1289 2257 quos
1334 2184 1534 2256 passim
1581 2192 1949 2256 compertmn,
1994 2183 2130 2255 proh

529 2278 726 2334 nefas!
792 2278 1002 2344 habeo,
1058 2279 1341 2335 monachis
1420 2287 1628 2334 tantum
1687 2294 1956 2349 praeesse,
2020 2292 2126 2332 non

532 2378 713 2423 autem
741 2370 991 2425 monachi
1019 2368 1296 2435 all‘ectant,
1334 2369 1595 2435 certillco,
1617 2385 1768 2436 esse;
1808 2378 1863 2425 et
1894 2369 2015 2424 ideo
2035 2382 2129 2423 eos

535 2463 823 2535 fugiendos
852 2464 1033 2535 potius
1062 2480 1223 2534 quam
1255 2464 1560 2535 sequendos
1587 2472 1807 2518 autumo
1842 2461 1957 2517 fore
1976 2502 1991 2525 ,
2036 2477 2131 2517 ne-

532 2554 662 2609 dum
690 2568 876 2609 eorum
908 2555 1157 2625 exemplo
1182 2555 1484 2610 consultum
1512 2554 1583 2608 sit
1607 2554 1811 2619 vivere,
1835 2568 1972 2623 quos
1998 2568 2126 2607 con-

532 2653 644 2700 stat
671 2655 777 2699 tam
811 2647 992 2710 noxia,
1026 2655 1134 2701 tam
1168 2647 1473 2712 innumera,
1510 2655 1619 2701 tam
1649 2644 1858 2717 gravia,
1886 2655 1994 2701 tam
2023 2644 2129 2698 im-

522 2732 718 2789 mania
741 2735 808 2790 de
825 2750 885 2791 se
908 2736 1215 2806 protulisse.
1248 2735 1618 2807 Opportunum
1644 2751 1776 2792 sane
1798 2750 1994 2791 censeo
2010 2750 2130 2791 nar-

533 2826 741 2881 ravisse
768 2826 899 2897 quid
938 2816 1327 2899 (343)'horno
1370 2826 1628 2883 anxietati
1656 2826 1943 2898 contigerit
1970 2842 2131 2882 mete.

532 2911 782 2971 Lauduni
811 2930 1044 2987 namque
1066 2932 1192 2973 cum
1230 2931 1406 2973 essem
1440 2917 1741 2973 nativitatis
1775 2915 1987 2972 Domini
2018 2916 2129 2983 die,

533 3006 747 3078 rogavit
773 3022 860 3062 me
880 3006 1069 3075 abbas,
1096 3016 1154 3063 ut
1182 3007 1236 3063 in
1264 3007 1557 3064 festivitate
1583 3008 1755 3064 sancti
1787 3006 2047 3078 Stephani
2073 3006 2129 3061 in

526 3097 773 3167 "capitulo
791 3113 1039 3153 sororum
1062 3100 1328 3166 venirem,
1342 3110 1397 3154 et
1418 3100 1501 3172 (ut
1521 3099 1701 3155 verbis
1726 3099 1894 3169 ipsius
1913 3098 2127 3168 loquar)

2230 1921 2394 1977 quam
2423 1904 2725 1961 imitatione
2751 1905 3025 1961 commisit
3046 1905 3307 1976 ipsorum.
3338 1905 3585 1975 Cumque
3608 1920 3697 1960 me
3722 1905 3827 1960 hoc

2230 1999 2457 2055 nimium
2507 1998 2825 2065 terruisset,
2868 2006 2927 2054 ut
2968 2013 3111 2069 Saepe
3153 1997 3435 2070 contingit,
3471 2011 3537 2052 ex
3568 1996 3694 2053 aliis
3719 1996 3826 2052 alia

2230 2090 2521 2161 colligens,
2562 2096 2617 2144 et
2654 2090 2797 2160 quod
2838 2089 2905 2145 de
2933 2088 3228 2145 homicidio
3255 2104 3472 2144 sensum
3504 2088 3686 2144 fuerat
3707 2102 3828 2145 sen-

2231 2182 2343 2245 tiri,
2361 2189 2416 2237 et
2444 2182 2512 2236 de
2539 2180 2753 2237 caeteris
2777 2180 3097 2237 criminibus
3120 2181 3258 2238 ratio
3276 2180 3503 2237 evidens
3522 2180 3829 2251 postularet

2230 2274 2430 2340 valere,
2462 2275 2601 2345 coepi
2633 2274 2772 2330 intra
2803 2290 2888 2331 me
2915 2275 3098 2332 dicere
3126 2294 3139 2329 :
3179 2274 3330 2330 Tunc
3357 2290 3486 2344 ergo
3521 2275 3692 2330 debes
3727 2274 3822 2329 ab-

2230 2365 2329 2421 bas
2356 2380 2478 2419 cum
2511 2363 2816 2434 huiusmodi
2847 2366 3177 2422 conscientia
3203 2365 3355 2421 fieri?
3392 2364 3699 2420 Monachus
3716 2363 3829 2434 ιιι-ιε

2230 2473 2377 2513 tuum
2424 2456 2649 2513 elliccre.
2684 2477 2703 2509 ι
2750 2456 2885 2512 Nam
2924 2459 2989 2513 de
3029 2459 3320 2529 praesulatu
3353 2458 3502 2530 (3M)
3533 2467 3647 2512 tum
3686 2466 3815 2511 tem-

2228 2550 2378 2619 poris
2399 2548 2694 2614 exciderat,
2723 2548 2827 2604 nisi
2855 2551 2997 2620 quod
3025 2558 3081 2604 et
3121 2550 3265 2604 hunc
3304 2549 3522 2618 indigne
3548 2547 3830 2603 subierunt

2230 2640 2407 2695 multi.
2440 2639 2608 2710 Igitur
2633 2640 2759 2710 quia
2809 2641 2877 2695 ab
2924 2639 3014 2695 illo
3050 2656 3158 2712 quo
3203 2639 3326 2695 libri
3375 2639 3537 2711 huius
3580 2637 3833 2695 clausula

2232 2732 2349 2787 lieri
2394 2732 2580 2787 debuit
2624 2731 2781 2804 longe
2824 2732 3053 2802 digressi
3102 2748 3290 2789 sumus
3337 2732 3490 2798 loco,
3527 2732 3841 2787 anchoratn.

2232 2835 2475 2881 nostram
2506 2826 2557 2881 in
2592 2826 2698 2881 isto
2730 2825 2960 2897 ﬁgamus
2987 2826 3187 2893 modo,
3219 2834 3278 2880 ut
3306 2824 3577 2896 paulisper
3606 2838 3827 2880 recrea-

2234 2924 2320 2971 tus
2370 2925 2625 2987 proreta,
2674 2916 2820 2972 vires
2873 2917 3038 2972 citius
3088 2916 3502 2988 expeditiusque
3561 2922 3828 2971 resumat.

2233 3008 2402 3078 liuius
2425 3011 2606 3080 itaque
2627 3011 2798 3065 nostri
2821 3011 3026 3067 scilicet
3050 3021 3226 3067 textus
3242 3011 3511 3067 sermonis
3536 3011 3589 3064 in
3613 3010 3827 3066 laudem

2234 3100 2443 3156 desinat
2473 3110 2674 3156 sanctze
2712 3100 3014 3156 Trinitatis.
3041 3100 3158 3157 Tibi
3190 3101 3338 3167 laus,
3378 3100 3471 3156 tibi
3495 3101 3692 3172 gloria,
3735 3100 3830 3155 tibi

535 3184 617 3240 eis
648 3184 850 3256 aliquid
879 3187 1008 3243 boni
1036 3188 1297 3246 dicerem.
1342 3188 1546 3253 Annui,
1584 3197 1641 3245 et
1668 3197 1790 3259 post
1812 3197 2126 3244 consuetam
2154 3182 2198 3244 (Ζ
2229 3192 2527 3264 gratiarum
2546 3192 2707 3256 actio,
2731 3208 2766 3247 o
2790 3192 2946 3246 beata
2963 3190 3515 3256 Trinitas.Miserere,
3540 3190 3831 3254 miserere,

529 3274 1026 3350 lectionem,petita
1051 3288 1107 3335 et
1127 3288 1345 3350 accepta
1372 3279 1769 3348 benedictione,
1792 3279 1936 3336 dixi:
1968 3298 1986 3333 ι
2017 3278 2128 3333 Ro-

533 3376 691 3436 gatus
719 3367 921 3439 aliquid
954 3370 1082 3425 boni
1109 3380 1304 3427 vestrze
1332 3371 1513 3428 dicere
1538 3371 1811 3455 charitati,
1841 3386 1947 3426 non
1978 3370 2127 3426 inve-

606 3478 755 3553 (543)
798 3480 984 3537 Homo
1017 3483 1354 3553 adverbium,
1404 3485 1455 3540 id
1502 3494 1586 3540 est
1630 3485 1733 3541 hoc
1771 3501 1934 3539 anno.
1986 3482 2120 3538 Cum

533 3560 711 3606 autem
736 3551 856 3618 huc,
886 3554 1027 3625 quod
1057 3555 1239 3610 subdit
1270 3551 1481 3625 factum
1504 3596 1521 3618 ,
1557 3556 1801 3611 Lattdttni
1832 3553 2126 3625 contigerit

528 3630 659 3691 post
684 3636 881 3699 annum
915 3623 1020 3680 968
1036 3666 1056 3699 ._
1083 3634 1141 3679 ut
1174 3625 1227 3679 in
1268 3623 1390 3699 Vita
1432 3626 1779 3699 probavimus
1807 3624 1834 3698 ᾗ
1866 3625 1968 3699 2Q,
1992 3623 2125 3678 'hrec

532 3693 778 3766 narratio
790 3692 945 3766 libro
967 3694 1157 3763 quinto
1187 3692 1456 3766 posterius
1484 3697 1664 3751 addita
1694 3692 2058 3766 cognoscitur.

606 3761 755 3830 (5H)
788 3761 1203 3836 Tuurtémporii
1237 3767 1379 3836 (quo
1409 3767 1616 3823 scilicet
1654 3761 1992 3836 praemissum
2016 3764 2123 3836 _l_‘a-

536 3836 681 3885 ctum
707 3833 954 3905 contigit)
981 3833 1101 3889 eum
1130 3833 1425 3892 llatherius
1460 3835 1572 3906 iam
1605 3833 1978 3909 episcopatum
2015 3834 2118 3889 Ve-

2232 3282 2511 3348 misercre,
2536 3282 2657 3336 licet
2684 3281 3056 3350 indignissimo
3081 3281 3173 3347 de,
3198 3290 3249 3335 te
3282 3291 3461 3336 tamen
3512 3280 3832 3335 indecenter

2233 3368 2738 3443 loqttendi’ttepido,
2763 3372 2916 3443 cuius
2946 3387 3140 3428 nomen
3163 3388 3269 3428 non
3294 3371 3531 3443 ignoras,
3561 3372 3719 3427 mihi.

2235 3501 2519 3542 ronensem
2555 3485 2879 3547 abdicasset,
2905 3486 2972 3539 de
3000 3483 3286 3550 praesulatu
3330 3481 3463 3537 nihil
3503 3481 3825 3551 cogitabat:

2233 3556 2433 3610 multos
2481 3570 2610 3610 vero
2658 3556 2900 3609 eannlem
2948 3555 3262 3625 dignitatem
3318 3552 3542 3625 indigne
3589 3552 3831 3625 subiisse

2232 3627 2421 3689 tradit,
2460 3634 2517 3679 ut
2548 3627 2751 3679 notavit
2777 3623 3105 3694 etiamiA’tto
3140 3623 3501 3679 Vercellensis
3538 3624 3835 3694 episcopus

2232 3698 2288 3751 in
2319 3711 2485 3764 opere
2533 3696 2607 3749 De
2650 3696 2909 3764 pressaris
2938 3693 3219 3765 Ecclesia,
3263 3702 3405 3765 part.
3441 3708 3480 3749 tt
3512 3693 3831 3764 Spicilcgii,

2232 3766 2540 3822 llOViSailll'Jl
2570 3766 2824 3821 editionis
2846 3780 2967 3837 pag.
2998 3764 3127 3819 421.

553 3910 3832 3941 W

1440 3982 1908 4083 INCIPIT
1977 3978 2250 4067 LIBE
2274 3980 2341 4065 ll
2412 3976 2910 4067 SEXTUS.

613 4148 667 4211 t.
693 4145 892 4202 Usuale
914 4154 999 4204 est
1024 4148 1204 4203 nautis
1227 4163 1334 4203 non
1367 4149 1547 4205 minus
1576 4149 1783 4216 piratas
1808 4165 1970 4220 quam
2000 4166 2131 4221 pro-

530 4239 729 4304 cellas,
769 4240 889 4311 plus
917 4254 1049 4295 vero
1079 4254 1466 4313 nonnunquam
1498 4240 1667 4313 ipsius
1693 4242 1890 4297 vicinia
1922 4255 2131 4314 portus,

2236 4163 2364 4202 num
2393 4146 2656 4200 discretos
2682 4144 2937 4208 eﬂ‘ectus,
2964 4144 3182 4200 eosdem
3215 4160 3433 4218 quoque
3465 4146 3827 4218 alloquentes.

2235 4259 2344 4314 quo
2366 4257 2653 4312 possmnus
2680 4240 3029 4297 succinctius.
3055 4239 3241 4297 Justus
3274 4242 3381 4298 es?
3418 4239 3690 4314 Suggere,
3718 4242 3831 4298 disc

534 4347 702 4403 quam
742 4332 917 4404 ipsmn
961 4330 1255 4388 formidare
1284 4333 1524 4405 pelagus
1546 4375 1562 4398 ,
1605 4335 1732 4390 dmn
1766 4334 1912 4405 (5A5)
1945 4334 2135 4389 dromo
2238 4332 2454 4396 simula,
2488 4333 2597 4387 imo
2625 4331 2803 4402 cogita
2835 4340 2889 4386 te
2919 4347 3025 4387 non
3050 4345 3173 4387 esse
3207 4331 3454 4405 [subaudi
3475 4331 3745 4406 iustum],
3772 4344 3834 4388 ut

536 4428 685 4494 saepe
718 4432 916 4493 prater
949 4424 1313 4494 granditatem
1356 4434 1605 4491 onustus,
1655 4426 1947 4497 improvise
1974 4425 2135 4481 illidi-

2236 4426 2416 4498 possis
2443 4425 2713 4480 veraciter
2744 4440 2885 4479 esse.
2924 4423 3186 4482 Peccator
3206 4441 3265 4482 es
3285 4427 3311 4481 ?
3345 4426 3626 4484 Contende
3660 4444 3832 4499 quan—

538 4529 636 4577 ιιιι·
658 4520 927 4593 syrtibus,
958 4535 1191 4594 spesque
1228 4530 1340 4579 tota
1376 4523 1578 4580 laboris
1617 4540 1738 4580 cum
1766 4524 1898 4596 ipsis
1924 4523 2133 4596 deperit
2166 4558 2211 4617 υ
2240 4526 2352 4571 lum
2376 4510 2523 4571 vades
2552 4530 2806 4617 non-esse
2834 4515 3083 4617 [πόα-εξάὶ
3123 4517 3552 4617 peccatorem],—
3569 4535 3833 4617 recogno—

537 4625 912 4695 ‘aborantlbus
932 4667 947 4693 ,
975 4626 1166 4683 amicis
1190 4642 1221 4684 e
1242 4628 1423 4685 vicino
1450 4628 1850 4700 spectantibus;
1890 4629 2034 4700 quod
2064 4643 2125 4683 ne

2234 4622 2395 4663 scens
2427 4614 2478 4661 te
2501 4604 2768 4661 veraciter
2789 4621 2930 4661 esse.
2976 4604 3089 4663 Hoc
3112 4607 3257 4662 enim
3299 4616 3475 4678 pacto,
3518 4610 3629 4665 Deo
3673 4608 3831 4679 adin-

540 4734 596 4780 et
626 4725 785 4782 nobis
810 4727 1106 4799 contingat,
1135 4726 1285 4800 (346)
1307 4744 1604 4801 exsurgens
1625 4744 1946 4801 precamur:
1970 4727 2130 4784 Salva

538 4825 648 4886 ’θος
678 4840 746 4882 ne
771 4841 1060 4898 pereamus
1088 4826 1304 4899 (Matth.
1331 4844 1453 4891 vm,
1480 4827 1597 4901 25),
1630 4838 1680 4883 te
1709 4827 1853 4884 enim
1881 4828 2019 4893 sine,
2060 4827 2135 4881 nil

543 4925 713 4983 altum
762 4941 918 4983 mens
964 4928 1200 4992 inchoat,
1250 4927 1448 4984 ncdttm
1493 4928 1740 5000 perficiat
1779 4925 1869 4998 [f.,
1895 4923 2129 4997 perlicit]

542 5036 731 5083 sextus
754 5026 866 5094 hic,
897 5028 1249 5100 gubernatrix
1293 5027 1532 5084 Dealitas
1566 5042 1796 5092 summa,
1827 5026 1954 5080 dum
1984 5025 2051 5080 de
2083 5033 2135 5080 te

2239 4707 2419 4760 vante,
2463 4695 2668 4766 poteris
2694 4695 2987 4765 aliquando
3025 4712 3131 4753 non
3173 4712 3316 4755 esse.
3347 4697 3534 4756 Justus
3558 4700 3667 4755 es?
3699 4701 3833 4758 Vide

2237 4803 2306 4843 ne
2339 4802 2584 4842 corruas.
2614 4787 2877 4843 Peccator
2900 4789 3006 4843 es?
3037 4788 3248 4845 Conare
3291 4798 3353 4846 nt
3397 4806 3609 4862 surgas.
3639 4791 3835 4848 Justus

2236 4880 2333 4935 es?
2371 4879 2574 4934 Teneat
2607 4886 2660 4934 te
2707 4895 2866 4935 casus
2897 4879 3071 4951 angeli
3115 4880 3183 4935 ad
3226 4881 3516 4937 cautelam.
3564 4881 3834 4940 Peccator
3890 4906 3897 4914 -

2234 4972 2335 5027 es?
2375 4970 2593 5026 Animet
2636 4982 2688 5026 te
2738 4986 2996 5026 ascensus
3042 4971 3281 5028 hominis
3308 4973 3376 5029 ad
3423 4973 3827 5044 paenitentiam.

2244 5060 2350 5106 Nec
2378 5070 2432 5106 In
2466 5060 2649 5106 itamle
2674 5060 2822 5106 nrim-
2847 5061 2913 5104 do-
2940 5063 3157 5104 uram-ia
3190 5062 3403 5104 animm
3432 5062 3673 5104 mana“
3728 5080 3828 5102 non
