4018 5406
214 322 317 382 317

1149 327 1718 399 ρηιειορυιοιιωι
1760 327 1936 384 LIBRI
1980 327 2132 384 sex.
2161 327 2368 386 -—Lllt.
2414 328 2496 387 vt.

3394 325 3501 386 $18

217 442 394 500 lucem
426 442 610 500 cordis
633 458 775 508 esse,
805 452 859 497 et
888 441 1069 512 lapsus
1094 452 1297 497 tantum
1323 441 1494 514 (ΕΠ),
1522 451 1578 496 et
1606 441 1809 494 erectio
1837 446 1880 501 Α
1915 444 2156 497 noverim
2208 443 2333 513 qula
2384 446 2653 501 tnodicum
2692 446 3016 502 fermentum
3059 453 3226 500 totam
3265 459 3516 500 massam-

221 534 466 606 quotidie
507 542 776 588 monstrat
813 533 1103 604 lapsorum.
1157 534 1342 595 Unde,
1373 542 1428 587 et
1457 533 1808 602 quibusdam,

221 641 344 680 cum
381 635 438 679 et
467 624 592 679 alibi
627 624 823 679 dixerit
848 643 860 677 :
893 623 996 690 Qui
1025 634 1129 678 stat
1161 623 1328 677 rideat
1351 639 1412 676 ne
1436 622 1589 675 cadat
1613 621 1664 690 (1
1688 620 1812 677 Cor.

222 732 288 783 1,
315 717 428 787 li),
463 717 597 772 dicit
626 716 913 787 Apostolus
938 735 951 770 :
997 714 1198 769 Fuistis
1237 714 1521 784 aliquando
1549 711 1776 765 tenebra'
1797 749 1812 774 ,

225 823 364 860 nunc
393 817 571 859 autem
610 805 705 859 lux
745 806 798 858 in
834 805 1057 858 Domino
1085 803 1298 872 (prltes.
1347 819 1406 866 v,
1447 803 1522 872 8).
1561 801 1818 856 l’cccvtor

225 899 329 954 es?
366 896 504 951 Audi
531 896 672 950 unde
699 896 932 966 gaudeas
959 913 971 949 :
1010 894 1276 949 Caudium
1315 904 1388 948 est
1427 895 1480 947 iu
1512 892 1637 946 ctelo
1663 904 1820 961 super

225 1005 330 1042 uno
352 997 624 1057 peccatore
651 987 1005 1057 paenitentiam
1042 996 1244 1057 agente,
1271 1003 1427 1056 quam
1466 1001 1626 1053 supra
1656 998 1820 1036 nona-

224 1082 373 1152 ginta
402 1096 582 1134 novem
605 1078 790 1149 justis,
823 1079 911 1148 qui
940 1095 1040 1131 non
1071 1078 1303 1148 indigent
1335 1074 1635 1147 pwnitentia
1665 1071 1814 1142 (Luc.

225 1186 320 1236 xv,
354 1171 664 1243 l0).Justus
688 1173 782 1227 es?
802 1171 937 1225 Audi
962 1171 1086 1241 quid
1110 1185 1339 1224 caveas:
1380 1167 1630 1220 Videbam
1661 1164 1819 1219 Sata-

226 1278 352 1318 nam
377 1264 511 1316 sicut
532 1263 715 1333 fulgur
738 1265 802 1316 de
830 1262 956 1317 ctrlo
993 1261 1258 1315 cadentem
1296 1258 1446 1330 (Luc.
1480 1275 1536 1322 x,
1575 1256 1677 1325 l8).
1719 1277 1722 1279 λ

293 1353 352 1407 2.
382 1353 652 1408 Cteterum
681 1371 779 1410 nec
801 1355 980 1424 justus
1007 1354 1173 1419 adeo,
1222 1367 1321 1406 nec
1366 1359 1618 1421 peccator
1646 1347 1780 1402 adeo
1805 1360 1820 1400 :

227 1445 446 1500 medius
489 1446 709 1514 quidam
756 1446 899 1500 inter
940 1446 1054 1500 lucc
1102 1445 1209 1499 duo
1263 1453 1314 1499 te
1359 1442 1590 1497 delectat
1633 1437 1823 1495 locus?

228 1535 406 1602 Time,
441 1553 593 1608 rogo,
626 1539 798 1608 ipsum
823 1538 975 1592 valde
1007 1547 1268 1607 teporem,
1302 1553 1367 1590 nc
1394 1537 1462 1590 ab
1492 1537 1607 1606 ipso
1636 1549 1825 1588 rursus

227 1623 435 1680 labaris
477 1628 546 1681 ad
593 1627 786 1699 frigus.
832 1627 966 1682 Nam
998 1629 1139 1683 sicut
1177 1644 1206 1681 a
1249 1635 1434 1696 tepore
1465 1627 1529 1680 ad
1558 1625 1823 1688 ealoretn,

227 1714 306 1769 ita
338 1730 716 1785 smpenumero
746 1717 814 1772 ab
845 1721 1034 1772 eodem
1065 1718 1402 1782 declinatur,
1449 1726 1583 1770 teste
1619 1715 1823 1783 Grego-

1918 534 2219 604 corrumpit
2266 534 2320 602 (l
2351 532 2473 589 Cor.
2505 551 2556 601 ν,
2598 537 2673 609 6).
2723 537 2863 592 Audi
2911 537 3116 591 dictum
3167 551 3197 589 a
3251 535 3500 592 Jacobo.

1920 623 2228 696 Quicunque
2286 634 2448 678 totam
2500 624 2660 696 legem
2712 624 3092 691 observaverit,
3141 625 3374 694 oﬂ'endat
3405 640 3504 680 att-

1919 726 2020 768 tem
2070 717 2122 770 in
2161 733 2302 781 uno,
2345 720 2441 770 erit
2474 734 2590 772 reus
2637 718 2780 788 (Jac.
2810 735 2872 781 tt,
2907 717 3016 786 10).
3072 715 3268 786 Legem
3321 725 3513 770 autem

1924 809 2059 862 banc
2099 819 2278 862 utrum
2310 809 2580 878 Evangelii
2629 819 2720 865 aut
2764 811 2980 865 Veteris
3020 799 3352 864 Testamenli
3382 847 3402 872 ,
3436 821 3513 865 an

1922 899 2080 954 simul
2137 908 2420 969 utramque
2447 901 2628 963 dicat,
2673 901 2927 956 studiosis
2980 899 3335 970 relinquimus
3381 893 3500 952 dis-

1923 996 2140 1064 quirere
2167 1035 2182 1057 ,
2233 1011 2354 1048 cum
2398 1003 2452 1050 et
2509 995 2833 1065 interrogata
2877 995 2928 1048 in
2974 993 3184 1048 duobus
3229 991 3512 1062 praeceptis

1926 1094 2092 1142 totam
2138 1087 2228 1140 Ve:
2249 1086 2351 1140 itas
2378 1085 2490 1156 ipsa
2541 1085 2709 1154 legem
2740 1095 2795 1139 et
2827 1086 3120 1154 prophetas
3156 1083 3352 1136 dixerit
3382 1096 3514 1151 pen-

1925 1181 2054 1234 dere
2103 1177 2315 1244 (Matth.
2346 1192 2498 1237 xxii,
2542 1176 2656 1243 40),
2706 1187 2760 1232 et
2790 1175 3076 1246 Apostolus
3129 1173 3512 1244 plenitudinem

1926 1272 2060 1342 legis
2097 1271 2436 1327 dilectionem
2486 1271 2680 1327 dixerit
2709 1286 2829 1325 esse
2875 1269 3055 1338 (llam.
3101 1285 3218 1332 xm,
3252 1268 3360 1330 l0).
3396 1264 3514 1321 Sei-

1928 1377 2048 1418 mus
2085 1377 2210 1416 vero
2240 1361 2598 1429 Augustinum
2629 1361 2830 1416 dixisse
2861 1378 2876 1416 :
2909 1360 2966 1415 Si
2998 1360 3119 1429 quis
3163 1374 3330 1413 unum
3364 1371 3517 1411 man-

1930 1457 2113 1510 datmn
2171 1452 2439 1506 custodiat
2459 1493 2472 1513 ,
2524 1452 2667 1506 aliud
2721 1452 3107 1522 pracvaricetur
3130 1491 3146 1516 ,
3178 1466 3282 1504 non
3313 1449 3363 1503 ei
3392 1461 3524 1518 pro-

1930 1547 2069 1600 dest.
2121 1543 2368 1599 Custodit
2426 1559 2484 1598 se
2537 1543 2730 1612 aliquis
2779 1543 2847 1596 ab
2894 1543 3120 1596 avaritia
3149 1582 3164 1606 ,
3196 1556 3302 1594 non
3331 1547 3518 1595 custo-

1933 1638 2010 1692 dit
2059 1638 2128 1692 ab
2180 1636 2487 1691 adulterio?
2531 1635 2727 1706 Utique
2760 1635 2812 1690 in
2854 1652 2961 1690 uno
3006 1634 3326 1696 convictus,
3364 1632 3518 1686 dam-

1935 1739 2094 1786 natur
2141 1731 2302 1785 etiam
2352 1729 2532 1786 smculi
2574 1729 2819 1800 legibus;
2878 1745 2978 1785 nec
3029 1729 3250 1798 prodest
3297 1727 3350 1782 ei
3383 1725 3520 1780 alte-

230 1805 348 1872 rio,
396 1807 464 1860 ad
512 1807 703 1877 frigus.
755 1807 891 1862 Audi
943 1808 1177 1877 denique
1219 1808 1344 1878 quid
1390 1807 1582 1878 angelo
1619 1806 1832 1859 dicatur

1942 1823 2049 1878 rius
2079 1823 2325 1878 criminis
2373 1823 2703 1878 abstinentia
2727 1863 2742 1886 ,
2785 1822 2876 1892 qui
2922 1823 2974 1876 in
3007 1820 3180 1876 altero
3230 1818 3391 1874 fuerit
3427 1818 3525 1872 de-

228 1892 543 1951 Laodicite:
588 1895 799 1949 Utinam
833 1898 1037 1950 calidus
1081 1913 1217 1951 esses
1261 1907 1351 1950 aut
1385 1896 1650 1966 frigidas;
1691 1911 1828 1948 nunc

231 1993 409 2038 autem
434 1987 558 2054 quia
587 1987 792 2054 tepidus
817 2003 890 2052 es,
921 1987 1168 2056 incipiam
1194 1997 1244 2040 te
1265 2003 1496 2041 evomere
1523 2002 1586 2038 ex
1607 2001 1696 2038 ore
1718 1999 1830 2036 meo

228 2075 419 2146 (Apoc.
450 2092 534 2142 Ill,
570 2078 678 2144 16).
709 2079 798 2132 Vae
823 2089 1004 2133 autem
1030 2078 1121 2147 qui
1143 2094 1207 2132 cx
1229 2093 1321 2133 ore
1347 2076 1833 2146 irrecuperabiliter

228 2169 504 2221 evomitur
552 2169 668 2222 Dei.
720 2168 837 2235 Quo
887 2179 1074 2224 contra
1126 2169 1414 2224 Psalmista
1465 2169 1530 2222 de
1579 2168 1829 2222 sanctis:

233 2253 416 2321 Ibunt,
443 2257 644 2326 inquit,
676 2257 742 2311 de
782 2259 970 2312 virtute
1009 2260 1064 2312 in
1106 2260 1343 2312 virtutem
1375 2256 1558 2330 (Psal.
1593 2273 1795 2312 Lxxxtll
1817 2298 1831 2320 ,

235 2350 368 2420 88);
393 2350 519 2418 quia
547 2351 822 2413 videlicet,
853 2360 907 2405 ut
933 2349 1041 2404 Leo
1072 2350 1262 2404 beatus
1285 2351 1382 2416 ait,
1412 2350 1646 2405 scientes
1677 2349 1834 2401 arbo-

235 2453 321 2494 res
343 2454 402 2493 se
423 2455 543 2494 esse
570 2441 622 2494 in
651 2441 902 2496 Ecclesia:
924 2441 1204 2495 viridiario
1234 2441 1504 2510 plantatas
1529 2439 1604 2493 Do
1629 2439 1827 2497 niuieo,

238 2542 344 2581 non
369 2528 545 2582 solum
583 2538 782 2583 cavent
823 2546 890 2584 ne
921 2529 1175 2584 deﬁciant
1212 2531 1264 2584 in
1296 2528 1470 2600 pejus,
1511 2529 1677 2583 etiam
1709 2529 1839 2581 dant

241 2634 570 2689 magnopere
618 2621 856 2674 stntlinm
902 2629 964 2674 ut
1012 2620 1301 2690 proﬁciant
1347 2621 1398 2674 in
1450 2621 1662 2676 melius.
1703 2619 1837 2673 Cum

239 2719 422 2765 autem
453 2711 820 2780 pulcherrima
849 2710 1124 2780 cujusdam
1150 2721 1484 2776 nostrorum,
1511 2710 1635 2781 quia
1666 2710 1840 2764 mitis-

240 2801 402 2865 sima,
426 2801 692 2855 habeatur
718 2803 985 2857 sententia
1016 2802 1266 2868 dicentis,
1290 2817 1394 2856 non
1426 2802 1663 2855 futurum
1688 2810 1840 2854 extra

243 2892 706 2957 misericordiam,
731 2895 821 2962 qni
848 2893 933 2946 vel
956 2904 1163 2964 partem
1189 2893 1455 2948 bonorum
1480 2907 1702 2964 operum
1729 2891 1843 2946 fue—

245 2983 318 3037 rit
342 2995 647 3048 assecutus,
665 3000 768 3038 non
796 2985 974 3040 minus
997 2994 1171 3040 tamen
1203 2986 1574 3055 receptissima
1597 2985 1839 3047 alterius,

245 3075 374 3143 quia
403 3077 710 3140 verissima,
739 3086 822 3131 est
854 3077 1134 3132 retinenda
1175 3075 1418 3131 deﬁnitio
1450 3076 1706 3130 dicentis:
1739 3075 1842 3140 Qui

249 3181 354 3218 non
397 3167 639 3235 proﬁcit,
690 3167 863 3236 deﬁcit
887 3207 902 3231 ,
933 3178 980 3220 et
1010 3167 1099 3235 qni
1136 3165 1267 3220 nihil
1301 3167 1560 3238 acquirit,
1606 3164 1842 3220 nonnihil
1871 3155 1914 3215 C

225 3255 438 3325 perdit.
475 3256 571 3310 Cui
607 3259 915 3314 assentiens
941 3273 1039 3313 nec
1073 3258 1299 3312 inferior
1325 3258 1481 3323 alter,
1508 3257 1714 3321 Omnis,
1746 3259 1841 3322 ait,

251 3343 486 3413 defectus
515 3347 583 3399 ad
614 3347 838 3400 nihilum
877 3348 1061 3402 tendit.
1109 3347 1203 3403 llis
1235 3348 1414 3416 itaque
1449 3347 1521 3400 ita
1553 3347 1843 3413 connexis,

254 3437 552 3492 timendum
594 3455 662 3493 ne
693 3440 819 3494 dum
867 3456 972 3495 non
1006 3441 1185 3494 inbias
1211 3438 1496 3508 profcctui,
1527 3439 1848 3493 succumbas

255 3527 511 3593 defectui,
534 3531 790 3585 devenias
820 3531 980 3602 169
1009 3531 1178 3584 nibili.
1211 3529 1348 3584 Sunt
1381 3538 1560 3584 autem
1589 3529 1805 3599 quidam
1831 3568 1846 3590 ,

256 3628 400 3675 teste
439 3620 724 3688 Gregorio,
755 3637 784 3674 a
815 3637 1044 3691 quorum
1076 3620 1292 3675 liberari
1325 3629 1509 3690 salage
1543 3618 1848 3678 consortio,

255 3713 351 3782 qui
383 3721 442 3766 ut
465 3711 718 3767 fruantur
745 3712 972 3776 sreculo,
1013 3711 1406 3780 dispensatorie
1435 3695 1676 3764 serviunt
1720 3709 1848 3762 Deo.

259 3802 406 3858 Sunt
425 3813 608 3860 contra
633 3805 748 3869 alii,
779 3820 1007 3874 quorum
1053 3804 1106 3857 in
1151 3818 1376 3858 numero
1407 3803 1562 3857 stude
1590 3801 1848 3867 inveniri,

260 3895 354 3964 qui
407 3907 465 3949 ut
496 3895 748 3951 fruantur
791 3898 930 3961 Deo,
980 3895 1294 3950 transitorie
1341 3893 1586 3948 serviunt
1631 3892 1850 3946 mundo.

261 3980 422 4036 Hunc
465 3991 642 4037 autem
694 3982 928 4037 medium
973 3998 1094 4038 esse
1129 3982 1356 4053 justitiae
1401 3980 1576 4036 locum
1616 3980 1852 4035 aestimo.

262 4071 420 4140 Quod
461 4075 506 4129 si
550 4075 774 4129 omnino
803 4083 854 4130 te
879 4075 1089 4144 erigere
1129 4089 1232 4127 non
1263 4073 1409 4126 vales
1440 4073 1520 4144 (ut
1551 4089 1656 4126 non
1687 4069 1854 4142 vales)

263 4166 332 4221 ad
361 4181 672 4235 supremum
703 4166 851 4220 illum
879 4168 984 4222 Deo
1010 4167 1254 4237 placendi
1289 4166 1534 4221 ordinem
1564 4165 1854 4229 ullomodo,

259 4255 459 4310 saltem
481 4255 566 4310 vel
596 4257 664 4310 ad
713 4256 874 4310 istum
909 4265 959 4311 te
991 4257 1267 4310 humiliter
1313 4255 1728 4325 ﬁrmissimeqne
1776 4264 1857 4308 te-

264 4359 403 4400 neas
431 4344 670 4399 medium
699 4344 933 4415 postulo,
975 4361 1041 4399 ne
1067 4343 1283 4415 quando
1315 4344 1523 4400 scilicet
1546 4359 1672 4398 ruas
1698 4342 1765 4397 ad
1792 4341 1858 4397 il-

265 4433 378 4490 lum
421 4435 664 4490 inﬁmum
711 4435 858 4507 (358)
899 4437 1090 4491 ordine
1125 4437 1321 4500 devio;
1361 4451 1535 4506 neque
1565 4435 1709 4489 enim
1739 4435 1860 4489 ideo

272 4525 433 4582 debes
457 4526 572 4582 ﬁeri
599 4500 874 4596 perditus,
911 4529 1038 4598 quia
1088 4544 1192 4581 non
1221 4527 1366 4582 vales
1390 4500 1511 4583 esse
1548 4527 1853 4597 perfectus,
1889 4500 1936 4560 θ

251 4633 374 4673 .nec
396 4618 517 4673 ideo
544 4621 833 4689 pessimus,
859 4620 984 4689 quia
1024 4636 1127 4673 non
1153 4629 1307 4690 potes
1335 4619 1569 4674 existere
1596 4619 1853 4690 optimus.

270 4706 390 4777 Ipsa
414 4708 646 4780 denique
673 4710 970 4777 humilitas,
1021 4725 1126 4780 qua
1174 4711 1240 4767 de
1267 4720 1318 4766 te
1344 4711 1466 4765 vilia
1502 4710 1761 4774 aestimas,
1812 4710 1858 4764 si

266 4797 344 4857 sit
368 4815 514 4863 vera,
545 4809 602 4856 et
647 4816 755 4856 non
803 4802 978 4871 potius
1025 4803 1275 4871 segnitia,
1320 4810 1372 4857 te
1409 4802 1732 4872 quandoque
1757 4801 1864 4856 cri-

273 4904 402 4959 gere
424 4891 622 4947 valebit
641 4892 708 4948 ad
734 4893 1008 4960 sublimia,
1025 4903 1161 4950 teste
1183 4908 1314 4949 voce
1337 4892 1614 4950 Dominica
1640 4893 1855 4962 (Matth.

272 4996 434 5049 nm,
464 4984 576 5054 12).

1931 1915 2246 1986 prehensus.
2282 1913 2394 1968 lloc
2430 1929 2591 1968 sensu
2637 1931 2759 1970 cum
2793 1913 3032 1969 terribile
3093 1912 3163 1966 sit
3192 1910 3348 1964 valde
3375 1908 3520 1978 quod

1931 2006 2196 2077 protulit,
2246 2007 2339 2060 sed
2387 2015 2564 2060 tamen
2611 2020 2777 2076 super
2815 2006 2956 2060 banc
3007 2004 3252 2058 eamdem
3282 2000 3526 2072 Apostoli

1932 2099 2256 2153 sententiam
2306 2097 2692 2168 Hieronymum
2732 2097 2846 2165 jam
2891 2097 3264 2160 consuluerit;
3305 2110 3407 2150 nec
3447 2094 3529 2147 in-

1933 2191 2207 2258 cognitum
2262 2189 2456 2252 nobis,
2512 2188 2682 2258 legem
2735 2197 2902 2242 totam
2972 2187 3273 2257 intelligere
3339 2184 3526 2238 decem

1937 2281 2024 2334 illa
2076 2279 2347 2349 generalia
2397 2288 2700 2350 praecepta,
2734 2280 2878 2334 unde
2928 2277 3171 2332 omnium
3215 2274 3528 2347 specialitas

1934 2372 2080 2427 velut
2129 2387 2160 2427 e
2203 2371 2436 2442 quodam
2485 2371 2601 2426 rivo
2643 2370 2835 2427 fidibus
2892 2369 3216 2426 decachordi
3263 2367 3520 2422 distincta

1937 2463 2255 2519 derivatur:
2289 2478 2410 2532 quae
2446 2461 2661 2534 [scilicet
2711 2463 2894 2516 decem
2945 2458 3240 2532 praecepta]
3291 2473 3414 2513 cum
3446 2458 3532 2512 in-

1937 2553 2238 2609 solubiliter
2287 2568 2319 2606 a
2367 2551 2576 2608 duobus
2626 2551 2732 2608 illis
2784 2552 3033 2606 maximis
3079 2559 3137 2605 et
3197 2549 3389 2619 primis
3437 2549 3532 2604 de-

1938 2647 2098 2701 ducta
2132 2686 2148 2709 ,
2207 2646 2394 2700 decem
2447 2645 2648 2700 faciant
2685 2645 2865 2707 rivos,
2923 2651 3130 2712 septem
3180 2641 3428 2696 videlicet
3462 2641 3532 2694 ad

1939 2737 2280 2792 dilectionem
2332 2735 2606 2804 proximi,
2647 2744 2756 2790 tres
2791 2735 3128 2804 pertinentes
3171 2733 3238 2786 ad
3285 2730 3533 2786 dilectio-

1943 2845 2064 2884 nem
2115 2828 2250 2888 Dci,
2302 2827 2374 2881 ita
2427 2842 2579 2881 suam
2610 2836 2829 2880 servant
2878 2826 3021 2879 unde
3067 2829 3408 2878 cmerserant
3437 2833 3534 2874 na-

1943 2928 2157 2983 turam,
2207 2929 2264 2971 ut
2313 2932 2478 2971 unum
2519 2916 2635 2970 sine
2664 2916 2855 2979 altero,
2900 2916 3042 2971 sicut
3091 2929 3191 2968 nec
3231 2921 3413 2982 caput,
3457 2911 3531 2966 ita

1943 3025 2045 3065 nec
2093 3009 2342 3078 amplecti
2374 3009 2641 3063 veraciter
2690 3008 2978 3077 respnique
3012 3006 3226 3060 valeant
3269 3004 3531 3059 membra.

1946 3100 2079 3174 Nam
2113 3103 2252 3156 sient
2301 3102 2466 3156 Deum
2521 3116 2625 3154 non
2667 3099 2891 3169 diligere
2940 3100 3236 3167 probatur,
3283 3096 3374 3166 qui
3409 3110 3534 3165 pro-

1945 3194 2148 3247 ximum
2202 3207 2309 3246 non
2351 3191 2560 3261 diligit,
2611 3189 2820 3245 Joanne
2873 3190 3086 3244 dicente
3125 3205 3140 3241 :
3199 3185 3258 3242 Si
3299 3187 3416 3256 quis
3452 3185 3536 3238 di-

1945 3287 2078 3340 a'erit
2108 3285 2357 3353 quoniam
2399 3283 2562 3351 diligo
2615 3283 2815 3343 Deum,
2851 3291 2901 3335 et
2947 3280 3164 3348 fratrem
3213 3293 3366 3331 suum
3395 3275 3536 3339 odit,

1948 3373 2174 3429 mendax
2215 3383 2288 3427 est
2319 3372 2370 3441 (Ι
2403 3372 2564 3426 Joan.
2599 3388 2680 3437 In,
2716 3372 2794 3440 9):
2829 3379 3014 3426 etnon
3046 3379 3155 3424 tam
3203 3368 3535 3439 proximum,

1947 3481 2109 3535 quam
2159 3464 2320 3518 etiam
2369 3448 2682 3526 inimicum,
2734 3462 2961 3517 Domino
3015 3460 3280 3515 dicente:
3326 3457 3542 3527 Diligite

1949 3543 2189 3610 inimicos
2239 3563 2465 3617 vestros,
2513 3553 2638 3606 bene
2686 3552 2844 3620 facile
2899 3551 2980 3605 his
3021 3551 3112 3621 qui
3157 3549 3378 3603 oderunt
3410 3563 3543 3609 eos,

1951 3657 2005 3702 ut
2055 3646 2167 3699 sitis
2211 3645 2313 3713 [iiii
2355 3642 2530 3696 Patris
2578 3642 2733 3696 vestri
2789 3641 2879 3710 qui
2923 3640 2976 3694 in
3023 3638 3164 3693 cwlis
3211 3648 3284 3693 est
3319 3636 3550 3707 (Mattlt..

1950 3754 2006 3801 v,
2039 3734 2150 3805 ll);
2187 3733 2328 3788 nulla
2368 3741 2548 3786 autem
2591 3730 2891 3787 evidentior
2918 3727 3217 3784 redamatio
3254 3741 3415 3796 quam
3444 3740 3538 3794 pa-

1953 3831 2055 3882 tris
2096 3827 2162 3881 ad
2208 3825 2410 3886 ﬁlium,
2447 3824 2538 3878 ﬁlii
2592 3823 2658 3878 ad
2705 3831 2954 3892 patrem,
3001 3836 3161 3891 quem
3206 3835 3312 3873 non
3355 3831 3557 3872 amare-

1955 3921 2300 3976 convincitur
2324 3960 2339 3980 ,
2380 3918 2542 3989 170
2568 3917 2660 3987 qui
2707 3915 2823 3984 ejus
2850 3916 3057 3986 Spernit
3095 3913 3392 3984 jnssionem
3426 3910 3557 3964 :ita-

1956 4015 2044 4069 illa
2099 4013 2234 4078 tria,
2287 4026 2407 4081 qum
2459 4025 2489 4063 a
2550 4010 2726 4080 primo
2785 4008 3164 4067 deducuntur,
3207 4003 3383 4057 nullus
3440 3999 3535 4070 qui

1958 4105 2086 4160 illud
2135 4101 2402 4157 veraciter
2450 4099 2703 4155 observat
2740 4105 2920 4167 potest
2961 4092 3326 4165 pran'aricari.
3375 4087 3566 4144 Nemo.

1958 4193 2100 4248 enim
2149 4191 2377 4261 diligens
2425 4189 2596 4243 Deum
2650 4187 2814 4241 alium
2867 4183 2995 4240 colit
3040 4192 3238 4253 prteter
3257 4196 3417 4244 eum,
3450 4191 3569 4232 ne-.

1959 4296 2064 4351 que
2117 4280 2314 4350 accipit
2368 4294 2562 4334 nomen
2624 4275 2740 4346 ejus
2795 4275 2849 4330 in
2906 4289 3140 4336 vanum,
3192 4285 3293 4326 nec
3341 4267 3546 4338 aliquid

1963 4371 2090 4427 facit
2137 4369 2262 4424 boni
2299 4369 2402 4424 nisi
2451 4377 2674 4440 prepter
2723 4381 2911 4422 verum
2952 4363 3249 4420 Sabbatum
3275 4401 3290 4426 ,
3335 4360 3436 4416 hoc
3463 4367 3552 4416 est

1963 4460 2204 4532 requiem
2235 4459 2640 4530 sempiternam.
2693 4457 2759 4511 Et
2789 4456 2930 4511 sicut
2972 4453 3277 4526 proximum
3313 4466 3422 4506 non
3460 4449 3546 4503 di-

1963 4552 2129 4623 ligere
2172 4548 2559 4618 comprobatur
2620 4546 2713 4614 qui
2769 4544 2940 4600 Deum
3009 4558 3118 4598 non
3167 4539 3370 4611 diligit,
3420 4551 3564 4593 nam.

1961 4657 2062 4699 nec
2108 4641 2345 4710 seipsum
2391 4639 2598 4710 diligit,
2644 4637 2929 4692 Psalntista
2991 4635 3207 4690 dicente
3225 4651 3253 4686 -:
3291 4629 3396 4696 Qui
3445 4643 3545 4681 au-

1963 4743 2065 4788 tem
2104 4732 2273 4803 diligit
2325 4730 2689 4800 iniquitatem,
2738 4729 2847 4783 odit
2892 4727 3128 4782 anintant
3183 4738 3335 4778 suam
3372 4715 3544 4787 (Psal.

1966 4844 2021 4892 ι,
2065 4823 2144 4895 5);
2202 4823 2274 4878 ita
2302 4823 2392 4893 qui
2441 4821 2590 4876 illum
2640 4819 2815 4892 diligit
2871 4816 3182 4882 veraciter,
3233 4821 3426 4866 caetera
3481 4821 3570 4864 ex.

1966 4915 2069 4971 hoc
2105 4913 2331 4970 deducta
2373 4928 2480 4968 non
2524 4911 2766 4983 negligit.
2818 4908 2953 4964 Nam
2999 4916 3055 4962 et
3102 4907 3332 4962 honorat
3361 4913 3555 4969 paren-

1963 5016 2080 5070 tes,
2137 5021 2239 5061 nec
2289 5005 2632 5069 mmebatnr,
2688 5018 2787 5059 nec
2838 4999 3078 5063 occidit,
3140 5008 3241 5053 nec
3300 4992 3560 5054 furatur,

339 5094 396 5148 3.
434 5094 514 5150 Ne
559 5112 711 5162 vero,
772 5096 901 5152 dum
956 5099 1073 5153 haec.
1119 5101 1302 5156 mitius
1353 5109 1532 5156 tecum
1578 5115 1721 5173 ago,
1775 5115 1865 5157 me
1962 5082 2081 5154 nec.
2133 5097 2323 5152 falsum
2384 5095 2756 5153 testimonium
2818 5093 2948 5148 dicit
2982 5130 2998 5151 ,
3053 5105 3160 5146 nec
3226 5079 3566 5186 concupiscit
