4018 5406
525 358 631 417 3l9
1263 288 1279 351 ἑ

1454 352 1779 414 ΗᾹἸΊΙΕΒΙΙ
1818 356 2031 413 EPISC.
2077 351 2329 413 \‘EliON.
2368 355 2519 413 OPP.
2562 357 2741 415 PARS
2777 358 2815 413 1.

3684 358 3797 417 ΞΞΟ

525 484 673 539 tem,
721 474 866 529 unde
911 482 1105 530 cuncta
1153 474 1447 544 procedunt
1476 516 1490 538 ,
1538 474 1771 538 videtur,
1804 489 1924 528 cum
1970 487 2104 526 neu-
2133 472 2179 532 Α
2212 481 2387 527 autem
2432 458 2484 527 in
2535 474 2718 545 aliquo
2750 456 2941 530 horum
2996 484 3046 530 te
3091 474 3561 547 prxvaricatorezn
3598 474 3801 543 depre-

526 576 670 620 trum
714 564 905 620 horum
957 579 1077 634 qua:
1115 573 1239 619 sunt
1266 563 1535 634 prohibita
1582 579 1742 634 agere
1796 562 2102 633 proximum

521 657 794 713 veraciter
841 656 1074 728 diligens
1106 656 1254 728 (549)
1298 656 1499 728 possit;
1534 655 1753 709 Dilectio
1802 655 1946 709 enim
1985 670 2107 723 pro-

522 748 655 803 ximi
677 747 873 818 malum
916 764 1017 802 non
1047 757 1292 819 aperatur
1320 746 1492 815 (Rom.
1527 761 1644 809 xm,
1677 744 1787 816 10).
1825 744 1947 799 lhec
1974 760 2107 799 cun-

523 851 610 898 cta
661 843 896 900 diximus
924 845 1080 908 ideo,
1128 850 1187 898 ut
1234 842 1276 897 si
1310 842 1499 898 saltem
1550 841 1697 895 illum
1747 838 1979 894 medium
2011 839 2109 894 bo-

524 933 714 987 nitatis
768 934 942 988 locum
1005 934 1088 989 vis
1143 932 1428 996 obtinere,
1493 930 1639 987 omni
1696 928 1911 1001 capitali
1975 927 2107 984 vitio

525 1024 744 1079 studeas
761 1026 978 1081 carere.

596 1114 651 1169 4.
692 1114 955 1185 (Ξεψίιι.ιίτι
1008 1131 1136 1172 vero
1182 1132 1244 1171 ea
1295 1116 1512 1171 noveris
1565 1128 1685 1170 esse
1716 1155 1731 1179 ,
1785 1130 1906 1184 qua:
1958 1114 2105 1186 (550)

524 1204 919 1260 decacbordum
987 1206 1182 1262 tabulis
1237 1206 1462 1277 lapideis
1515 1207 1763 1276 prohibet
1820 1207 2105 1277 scriptum.

492 1320 497 1321 ί
526 1293 595 1349 Et
637 1303 695 1349 ut
731 1295 917 1351 eodem
947 1310 1109 1351 sensu
1140 1312 1203 1351 ea
1236 1297 1667 1357 dinumeremus,
1701 1310 1822 1366 qua:
1845 1294 1956 1364 jam
1984 1304 2111 1351 sunt

527 1402 557 1439 a
612 1385 772 1440 beato
818 1386 1117 1455 Augustino
1166 1388 1433 1460 digesta,‘
1463 1387 1743 1443 sciendum
1792 1398 1877 1443 est
1934 1389 2110 1458 primo

525 1475 652 1544 quia
704 1474 969 1529 idolorum
1018 1484 1101 1531 est
1152 1476 1413 1547 perﬁdia,
1472 1492 1503 1531 a
1564 1493 1668 1548 qua
1720 1485 1770 1531 te
1816 1476 2105 1547 prohibet,

526 1581 649 1620 cum
699 1566 827 1620 dicit
860 1585 873 1620 :
909 1566 1045 1621 Deus
1095 1576 1254 1628 tuus,
1298 1567 1438 1622 Deus
1479 1584 1614 1622 unus
1668 1579 1743 1622 est
1787 1567 1979 1636 (Marc.
2011 1584 2109 1634 xu,

525 1656 638 1727 ξω).
680 1655 829 1711 Ιιςιηο
872 1658 1117 1728 sequitur
1146 1673 1302 1713 error
1337 1659 1607 1714 haereseos
1636 1700 1649 1723 ,
1682 1670 1737 1713 et
1767 1659 2109 1715 diversarum

526 1746 1010 1816 superstitionum,
1067 1750 1525 1819 prtecantationes
1569 1749 1854 1816 videlicet,
1905 1759 1956 1804 et
1994 1765 2115 1820 qua:

528 1838 687 1910 vulgo
735 1838 989 1894 dicuntur
1039 1838 1264 1894 factura:
1320 1838 1491 1911 (551),
1540 1847 1596 1894 et
1648 1838 1734 1893 illa
1783 1854 1903 1908 qua:
1954 1826 2161 1893 vani-l

529 1936 670 1985 tates
723 1941 778 1985 et
826 1930 1051 1985 insania:
1096 1929 1243 1985 Hsze
1281 1931 1535 1987 dicuntur
1561 1944 1590 1984 a
1627 1930 1909 1986 Psalmista
1937 1930 2109 2003 (Psal.

525 2034 714 2083 xxxrx,
756 2020 845 2093 5);
899 2022 1009 2091 ipsa
1056 2035 1271 2092 quoque
1298 2036 1418 2091 qua:
1468 2021 1755 2091 Apostolus
1800 2023 2115 2080 terribiliter

525 2119 809 2166 enumerat
854 2112 1081 2167 dicens:
1117 2111 1240 2166 Dies
1281 2112 1563 2167 observatis
1606 2123 1654 2166 et
1698 2128 1898 2167 menses
1930 2125 1977 2167 et
2010 2132 2108 2170 mt-

525 2218 621 2255 nos
641 2242 656 2266 ,
702 2202 857 2256 timeo
906 2219 970 2257 ne
994 2204 1106 2257 sine
1133 2219 1293 2257 causa
1331 2203 1679 2259 laboraverim
1710 2206 1764 2259 in
1793 2205 1935 2260 vobis
1962 2204 2108 2278 (Gal.

522 2304 595 2353 tv,
642 2291 749 2361 l0),
782 2303 835 2347 et
859 2291 944 2348 his
991 2292 1225 2358 similia,
1273 2308 1303 2346 a
1350 2292 1547 2363 quibus
1595 2294 1851 2351 erunibus
1891 2311 2110 2366 compeo

523 2380 731 2445 sceris,
777 2396 901 2435 cum
944 2381 1145 2437 audis:
1180 2382 1305 2436 Non
1353 2399 1590 2440 assumes
1651 2401 1837 2439 nomen
1884 2384 1981 2439 Dei
2035 2385 2113 2440 tui

522 2471 579 2526 in
628 2488 818 2526 vanum
853 2470 1048 2540 (Exod.
1082 2489 1173 2537 xx,
1212 2473 1288 2543 7).
1322 2473 1565 2546 Perjuria
1595 2491 1811 2545 quoque
1838 2486 1893 2531 et
1920 2477 1972 2531 iu
2005 2478 2111 2533 hoc

525 2562 677 2616 mihi
719 2563 969 2617 videntur
1020 2564 1310 2633 prohibita.
1363 2566 1501 2621 lliue
1558 2568 1853 2638 superbia,
1907 2569 2108 2636 elatio,

523 2662 581 2709 et
627 2653 803 2708 inanis
850 2653 1058 2724 gloria,
1107 2656 1188 2711 vel
1239 2672 1396 2711 amor
1444 2658 1665 2723 saeculi,
1720 2675 1819 2730 pro
1860 2678 1967 2730 quo
1998 2677 2112 2715 ma-

502 2744 673 2800 .xime
730 2746 784 2799 in
833 2748 1088 2803 omuihns
1151 2749 1380 2817 negotiis
1437 2749 1714 2807 laboratur
1758 2752 1827 2807 ab
1875 2753 1959 2809 his
2016 2756 2108 2824 qui

525 2836 695 2892 Deum
751 2852 857 2893 non
922 2839 1213 2908 diligunt,_
1248 2855 1278 2893 a
1344 2841 1542 2911 quibus
1607 2842 1937 2909 retraheris,
1978 2861 2103 2900 cum

525 2925 825 2982 Sabbatum
868 2943 1088 2983 servare
1129 2929 1375 3000 juberis,
1429 2931 1480 2986 id
1517 2939 1601 2986 est
1643 2941 1703 2985 ut
1753 2932 2030 2989 declinans
2078 2952 2110 2987 a

525 3019 670 3075 malo
702 3029 761 3075 et
800 3019 1006 3077 faciens
1055 3022 1257 3077 bonum
1301 3021 1475 3094 (Psal.
1506 3040 1695 3089 xxxvr,
1724 3023 1841 3095 27),
1890 3041 2048 3082 vaces
2080 3043 2110 3082 a

504 3122 748 3183 peccato
772 3154 786 3176 ,
836 3123 891 3167 et
938 3113 1142 3169 servias
1170 3113 1282 3169 Deo
1311 3131 1323 3167 :
1358 3114 1538 3169 omnia
1568 3125 1747 3171 autem
1795 3117 2107 3183 humiliter,

528 3218 634 3258 non
689 3204 953 3273 superbe,
1014 3212 1236 3275 prepter
1282 3205 1774 3261 remunerationem
1819 3216 2111 3276 mternam,

528 3306 634 3346 non
666 3301 886 3363 promer
920 3296 1133 3348 inanem
1166 3294 1348 3351 saeculi
1381 3295 1635 3366 gloriam.
1687 3295 1779 3351 Hae
1829 3306 1939 3353 tres
1976 3314 2113 3369 pra:—

526 3390 806 3450 ceptormu
834 3383 1209 3439 distinctiones
1235 3426 1250 3451 ,
1289 3384 1663 3456 malorumque
1689 3388 2136 3455 prohibitiones..

526 3470 610 3526 Ad
652 3488 892 3528 amorem
948 3489 1076 3529 vero
1106 3474 1338 3545 proximi
1378 3475 1652 3545 pertinent
1701 3478 1816 3533 haec
1845 3495 1861 3535 :
1894 3477 2113 3535 Honora

526 3576 727 3639 patrem
780 3577 828 3623 et
865 3581 1087 3624 matrem
1127 3570 1327 3642 (Exod.
1359 3588 1452 3636 xx,
1489 3572 1598 3643 l2),
1641 3574 1730 3629 ubi
1772 3584 1971 3644 przcter
1997 3591 2117 3631 car-

528 3660 705 3716 nalem
744 3662 1042 3733 genitorem
1071 3664 1234 3719 etiam
1275 3665 1368 3721 Dei
1417 3665 1596 3721 Patris
1628 3677 1685 3723 et
1721 3667 1976 3728 Ecclesiae
2004 3685 2118 3723 ma-

528 3755 630 3810 tris
661 3757 1180 3827 przepositorumque
1209 3757 1464 3813 Ecclesia:
1489 3760 1663 3815 honor
1700 3761 1990 3831 specialius
2021 3753 2116 3817 tibi

529 3844 820 3900 indicitur.‘
838 3846 957 3901 Non
985 3848 1320 3902 moechaberis
1361 3847 1552 3919 (Ibid.,
1587 3849 1696 3920 Η),
1748 3851 1800 3903 in
1831 3866 1939 3920 quo
1968 3846 2118 3906 com-

529 3938 770 4010 posceris
797 3939 865 3993 ab
893 3939 1041 3993 omni
1072 3939 1313 3995 libidine.
1339 3939 1462 3995 Non
1487 3942 1688 3995 occides
1712 3941 1898 4012 (Ibid.,
1924 3940 2032 4013 15),
2064 3943 2116 3997 in

530 4044 641 4098 quo
678 4030 984 4101 prohiberis
1009 4031 1077 4085 ab
1104 4032 1413 4086 omnimoda
1457 4031 1799 4088 crudelitate.
1849 4030 1972 4087 Non
1998 4033 2115 4102 fur-

532 4129 646 4173 tum
685 4120 846 4189 facies
870 4112 1075 4189 (Ibid.,
1112 4120 1218 4193 15),
1253 4121 1307 4176 in
1341 4136 1448 4191 quo
1480 4122 1825 4193 restringeris
1873 4122 1941 4178 ab
1987 4139 2117 4178 ava-

537 4210 661 4265 ritia
707 4218 763 4266 et
800 4214 1120 4281 rapacitate.
1171 4211 1294 4266 Non
1325 4212 1521 4281 falsum
1568 4212 1926 4267 testimonium
1981 4213 2119 4267 dices

537 4299 871 4372 (Ibid.,16),
919 4303 972 4356 in
1027 4317 1135 4373 quo
1178 4302 1483 4371 prohiberis
1541 4318 1571 4357 a
1620 4302 1895 4369 falsitate,
1944 4302 2122 4371 perju-

541 4393 663 4458 rio,
711 4394 1102 4450 detrectatione
1149 4393 1222 4467 [ι’.
1266 4394 1647 4467 detractione].
1706 4393 1828 4449 Non
1876 4394 2125 4463 concupi-

536 4502 648 4541 sces
697 4502 909 4541 uxorem
948 4488 1177 4558 proximi
1206 4489 1283 4543 tui
1331 4487 1519 4559 (Ibid.,
1568 4488 1681 4558 17),
1720 4487 1772 4542 in
1804 4504 1912 4559 quo
1961 4503 2118 4543 revo-
2154 4527 2177 4585 ί

537 4579 682 4634 caris
706 4580 868 4635 etiam
906 4582 975 4636 ab
1016 4582 1171 4652 171
1215 4582 1510 4636 adulterina
1539 4582 1885 4652 cogitatione.
1917 4581 2043 4638 llaec
2072 4586 2118 4638 si

538 4669 743 4727 illibate
768 4671 1091 4728 custodieris
1124 4682 1331 4736 tecum,
1367 4682 1418 4728 te
1446 4672 1694 4744 exemplo
1721 4672 1938 4728 Domini
1967 4673 2119 4747 (552)

528 4758 715 4829 juveni
764 4775 823 4817 se
877 4762 992 4817 haec
1035 4761 1353 4817 observasse
1401 4762 1640 4825 dicenti,
1687 4769 1746 4816 ut
1797 4762 1864 4816 ad
1918 4761 2119 4832 majora

535 4852 856 4908 subveharis
883 4893 898 4917 ,
947 4867 1163 4925 possum
1216 4868 1561 4909 commonere
1611 4852 1803 4924 (Marc.
1834 4870 1888 4919 ι,
1915 4854 2030 4926 ΞΟ).
2060 4853 2119 4909 Si

609 4961 757 5039 (Q9)
798 4961 855 5015 lu
902 4960 1090 5016 iisdem
1142 4960 1372 5039 vulgatis
1415 4960 2118 5039 dunt_et_;:ro:rimu_nt._Vo-

534 5030 627 5085 «τρε
657 5030 783 5087 dum
809 5039 857 5085 et
888 5046 1105 5085 sensum
1145 5032 1426 5086 turbantes
1478 5030 1804 5093 delevimus,
1852 5030 1952 5084 nisi
1984 5030 2123 5085 forte

536 5102 715 5178 legere
744 5102 901 5157 malis
930 5102 1056 5178 dum
1083 5110 1179 5155 est.
1220 5100 1512 5178 Constrne_
1541 5116 1672 5155 vero
1702 5117 1716 5150 :
1749 5116 1869 5178 cum
1903 5099 2124 5178 diligens

2205 562 2482 630 bendero,
2537 580 2643 618 non
2687 573 2737 621 te
2784 566 3019 621 accendo
3067 567 3135 620 ad
3174 565 3436 630 meliora,
3492 564 3801 635 (corrigere

2206 668 2400 709 moueo
2432 653 2655 724 iniqua,
2704 671 2805 710 nec
2859 664 2919 710 ut
2950 657 3181 711 scandas
3224 657 3347 712 dico
3387 657 3454 712 de
3501 656 3705 710 virtute
3735 656 3799 709 in

2207 742 2484 812 virtutem)
2525 746 2617 800 sed
2669 754 2728 801 ut
2766 746 3101 801 convertaris
3146 763 3175 801 a
3207 746 3410 802 malitia
3459 746 3529 801 ad
3579 746 3802 801 bonita-

2209 842 2337 887 tem.
2386 834 2520 890 Nam
2573 852 2679 891 non
2728 844 2813 891 est
2857 837 2956 892 iste
2990 835 3141 891 locus
3170 846 3229 891 ut
3257 838 3487 907 putabas
3535 837 3802 892 bonitatis

2208 921 2454 990 medius,
2506 924 2614 979 imo
2655 934 2739 980 est
2784 924 2978 980 nullus.
3027 926 3127 993 Qui
3168 928 3311 982 enim
3345 943 3444 983 nec
3494 928 3666 983 Deum
3697 943 3804 983 nec

2208 1015 2509 1085 proximum
2558 1015 2780 1087 diligere
2834 1015 3019 1088 (553),
3066 1027 3253 1073 contra
3294 1018 3408 1073 haec
3438 1019 3629 1073 decem
3662 1033 3804 1087 prmo

2208 1116 2361 1176 cepta
2407 1106 2720 1163 excedenda
2767 1107 2819 1161 in
2863 1107 3078 1179 aliquo,
3130 1109 3342 1163 etiamsi
3385 1109 3635 1179 quaulam
3684 1108 3806 1162 illo-

2210 1212 2329 1250 rum
2383 1184 2617 1253 videaris
2670 1197 2962 1269 implesse,
3014 1200 3305 1269 probaris;
3366 1216 3530 1271 quam
3586 1199 3806 1255 bonita—

2212 1295 2317 1339 tem
2354 1285 2555 1341 habere
2609 1294 2659 1341 te
2705 1296 2904 1357 putas,
2956 1298 3242 1359 antequam
3286 1305 3347 1344 ea
3403 1289 3807 1358 scilicet,qu:e

2211 1376 2388 1431 minus
2432 1376 2624 1432 fet-isse
2669 1387 2721 1433 te
2771 1380 3096 1451 agnoveris,
3140 1380 3426 1451 corrigas?
3454 1379 3589 1447 Cum
3619 1387 3805 1433 autem

2213 1467 2293 1523 vel
2342 1485 2440 1524 usu
2490 1454 2794 1535 bonitatis,
2845 1472 2928 1527 vel
2983 1470 3354 1528 satisfactione
3406 1471 3807 1537 emendationis

2213 1559 2298 1613 his
2352 1568 2402 1614 te
2439 1562 2584 1616 vitiis
2610 1603 2624 1626 ,
2677 1578 2797 1632 qua:
2833 1563 2947 1617 hare
2987 1564 3175 1617 decem
3224 1562 3555 1633 prohibent,
3607 1576 3809 1633 purga-

2215 1661 2365 1720 tum;
2420 1655 2504 1708 his
2561 1666 2611 1708 te
2658 1655 2978 1719 virtutibus,
3033 1672 3169 1725 quas
3226 1655 3376 1725 (554)
3436 1662 3704 1717 nument,
3754 1653 3811 1707 id

2214 1754 2299 1800 est
2351 1746 2639 1803 dilectione
2688 1747 2778 1801 Dei
2824 1758 2879 1802 et
2914 1748 3188 1819 proximi,
3249 1748 3354 1803 lide
3407 1755 3463 1802 et
3505 1763 3604 1816 spe
3636 1761 3808 1817 agno-

2217 1850 2343 1889 vero
2390 1846 2685 1903 ornatum;
2743 1849 2794 1891 te
2834 1837 3008 1892 locum
3055 1839 3219 1894 credo
3268 1839 3503 1895 subiisse
3540 1838 3811 1902 medium,

2216 1936 2269 1979 et
2322 1934 2379 1981 ut
2428 1927 2493 1980 ad
2549 1927 2826 1996 superiora
2887 1929 3174 1996 eveharis,
3218 1929 3399 1984 omnia
3439 1928 3651 1983 scilicet
3681 1941 3815 1981 ven-

2215 2015 2390 2071 dendo
2416 2025 2469 2070 ct
2492 2017 2669 2073 dando
2699 2019 3026 2088 pauperibus
3050 2059 3066 2086 ,
3092 2019 3478 2089 Christumque
3503 2018 3813 2089 sequendo,

2216 2121 2408 2162 moneo
2453 2124 2467 2161 :
2508 2116 2604 2161 aut
2650 2116 2837 2175 certe,
2889 2117 2947 2162 ut
2999 2108 3229 2164 ﬁrmiter
3280 2117 3332 2163 te
3381 2106 3575 2163 saltem
3628 2107 3684 2162 in
3726 2107 3818 2161 his

2216 2208 2405 2254 teneas
2430 2240 2444 2264 ,
2494 2214 2768 2270 suggero;
2803 2199 2931 2270 quia
2986 2199 3117 2256 solis
3147 2200 3232 2256 bis
3264 2208 3314 2255 te
3346 2215 3450 2254 non
3484 2198 3664 2254 solum
3698 2197 3814 2252 sal-

2211 2295 2445 2348 vandum
2471 2336 2485 2359 ,
2515 2296 2677 2349 etiam
2712 2296 3165 2351 remunerandum
3205 2296 3321 2351 scio
3346 2337 3360 2361 ,
3390 2295 3687 2350 Psalmista
3729 2294 3817 2371 di-

2213 2394 2419 2441 cente:
2462 2385 2834 2456 Imperfectum
2883 2404 3055 2441 meum
3105 2387 3348 2442 viderunt
3397 2385 3540 2441 oculi
3588 2387 3708 2449 tui,
3765 2394 3818 2439 et

2213 2475 2267 2529 in
2322 2476 2454 2531 libro
2484 2486 2574 2531 tuo
2600 2478 2775 2531 omnia
2820 2478 3116 2531 scribentur
3163 2474 3340 2547 (Psal.
3390 2492 3662 2541 cxxxvut,
3697 2474 3816 2543 i6),

2213 2565 2316 2622 hoc
2343 2576 2425 2621 est
2450 2566 2689 2636 perfecta
2719 2575 2776 2623 et
2808 2566 3143 2638 imperfecta.
3177 2566 3425 2622 Perfecta
3446 2576 3632 2621 autem
3662 2575 3816 2630 sunt,

2214 2673 2334 2726 qua:
2361 2698 2375 2723 ,
2429 2667 2489 2711 ut
2543 2658 2908 2727 praemisimus
2934 2699 2948 2722 ,
2983 2658 3244 2712 Dominus
3287 2656 3474 2726 juveni
3516 2656 3821 2720 oﬂ'erebat,

2215 2750 2448 2803 dicens:
2491 2750 2553 2805 Si
2594 2752 2668 2804 vis
2708 2750 2967 2820 perfectus
3011 2767 3122 2805 esse
3147 2792 3163 2817 ,
3194 2752 3360 2816 vade,
3414 2751 3578 2806 vende
3635 2752 3820 2805 omnia

2212 2854 2330 2907 qua:
2367 2838 2523 2892 habes
2549 2880 2563 2903 ,
2601 2850 2647 2893 et
2702 2840 2771 2893 da
2822 2841 3184 2908 pauperibus,
3229 2850 3278 2895 et
3329 2841 3541 2894 habebis
3594 2842 3816 2894 thesau-

2216 2942 2331 2979 rum
2359 2926 2412 2981 in
2456 2926 2582 2980 ewlo
2603 2967 2617 2991 ,
2665 2938 2711 2981 et
2747 2929 2859 2982 veni
2886 2969 2901 2993 ,
2945 2945 3155 2998 sequere
3199 2946 3279 2983 me
3306 2928 3523 2999 (Matth.
3552 2945 3670 2991 xu.
3701 2929 3823 3001 2!).

2215 3015 2530 3086 lmperl'ccta
2582 3032 2742 3081 vero,
2784 3035 2903 3088 qum
2927 3017 3039 3087 jam
3091 3019 3326 3075 mezlium
3369 3017 3600 3087 iustitia:
3630 3019 3820 3075 locum

2217 3112 2585 3167 describentes
2631 3113 2994 3181 praemisimus
3018 3155 3032 3180 ,
3067 3113 3264 3183 quibus
3292 3113 3457 3189 etiam
3525 3111 3828 3168 saeculares

2217 3202 2477 3272 pervalde
2518 3203 2629 3256 Deo
2670 3202 2887 3272 placere
2938 3203 3249 3267 credimus,
3281 3218 3487 3273 perque
3523 3201 3677 3274 (355)
3706 3216 3826 3272 pa:-

2217 3291 2460 3346 nitentim
2487 3292 2676 3363 dignos
2704 3291 2727 3346 f
2728 3301 2914 3348 ructus
2936 3293 3431 3349 misericordissimi
3448 3291 3662 3360 iudicis
3680 3307 3817 3361 gra-

2219 3381 2348 3456 tiam
2399 3396 2503 3435 nos
2543 3380 2779 3447 mereri,
2838 3381 3003 3435 etiam
3040 3391 3164 3451 post
3215 3379 3595 3436 multimodum
3650 3380 3825 3451 ipsius

2216 3480 2583 3541 contemptum
2615 3486 2898 3541 speramus
2919 3513 2935 3537 ,
2958 3473 3367 3544 nuptialemque
3399 3487 3565 3544 quam
3597 3481 3823 3527 terrena

2202 3563 2434 3618 laesione
2475 3563 2807 3633 perdidimus
2840 3573 3040 3619 vestem
3068 3606 3083 3631 ,
3116 3565 3218 3621 etsi
3281 3580 3387 3620 non
3429 3580 3554 3622 cum
3576 3580 3780 3620 corona
3801 3606 3820 3630 ,

2218 3652 2412 3708 saltem
2469 3669 2590 3708 eum
2648 3654 2851 3720 venia,
2914 3656 3295 3712 reconciliatos
3346 3672 3446 3711 nos
3498 3666 3824 3726 recepturos

2218 3744 2527 3809 credimus;
2560 3745 2742 3799 omnia
2774 3760 2903 3801 vero
2951 3746 3066 3802 lucc
3117 3746 3267 3817 (556)
3299 3747 3367 3800 ad
3412 3746 3820 3815 reprimendum

2219 3838 2694 3908 praesumptionem
2722 3879 2737 3906 ,
2784 3846 2839 3892 et
2880 3838 3229 3894 excitandam
3280 3838 3627 3894 devotionem
3654 3879 3670 3903 ,
3709 3854 3820 3897 non

2219 3928 2564 3998 injiciendam
2619 3946 2742 3986 cum
2794 3930 2905 3995 sint
2954 3930 3164 4001 prolata
3211 3930 3672 4000 desperationem.

2290 4018 2344 4073 5.
2390 4018 2682 4074 Sciendum
2703 4019 2869 4074 etiam
2901 4019 3124 4073 minima
3149 4035 3378 4089 qumque
3404 4033 3651 4089 persrepe
3678 4016 3821 4074 mul-

2224 4118 2334 4164 tum
2364 4109 2582 4174 valere,
2612 4124 2734 4164 cum
2778 4119 2833 4165 et
2883 4108 3136 4181 largitate
3181 4109 3524 4165 solummodo
3578 4108 3826 4164 eleemo-

2222 4213 2484 4270 synarum
2535 4197 2773 4251 maxima
2821 4198 3103 4253 conversis
3128 4197 3399 4253 donentur
3424 4207 3674 4266 peccata.
3708 4195 3826 4251 lloc

2222 4291 2305 4362 agi
2343 4289 2708 4345 tantummodo
2752 4289 2987 4360 gratuita
3034 4288 3130 4345 Dei
3173 4296 3390 4344 constat
3439 4286 3653 4356 gratia,
3700 4303 3824 4357 qua:

2224 4381 2276 4436 id
2315 4380 2458 4452 quod
2500 4372 2809 4436 miserando
2856 4378 3125 4450 inspirat,
3176 4377 3487 4434 miserando
3534 4386 3595 4433 ut
3653 4376 3823 4447 perﬁ-

2225 4472 2401 4527 ciatur
2429 4469 2684 4542 adjuvat,
2710 4471 3020 4527 miserando
3042 4469 3348 4542 perfectum
3375 4469 3649 4541 recipiens
3672 4468 3824 4541 (357)

2224 4572 2467 4620 coronat.
2520 4562 2674 4619 Facit
2722 4572 2778 4620 et
2822 4564 2925 4620 hoc
2978 4562 3161 4620 omnia
3214 4562 3411 4619 delicta
3464 4562 3825 4632 exstingueus

2225 4656 2498 4721 Charitas,
2551 4655 2733 4727 (nemo
2767 4656 2912 4712 enim
2960 4655 3232 4710 veraciter
3288 4654 3452 4710 alicui
3494 4653 3824 4727 miseretur.

2224 4749 2327 4805 nisi
2384 4748 2479 4804 Dei
2532 4757 2588 4804 et
2643 4747 2814 4819 ipsius
2870 4762 3057 4804 amore
3113 4745 3363 4820 [subaudi
3426 4743 3827 4816 misereatur],

2223 4841 2310 4897 cui
2338 4840 2644 4911 miseretur)
2675 4840 2830 4910 cujus
2858 4839 3075 4894 virtutis
3121 4846 3269 4893 tanta
3304 4846 3391 4892 est
3425 4837 3825 4908 prazrogativa,

2224 4972 2341 5011 sum
2366 4968 2691 5007 commonere
2715 4961 2793 5014 te,
2824 4960 2878 5005 ut
2906 4950 3205 5006 subvehat-is
3230 4950 3301 5004 ad
3329 4949 3561 5018 majora.

2297 5024 2446 5094 (555)
2489 5023 2541 5077 Id
2564 5035 2678 5089 est,
2707 5021 2811 5088 Qui
2832 5024 2967 5094 enim
2989 5020 3230 5094 probaris
3262 5036 3353 5074 nec
3378 5017 3596 5094 diligere
3627 5017 3820 5094 Detrm,

2228 5088 2319 5151 nec
2346 5088 2674 5165 proximum,
2703 5091 3008 5172 eatcedendo
3042 5090 3317 5170 iit-aliqu?
3360 5099 3542 5142 contra
3572 5092 3689 5168 hac
3712 5088 3819 5168 de-
