4018 5406
219 162 310 216 ﬁll

1231 156 1800 229 ιιιιβεωρυιοιιυιι
1841 158 2015 213 unm
2059 158 2210 214 sex.
2251 191 2316 198 —
2349 159 2474 215 LIB.
2522 160 2604 216 γι

3382 164 3489 219 52-2

221 295 277 338 ut
313 282 478 338 etiam
502 279 622 351 ejus
661 277 973 349 imperfecta
1004 276 1228 332 multum
1265 278 1376 332 sint
1398 284 1648 349 accepta,
1674 295 1796 334 cum
1828 282 1871 337 Α
1900 276 2253 345 ergastulum.
2285 275 2562 329 Confortet
2593 273 2893 340 dolentem,
2941 276 3033 346 qui
3083 285 3345 332 aeternum
3381 295 3489 334 non

220 385 270 429 et
297 373 401 430 hac
424 371 554 445 [hac
584 370 779 425 scilicet
803 367 1089 441 cltaritate]
1119 383 1310 424 carens
1355 371 1560 439 virtus,
1588 375 1804 429 etiamsi

219 457 469 521 videatur
514 477 638 517 esse
676 461 890 530 aliqua,
941 461 1009 515 sit
1059 459 1200 514 nulla
1250 459 1300 530 (1
1332 461 1455 515 Cor.
1488 464 1630 532 xm),
1671 473 1805 518 teste

220 541 348 612 voce
377 553 700 625 apostolica.
731 553 860 606 Nam
895 551 1052 622 172
1090 561 1148 604 ut
1185 550 1428 607 dicamus
1461 553 1528 608 de
1557 554 1671 624 ipsa
1698 571 1804 624 qua

219 650 272 703 in
305 648 471 703 Deum
502 645 778 701 credimus
809 643 911 697 fide
935 682 950 706 ,
1004 643 1054 696 si
1086 650 1306 713 pr0pter
1355 644 1499 699 aliud
1535 645 1806 701 credendo

220 755 340 793 eum
375 738 563 809 (358),
614 752 776 806 quam
826 742 1044 804 propter
1087 733 1227 788 illius
1261 745 1568 805 nostrzeque
1616 737 1808 791 anima:

223 847 460 886 amorem
487 829 721 885 colimus
744 868 759 892 ,
807 827 878 881 nil
906 827 1156 881 utilitatis
1190 826 1808 900 acquirimns._Sperare

223 934 401 977 autem
438 923 506 976 de
557 936 622 975 eo
663 921 790 990 quid
822 920 965 974 aliud
1017 921 1254 974 maxime
1302 923 1674 992 prtecipimur,
1706 922 1807 976 nisi

223 1015 365 1084 quod
416 1012 534 1082 ejus
573 1021 756 1066 amatu
800 1011 883 1066 vel
937 1011 1215 1066 redamatu
1245 1051 1260 1076 ,
1309 1011 1515 1066 visione
1544 1021 1597 1066 et
1625 1011 1813 1082 cogni-

225 1104 370 1156 tione
419 1103 472 1156 in
523 1111 784 1156 internum
822 1100 1106 1154 fruemur?
1146 1101 1260 1155 Non
1303 1101 1564 1156 mteebari
1594 1115 1808 1168 autem,

222 1208 329 1246 non
372 1191 626 1247 occidere
651 1231 666 1254 ,
714 1207 816 1243 non
849 1189 1048 1244 furtttm
1082 1190 1259 1245 facere
1287 1231 1302 1256 ,
1344 1207 1448 1247 non
1500 1190 1692 1247 falsum
1728 1201 1809 1246 te-

223 1284 539 1338 stimonium
572 1283 754 1335 dicere
781 1323 794 1346 ,
836 1297 941 1335 non
987 1277 1372 1352 concupiscere
1403 1298 1515 1337 rem
1557 1283 1809 1350 proximi,

224 1389 323 1427 nec
377 1371 492 1440 ejus
541 1386 764 1425 uxorem
795 1371 1101 1424 desiderare
1125 1413 1139 1434 ,
1176 1371 1254 1424 vel
1288 1372 1472 1436 aliud,
1527 1372 1626 1426 nisi
1656 1371 1803 1442 [sub—

223 1466 350 1518 audi
386 1466 453 1517 ab
481 1465 566 1519 bis
605 1462 962 1535 abstineatur]
989 1479 1086 1533 pro
1117 1465 1205 1517 Dei
1233 1462 1582 1534 fraterneque
1604 1480 1809 1529 amore,

225 1558 352 1626 quid
388 1566 640 1626 putamus
657 1557 882 1628 juvare?
903 1557 1188 1623 Quodlibet
1211 1559 1389 1629 itaque
1417 1559 1616 1613 bonum
1644 1576 1812 1630 quan-

234 1662 400 1716 quam
449 1645 731 1700 minimum
757 1687 771 1710 ,
801 1647 845 1700 si
878 1659 1097 1717 propter
1122 1649 1441 1704 cbaritatem
1467 1649 1630 1715 facis,
1662 1666 1813 1705 secu-
1849 1635 1891 1693 Β

223 1754 318 1792 rus
365 1746 485 1792 esto
505 1778 519 1800 ,
579 1753 702 1791 cum
738 1736 913 1791 fructu
945 1736 1118 1803 facis;
1153 1739 1198 1793 si
1228 1749 1448 1809 propter
1476 1739 1618 1792 aliud
1646 1738 1814 1803 facis,

223 1843 294 1882 ne
320 1844 503 1893 erres,
530 1828 764 1882 inaniter
790 1828 942 1882 facis.
965 1828 1009 1882 A
1031 1829 1271 1898 quolibet
1295 1830 1435 1884 malo
1461 1830 1504 1884 si
1532 1831 1817 1886 cbaritatis

224 1936 412 1974 amore
464 1920 866 1991 compescet'is,
927 1923 1174 1976 mercede
1221 1939 1325 1976 non
1379 1924 1608 1978 carebis.
1653 1923 1710 1978 Si
1749 1925 1818 1978 ob

225 2009 373 2062 aliud
399 2009 514 2080 agis
537 2053 552 2075 ,
594 2025 692 2064 nec
736 2011 889 2064 venia
916 2051 930 2075 ,
965 2012 1160 2065 nedum
1189 2013 1364 2082 gratia
1391 2054 1401 2075 ,
1433 2014 1625 2085 dignus
1655 2015 1819 2068 babe-

223 2098 325 2152 ris.
365 2098 622 2169 Quisquis
673 2115 803 2171 ergo
844 2101 1077 2155 medium
1112 2102 1286 2157 locum
1311 2102 1536 2172 justitim
1574 2105 1652 2159 vis
1680 2105 1820 2159 obti-

227 2203 357 2240 nere
376 2228 390 2250 ,
421 2188 538 2242 haec
572 2189 800 2244 observa
829 2190 1014 2244 decem
1039 2202 1307 2262 praecepta
1328 2232 1343 2257 ,
1391 2203 1444 2247 et
1472 2195 1572 2249 hoc
1601 2204 1822 2264 propter

228 2279 334 2333 duo
366 2279 491 2342 illa,
526 2280 576 2333 id
606 2289 729 2355 _est,
768 2281 1108 2337 dilectionem
1147 2283 1238 2337 Dei
1290 2295 1345 2338 et
1378 2287 1630 2355 proximi.
1662 2287 1818 2353 Quod

230 2371 276 2423 si
329 2350 626 2440 contingat.
655 2373 722 2425 ab
778 2372 861 2426 bis
923 2383 972 2428 te
1009 2373 1234 2428 forsitan
1285 2350 1458 2440 elabi;
1509 2392 1616 2445 quo
1662 2350 1823 2430 citius

231 2469 418 2530 potes,
468 2477 756 2516 recurrens
782 2464 847 2516 ad
880 2463 1165 2533 pietatem,
1207 2481 1365 2534 quem
1394 2482 1572 2529 antas,
1606 2467 1822 2527 medici.

231 2558 287 2603 et
337 2558 705 2619 contemptum
762 2552 920 2621 paulo
967 2553 1144 2628 minus
1192 2571 1432 2608 antorem
1484 2556 1656 2624 ipsum
1696 2572 1822 2608 con-

234 2641 427 2704 litens,
481 2642 818 2710 multumque
849 2643 1083 2708 deﬂens,
1127 2654 1217 2698 tuo
1245 2647 1398 2700 stude
1443 2648 1558 2700 loco
1591 2648 1820 2700 restitui.

232 2729 395 2782 Amat
446 2730 590 2783 enim
641 2745 769 2796 eos,
824 2747 852 2784 a
893 2733 1087 2801 quibus
1145 2752 1360 2805 quoque
1400 2753 1506 2790 non
1566 2747 1820 2804 amatur;

242 2821 439 2874 nedum
468 2830 516 2874 te
561 2823 857 2892 deSpiciet,
885 2840 912 2876 a
949 2840 1054 2893 quo
1093 2827 1392 2894 quamlibet
1437 2844 1627 2898 parum
1658 2830 1821 2898 negli-

233 2911 448 2977 gentius
474 2909 554 2982 [id
585 2922 659 2965 est
696 2913 876 2982 aliquo
898 2914 1078 2986 modo]
1106 2931 1171 2969 ex
1202 2917 1381 2986 aliquo
1403 2919 1659 2988 diligitur.
1687 2920 1818 2974 Cum

234 3014 365 3069 ergo
382 3009 533 3054 tanto
547 3003 722 3056 amico
747 3002 941 3056 festina
974 3006 1335 3071 reconciliari,
1354 3009 1602 3078 undeque
1622 3009 1822 3063 cecide-
1851 2981 1894 3044 ρ

235 3106 328 3146 ras
349 3093 582 3158 restitui;
609 3094 822 3162 quando
841 3097 1055 3165 quidem
1076 3099 1352 3155 restitutos
1371 3101 1653 3156 nonnullos
1674 3104 1822 3158 vides

234 3181 399 3235 etiam
447 3184 516 3237 ad
557 3185 766 3252 potiora
801 3196 1104 3254 provectos.
1140 3189 1278 3244 Vera
1313 3201 1491 3244 autem
1520 3193 1819 3258 restitutio,

235 3275 324 3328 ubi
377 3289 504 3328 vera
561 3276 881 3343 confessio;
934 3294 1062 3334 vera
1117 3289 1296 3334 autem
1355 3283 1623 3338 confessio
1659 3326 1673 3348 ,
1733 3286 1819 3338 ubi

237 3381 362 3422 vera
391 3369 705 3435 conversio,
741 3370 829 3423 ubi
859 3379 1039 3425 autem
1076 3387 1201 3426 vera
1235 3377 1553 3438 conversio,
1590 3375 1661 3429 ibi
1695 3365 1821 3444 vera

235 3458 468 3512 curatio.
513 3458 647 3513 Nam
695 3461 824 3531 quid
874 3463 1108 3531 pertinet
1156 3465 1347 3520 vulnus
1404 3461 1614 3522 medico
1673 3483 1826 3522 mon-

238 3546 444 3617 strare,
485 3552 530 3605 si
569 3568 636 3606 eo
679 3569 786 3606 non
833 3554 914 3608 vis
966 3557 1147 3610 curari
1197 3557 1387 3627 (559)?
1445 3547 1642 3628 stepius
1697 3573 1826 3613 vero

236 3652 573 3713 monstrata,
630 3662 730 3701 nec
779 3659 965 3700 curata
1019 3648 1138 3718 plus
1195 3658 1405 3708 tument
1456 3652 1711 3715 vulnera,
1751 3651 1824 3704 ita

235 3743 298 3787 ut
354 3735 503 3803 ipsos
543 3737 624 3791 sui
682 3736 857 3792 fetore
913 3754 943 3793 a
1001 3739 1196 3808 quibus
1248 3739 1497 3794 videntur
1543 3727 1835 3808 inficiunt,

232 3824 507 3896 frequenti
550 3836 756 3883 attactu
787 3830 1139 3885 deteriorata.

302 3915 362 3969 ³6.
405 3915 682 3971 Ρωιιίῑεὲιιε
727 3919 909 3988 itaque
956 3935 1046 3985 es,
1086 3931 1179 3974 aut
1217 3936 1334 3977 esse
1367 3922 1483 3976 vis?
1533 3921 1826 3978 Considera

239 4005 482 4075 regulam
539 4007 836 4073 paenitendi
884 4008 937 4062 in
990 4011 1149 4065 dictis
1205 4028 1515 4081 expressam
1575 4013 1828 4082 Baptista:

239 4093 496 4150 Domini!
532 4095 746 4163 Facite,
781 4099 986 4168 inquit,
1032 4100 1234 4170 fructus
1289 4103 1473 4172 dignos
1516 4107 1829 4173 paenitentia:

239 4189 458 4260 (Matth.
512 4208 605 4251 ιιι,
658 4192 748 4262 8);
801 4204 854 4248 et
912 4193 1069 4262 paulo
1116 4205 1238 4264 post
1287 4215 1299 4251 :
1355 4197 1457 4262 Qui
1496 4182 1644 4252 habet
1696 4201 1833 4264 duas.

240 4282 485 4345 tunicas,
528 4282 611 4335 det
661 4300 766 4336 non
815 4283 1022 4336 habenti
1053 4283 1202 4354 (Luc,
1237 4301 1314 4349 ιιι,
1351 4288 1474 4357 ll);
1527 4298 1829 4357 caeteraquc

243 4384 558 4439 exsequens
601 4370 676 4444 [id
705 4382 781 4426 est
828 4374 1179 4446 prosequens]
1219 4377 1604 4432 ntiserieordite
1635 4395 1829 4448 opera,

242 4466 404 4520 docet
455 4467 924 4536 perspicacissime
981 4484 1167 4522 curam
1208 4471 1434 4524 aliorum
1493 4474 1834 4528 necessitati-

242 4549 344 4614 bus
389 4557 593 4631 [supple
617 4561 770 4634 eum]
802 4561 1224 4616 misericorditer
1250 4565 1446 4620 debere
1490 4566 1832 4634 impendere,

242 4651 336 4717 qui
391 4661 452 4704 ut
492 4652 922 4707 misericordiam
959 4663 1325 4723 consequatur
1373 4671 1402 4708 a
1432 4656 1690 4720 Domino,
1721 4657 1834 4712 cnl-

243 4755 340 4808 ρπβ
397 4740 729 4812 insequendo
767 4743 1108 4812 poenitentiae
1153 4744 1373 4814 dignum
1424 4746 1571 4814 cupit
1599 4747 1832 4824 fructum

243 4831 523 4887 exhibere.
568 4833 779 4888 Vestiat
830 4835 1014 4905 itaque
1064 4849 1289 4890 necesse
1338 4845 1419 4891 est
1471 4839 1707 4904 nttdum,
1741 4839 1832 4908 qui

245 4923 502 4976 amissum
565 4925 890 4980 innocentia:
959 4925 1074 4981 vult
1141 4927 1382 4996 recipere
1433 4940 1830 4985 ornamentum.

245 5009 442 5066 Pascat
495 5017 852 5076 esurientem,
909 5015 1006 5086 qui
1058 5014 1392 5070 mortiferam
1448 5018 1642 5074 anima:
1694 5020 1835 5075 desi-

247 5100 403 5156 derat
445 5105 677 5163 evadere
738 5106 960 5162 famem.
1012 5105 1171 5161 Potet
1225 5107 1535 5174 sitientem,
1589 5112 1681 5180 qui
1722 5112 1844 5166 vult'

248 5194 475 5251 evadere
522 5197 896 5268 aegritudinem
957 5212 1196 5269 morum.
1237 5189 1560 5254 Consoletur
1614 5202 1667 5256 in
1712 5218 1834 5256 car-

248 5302 390 5351 cere
431 5291 782 5344 constitutum
821 5331 838 5355 ,
901 5289 1002 5359 qui
1063 5288 1259 5344 inferni
1323 5308 1429 5348 non
1488 5291 1601 5346 vult
1655 5295 1836 5350 subire

1906 365 2087 418 videre
2133 365 2404 434 desiderat
2451 366 2712 420 dolorem.
2768 364 3014 436 Reeipiat
3058 368 3294 437 hospitio
3329 385 3484 438 pere.-

1907 456 2155 526 grinum,
2207 456 2296 525 qui
2362 457 2472 510 vult
2522 475 2549 510 a
2616 457 2842 511 Domino
2892 458 3058 528 recipi
3123 460 3173 511 itt
3229 469 3493 514 :eternum

1909 546 2037 600 illud
2085 547 2315 616 paradisi
2375 547 2798 602 tabernaculum.
2857 547 3013 618 173
3047 548 3494 619 Reditnateapti-

1907 623 2032 692 vum
2055 679 2068 702 ,
2097 639 2185 706 qui
2221 654 2248 689 a
2277 637 2472 692 diaboli
2506 639 2711 708 laqueis
2742 639 2890 708 cupit
2936 639 3173 693 liberari.
3207 639 3309 695 Per
3337 638 3494 695 Chri-

1911 737 2052 781 stum
2104 727 2389 782 solatietur
2430 728 2480 781 in
2533 728 2803 798 aliquibus
2850 728 3262 783 necessitatibus
3296 730 3496 784 consti-

1913 825 2114 882 tutum,
2167 817 2257 887 qui
2295 817 2358 872 de
2398 818 2812 873 necessitatibus
2841 819 3176 874 diversarum
3224 820 3335 874 vult
3365 820 3497 874 liber

1913 909 2026 962 rari
2079 909 2469 978 angustiarum.
2519 909 2754 979 Sepeliat
2810 921 3112 976 mortuum,
3169 912 3258 981 qui
3313 913 3499 980 perdi-

1915 999 2076 1052 tionis
2125 1009 2344 1054 wterum
2389 999 2534 1068 cupit
2577 1001 2805 1055 evadere
2853 1001 3076 1056 letbutn.
3119 1001 3336 1056 Liberet
3371 1018 3497 1056 cou-

1912 1090 2158 1142 strictum
2207 1105 2306 1159 pro
2332 1089 2562 1154 debitis,
2593 1091 2682 1158 qui
2735 1089 2952 1145 liberari
2982 1110 3010 1145 a
3042 1092 3153 1146 suis
3198 1093 3344 1162 cupit
3377 1107 3500 1162 pec-

1915 1183 2075 1237 catis.
2129 1182 2339 1253 Eripiat
2385 1199 2480 1240 eos
2532 1185 2622 1254 qui
2679 1184 2948 1238 ducuntur
3001 1186 3068 1238 ad
3099 1196 3357 1248 mortem,
3400 1187 3492 1255 qui

1915 1273 2026 1327 vult
2055 1272 2247 1328 inferni
2279 1275 2514 1347 elfngere
2547 1292 2843 1332 carcerem.
2885 1278 3074 1332 Vincat
3127 1280 3365 1332 animum
3405 1277 3502 1331 im-

1915 1365 2240 1432 patientem,
2302 1367 2393 1436 qui
2449 1367 2560 1420 vult
2613 1367 2883 1422 diabolum
2939 1382 3196 1438 superare
3237 1368 3528 1422 baccban—'

1917 1466 2044 1510 tem.
2100 1456 2368 1526 Corripiat
2413 1459 2465 1513 in
2518 1459 2801 1514 misericor
2824 1462 2887 1513 lia
2947 1459 3344 1532 negligentem,
3405 1461 3501 1530 qui

1917 1549 2273 1618 castigantem
2313 1550 2526 1620 placare
2560 1552 2672 1607 vult
2704 1552 2869 1607 Deum
2900 1553 3134 1608 Patrem.

1990 1643 2041 1696 7.
2076 1643 2169 1696 Est
2194 1653 2370 1698 autem
2395 1653 2590 1714 prteter
2620 1646 2718 1700 bos
2749 1646 2886 1701 alius
2940 1647 3326 1702 llllSL‘l'lCOl'tlltB
3373 1660 3502 1716 pm-

1920 1735 2190 1789 merendae
2212 1736 2498 1804 spccialior
2532 1747 2810 1807 tantopere
2838 1740 3044 1802 modus,
3069 1749 3270 1808 quanto
3293 1739 3360 1792 ab
3391 1740 3504 1808 ipso

1926 1823 2154 1877 Domino
2199 1841 2294 1878 ore
2343 1827 2559 1894 proprio
2604 1828 2902 1891 institutus,
2959 1828 3151 1898 bisque
3196 1828 3503 1896 adjunctus.

1923 1913 2031 1968 into
2057 1915 2264 1979 ordine,
2291 1927 2505 1980 natura,
2538 1927 2701 1986 atque
2739 1919 2968 1973 utilitate
2993 1920 3064 1972 ita
3095 1921 3376 1990 praelatus:
3415 1920 3507 1972 Iti-

1923 2007 2128 2070 mittite,
2163 2008 2358 2078 inquit,
2391 2019 2436 2060 et
2483 2009 2773 2062 dimittetur
2820 2010 2983 2077 vobis,
3031 2011 3153 2064 date
3193 2021 3240 2064 et
3293 2011 3506 2063 dabitur

1923 2095 2060 2150 vobis
2099 2095 2250 2166 (Luc.
2279 2095 2501 2164 vt,57);
2553 2106 2636 2150 et:
2692 2097 2812 2150 Nisi
2855 2098 3158 2153 dimiseritis
3212 2099 3504 2153 hominibus

1921 2199 2131 2256 peccata
2188 2205 2388 2254 eorum,
2419 2206 2510 2243 nec
2566 2189 2730 2243 Pater
2758 2200 2943 2255 vester,
2993 2191 3167 2261 quiin
3220 2191 3359 2244 caelis
3404 2200 3504 2252 est.

1921 2277 2145 2331 dimittet
2171 2279 2310 2332 vobis
2329 2290 2540 2349 peccata
2560 2291 2725 2333 vestra
2746 2278 2961 2338 (Matth.
2996 2296 3066 2344 vt,
3092 2280 3196 2350 15).
3218 2281 3509 2349 Tertioque

1925 2370 2064 2424 idem
2119 2371 2306 2424 eodem
2347 2371 2613 2441 replicans
2663 2387 2860 2425 sensu:
2910 2372 3040 2425 Cum
3093 2373 3267 2434 statis,
3319 2375 3414 2436 ait,
3438 2373 3508 2426 ad

1925 2465 2206 2530 orandum,
2237 2466 2484 2518 dimittite
2511 2467 2556 2518 si
2592 2466 2717 2536 quid
2741 2465 2938 2520 habetis
2971 2466 3218 2520 adversus
3256 2465 3508 2536 aliquem,

1924 2569 1978 2611 ut
2003 2569 2049 2611 et
2077 2557 2240 2612 Pater
2267 2570 2448 2622 vester,
2480 2561 2569 2628 qui
2598 2561 2650 2612 in
2679 2559 2820 2612 ralis
2841 2568 2936 2626 est,
2965 2560 3193 2612 dimittat
3215 2559 3355 2614 vobis
3386 2575 3508 2629 pec-

1925 2659 2043 2701 cata
2070 2659 2238 2701 vestra
2269 2647 2462 2719 (Marc.
2493 2666 2565 2712 st,
2595 2649 2710 2720 25).
2765 2651 2968 2716 Quarto
3023 2659 3203 2704 autem
3231 2649 3507 2720 parabola,

1925 2755 2045 2806 qua:
2090 2748 2138 2792 et
2187 2740 2327 2793 idem
2369 2749 2720 2804 monstraret,
2774 2741 3053 2810 praemissa
3109 2740 3291 2808 (360):
3349 2739 3436 2794 Sic
3462 2750 3509 2793 et

1928 2829 2089 2882 Pater
2133 2847 2276 2883 meus
2321 2830 2541 2883 cwlestis
2568 2831 2725 2900 faciet
2752 2833 2919 2895 vobis,
2964 2833 3008 2886 si
3064 2849 3166 2885 non
3209 2832 3508 2886 remiseritis

1927 2923 2277 2991 unusquisque
2293 2921 2447 2990 fratri
2463 2939 2558 2975 suo
2581 2922 2644 2976 de
2656 2924 2899 3002 cordibus
2919 2923 3096 2977 vestris
3118 2923 3332 2992 (.llatth.
3352 2938 3510 2989 xvut,

1927 3011 2036 3078 53),
2073 3012 2322 3065 vi.ielicet
2374 3029 2438 3065 ne
2461 3028 2554 3067 ore
2586 3027 2644 3067 se
2689 3015 2811 3083 quis
2847 3014 3080 3068 aestimet
3135 3015 3303 3068 Deum
3352 3028 3527 3084 posse

1926 3099 2135 3163 fallere,
2190 3101 2280 3168 qui
2320 3101 2435 3170 ipso
2489 3101 2631 3155 \idet
2674 3102 2725 3155 iu
2777 3103 2958 3157 corde.
2989 3103 3191 3170 Quinto
3245 3118 3404 3158 vero:
3453 3101 3511 3158 Si

1930 3189 2107 3258 offers.
2135 3188 2404 3256 inquiens,
2445 3207 2633 3244 manus
2656 3200 2800 3243 tuum
2825 3191 2892 3244 ad
2916 3190 3105 3256 altare,
3134 3201 3179 3246 et
3205 3194 3508 3246 recordatus

1930 3281 2094 3347 fueris
2140 3281 2262 3349 quia
2312 3280 2479 3348 frater
2512 3292 2632 3334 tuus
2680 3283 2833 3336 habet
2882 3283 3082 3353 aliquid
3131 3285 3402 3338 adversum
3429 3294 3512 3347 te;

1930 3369 2158 3439 relinque
2184 3369 2255 3422 ibi
2302 3380 2662 3423 munustuum
2695 3383 2815 3424 ante
2859 3371 3047 3436 altare,
3091 3382 3138 3426 et
3186 3373 3314 3426 vade
3361 3373 3509 3442 prius

1929 3460 2259 3513 reconciliari
2287 3460 2442 3529 fratri
2470 3471 2581 3526 tuo,
2607 3471 2653 3514 et
2689 3471 2812 3514 tunc
2860 3463 3069 3515 veniens
3107 3463 3292 3531 offeres
3320 3479 3510 3516 munus

1928 3562 2076 3603 tuum
2103 3549 2314 3621 (Matth.
2345 3567 2396 3616 v,
2449 3551 2564 3622 25).
2607 3551 2710 3606 Sed
2766 3561 2818 3606 tu
2851 3551 3075 3607 forsitan
3119 3555 3288 3608 dicis:
3342 3555 3513 3609 Abest

1931 3641 2088 3712 longe
2118 3657 2276 3710 quem
2308 3642 2444 3707 la‘si,
2471 3659 2570 3697 nec
2597 3659 2817 3714 possunt
2871 3661 2993 3697 etnn
3049 3645 3220 3699 adire.
3252 3645 3392 3699 Dicit
3420 3645 3522 3708 tibi,

1930 3737 2186 3805 angelus:
2237 3734 2419 3790 Gloria
2448 3737 2501 3789 in
2547 3735 2762 3790 excelsis
2791 3735 2922 3801 Deo,
2951 3746 2997 3789 et
3021 3737 3073 3813 in
3129 3747 3269 3790 terra
3295 3753 3400 3807 pax
3422 3738 3520 3790 ho-

1930 3830 2156 3883 minibus
2182 3829 2625 3884 bona’vo/untatis
2658 3829 2811 3900 (Luc.
2859 3847 2922 3896 ll,
2953 3832 3062 3902 14).
3116 3832 3252 3887 Dicit
3283 3841 3338 3887 et
3377 3832 3520 3903 psal—

1934 3938 2085 3976 mus:
2119 3921 2184 3975 In
2213 3939 2292 3975 me
2321 3933 2468 3986 sunt,
2520 3922 2680 3987 Deus,
2717 3935 2833 3976 vota
2865 3933 2980 3989 tua,
3011 3941 3128 3994 qua:
3155 3924 3371 3977 reddam
3397 3923 3521 3976 lau~

1933 4011 2170 4066 (lationes
2207 4012 2300 4066 tibi
2325 4009 2496 4082 (Psal.
2534 4030 2620 4078 Lv,
2657 4014 2764 4084 15).
2817 4015 2958 4085 Dicit
3001 4023 3057 4070 et
3095 4014 3414 4085 Apostolus:
3461 4014 3521 4072 Si

1934 4100 2049 4168 fieri
2073 4110 2266 4170 potest,
2300 4112 2347 4155 et
2399 4113 2656 4172 utcunque
2685 4119 2864 4172 pacem
2906 4104 2958 4156 in
3017 4103 3281 4158 voluntate
3326 4105 3516 4167 retine;

1937 4192 2178 4270 illaenim
2208 4202 2261 4246 et
2295 4193 2584 4248 Dominus:
2617 4193 2676 4249 Si
2729 4177 2800 4248 ibi
2825 4196 2981 4264 fuerit
3027 4196 3170 4264 ﬁlius
3222 4197 3388 4266 pacis,
3440 4213 3522 4252 re-

1864 4331 1908 4390 ῦ
1934 4282 2158 4350 quiescet
2185 4299 2340 4351 super
2387 4282 2534 4336 illuni
2577 4300 2682 4352 pax
2714 4294 2919 4349 vestra;
2953 4284 3033 4339 sin
3077 4295 3275 4349 autem,
3319 4287 3389 4339 ad
3435 4303 3521 4340 vos

1940 4381 2218 4426 revertetur
2247 4371 2398 4443 (Luc.
2432 4389 2487 4434 Χ,
2513 4373 2566 4442 6)
2587 4413 2601 4437 ,
2629 4373 2678 4427 id
2709 4383 2812 4438 est,
2844 4390 2946 4428 non
2976 4376 3148 4429 deerit
3173 4392 3202 4429 a
3235 4376 3510 4430 voluntate

1940 4472 1994 4517 et
2028 4463 2461 4517 remuneratione
2503 4471 2701 4526 vestra,
2731 4465 2940 4518 etiamsi
2973 4465 3040 4519 ab
3072 4465 3164 4520 illo
3209 4482 3312 4519 non
3360 4466 3520 4519 fuerit

1941 4562 2179 4624 recepta.
2205 4553 2345 4608 Dicit
2368 4563 2422 4607 et
2448 4553 2776 4622 Gregorius:
2808 4554 3064 4608 Debemus
3096 4555 3271 4619 i‘aque
3299 4554 3369 4608 ad
3393 4569 3520 4622 pro-

1939 4647 2141 4701 ximam
2174 4646 2413 4717 quamvis
2443 4650 2593 4717 longe
2637 4648 2863 4716 positum
2921 4646 3172 4716 longeque
3200 4643 3521 4716 dis-junctum

1942 4749 2110 4794 mente
2133 4739 2234 4804 ire,
2257 4740 2404 4809 eique
2436 4739 2668 4791 animum
2694 4738 2930 4798 subdere.
2960 4736 3259 4790 humilitate
3283 4734 3431 4789 illum
3459 4750 3523 4787 ac

1942 4829 2290 4897 benevoientia
2309 4827 2540 4898 placare.
2568 4827 2731 4882 Sexto
2755 4829 2965 4882 demum
2998 4825 3258 4881 Dominus
3276 4824 3360 4878 :ln
3394 4839 3523 4891 qua.

1943 4919 2136 4990 inquit,
2194 4934 2436 4974 mensura
2497 4919 2661 4970 mensi
2725 4917 2950 4987 fueritis,
3020 4921 3323 4970 remetietur
3385 4913 3527 4967 vobis

1944 5011 2162 5082 (Matth.
2186 5028 2280 5076 vn,
2308 5010 2386 5081 2).
2439 5009 2682 5077 Septimo
2739 5008 2899 5082 174
2923 5007 3110 5062 dicens
3141 5009 3208 5063 de
3247 5004 3525 5062 adultera:

1947 5103 2051 5170 Qui
2079 5105 2190 5159 sine
2210 5111 2419 5174 peccato
2449 5109 2521 5153 est
2546 5109 2790 5162 vestrum,
2823 5100 2919 5162 ait,
2946 5095 3151 5166 primus
3187 5099 3244 5152 in
3272 5096 3423 5151 illaut
3445 5093 3530 5148 la-

1941 5197 2114 5264 pidem
2140 5198 2308 5251 mittat
2359 5192 2542 5265 (Joan.
2575 5203 2690 5253 vtn,
2714 5190 2790 5258 7),
2825 5190 2928 5244 hoc
2955 5193 3059 5245 est,
3112 5187 3275 5244 feriat
3309 5183 3534 5242 alterius

1941 5289 2060 5344 sine
2093 5285 2465 5345 misericordia
2488 5281 2804 5347 admissum,
2835 5280 2924 5351 qui
2956 5278 3009 5333 in
3038 5292 3101 5334 se
3133 5284 3342 5341 nullum
3367 5279 3534 5336 habet
