4018 5406
270 192 373 248 325

1233 184 1807 254 PRAILOQUIORUM
1849 183 2021 239 LlBlll
2060 182 2294 239 SEX.——-
2335 184 2461 239 LIB.
2501 182 2583 240 Vl.

3432 186 3541 250 .536

273 309 424 367 tiant,
453 302 550 356 sed
583 313 641 356 ut
677 302 824 370 (565)
872 303 1098 370 (pra-ter
1131 301 1181 355 id
1213 300 1355 368 quod
1383 298 1718 369 potissimum
1767 304 1849 351 est
1881 299 1924 356 Α
1956 293 2264 348 tentationis
2295 294 2376 347 vel
2412 295 2740 364 pinuiteutiae
2794 305 3053 366 tempore,
3085 306 3143 352 ιιι
3181 298 3293 368 jam
3337 299 3538 359 dictum

271 395 650 464 ﬂagitandum,
677 395 728 447 id
752 403 855 459 est,
887 395 1011 446 dum
1025 407 1126 461 ego
1156 391 1280 444 illud
1293 391 1540 445 describo
1568 399 1624 444 ut
1646 389 1846 454 deleas,

272 485 394 536 dmn
425 498 528 551 ego
557 482 848 536 adversum
877 495 960 535 me
988 480 1270 544 conﬁteor,
1306 488 1358 532 tn
1394 494 1515 533 cum
1545 479 1864 531 innumera-.

274 573 468 628 bilibus
496 583 552 627 et
581 572 927 642 gravioribus
954 571 1164 642 deleas)
1189 570 1353 625 etiam
1390 570 1611 624 lecturis
1666 569 1716 622 in
1749 569 1853 622 isto

271 664 609 732 provideant,
640 662 890 717 videlicet
917 672 975 716 ιιι
1019 678 1237 717 causam
1275 660 1424 731 juste
1468 675 1626 731 quam
1679 660 1854 729 patior

270 754 760 812 animadversionis
816 763 918 808 tua:
968 753 1319 824 perpendam,
1351 754 1512 825 176
1555 768 1663 822 quo
1705 760 1850 806 tuam

272 847 324 900 iu
377 847 482 901 boc
501 843 771 912 justitiam
818 844 1166 916 gloriﬁcent:
1232 846 1637 900 considerantes
1685 858 1847 911 quam

270 951 396 989 reus
423 936 474 988 in
507 948 602 990 tuo
624 946 912 1006 conspectu
941 936 1222 1005 parebant,
1250 950 1370 990 cum
1397 951 1482 988 me
1531 933 1676 1002 (566)
1725 932 1852 988 illud

267 1041 368 1080 nee
403 1041 524 1080 esse
551 1027 878 1080 omnimodis
907 1041 1082 1081 oweus
1133 1027 1560 1096 perpenderem:
1621 1041 1744 1080 eum
1799 1036 1856 1080 et

266 1135 413 1176 nunc
457 1135 772 1190 percussus,
846 1128 1172 1190 prostratus,
1225 1118 1504 1189 oculisque
1567 1133 1857 1188 parumper

267 1208 494 1276 apertis,
524 1217 684 1278 teque
708 1224 773 1262 ex
815 1209 1148 1277 aliquantulo
1169 1208 1340 1279 (567),
1374 1217 1434 1261 ιιι
1481 1208 1611 1261 mibi
1645 1208 1859 1261 videtur

264 1310 330 1367 (ιι
362 1311 414 1353 te
449 1310 649 1360 autem,
685 1309 863 1351 utrum
895 1300 1088 1362 sciam,
1123 1299 1387 1353 veraciter
1426 1297 1628 1365 scitur)
1658 1297 1857 1362 sciens,

260 1398 319 1442 et
349 1406 565 1442 menon
622 1400 730 1442 tam
781 1389 1072 1443 eiiieudare
1100 1404 1261 1457 quam
1292 1388 1564 1457 corrigere
1605 1403 1728 1442 cum
1780 1387 1855 1442 tui

261 1478 557 1548 adiutorio,
611 1488 670 1534 ιιι
698 1489 747 1534 te
802 1480 988 1533 videre
1043 1495 1275 1542 merear,
1341 1479 1545 1542 volens,
1623 1479 1857 1534 dominis

257 1588 484 1642 quoque
527 1571 940 1635 crudelissimis,
984 1572 1075 1641 qui
1124 1587 1209 1625 me
1261 1573 1386 1626 dum
1438 1587 1468 1626 a
1514 1583 1565 1626 te
1611 1570 1852 1641 fugerem

1955 396 2056 450 est,
2086 395 2272 440 contra
2307 403 2404 442 nos
2431 390 2666 443 maxime
2697 389 2958 458 probatur
2983 391 3302 448 consistere.
3335 394 3466 450 Nam
3488 409 3538 451 ct

1956 476 2124 539 illum,
2148 477 2240 547 qui
2269 492 2492 532 uxorein
2529 483 2698 547 patris
2725 481 3039 548 violaverat,
3072 483 3208 538 tradi
3251 485 3541 556 Apostolus

1951 565 2172 622 Satanae
2230 569 2475 638 prmeipit
2526 570 2578 623 in
2634 571 2910 626 mteritum
2943 573 3142 638 carnis,
3193 586 3254 633 ιιι
3308 575 3544 648 Spiritus

1951 657 2133 712 salvus
2163 658 2233 712 sit
2263 659 2314 712 in
2349 659 2436 713 die
2486 661 2694 716 Domini
2723 661 2774 735 (1
2807 663 2927 718 Cor.
2955 681 3010 730 ν,
3060 664 3307 736 5).Tradi
3357 679 3550 725 autem.

1951 745 2166 802 Satana:
2209 748 2428 813 dicitur,
2456 750 2522 804 ad
2549 751 2878 816 conflictum,
2906 769 3011 808 non
3054 759 3121 810 ad
3169 757 3500 815 dominatum
3522 778 3546 830 ;_

1950 837 2016 890 ad
2039 848 2342 903 certamen,
2375 855 2478 892 non
2500 841 2566 894 ad
2582 843 2918 905 servitutem:
2947 847 3012 899 ad
3034 847 3214 902 carnis
3237 849 3538 916 interitum,

1953 929 2152 982 nonad
2206 931 2400 985 anima:
2443 931 2848 1000 detrimentum;
2898 936 3150 994 videlicet
3176 948 3239 994 ιιι
3287 941 3414 998 dum
3447 943 3542 1011 illo,

1953 1035 2074 1074 cum
2108 1021 2678 1091 adversariojeiuniis,
2708 1026 2924 1094 vigiliis,
2947 1031 3266 1102 ueterisque
3289 1035 3538 1104 corporis

1956 1110 2288 1165 cruciatibus
2321 1122 2591 1182 pugnante
2619 1130 2750 1170 caro
2781 1117 2942 1188 177
2973 1119 3238 1186 interiret,
3291 1124 3545 1192 spiritus,

1958 1198 2110 1254 boste
2132 1200 2367 1267 devicto,
2401 1203 2656 1258 salvnsin
2705 1205 2791 1259 die
2835 1206 3044 1262 Domini
3072 1210 3247 1266 ﬁeret.
3282 1211 3434 1268 Unde
3479 1223 3540 1270 et

1959 1289 2082 1344 alibi
2112 1293 2356 1361 quaedam
2381 1296 2659 1351 saecularia
2691 1297 2744 1349 iu
2771 1300 3074 1369 exeiuplum
3093 1303 3372 1370 proferens
3393 1305 3549 1366 idem,

1958 1383 2068 1436 ait:
2102 1383 2286 1438 Omnis
2325 1397 2520 1452 autem,
2551 1389 2641 1458 qui
2671 1391 2724 1441 in
2776 1406 2940 1458 agone
2972 1403 3154 1446 conten
3194 1395 3252 1459 it,
3307 1395 3371 1447 ab
3421 1412 3536 1448 cm-

1956 1475 2106 1528 nibus
2136 1493 2190 1530 se
2211 1477 2439 1531 abstinet
2470 1478 2518 1547 (1
2545 1478 2677 1534 Cor.
2713 1497 2792 1546 ix,
2826 1481 2938 1552 ‘25).
2974 1483 3039 1536 Et
3067 1485 3368 1539 verissime.
3405 1487 3538 1540 Nam

1954 1567 2078 1620 etin
2111 1578 2401 1624 scanunate
2429 1569 2575 1642 (569)
2620 1571 2906 1626 luctatur-is
2954 1577 3310 1642 quorumdam
3373 1576 3540 1630 absti-

262 1674 615 1736 receperunt,
646 1675 797 1734 terga
829 1667 895 1719 ad
930 1673 980 1718 te
1012 1663 1324 1734 refugiendo
1352 1665 1478 1718 dare
1525 1662 1846 1727 deliberans,
1885 1653 1926 1712 Β
1956 1662 2135 1715 neutia
2187 1663 2547 1730 indicebatur,
2583 1665 2657 1719 ita
2710 1676 2768 1720 ut
2812 1667 2975 1722 etiam
3027 1668 3180 1723 cibus
3227 1669 3306 1723 eis
3353 1672 3540 1740 agoni-

259 1773 405 1810 uexu
438 1759 616 1811 adlmc
676 1757 904 1810 insolita:
957 1756 1362 1810 consuetudinis
1412 1764 1467 1810 et
1514 1755 1849 1809 maculis'rc—

257 1858 446 1902 tentus
474 1850 750 1917 pet-noxia:
776 1849 1249 1918 frequentatio...s,
1281 1857 1388 1902 tam
1405 1848 1708 1902 miserrimc
1739 1847 1848 1901 ictu

254 1938 505 1992 zabolico
557 1939 886 2002 terebratus,
940 1937 1242 2008 iaculisque
1297 1940 1501 2008 peccati
1559 1953 1849 2008 percussus

255 2027 558 2082 confodior.
608 2027 842 2084 Rursum
864 2046 1025 2098 quam
1050 2030 1213 2084 miser
1238 2045 1408 2095 erant,
1439 2045 1637 2099 perpen
1665 2033 1790 2093 'aut,
1817 2045 1846 2082 a

258 2131 312 2174 te
342 2122 558 2191 penitus
583 2137 828 2187 aversus,
861 2123 950 2191 qui
984 2133 1090 2176 tam
1141 2123 1345 2175 inutilis
1383 2124 1560 2176 adhuc
1589 2138 1753 2191 p.:reo
1779 2124 1846 2176 ad

255 2222 310 2265 te
331 2213 491 2282 quasi
516 2228 844 2267 conversus:
877 2229 1036 2282 quam
1070 2214 1267 2283 impius
1291 2230 1411 2266 cum
1443 2229 1528 2268 me
1576 2214 1688 2281 ipse
1725 2230 1846 2267 cru-

253 2304 456 2358 deliter
486 2305 986 2373 interticcrem,qui
1027 2315 1133 2358 tam
1174 2307 1407 2374 iniquus,
1437 2323 1560 2360 cum
1614 2322 1696 2360 me
1731 2326 1759 2359 ιι
1797 2317 1847 2360 te

258 2395 410 2448 reﬁci
460 2395 894 2450 misericorditer
948 2397 1240 2466 postulem;
1276 2398 1403 2465 quid
1435 2399 1664 2467 superba
1719 2415 1848 2453 caro

257 2485 310 2538 in
366 2485 729 2554 prosperitate
776 2487 966 2556 egerit,
997 2503 1115 2555 qua:
1147 2489 1324 2541 adhuc
1361 2488 1412 2541 in
1451 2499 1556 2541 tam
1609 2491 1844 2542 niaxima

266 2577 600 2631 adversitate
633 2577 912 2647 superbit:
941 2579 1068 2647 quid
1097 2578 1340 2649 petulcus
1370 2579 1692 2633 moliebatur
1729 2581 1843 2633 ani-

254 2683 400 2732 mus,
449 2685 568 2722 cum
599 2669 848 2735 quaedam
903 2669 974 2722 illi
1009 2686 1105 2739 pro
1155 2679 1279 2725 voto
1331 2671 1668 2735 arridebant,
1719 2687 1843 2725 cum

253 2759 436 2813 adhuc
464 2770 775 2824 evanescat,
807 2775 928 2814 cum
962 2762 1212 2815 universa
1245 2763 1291 2816 ci
1321 2772 1651 2833 repugnant;
1685 2763 1842 2817 simul

255 2859 313 2901 ut
337 2850 446 2903 mei
472 2851 684 2919 jactura
711 2852 813 2905 sibi
845 2851 1068 2905 cautela:
1096 2853 1313 2921 capiant
1339 2855 1649 2907 commoda:
1681 2855 1843 2924 (l'clix

253 2938 576 3008 t568)e.iim
614 2941 843 2994 alterius
900 2942 1054 3010 cujus
1084 2951 1206 2994 sunt
1231 2944 1549 2996 documenta
1602 2945 1842 3015 ﬂagella)

252 3043 464 3098 proque
480 3041 678 3084 memet
702 3032 1012 3085 miserrimo
1038 3041 1183 3084 tuam
1213 3046 1278 3087 eo
1306 3033 1558 3086 obnixius
1572 3035 1844 3102 postulent

252 3122 621 3188 clementiam,
654 3139 765 3193 quo
795 3126 1224 3180 numerosiorem
1256 3126 1577 3196 agnoverint
1602 3126 1838 3196 culpant,

253 3215 708 3269 aluudantiorcm
745 3214 1112 3270 intellexerint
1163 3224 1217 3272 et
1267 3215 1674 3273 intercessionis
1706 3219 1843 3272 indi.

253 3305 514 3375 gentiam.

322 3396 411 3449 10.
447 3397 643 3451 \‘erum
667 3405 728 3451 ut
749 3396 817 3450 ad
848 3404 1045 3457 tecum
1074 3412 1181 3466 quo
1207 3398 1336 3453 mibi
1367 3409 1486 3452 erat
1529 3413 1710 3453 sermo
1758 3416 1842 3454 rc-

253 3486 435 3549 deam,
495 3503 726 3559 suggero
781 3496 839 3542 ut
866 3489 993 3542 dum
1048 3490 1163 3558 agis
1212 3489 1608 3559 punnitentiam,
1670 3491 1837 3561 ipsam

252 3593 471 3647 quoque
497 3594 600 3633 non
629 3579 805 3633 solum
834 3595 864 3631 a
893 3579 1070 3643 malis,
1103 3581 1265 3634 etiam
1311 3595 1341 3633 a
1373 3580 1529 3634 bonis
1575 3591 1842 3649 temperes

253 3670 514 3738 linguam,
545 3670 1075 3726 Psalmtstadocente
1103 3682 1174 3738 te,
1199 3674 1323 3727 dum
1339 3674 1469 3727 dicit
1495 3674 1558 3727 de
1586 3690 1672 3728 se:
1709 3674 1838 3727 Cum

252 3759 556 3812 consisteret
579 3771 824 3830 peccator
850 3759 1119 3813 adversam
1153 3777 1252 3823 me,
1290 3760 1543 3826 obmutui,
1595 3772 1640 3814 et
1669 3761 1843 3813 Itami-

249 3851 415 3904 liatus
463 3851 826 3917 sum,etsilui
868 3867 898 3903 α
942 3849 1297 3919 bonis(l’sal.
1343 3867 1572 3915 xxxviii,
1618 3852 1696 3918 ‘2);
1747 3851 1840 3920 qui

249 3953 436 3998 tamen
465 3944 840 4013 przcmiserat:
877 3939 1034 3996 Posai
1083 3946 1163 3996 ori
1196 3959 1308 3995 meo
1339 3943 1652 3997 custodiam.
1682 3941 1842 3995 Aliud

257 4036 403 4089 enim
439 4043 528 4089 est
575 4034 859 4098 custodiri,
895 4043 950 4088 ut
997 4035 1409 4098 rationabiliter,
1467 4036 1590 4088 dum
1638 4035 1841 4090 utilitas

253 4128 528 4198 exposcit,
575 4126 924 4197 proferatur;
988 4126 1130 4179 aliud
1187 4128 1400 4197 penitus
1445 4127 1711 4190 obturari,
1773 4142 1839 4182 ne

255 4219 526 4274 ullatenus
569 4219 898 4290 proferatur.
939 4217 1091 4274 Unde
1138 4229 1191 4272 ct
1217 4219 1268 4272 in
1300 4218 1406 4271 alio
1460 4219 1667 4288 psalmo
1714 4234 1838 4288 prc-

255 4327 413 4370 ratur
467 4315 683 4370 dicens:
746 4313 912 4376 Pone,
967 4312 1209 4376 Domine,
1257 4312 1547 4366 custodiam
1576 4313 1655 4366 ori
1701 4329 1813 4366 meo

251 4408 514 4460 etostium
557 4407 972 4460 circumstantia:
1008 4403 1160 4456 labiis
1204 4405 1331 4456 meis
1388 4402 1560 4474 (Psal.
1605 4418 1727 4468 CXL,
1757 4405 1836 4475 5).

257 4499 464 4554 Ostium
509 4513 636 4553 vero
679 4505 735 4551 et
781 4496 1019 4565 aperitur
1074 4503 1127 4547 et
1183 4492 1470 4548 clauditur.
1531 4491 1839 4549 Peecatoris

256 4602 381 4642 vero
403 4588 623 4643 nomine
664 4586 940 4640 diabolum
973 4585 1061 4641 hic
1086 4599 1402 4654 expressum
1434 4583 1693 4653 intelligo,
1745 4585 1837 4657 qui

323 4759 474 4830 (565)
497 4758 673 4830 Voces
699 4757 792 4812 sed
842 4767 893 4810 ut
915 4757 1202 4830 jungenda:
1230 4766 1355 4812 sunt
1382 4772 1502 4812 cum
1533 4755 1636 4813 illis
1675 4769 1833 4814 etumt

258 4827 463 4884 iectnris
491 4829 544 4883 in
573 4831 675 4882 isto
703 4843 868 4898 opere
887 4827 1206 4898 provideant.

325 4900 473 4969 (566)
507 4899 592 4955 Me
620 4896 754 4953 illud
786 4914 876 4951 nec
901 4912 1012 4950 esse
1040 4896 1177 4950 idem
1230 4907 1313 4952 est
1358 4911 1422 4952 ac
1443 4912 1524 4950 me
1571 4914 1662 4952 nec
1689 4917 1834 4954 reum

258 4985 363 5022 (888
371 5009 380 5017 .

325 5039 472 5112 (5ιί7)
503 5038 806 5112 (Ξοιιδιιέιιθίτ
836 5036 878 5090 Τ
879 5050 1009 5106 eque
1027 5051 1090 5112 ea;
1112 5035 1458 5112 aliquantulo,
1483 5036 1534 5091 id
1554 5047 1637 5094 est
1652 5040 1832 5112 aliquo

263 5106 459 5172 "mum.
491 5120 545 5160 tu
577 5111 707 5162 mihi
741 5111 970 5166 ﬁdem,“
1014 5106 1181 5160 “iam
1231 5110 1444 5174 (atrum
1476 5117 1647 5163 autent
1681 5106 1828 5166 rei-a-

262 5177 385 5230 citer
406 5179 587 5243 sciam,
616 5180 783 5233 scitur
807 5197 838 5231 η
867 5176 954 5244 te)
984 5184 1033 5227 et
1066 5191 1189 5229 cum
1215 5177 1293 5230 tui
1331 5175 1604 5246 adjutorio
1657 5181 1829 5237 volens

262 5260 340 5298 nte
377 5264 476 5301 non
510 5259 614 5301 tam
653 5249 957 5307 emendare,
985 5260 1143 5312 quam
1193 5248 1476 5317 corrigere,
1519 5259 1574 5301 ιιι
1625 5267 1831 5307 merear

263 5317 517 5406 ciderelte,
545 5319 866 5406 deliberans"
898 5329 1140 5406 quoque_
1157 5317 1461 5396 refugiendo
1489 5317 1559 5406 ad
1606 5332 1655 5376 te
1703 5324 1831 5406 dare

1820 4354 1835 4380 ’
1869 4360 1914 4420 D

1953 1751 2129 1805 sticus
2161 1753 2402 1813 daretur.
2438 1753 2490 1808 id
2516 1765 2618 1818 est,
2647 1754 2838 1821 levior,
2885 1757 2974 1826 qui
2999 1772 3196 1826 corpus
3246 1759 3540 1816 reﬁciendo

1956 1840 2256 1908 roboraret,
2284 1859 2388 1898 non
2421 1845 2697 1913 gravanda
2744 1846 2987 1907 elideret;
3039 1858 3093 1902 et
3141 1849 3268 1918 quia
3325 1850 3540 1905 luxuria

1952 1947 2167 2001 quoque
2218 1934 2443 1988 nimium
2490 1936 2735 1990 debilitat
2784 1953 3006 2007 corpus,
3060 1941 3286 1995 laminas
3334 1942 3543 2010 plumbi

1952 2023 2172 2076 reuifius
2219 2026 2700 2096 circumponcbant
2781 2040 2999 2098 propter
3041 2031 3393 2098 pollutionem
3444 2049 3542 2086 uo-

1948 2125 2196 2168 cturnam
2224 2133 2237 2168 :
2270 2132 2392 2185 qua:
2419 2118 2600 2171 omnia
2633 2133 2753 2172 cum
2787 2129 3002 2188 propter
3027 2122 3374 2190 corruptibile
3414 2123 3538 2177 bra-

1950 2207 2091 2259 vium
2147 2208 2220 2261 illi
2283 2208 2522 2263 facerent
2599 2211 2893 2264 carnaliter
2949 2212 3376 2282 adipiscendum,
3437 2230 3544 2276 nos,

1949 2299 2308 2367 spiritualiter
2335 2316 2496 2368 agere
2527 2302 2577 2354 in
2605 2303 2702 2357 hoc
2730 2303 2882 2372 longe
2932 2305 3179 2358 dissimili
3223 2308 3402 2376 potius
3445 2310 3538 2362 de-

1948 2386 2137 2442 bemus
2165 2388 2437 2454 eonllictu,
2469 2400 2525 2443 ut
2550 2402 2600 2444 et
2626 2409 2852 2445 carnem
2895 2394 3110 2468 .spirilui
3158 2395 3536 2465 subjiciamus,

1947 2481 2295 2534 etdiabolmn
2331 2492 2756 2551 prosternunus,
2787 2494 2840 2538 et
2863 2486 3107 2539 bravium
3141 2490 3534 2557 sempitermun

1947 2589 2044 2643 pro
2071 2575 2294 2629 victoria
2327 2577 2626 2646 capiamus.
2649 2576 2911 2644 Quaniris
2938 2589 2990 2631 et
3015 2578 3120 2631 alio
3147 2582 3540 2650 congruentius

1948 2667 2106 2720 modo
2132 2666 2303 2735 possit
2336 2666 2559 2738 intelligi
2602 2669 2744 2737 quod
2776 2667 2979 2721 dictum
3007 2678 3119 2722 est:
3173 2669 3400 2726 Tradere
3435 2672 3539 2725 lm-

1939 2757 2174 2826 jttsmodi
2203 2756 2420 2813 Satana:
2449 2759 2498 2830 (I
2519 2757 2640 2812 Cor.
2669 2777 2720 2825 v,
2742 2760 2816 2829 5).
2852 2762 3083 2815 Satanas
3113 2762 3310 2831 quippe
3335 2763 3533 2817 adver-

1947 2850 2120 2904 sarius
2146 2850 2226 2904 vel
2256 2851 2566 2905 contrarius
2616 2852 3025 2921 interpretatur,
3077 2868 3176 2923 per
3225 2854 3366 2922 quol
3395 2869 3526 2907 con-

1953 2942 2246 2997 trarietatis
2273 2959 2467 2997 nomen
2492 2942 2830 3014 signiﬁcatur
2879 2943 3136 2997 traditum
3187 2953 3529 3015 peccatore"!

1872 3004 2242 3087 Ccontrariis
2268 3034 2558 3089 anterioris
2618 3035 2742 3087 vita:
2801 3035 3321 3090 consuetudinibus:
3386 3037 3534 3092 verbi

1947 3123 2140 3193 gratia,
2166 3135 2220 3176 ut
2249 3125 2339 3194 qui
2369 3136 2496 3179 ante
2524 3125 2754 3189 deliciis,
2809 3142 2951 3180 nunc
3003 3136 3189 3180 utatur
3213 3127 3535 3182 amaritudi—

1947 3212 2121 3277 nibus,
2155 3223 2208 3267 et
2231 3214 2492 3283 quidquid
2519 3229 2768 3268 aversum
2802 3213 2884 3267 vel
2925 3215 3254 3268 contrarium
3303 3229 3389 3270 est
3439 3233 3532 3269 vo-

1946 3303 2527 3372 luptatibus,exerceat
2554 3304 2885 3372 pmuitentia:
2909 3305 3114 3368 diebus,
3139 3315 3194 3359 tu
3220 3307 3530 3360 intereunte

1945 3391 2560 3462 lmjusmodicontrariet
2581 3402 2648 3444 xte
2672 3407 2768 3460 per
2795 3392 3135 3446 alIlictionem
3170 3395 3353 3450 carnis
3379 3394 3530 3464 (370)

1944 3483 2165 3552 spiritus
2196 3483 2244 3534 in
2273 3483 2357 3536 die
2393 3483 2600 3535 Domini
2629 3482 2811 3536 Salvus
2835 3493 3108 3538 mereatur
3136 3487 3391 3542 existere.

2017 3576 2104 3628 ll.
2138 3572 2426 3629 Sciendum
2459 3584 2638 3628 autem
2666 3574 2828 3628 alimn
2859 3577 3075 3646 modum
3109 3593 3230 3633 esse
3256 3580 3527 3649 pceniten-

1945 3667 2052 3732 tim,
2097 3680 2203 3736 quo
2244 3665 2448 3734 judicio
2505 3665 2668 3720 totius
2711 3665 2966 3722 Ecclesia:
3010 3669 3132 3738 quis
3191 3682 3340 3724 certo
3392 3683 3526 3726 tem-

1942 3772 2072 3829 pore
2100 3756 2345 3828 [subaudi
2397 3756 2770 3827 pteniteutiatn
2811 3758 2966 3831 agit],
2997 3760 3160 3814 alium
3191 3778 3299 3832 quo
3344 3775 3527 3819 nostra

1943 3858 2134 3917 sponte
2165 3847 2491 3917 paruitemus
2520 3849 2668 3903 omni
2710 3858 2950 3920 tempore
2981 3869 2993 3906 :
3021 3850 3166 3907 Istud
3196 3855 3339 3908 nulla
3394 3873 3530 3911 con-

1943 3941 2228 4012 stringitur
2258 3940 2396 4012 lege,
2423 3941 2522 3995 nisi
2556 3953 2718 4010 prout
2742 3944 2973 4014 quisque
2997 3944 3099 4000 sibi
3136 3946 3263 4002 velit
3289 3948 3533 4006 indicere

1945 4019 2174 4099 tantum,
2209 4043 2270 4088 ut
2293 4049 2390 4105 pro
2409 4035 2569 4090 modo
2595 4037 2933 4107 :egritudinis
2960 4039 3283 4094 medicinam
3304 4041 3406 4096 sibi
3431 4059 3528 4097 no-

1942 4125 2080 4180 verit
2107 4125 2361 4179 adbibere
2405 4123 2616 4179 salutis.
2651 4125 2784 4180 Illud
2834 4142 2964 4182 vero
3017 4143 3079 4182 ea
3137 4130 3526 4201 constringitur

1941 4216 2266 4280 conditione,
2300 4225 2357 4270 ut
2387 4216 2459 4269 nil
2492 4215 2668 4272 laxius
2691 4217 2793 4272 sibi
2838 4219 3010 4287 possit
3033 4220 3188 4290 abeo
3219 4221 3359 4289 quod
3387 4237 3532 4290 prte—

1942 4316 2159 4378 ceptum
2182 4317 2264 4363 cst
2290 4322 2472 4378 agere,
2503 4308 2604 4362 nisi
2635 4309 2823 4376 ipsius,
2849 4326 2877 4362 a
2902 4324 3008 4378 quo
3032 4310 3228 4380 ligatus
3259 4321 3364 4376 est,
3393 4313 3525 4368 levi-

1943 4410 2100 4470 getur
2127 4400 2472 4466 auctoritate,
2500 4410 2594 4454 aut
2617 4399 2754 4456 forte
2779 4401 2947 4472 ipsius
2975 4404 3239 4460 industria
3271 4407 3374 4462 hoc
3395 4423 3520 4462 eum

1944 4493 2190 4564 ligaverit
2213 4493 2601 4562 moderamine,
2629 4503 2688 4548 ut
2707 4497 2751 4550 si
2777 4495 2892 4565 ipse
2915 4497 3168 4564 del'uerit,
3191 4500 3260 4554 ab
3283 4501 3389 4554 alio
3415 4500 3520 4554 sibi

1942 4589 2333 4646 absolutionem
2393 4589 2553 4645 liceat
2593 4590 2864 4660 postulare
2926 4591 3095 4664 (571).
3139 4593 3518 4653 Ραιιιίιριιιίιιιιι

1938 4764 2042 4818 cati
2061 4763 2352 4834 confodior.

2012 4833 2168 4907 (56.8)
2191 4834 2244 4907 ιιι
2273 4844 2386 4889 est:
2417 4835 2544 4904 felix
2567 4853 2688 4907 ergo
2714 4837 2820 4899 ille,
2842 4835 2994 4905 cujus
3038 4840 3348 4892 documenta
3398 4848 3517 4893 sunt

1939 4903 2148 4974 ﬂagella
2183 4905 2419 4974 interius.

2009 4972 2160 5044 (569)
2189 4972 2433 5046 Scantma
2460 4988 2547 5033 est
2575 4993 2756 5034 arena.-
2783 4977 3014 5046 spatium
3051 4975 3337 5032 luctaturis
3373 4978 3522 5032 desi—

1941 5043 2360 5117 gnatum,_n_ltra
2406 5049 2549 5117 quod
2585 5043 2834 5117 progredi
2868 5063 2974 5100 non
3016 5046 3164 5102 licet.
3197 5047 3390 5103 Delius
3411 5049 3538 5117 Aur.

1941 5063 2188 5115 gnatum,
2220 5063 2360 5098 lllU'a
2406 5063 2549 5117 quoa
2624 5063 2834 5117 rogreut
2868 5063 2974 5100 non
3016 5063 3164 5102 ncet.
3197 5063 3390 5103 uenus
3411 5063 3524 5100 Λιι-

1939 5115 2179 5190 relianus
2201 5113 2291 5168 lib.
2323 5131 2406 5190 n_,_
2423 5132 2542 5188 cap.
2573 5063 2641 5171 ἵε
2667 5119 2734 5172 In
2760 5133 2919 5190 arena
2942 5118 3156 5190 _s_patio,
3186 5119 3324 5190 quod
3353 5115 3528 5190 appel-

1936 5184 2048 5238 lant
2073 5200 2324 5259 scamnta.
2357 5184 2506 5259 Mox'
2531 5188 2900 5258 quorumdam,
2940 5184 2995 5238 id
3040 5198 3128 5242 est
3165 5184 3523 5259 quarumdam

1941 5271 2145 5319 rerum,
2174 5255 2510 5310 abstinentia.

2184 5323 2240 5406 lii
2275 5325 2438 5406 vulg.,
2472 5326 2676 5406 cornei,
2701 5324 2858 5380 male.
