4018 5406
490 335 593 393 39.7

1416 327 1748 384 RATllERll
1788 323 2000 381 EPISC.
2047 318 2298 374 \‘EllOIi.
2343 317 2492 374 OPP.
2536 319 2716 375 PARS
2755 319 2796 374 Ι.
3660 315 3761 376 ως

490 461 620 504 vero
643 460 740 500 nec
761 443 865 500 iste
895 459 992 498 nec
1021 443 1109 497 ille
1123 443 1279 514 digne
1310 457 1471 516 agere
1498 441 1859 501 convincitur,
1889 439 1933 492 si
1951 437 2076 492 dum

2205 436 2260 500 Ι),
2296 450 2358 489 ac
2378 434 2420 488 si
2452 434 2596 488 dicat
2632 454 2644 488 :
2689 434 3045 502 Quantuau'is
3075 437 3238 502 nitar,
3297 439 3665 508 quamtumvis
3691 440 3762 494 la-

492 552 658 593 uuum
682 533 961 605 quodlibet
1006 534 1192 586 vitium
1224 546 1343 587 sese
1392 532 1714 586 macerando
1755 530 2076 599 insequitur,

492 628 636 684 aliud
659 627 854 691 simile,
891 636 983 681 aut
1009 625 1236 680 lorsitau
1265 626 1504 696 gravius,
1522 634 1615 678 aut
1635 632 1781 679 certe
1807 623 1956 693 plura
1977 622 2081 676 alia

492 720 834 776 committere
863 734 967 772 non
996 727 1236 770 veretur.
1269 716 1403 770 Nam
1431 727 1556 771 sunt
1580 715 1844 780 nonnulli,
1870 715 1959 784 qui
1986 729 2084 784 pro

494 812 790 868 cou‘imisso
831 810 1158 880 ptenitentes
1211 809 1525 873 homicidio,
1564 809 1708 862 aliud
1758 809 2086 862 meditantur

497 905 872 960 homicidium.
921 901 1058 958 Sunt
1095 903 1281 967 etiam,
1315 903 1407 974 qui
1436 919 1559 958 cum
1599 899 1947 956 homicidium
1971 915 2087 971 poe-

498 997 696 1060 niteut,
728 993 1053 1048 adulterium
1081 1003 1394 1064 perpetrare
1451 1007 1555 1045 non
1597 993 1910 1045 abhorrent.
1946 988 2085 1055 Quid

497 1085 620 1142 istis
643 1085 844 1150 evenit,
880 1083 983 1138 nisi
1033 1084 1175 1153 quod
1201 1084 1402 1138 dicitur
1433 1097 1446 1136 :
1487 1081 1578 1136 Vm
1601 1066 1864 1151 peccatoii
1892 1092 2085 1134 terram

497 1179 810 1249 ingredienti
855 1176 1062 1230 duabus
1087 1177 1223 1230 riis?
1255 1174 1446 1243 (Eceli.
1476 1191 1534 1237 ιι.
1568 1175 1686 1244 19.)
1719 1173 1933 1227 Duabus
1983 1172 2088 1227 viis

499 1271 699 1339 quippe
726 1277 926 1323 terram
959 1267 1164 1338 ingredi
1192 1268 1406 1331 nititur,
1432 1265 1523 1335 qui
1557 1282 1719 1320 unttm
1753 1265 2088 1334 insequendo

499 1360 712 1425 vitium,
747 1361 888 1412 viam
926 1359 1117 1412 salutis
1139 1373 1384 1428 qtnererc
1422 1357 1667 1421 videtur;
1725 1367 1918 1411 cmlera
1957 1370 2088 1411 vero

498 1452 870 1521 exsequendo,
923 1450 1065 1502 riam
1123 1448 1316 1504 mortis
1366 1449 1616 1504 incedere
1669 1450 2084 1520 comprobatur;

502 1557 626 1596 cum
675 1521 1015 1610 apertissime
1059 1540 1292 1596 Jacobus
1339 1541 1483 1596 dicat
1551 1541 1862 1612 apostolus:
1905 1541 2007 1606 Qui
2037 1543 2090 1594 in

501 1649 607 1688 uno
633 1633 931 1703 o/fcnderit,
983 1633 1078 1686 erit
1123 1633 1357 1686 omnium
1407 1650 1525 1686 reus
1569 1631 1802 1702 (Jac.n,
1829 1634 1939 1695 10).
1981 1634 2092 1689 lloc

500 1725 646 1779 enim
703 1725 847 1794 quod
887 1725 951 1778 de
991 1724 1282 1778 homicidio
1338 1733 1392 1779 et
1441 1725 1703 1780 adulterio
1753 1727 2088 1796 exprimendi

2184 528 2394 590 borem,
2418 527 2608 595 quovis
2632 527 2828 582 mentis
2843 527 2960 581 acie
2981 528 3211 592 erolem,
3231 529 3420 598 quovis
3435 528 3764 600 proﬁciendo

2183 619 2570 683 conscendam,
2602 634 2724 672 cum
2772 620 2900 688 ipsis
2945 621 3138 690 pennis
3197 635 3283 674 me
3330 621 3446 675 scio
3489 636 3762 688 casurum,

2185 711 2287 765 nisi
2327 711 2546 764 dextera
2590 721 2677 764 tua
2723 711 2938 766 solitum
2978 721 3195 781 przestet
3222 714 3503 767 auxilium.
3547 714 3624 768 De
3655 715 3772 784 ipso

2184 818 2313 857 vero
2365 803 2568 856 atixilio
2613 813 2872 872 quantum
2913 815 3226 874 praesumat,
3267 805 3394 861 alibi
3439 806 3513 860 ita
3546 807 3766 861 demon-

2185 901 2321 948 strat
2349 911 2362 948 :
2408 894 2660 948 Promitto
2687 897 2844 959 robis,
2877 895 3048 964 ﬁlioli.
3093 907 3140 951 et
3195 907 3364 954 certus
3394 915 3542 964 sum,
3575 900 3698 969 quia
3725 899 3767 952 si

2185 987 2300 1056 quis
2325 1001 2390 1039 ex
2419 985 2574 1038 corde
2598 987 2909 1054 paenituerit,
2943 997 2990 1040 et
3011 988 3080 1041 ad
3101 989 3347 1042 romitum
3382 989 3582 1059 peccati
3605 1005 3768 1043 rever-

2185 1095 2273 1134 sus
2291 1095 2392 1132 non
2417 1077 2783 1146 fuerit,sa'rus
2813 1080 2909 1131 erit
2935 1093 2953 1130 .'
2983 1088 3186 1134 tantum
3212 1090 3292 1134 est
3317 1081 3420 1136 ﬁde
3442 1080 3531 1153 [[2,
3562 1091 3622 1134 ut
3645 1077 3767 1152 ﬁde]

2187 1184 2292 1223 non
2317 1169 2542 1231 dubitet,
2579 1183 2644 1220 ne
2671 1167 3059 1223 delectationes
3089 1180 3314 1240 repetat.

2260 1261 2344 1316 M.
2372 1262 2515 1315 Inter
2558 1262 2672 1316 haec
2697 1262 2879 1332 igitur,
2925 1265 3215 1318 subrucnte
3245 1265 3540 1320 tentatione
3573 1265 3769 1332 subita,

2189 1354 2232 1408 si
2271 1354 2440 1407 autin
2472 1353 2820 1422 cogitatione,
2859 1365 2951 1408 aut
2997 1356 3050 1408 in
3101 1357 3298 1417 verbo,
3337 1365 3430 1410 aut
3456 1357 3692 1426 denique
3721 1359 3770 1412 in

2191 1445 2334 1500 laeto
2368 1454 2419 1500 te
2470 1445 2764 1515 improvise
2811 1450 3088 1519 contingat
3118 1447 3222 1502 labi
3250 1465 3262 1515 ;
3300 1465 3365 1503 ne
3401 1450 3678 1520 desperes,
3710 1466 3775 1506 ne

2191 1538 2412 1592 deseras
2453 1538 2770 1607 inemptum,
2800 1555 2868 1592 ne
2900 1540 3034 1595 bene
3066 1540 3257 1611 agendi
3307 1541 3359 1594 iu
3389 1541 3573 1610 aliquo
3607 1542 3774 1595 inter-

2192 1645 2412 1699 rumpas
2436 1645 2686 1695 cursum;
2728 1646 2916 1699 repara
2968 1632 3263 1687 redivivum
3299 1643 3596 1696 certamen,
3631 1651 3775 1688 resu-

2195 1737 2281 1776 me
2309 1719 2640 1784 conﬂictum,
2672 1722 2967 1776 reaecende
3014 1723 3316 1784 audaciam,
3373 1723 3584 1778 riudi.a
3641 1723 3777 1792 inju-

502 1817 677 1888 gratia
711 1817 842 1882 dixi,
875 1816 941 1871 de
977 1816 1188 1872 caeteris
1227 1816 1596 1888 unusquisque
1645 1818 1856 1872 noverit
1894 1817 2090 1873 debere
2120 1800 2166 1860 Β
2198 1813 2354 1868 riam.
2383 1813 2530 1868 Solet
2559 1815 2665 1868 dux
2692 1831 2813 1869 eum
2865 1816 3090 1870 militem
3124 1818 3241 1886 plus
3285 1817 3527 1886 diligere,
3552 1818 3643 1885 qui
3675 1816 3778 1870 fre-

503 1904 752 1973 intelligi.

578 1996 742 2067 178
782 1997 860 2052 l2.
899 1997 1200 2053 Notandum
1243 1999 1445 2054 interea
1472 2001 1660 2071 quales
1689 2001 1883 2072 impios
1913 2000 2092 2055 Domi-

505 2102 606 2141 nus
657 2088 917 2158 suscipiat
955 2105 1281 2156 conversos;
1337 2092 1412 2145 ait
1454 2091 1597 2146 enim
1631 2091 1733 2146 :Si
1773 2090 2007 2144 averterit
2037 2107 2092 2144 se

503 2177 694 2247 impius
740 2182 804 2231 ab
853 2181 1116 2249 impietate
1152 2199 1272 2246 sua,
1306 2192 1352 2235 et
1404 2185 1562 2252 egerit
1624 2182 1996 2251 pwnitentiam'
2028 2181 2091 2234 ab

505 2269 742 2321 omnibus
767 2271 991 2338 peccatis
1016 2273 1125 2324 suis
1153 2289 1270 2343 (μίαν
1298 2284 1542 2342 operatus
1569 2282 1664 2336 est,
1695 2283 1742 2326 et
1790 2271 2092 2325 custodirit

506 2360 682 2414 omnia
709 2373 966 2433 pra'cepta
995 2381 1128 2430 mea,
1160 2375 1207 2418 et
1233 2365 1412 2434 fecerit
1431 2366 1696 2436 judicium
1733 2377 1777 2419 et
1803 2366 2090 2436 justitiam,

504 2450 610 2502 vita
641 2453 788 2515 vivet,
815 2464 861 2506 et
892 2471 994 2507 non
1024 2456 1274 2508 morietur
1297 2456 1518 2526 (Exerit.
1554 2436 1708 2519 xviii,
1735 2457 1848 2526 27).
1889 2454 1967 2518 Si,
2014 2455 2094 2507 in-

506 2543 647 2610 quit,
694 2546 863 2613 egerit
906 2547 1278 2614 paenitentiam
1330 2550 1397 2600 ab
1453 2549 1703 2601 omnibus
1757 2549 2095 2616 peccatis,et

507 2635 825 2687 custodierit
848 2637 1027 2689 omnia
1062 2647 1328 2706 prmccpta
1359 2654 1508 2703 mea;
1560 2654 1626 2693 ne
1658 2648 1710 2692 tu
1739 2648 1787 2692 te
1819 2649 1974 2709 putes
1998 2642 2094 2695 ali—

509 2724 650 2790 quod
683 2725 993 2792 pamiteudo
1017 2728 1195 2782 delere
1224 2745 1379 2799 posse
1431 2740 1734 2799 peccatum,
1775 2733 1816 2786 si
1851 2723 2095 2788 conterri-

507 2825 632 2885 ptor
665 2817 874 2872 Domini
933 2819 1099 2875 fueris
1145 2834 1560 2892 praeceptorum.
1599 2809 1791 2877 Dumia
1830 2839 1960 2895 ergo
1986 2825 2097 2880 cri-

509 2909 656 2963 mina
678 2925 899 2965 necesse
947 2923 1029 2965 est
1061 2913 1419 2984 derelinquat,
1456 2927 1510 2971 ct
1536 2916 1786 2969 universa
1831 2927 2096 2988 praecl-pta

510 3000 606 3055 Dei
633 3002 922 3063 custodiat,
967 3005 1055 3073 qui
1097 3004 1481 3075 indulgentiam
1525 3009 1778 3076 consequi
1807 3008 2094 3062 desiderat.

511 3088 654 3143 Cave
686 3090 868 3160 igitur,
917 3094 1092 3146 ontnis
1117 3096 1424 3163 quicunque
1457 3112 1549 3160 es,
1597 3098 1687 3166 qui
1720 3099 2094 3166 poaniteutiam

2191 1907 2484 1977 quentibus
2510 1908 2704 1962 ictibus
2733 1906 3037 1973 confossus,
3079 1924 3268 1963 rursus
3293 1909 3665 1963 adversarium
3697 1925 3780 1963 re-

2191 2008 2384 2052 vocato
2413 1999 2708 2052 certamine
2760 1999 2988 2068 impetit,
3039 2015 3201 2069 quam
3246 2014 3367 2054 eum
3413 2000 3502 2068 qui
3531 2009 3627 2053 aut
3652 2017 3781 2055 nun-

2193 2105 2351 2160 quam
2402 2089 2651 2161 [subaudi
2707 2089 2964 2162 impetit],
2995 2100 3087 2144 aut
3127 2091 3287 2160 179
3339 2100 3483 2160 terga
3508 2090 3674 2151 dedit,
3704 2090 3780 2144 nil

2193 2181 2410 2236 virtutis
2477 2181 2756 2235 inimicum
2815 2185 3172 2253 expugnando
3237 2184 3584 2237 monstravit.
3643 2183 3779 2237 Audi

2193 2275 2357 2329 etiam
2388 2289 2550 2344 super
2594 2275 2694 2329 hoc
2739 2275 3036 2344 Scriptum
3099 2285 3301 2329 sancta:
3354 2275 3640 2330 consilium
3675 2293 3687 2328 :
3722 2273 3783 2328 Si

2195 2364 2430 2433 spiritus,
2476 2363 2666 2433 inquit,
2707 2374 3015 2433 prtestatem
3055 2358 3292 2416 habentis
3331 2380 3486 2427 super
3521 2373 3571 2417 te
3598 2379 3781 2416 ascen-

2195 2455 2351 2517 derit,
2377 2453 2549 2507 locant
2591 2465 2738 2507 tuum
2769 2471 2832 2508 ne
2867 2455 3159 2517 tlEmiseris,
3193 2455 3314 2524 quia
3350 2456 3553 2507 curatio
3581 2469 3783 2508 cessare

2196 2543 2351 2613 faciet
2376 2544 2522 2615 (572)
2543 2555 2755 2614 peccata
2773 2546 3001 2599 maxima
3035 2545 3230 2615 (Eccle.
3265 2561 3316 2609 χ,
3347 2545 3420 2615 «1).

2271 2634 2358 2689 15.
2387 2634 2563 2689 Sanus
2589 2636 2682 2689 es?
2713 2636 2893 2690 Lauda
2944 2635 3330 2691 custodientem
3360 2647 3410 2691 te
3444 2635 3534 2689 Dei
3569 2636 3786 2692 miscri-

2199 2724 2462 2778 cordiam.
2496 2724 2746 2780 Inﬁrmus
2771 2728 2865 2780 es?
2895 2725 3073 2780 Lauda
3102 2726 3459 2796 ﬁagellautem
3504 2727 3581 2797 pii
3611 2727 3789 2783 Patris

2193 2815 2480 2886 justitiam.
2519 2815 2724 2870 Bonum
2751 2829 2848 2883 est,
2883 2819 3056 2888 inquit
3085 2819 3351 2883 Psalmus,
3405 2821 3642 2888 conﬁteri
3683 2819 3789 2874 Do-

2199 2910 2432 2972 mino,et
2479 2909 2701 2980 pallere
2743 2912 2940 2965 nomini
2969 2921 3081 2976 tuo,
3136 2912 3420 2968 Altissime.
3466 2913 3788 2980 Quomodo?

2201 2999 2281 3052 Ad
2309 3002 2731 3055 (tnnuntiandum
2760 3021 2912 3057 ntane
2955 3005 3365 3058 miscricordiam
3397 3016 3562 3068 luant,
3589 3017 3634 3058 et
3659 3007 3792 3059 reri-

2202 3099 2361 3143 tatem
2384 3101 2528 3144 tuam
2550 3110 2643 3160 per
2675 3103 2872 3147 noctem
2897 3093 3012 3164 (Ps.
3058 3111 3130 3156 l.\‘,
3165 3095 3242 3165 5),
3271 3114 3422 3150 mane
3460 3098 3790 3167 prosperita-

517 3177 798 3232 dcside'ras
826 3195 1008 3250 agere,
1037 3199 1101 3235 ne
1128 3183 1323 3251 duplici
1352 3186 1513 3239 corde
1542 3185 1667 3238 illud
1701 3197 1974 3241 certamen
2007 3202 2097 3240 ve-
2125 3163 2168 3224 δ
2205 3191 2330 3247 tem,
2364 3195 2565 3238 nectent
2597 3186 2907 3254 signiﬁcans
2937 3188 3342 3254 adversitatem,
3370 3205 3434 3243 ac
3456 3190 3498 3243 si
3531 3191 3789 3243 dixisset:

512 3265 582 3322 lis
602 3267 789 3333 adire;
820 3283 886 3322 ne
919 3269 1054 3324 forte
1080 3272 1203 3324 dum
1250 3272 1417 3327 Deum
1461 3285 1512 3330 te
1541 3290 1697 3344 posse
1724 3277 1929 3347 cogitas
1951 3276 2101 3332 falle-

515 3373 595 3422 re,
637 3375 740 3412 non
771 3361 986 3428 quidem
1021 3347 1227 3427 fallere,
1270 3367 1363 3419 sed
1399 3381 1519 3419 cum
1554 3369 1732 3436 potius
1756 3370 1988 3424 videaris
2024 3369 2100 3423 ir—

513 3447 700 3513 ritare,
731 3465 891 3519 quem
923 3463 1236 3520 oportuerat
1281 3457 1582 3512 humillima
1609 3467 1664 3513 et
1704 3460 1989 3530 purissima
2016 3477 2105 3517 sa-

520 3535 826 3593 tisfactione
862 3540 1098 3610 placare.

583 3633 671 3686 15.
706 3633 811 3687 SeJ
845 3636 910 3687 ad
957 3636 1058 3691 hoc
1089 3639 1211 3706 quis
1243 3639 1492 3706 idoneus,
1521 3657 1642 3697 cum
1692 3659 1849 3696 nemo
1900 3642 2104 3712 aliquid

511 3722 680 3792 possit
704 3724 814 3778 suis
842 3726 1078 3782 viribus?
1102 3727 1254 3784 Unde
1285 3733 1530 3800 quotidie
1564 3735 1758 3797 clama,
1789 3736 1894 3788 imo
1933 3736 2109 3788 inces-

516 3825 721 3876 santer,
753 3814 919 3867 etiam
954 3819 1182 3872 tacendo
1208 3831 1262 3874 et
1299 3822 1442 3876 aliud
1467 3824 1740 3892 quodlibet
1768 3826 1976 3894 agendo
2011 3825 2105 3879 de-

519 3902 766 3958 siderans
799 3908 1006 3975 postula
1036 3926 1047 3961 :
1083 3908 1188 3962 Cor
1209 3913 1461 3965 mundum
1485 3930 1602 3968 crea
1625 3916 1678 3968 in
1705 3933 1804 3978 me,
1829 3915 2104 3984 I)eus(Ps.

522 4009 576 4059 t.,
609 3995 720 4066 l2).
747 3997 898 4062 Quod
927 4000 970 4052 si
1010 4001 1199 4055 nitenti
1237 4003 1331 4056 tibi
1368 4006 1480 4072 ipsa
1527 4021 1692 4075 prava
1720 4008 2109 4060 consuetudine

523 4086 648 4139 exui
677 4086 906 4141 diﬂicilis
922 4091 1168 4144 occurrit
1193 4092 1440 4158 eﬂ'ectus,
1460 4111 1526 4148 ne
1556 4110 1684 4166 rogo
1722 4097 1840 4149 ideo
1866 4097 2108 4150 deﬁcias.

519 4171 794 4229 Naturalis
816 4178 958 4231 enim
994 4179 1096 4235 iste
1126 4190 1209 4234 est
1231 4184 1472 4237 omnium
1499 4197 1789 4240 conatuum
1825 4202 1972 4241 usus.
1995 4186 2110 4240 Ma-

520 4279 658 4334 gnus
687 4267 830 4321 enim
875 4267 1010 4339 lupis
1047 4269 1266 4326 difﬁcile
1293 4273 1543 4327 evehitur
1597 4277 1661 4328 ad
1726 4291 1959 4340 summa,
2001 4277 2112 4331 cito

521 4357 632 4411 ruit
653 4359 719 4412 ad
742 4359 956 4427 inﬁma;
993 4378 1091 4418 nec
1117 4380 1146 4417 a
1178 4365 1475 4434 primordio
1499 4368 1621 4435 quis
1653 4377 1827 4436 potest
1849 4383 1967 4423 esse
1990 4385 2114 4438 pcr-

521 4447 729 4516 lectus;
764 4462 899 4508 teste
921 4457 1064 4509 enim
1096 4457 1420 4528 Augustino,
1454 4457 1668 4514 difﬁcile
1694 4467 1778 4514 est
1827 4468 1880 4513 ut
1910 4461 1988 4515 sic
2012 4461 2108 4515 ho-

523 4555 614 4596 mo
667 4553 924 4611 mutetur,
975 4557 1034 4600 ut
1073 4563 1176 4602 non
1227 4549 1422 4604 habeat
1467 4551 1606 4604 unde
1663 4551 2108 4621 reprehendatur.

523 4630 676 4687 Ttinc
705 4641 826 4688 tene
862 4644 912 4690 te
939 4639 1005 4691 ad
1027 4637 1324 4702 Christum,
1353 4641 1527 4696 clama
1560 4660 1572 4696 :
1613 4642 1784 4697 Trahe
1815 4660 1894 4698 me
1919 4655 2033 4714 post
2063 4654 2111 4698 te

525 4721 704 4794 (Cant.
738 4740 777 4789 ι,
801 4725 890 4790 4);
916 4737 972 4782 et
995 4746 1008 4781 :
1042 4727 1192 4782 Educ
1215 4730 1279 4784 de
1308 4748 1514 4786 carcere
1536 4734 1770 4787 animam
1798 4751 1967 4787 meam
1988 4733 2109 4805 (Ps.

523 4833 669 4884 chI,
700 4818 776 4888 8).
808 4820 875 4874 Et
922 4837 989 4876 ne
1017 4823 1122 4878 tuis
1158 4824 1411 4879 innitaris
1451 4827 1676 4891 viribus,
1704 4827 1827 4881 audi
1861 4829 2108 4881 eunulem

523 4910 884 4977 Augustinum
917 4926 931 4966 :
973 4911 1160 4985 Pugna
1185 4927 1366 4970 contra
1390 4919 1858 4987 concupiscentias,
1895 4918 1999 4971 Deo
2021 4919 2111 4972 de-

524 4999 755 5061 sistente,
808 5003 854 5056 si
881 5015 1057 5073 potes;
1083 5005 1326 5062 laborare
1376 5018 1543 5077 potes,
1577 5011 1778 5062 vincere
1802 5025 1904 5062 non
1948 5019 2110 5079 potes.

528 5093 684 5150 Unde
708 5095 1036 5152 Psalmista‘:
1072 5100 1132 5155 Si
1161 5117 1430 5171 sumpsero
1456 5119 1651 5170 pennas
1681 5119 1823 5154 meas
1857 5101 2112 5166 diluculo,

525 5192 574 5236 et
599 5184 901 5239 ltabitaoero
949 5189 1003 5242 in
1040 5191 1282 5243 extremis
1326 5191 1505 5254 maris,
1549 5191 1734 5243 etenim
1766 5190 1890 5243 illuc
1929 5207 2114 5246 manus

525 5279 618 5326 tua
639 5271 854 5328 deducet
881 5295 979 5343 me,
995 5281 1242 5335 ettenebit
1267 5297 1348 5334 me
1366 5281 1578 5334 dextera
1600 5290 1690 5333 tua
1707 5279 1824 5350 (Ps.
1847 5297 2112 5348 cxxxvnt,

2203 3274 2258 3328 In
2281 3278 2640 3346 prosperitate
2667 3279 3120 3345 misericordiam,
3154 3281 3203 3334 in
3233 3280 3562 3336 adrersitate
3591 3283 3792 3336 bonum

2204 3375 2287 3420 est
2322 3369 2642 3421 annuntiare
2687 3377 2830 3422 tuam
2870 3369 3133 3425 laudando
3155 3371 3444 3440 justitiam.
3490 3371 3678 3428 Sanus
3697 3373 3794 3428 es?

2203 3455 2340 3508 Audi
2371 3472 2399 3508 a
2427 3473 2536 3526 quo
2562 3458 2858 3512 contineris
2885 3473 2898 3510 :
2932 3458 3168 3513 Custodit
3196 3460 3450 3515 Dominus
3478 3465 3660 3517 omnia
3677 3481 3796 3518 ossa

2204 3561 2380 3600 eorum
2413 3547 2585 3618 (Psal.
2613 3565 2803 3611 χχχιιι,
2827 3549 2941 3620 2|).
2999 3549 3284 3606 Inﬁrmus?
3308 3551 3445 3607 Audi
3480 3555 3623 3608 unde
3665 3572 3766 3610 con

2207 3636 2398 3690 Soleris
2439 3655 2450 3687 :
2482 3636 2684 3702 Multa',
2730 3639 2924 3707 inquit,
2963 3640 3322 3696 tribulationes
3339 3643 3610 3712 justorum
3631 3644 3796 3716 (Ibid.

2205 3728 2322 3798 20),
2351 3737 2489 3792 etc.;
2529 3737 2630 3782 et:
2675 3727 2796 3783 Non
2837 3741 2955 3785 sunt
3001 3733 3273 3803 condigme
3321 3736 3593 3804 passiones
3639 3739 3800 3807 hujus

2207 3819 2451 3888 temporis
2481 3820 2549 3872 ad
2576 3821 2812 3890 futuram
2835 3823 3081 3891 gloriam,
3125 3840 3242 3894 qum
3273 3826 3586 3879 revelabitur
3620 3831 3674 3882 in
3708 3845 3802 3882 no-

2210 3912 2287 3966 bis
2325 3911 2503 3980 (Rom.
2526 3929 2646 3973 vnt.
2681 3913 2788 3984 18).
2834 3915 3081 3970 Inﬁrmus
3103 3917 3194 3970 es?
3231 3916 3392 3984 Audi,
3419 3935 3484 3974 ne
3516 3920 3804 3990 impatien-

2213 4011 2296 4056 ter
2338 4003 2566 4058 doleas:
2619 4005 2784 4068 Qrem
2840 4007 2982 4060 enim
3024 4007 3194 4078 diligit
3241 4006 3534 4072 Dominus,
3583 4011 3800 4081 corripit

2211 4093 2395 4164 (l’rov.
2430 4112 2510 4160 ιιι,
2546 4096 2653 4167 1⁸2).
2681 4097 2857 4152 Sanus
2883 4099 2978 4152 es?
3000 4099 3157 4160 Audi.
3204 4116 3269 4154 ne
3300 4101 3599 4155 insolenter
3621 4103 3803 4156 exsul-

2213 4193 2293 4239 les
2331 4203 2344 4238 :
2379 4185 2531 4251 Quod
2549 4187 2593 4240 si
2623 4197 2769 4240 extra
2792 4188 3122 4257 disciplinam
3159 4193 3304 4256 estis,
3335 4191 3486 4260 cujus
3518 4192 3804 4261 participes

2212 4277 2342 4346 facti
2363 4287 2480 4331 sunt
2505 4295 2718 4343 omnes;
2747 4295 2870 4348 ergo
2895 4279 3064 4332 adultr
3081 4283 3123 4334 ri
3148 4292 3193 4334 et
3220 4299 3322 4336 non
3346 4282 3446 4349 ﬁlii
3461 4283 3586 4336 estis
3612 4281 3802 4354 (Hebr.

2213 4382 2308 4430 xu,
2341 4367 2416 4437 8).
2449 4367 2626 4421 Sanus
2645 4368 2740 4421 es?
2765 4369 2916 4423 'l'imc
2949 4385 3016 4422 ne
3043 4371 3136 4424 til.i
3163 4371 3373 4425 dicatur
3408 4390 3421 4425 :
3453 4370 3587 4434 Fili,
3626 4389 3804 4426 recor-

2219 4456 2352 4510 dare
2373 4457 2499 4527 quia
2527 4457 2762 4526 recepiszi
2787 4457 2920 4511 bona
2956 4459 3008 4510 in
3034 4461 3134 4512 vita
3153 4469 3241 4512 tua
3266 4458 3417 4529 (Luc.
3447 4477 3559 4525 xw,
3580 4461 3702 4532 ‘25).
3726 4462 3808 4516 ln-

2221 4546 2412 4602 ﬁrmus
2439 4549 2536 4603 es?
2559 4547 2694 4618 Opta
2725 4559 2783 4602 ut
2813 4550 2877 4604 de
2905 4559 2956 4604 tc
2985 4551 3231 4605 dicatur:
3258 4549 3324 4604 Et
3352 4551 3590 4606 Lazarus
3619 4555 3806 4608 simili-

2219 4649 2298 4692 ter
2315 4639 2480 4694 mala.
2527 4640 2870 4709 Amplectere
2902 4650 2980 4706 tu,
3019 4659 3155 4696 nunc
3213 4660 3331 4696 vero
3359 4644 3442 4697 Iu'c
3475 4645 3803 4699 consolatur.

2220 4729 2374 4783 Time
2399 4740 2472 4792 tu,
2501 4740 2557 4782 tu
2587 4746 2706 4783 vero
2734 4731 3008 4785 cruciaris.
3045 4723 3426 4788 Verumtamen
3455 4749 3523 4787 ne
3562 4741 3614 4786 te
3655 4741 3804 4788 solu-

2222 4829 2331 4875 tum
2365 4821 2477 4890 ipsa
2506 4820 2814 4886 inﬁrmitas,
2837 4833 2927 4876 aut
2953 4825 3112 4877 istum
3161 4825 3367 4879 sanitas
3405 4824 3594 4880 reddat
3625 4827 3808 4895 ingra-

2221 4919 2353 4974 tum,
2380 4912 2637 4966 noveritis
2666 4914 2791 4983 quia
2821 4914 3141 4982 quibusdam
3175 4915 3492 4978 inﬁrmitas,
3531 4925 3623 4969 aut
3653 4932 3803 4984 quaa-

2225 5002 2354 5056 libet
2379 5001 2584 5070 ﬂagella
2609 5014 2700 5057 aut
2725 5005 2792 5057 ad
2815 5005 3137 5074 profectum,
3165 5017 3260 5058 aut
3301 5006 3366 5059 ad
3409 5007 3804 5075 probationem,

2224 5101 2315 5146 aut
2354 5094 2419 5146 ad
2451 5093 2619 5148 solam
2651 5094 2874 5164 gloriam
2920 5095 3010 5149 Dei
3063 5107 3188 5150 sunt
3218 5112 3231 5148 :
3261 5095 3578 5164 quibusdam
3623 5106 3807 5150 autem

2223 5195 2316 5240 aut
2349 5186 2413 5241 ad
2439 5188 2855 5252 correctionem,
2884 5197 2978 5242 aut
3007 5189 3072 5243 ad
3104 5189 3316 5244 initium
3349 5189 3635 5255 malorum,
3663 5192 3808 5245 vide-

2223 5273 2349 5330 licet
2373 5289 2433 5331 ut
2461 5278 2586 5332 du.n
2639 5280 2726 5334 hic
2772 5277 3131 5348 ﬁagellantur,
3180 5271 3282 5335 nec
3323 5281 3686 5351 corriguntur,
3718 5281 3806 5336 hic
