4018 5406
527 264 629 322 »51

1481 241 1809 302 ΒΛΤΙΙΕΒΙΙ
1848 241 2065 299 EPISC.
2109 232 2361 296 VERON.
2403 230 2554 290 OPP.
2593 226 2775 286 PARS
2808 222 2848 279 l.

3693 226 3798 289 552

530 377 645 449 18).
674 372 807 432 Volo
835 384 966 442 ergo
996 375 1070 436 te,
1120 373 1181 422 ut
1208 365 1275 422 de
1297 363 1528 436 quodam
1578 361 1725 435 (574)
1770 360 1900 417 satis
1927 358 2130 429 Grego-
2153 355 2210 420 Α
2230 362 2376 416 raro,
2417 354 2509 402 aut
2534 342 2763 400 forsitan
2793 349 3088 408 nunquam,
3119 346 3237 441 nec.
3252 346 3352 406 pro
3397 324 3672 390 desiderio
3695 336 3802 435 cn-

530 469 644 522 rius
670 464 748 519 ait
770 456 967 531 lepide,
1011 457 1247 514 scienter
1290 454 1534 511 nescium
1574 461 1628 510 ct
1660 452 1931 523 sapienter
1960 449 2119 505 indo-

2223 444 2462 509 lestium,
2491 456 2589 497 nec
2619 452 2717 510 pro
2742 436 2956 507 jactura
2995 428 3361 496 terrestrium,
3413 441 3518 484 nec
3545 439 3649 497 pro
3693 422 3805 494 ipsa

531 566 702 615 ctum.
731 514 913 611 Laeius
939 549 1039 608 es?
1065 548 1281 605 Utinam
1313 548 1367 602 in
1388 548 1517 602 Deo.
1548 514 1743 600 Tristis
1769 544 1870 599 es?
1899 541 2123 597 Utinam
2223 533 2571 594 mortalitatis
2599 526 3071 599 contemplatione,
3095 539 3215 595 qua:
3244 528 3469 594 propter
3494 518 3674 592 ipsum
3698 514 3808 574 ine-

531 666 680 710 esses
708 663 807 721 pro
833 642 1071 702 incolatu
1111 648 1224 697 tuo.
1248 639 1428 695 Laetus
1473 636 1573 693 es?
1600 636 1741 692 Audi
1766 635 1822 690 in
1859 648 1966 705 quo
1995 646 2123 704 gau-

533 746 663 804 dere
691 742 892 800 debeas
924 756 938 793 :
968 734 1202 791 Gaudete
1240 732 1292 789 in
1313 730 1538 787 Domino
1558 745 1759 801 semper
1800 727 2017 801 (Eplies.
2045 739 2123 792 tv,

2224 629 2500 689 vitabilem
2547 640 2802 684 occasum
2856 630 2936 679 tot
2986 620 3232 693 quotidie
3278 617 3526 689 subjaeet
3574 612 3809 682 casibus,

2227 730 2359 796 quot
2379 719 2550 778 servit
2570 715 3007 783 necessitatibus,
3034 712 3217 768 ﬂetum
3241 710 3482 782 aliquem
3503 705 3672 764 corde
3687 718 3811 778 pro-

639 798 846 901 :I‘ristis
894 831 995 889 es?
1031 828 1173 885 Audi
1222 825 1458 899 qualiter
1506 798 1940 881 allici'debeas:
1993 818 2125 886 Qua:
2228 816 2393 884 ferre,
2424 812 2711 872 autoculis
2738 812 2884 868 valet
2909 808 3130 867 elicere.
3174 803 3329 874 Quod
3356 802 3502 861 enim
3532 798 3814 914 aliquoties

533 890 803 1000 enimJait
846 924 1156 1001 Apostolus,
1202 890 1492 978 secundum
1542 918 1709 976 Deum
1765 915 1979 972 tristitia
2026 923 2125 980 est,
2227 911 2412 969 utilior
2433 922 2597 981 quam
2625 906 2812 964 laetitia
2838 904 2912 962 sit
2951 901 3194 967 tristitia,
3241 905 3474 956 testatur
3514 892 3614 967 qui
3644 890 3815 949 dicit:

481 1076 485 1081 .
532 1023 888 1099 paenitentiam
931 1022 987 1076 in
1032 1019 1258 1075 salutem
1308 1014 1547 1072 stabilem
1596 1020 1844 1084 operatur
1885 1007 1971 1081 (11
2001 1007 2125 1062 Cor.

479 1114 487 1119 ’
533 1134 631 1185 vn,
665 1116 775 1189 10).
810 1114 949 1171 Dicit
975 1111 1073 1169 tibi
1124 1109 1409 1182 psalmus:
1466 1104 1746 1163 Lwtamini
1794 1102 1856 1158 in
1898 1100 2128 1157 Domino

534 1208 710 1284 (Psal.
766 1221 920 1274 xxxi,
970 1203 1083 1277 11).
1144 1202 1285 1259 Dicit
1313 1209 1368 1258 et
1413 1200 1511 1257 tibi
1562 1195 1907 1270 Apostolus:
1965 1193 2131 1251 Omne

533 1301 789 1378 gaudium
833 1298 1133 1355 existimate
1171 1296 1364 1367 fratres
1405 1293 1527 1362 mei,
1556 1309 1673 1349 cum
1712 1293 1768 1347 in
1819 1289 2132 1347 tentationes

534 1396 710 1453 varias
739 1392 1028 1450 incideritis
1051 1389 1195 1464 (Jac.
1227 1405 1269 1458 ι,
1297 1388 1374 1461 2).
1405 1388 1601 1445 Audiat
1622 1385 1771 1460 (575)
1796 1386 1959 1459 igitur
1980 1384 2133 1440 laetus

533 1503 604 1546 ne
632 1486 962 1569 insolescat:
1008 1482 1096 1540 Va:
1136 1484 1303 1550 vobis,
1334 1483 1425 1554 qui
1463 1480 1665 1549 ridetis,
1706 1480 1831 1551 quia
1857 1476 2134 1550 plorabitis

534 1588 584 1637 et
612 1579 803 1654 ﬂebitis
834 1578 988 1651 (Luc.
1012 1593 1088 1644 vr,
1116 1575 1231 1647 21).
1264 1574 1459 1631 Audiat
1485 1573 1656 1631 tristis
1701 1588 1768 1629 ne
1791 1578 2132 1629 amarescat:

536 1656 691 1727 Beati
712 1670 802 1742 qui
824 1684 962 1724 nunc
984 1668 1141 1739 ﬂetis,
1173 1666 1298 1738 quia
1336 1664 1593 1721 ridebitis.
1640 1664 1821 1721 Laetus
1852 1682 1866 1719 :
1900 1663 2137 1721 Gaudete

2233 1003 2340 1060 Cor
2360 1001 2638 1058 stultorum
2656 1000 2748 1055 ubi
2782 997 2995 1077 Iustitia,
3022 1004 3071 1050 et
3100 992 3420 1064 sapientium
3468 988 3560 1045 ubi
3603 983 3821 1042 tristitia

2232 1097 2431 1169 (Eccle.
2463 1112 2560 1164 vu,
2588 1095 2665 1167 5).
2697 1094 2797 1151 Cui
2841 1092 2949 1159 ille,
2984 1092 3078 1162 qui
3118 1087 3384 1161 superius,
3415 1082 3555 1142 satis
3583 1078 3825 1139 concinit

2233 1194 2382 1249 laute
2413 1211 2427 1250 :
2454 1190 2667 1258 Utilior,
2700 1188 2971 1260 inquiens,
3014 1200 3151 1257 stupe
3198 1180 3413 1238 tristitia
3439 1186 3539 1247 est,
3587 1191 3708 1249 quae
3735 1190 3825 1230 ce-

2233 1287 2409 1342 mitent
2452 1284 2581 1342 solet
2629 1282 2820 1338 habere
2863 1280 3196 1353 grauitatem.
3239 1274 3394 1333 Alius
3442 1273 3577 1330 item
3620 1289 3636 1326 :
3676 1268 3826 1342 Ipso.

2235 1380 2434 1453 inquit,
2471 1390 2648 1435 nostro
2679 1376 2819 1432 Deus
2860 1374 3051 1448 gaudet
3099 1373 3363 1437 lamenta;
3390 1367 3536 1424 unde
3586 1364 3827 1453 diciturs

2235 1452 2371 1527 Ante
2391 1471 2602 1526 ruinam
2622 1468 2915 1525 exaltatum
2943 1481 3036 1520 cor
3074 1463 3260 1537 (Prov.
3293 1458 3568 1529 xv1,18);
3613 1464 3674 1512 et
3698 1452 3833 1510 illud

2238 1565 2381 1638 quod
2422 1563 2638 1621 tametsi
2691 1561 2838 1636 (376)
2876 1561 2943 1618 de
2990 1561 3172 1615 futura
3218 1555 3520 1630 perditione
3566 1549 3835 1614 maxime;

2240 1666 2422 1714 tamen
2442 1666 2500 1714 et
2530 1657 2597 1713 de
2616 1654 2870 1727 praesenti
2896 1660 3079 1725 potest
3103 1648 3327 1722 intelligi
3365 1653 3692 1704 eventurum
3732 1654 3832 1696 vn-

536 1761 678 1839 quod
706 1731 919 1817 nomina
940 1731 1332 1829 vestrascripta
1360 1767 1479 1812 sunt
1503 1758 1558 1811 in
1580 1754 1708 1812 cwlo
1750 1754 1905 1829 (Luc.
1939 1771 1992 1823 ι,
2017 1752 2130 1826 20).
2161 1745 2209 1807 Β
2238 1753 2432 1809 rietate
2462 1769 2476 1807 :
2510 1751 2670 1806 Risus
2699 1748 2880 1805 dolore
2923 1746 3245 1813 miscebitur,
3290 1754 3338 1800 et
3365 1751 3603 1799 etimne
3647 1731 3836 1810 gauli

541 1854 789 1913 Tristis:
836 1853 1042 1911 Iterum
1079 1862 1257 1909 autem
1306 1851 1487 1908 uidebo
1535 1866 1648 1919 vos,
1702 1859 1750 1905 et
1772 1849 2019 1922 gaudebit
2045 1863 2135 1903 cor

541 1956 794 2015 vestrum,
830 1953 882 2002 et
930 1945 1186 2018 gaudium
1232 1952 1463 2001 vestrum
1509 1958 1659 1999 nemo
1708 1942 1854 1999 tollet
1904 1961 1938 1999 a
1991 1942 2136 1999 vobis

541 2037 728 2115 (Joan.
761 2053 876 2108 xvr,
907 2032 1022 2110 22).
1072 2035 1293 2094 Laetus:
1344 2034 1448 2107 Spe
1491 2034 1776 2107 gaudentes
1818 2033 1992 2108 (Rom.
2033 2050 2135 2104 xu,

541 2130 656 2204 12).
685 2128 920 2188 Tristis:
958 2129 1126 2196 Quasi
1158 2129 1355 2197 tristes,
1398 2142 1601 2199 semper
1641 2137 1815 2182 autem
1854 2126 2139 2199 gaudentes

542 2225 644 2308 (Il
672 2224 814 2303 Cor.)
849 2240 928 2293 vr,
977 2215 1097 2296 10).
1153 2207 1356 2282 Audiat
1397 2222 1586 2294 utique
1628 2221 1848 2278 tristis:
1904 2219 2142 2278 Gaudete

533 2319 675 2392 justi
704 2321 760 2375 in
790 2317 1017 2376 Domino
1043 2318 1217 2393 (Psal.
1248 2333 1381 2386 urit,
1410 2316 1485 2390 1).
1512 2317 1693 2375 Ltetus
1721 2336 1736 2372 :
1765 2315 1969 2388 Plange
1989 2312 2144 2387 quasi

540 2413 686 2488 uirga
717 2411 876 2485 (Jbel.
902 2429 944 2480 ι,
975 2411 1053 2484 8).
1083 2410 1279 2468 Tristis
1307 2428 1321 2465 :
1352 2409 1607 2467 Gaudeet
1632 2408 1847 2480 .lwtare,
1874 2407 1990 2479 ﬁlia
2012 2405 2145 2465 Sion

548 2504 772 2579 (Thren.
798 2520 875 2573 tv,
902 2504 1018 2577 21).
1052 2502 1235 2561 Laetus
1265 2519 1280 2558 :
1311 2502 1583 2570 Quantum
1610 2500 1863 2559 exultavit
1904 2516 1981 2568 se,
2012 2508 2061 2555 et
2089 2500 2148 2556 in

541 2601 749 2657 deliciis
793 2607 842 2656 et
903 2598 1091 2654 lwtitiu
1137 2596 1281 2667 fuit,
1330 2605 1534 2652 tantum
1584 2596 1707 2651 date
1756 2596 1805 2650 ei
1845 2595 2048 2651 luctum
2076 2595 2148 2651 ὀι

541 2692 815 2766 planctum
849 2692 1035 2766 (Apoc.
1068 2707 1227 2760 xvm,
1273 2689 1350 2761 7).
1399 2689 1599 2747 Audiat
1630 2688 1802 2746 tristis
1833 2704 1847 2746 :
1881 2688 2148 2746 Tristatur

545 2785 737 2858 aliquis
762 2786 1038 2843 uestrum?
1066 2784 1191 2842 Oret
1228 2802 1377 2858 aequo
1402 2785 1580 2841 animo
1608 2792 1658 2839 et
1690 2782 1885 2855 psallat
1915 2783 2055 2857 (Jac.
2079 2799 2141 2853 ν.

556 2881 670 2955 15).
702 2881 907 2939 Audiat
952 2879 1155 2937 laetus:
1209 2878 1451 2935 Hilarem
1494 2878 1734 2933 datorem
1784 2876 1957 2950 diligit
2005 2877 2150 2935 Deus

550 2970 639 3046 (ΙΙ
671 2970 795 3028 Cor.
842 2988 924 3039 ix,
948 2971 1026 3044 7).
1055 2971 1182 3029 Haec
1224 2971 1407 3042 itaque
1443 2970 1550 3027 duo
1576 2970 1651 3024 ita
1690 2970 1963 3041 compegi,
1994 2977 2056 3026 ut
2090 2977 2147 3026 et

2239 1847 2409 1903 luctus
2454 1853 2673 1917 occupat
2702 1842 2887 1916 (Prae.
2922 1856 3035 1909 utr,
3071 1840 3181 1912 15).
3213 1836 3495 1907 Quomodo
3531 1847 3667 1906 ergo
3694 1830 3838 1886 inter

2238 1939 2355 1997 haec
2377 1948 2611 2010 utraque
2662 1943 2866 1993 statum
2917 1931 3117 1990 mentis
3170 1930 3367 1987 debeat
3409 1921 3712 1989 moderari,
3744 1928 3842 1978 ui

2238 2033 2453 2104 pienter
2483 2039 2536 2088 te
2556 2029 2717 2087 docet
2740 2026 2834 2099 qui
2865 2025 2999 2083 dicit
3025 2042 3039 2080 :
3070 2023 3140 2083 In
3170 2022 3259 2079 die
3278 2019 3546 2077 Malorum
3565 2034 3634 2074 ne
3655 2018 3845 2073 ianuis-

2241 2142 2359 2182 mor
2386 2126 2460 2181 sis
2493 2123 2767 2190 bonorum,
2800 2130 2849 2177 et
2874 2121 2931 2177 in
2973 2119 3061 2175 die
3086 2118 3344 2174 bonorum
3364 2130 3430 2172 ne
3456 2115 3743 2170 immemor
3766 2110 3845 2166 sis

2242 2217 2506 2275 malorum
2538 2214 2731 2291 (Eccli.
2756 2230 2836 2283 ιι,
2885 2210 2999 2286 27).
3030 2210 3146 2268 Hoc
3167 2206 3316 2267 enim
3354 2207 3502 2265 facto
3528 2219 3637 2264 nec
3656 2201 3844 2261 latitia

2244 2311 2596 2379 dissolutum,
2646 2324 2749 2367 nec
2799 2306 3022 2365 tristitia
3064 2304 3232 2363 faciet
3276 2305 3670 2376 desperatum:
3701 2296 3848 2371 quod

2246 2403 2632 2463 facundissime
2675 2401 2768 2458 ille
2803 2397 3244 2471 incomparabilis
3286 2392 3511 2468 eloquii,
3556 2398 3727 2464 supra
3752 2388 3848 2463 qui

2244 2498 2431 2571 paulo,
2460 2510 2558 2555 ore
2585 2494 2854 2569 depromit
2898 2492 3047 2568 (377)
3077 2504 3243 2549 aureo
3269 2508 3283 2547 :
3316 2488 3379 2547 Si
3411 2502 3537 2561 qua,
3570 2482 3850 2558 inquiens;

2244 2602 2327 2651 est
2358 2594 2628 2665 praesentis
2654 2589 2901 2663 temporis
2922 2588 3129 2656 lcetitia,
3159 2588 3234 2644 ita
3261 2598 3337 2645 est
3366 2585 3593 2660 agenda,
3622 2591 3682 2640 ut
3712 2589 3852 2638 nul-‘-

2250 2705 2412 2764 quam
2439 2688 2738 2744 amaritudo
2764 2686 3025 2759 sequentis
3058 2684 3301 2758 supplicii
3326 2684 3539 2741 recedat
3573 2698 3609 2738 α
3652 2688 3851 2738 W

2254 2785 2357 2841 ria.
2384 2782 2481 2841 His
2508 2783 2584 2839 ita
2609 2779 2895 2851 confectis,
2938 2776 3278 2854 pensandum
3321 2786 3408 2837 εει
3453 2776 3677 2848 cuique,
3705 2771 3853 2829 unde

2252 2877 2309 2933 in
2337 2877 2597 2950 praesenti
2622 2874 2857 2947 gaudere
2885 2873 3097 2941 debeat,
3125 2887 3195 2929 ne
3217 2870 3270 2928 in
3300 2869 3483 2928 l'uttiro
3513 2866 3739 2934 doleat;

2254 2942 2399 3026 unde
2434 2942 2666 3037 tristari,
2696 2978 2765 3023 ne
2809 2975 2995 3023 notam
3026 2963 3269 3021 rancoris
3295 2962 3584 3020 incurrat:
3628 2968 3761 3015 nam
3793 2942 3856 3011 et

547 3063 726 3121 tristis
754 3078 1047 3121 tumorem
1072 3063 1497 3137 aequanimitate,
1529 3062 1799 3131 oratione,
1822 3071 1877 3118 et
1916 3063 2146 3131 crebris,
2188 3128 2223 3137 _
2255 3064 2438 3121 rident
2462 3062 2711 3121 homines
2731 3062 2786 3118 in
2809 3058 3066 3134 praesenti
3084 3065 3141 3116 et
3156 3056 3402 3130 plorant;
3430 3064 3487 3112 et
3504 3051 3654 3125 quod
3671 3048 3857 3107 rident

548 3156 597 3214 si
626 3155 696 3213 ad
720 3155 824 3213 hoc
846 3154 1074 3215 idoneus
1098 3128 1200 3224 est,
1227 3128 1541 3227 psalmodiis
1560 3128 1811 3227 mitigare
1835 3128 2149 3225 cantendat,
2179 3128 2226 3196 (ἶ
2256 3176 2399 3236 saepe
2446 3158 2769 3233 plorandum
2810 3128 2919 3225 est,
2972 3165 3027 3214 et
3068 3128 3214 3228 quod
3254 3152 3436 3212 dolent
3483 3144 3855 3226 gaudendum.

552 3264 626 3304 ne
652 3247 711 3325 in
741 3264 1025 3307 rancorem
1053 3249 1292 3317 incidat;
1313 3258 1369 3308 et
1388 3248 1545 3306 laetus
1573 3249 1908 3306 hilaritatem
1936 3250 2021 3306 sui
2042 3263 2151 3308 non

549 3341 659 3429 alio
690 3341 769 3415 [id
793 3351 871 3397 est
914 3341 1097 3417 aliter]
1149 3355 1313 3415 quam
1357 3359 1482 3399 cum
1527 3340 1621 3398 Dei
1653 3341 1831 3416 gratia
1860 3342 1936 3403 .in
1973 3341 2154 3414 operi-

548 3435 653 3492 bus
675 3436 835 3493 bonis
863 3435 977 3494 Deo
1003 3436 1292 3495 ostendere
1320 3437 1482 3510 183
1509 3437 1788 3494 humiliter
1816 3440 2050 3511 sataga't,
2082 3450 2153 3495 ne

550 3526 816 3585 olfensam
844 3544 945 3600 pro
984 3529 1172 3587 laetitia
1212 3531 1488 3598 incurrat,
1517 3538 1574 3587 et
1623 3530 1829 3604 [supple
1856 3530 1937 3605 ut]
1988 3530 2153 3588 meri-

550 3631 667 3680 tum
712 3638 816 3695 pro
866 3624 1135 3682 beneﬁcio
1187 3632 1478 3697 prazparet.
1529 3625 1746 3681 Dictum
1789 3633 1875 3682 est
1920 3625 2066 3681 enim
2119 3641 2153 3682 a

552 3716 815 3787 quodam,
845 3724 906 3773 ut
934 3717 1119 3786 credo,
1170 3718 1525 3776 veracissime
1570 3717 1737 3790 (hanc
1776 3718 1923 3775 enim
1949 3729 2153 3790 praero-

550 3808 797 3880 gativam
820 3808 925 3883 sibi
942 3808 1155 3866 dicendi
1174 3812 1512 3882 comparavit
1537 3811 1797 3882 puritate,
1812 3818 1872 3867 ut
1892 3811 1958 3868 de
1983 3810 2153 3882 ipsius

554 3900 873 3957 testimonio
920 3900 1101 3957 nullus
1155 3901 1349 3959 debeat
1402 3902 1696 3973 dubitare)
1746 3920 1762 3958 :
1812 3900 1927 3970 Qui
1960 3912 2154 3973 partem

555 3993 728 4066 egenti
774 3992 956 4048 tribuit
998 3994 1206 4061 tristis,
1250 4006 1298 4049 et
1344 4011 1535 4065 partem
1580 4005 1632 4050 et
1667 3996 1912 4051 meritum
1956 3997 2151 4066 perdit.

554 4086 700 4144 .llinc
722 4094 780 4142 et
804 4085 897 4142 ille
926 4085 1021 4157 qui
1046 4085 1317 4156 superius,
1346 4084 1403 4141 id
1437 4094 1523 4142 est
1566 4085 1925 4158 Augustinus,
1958 4087 2152 4157 saepis-

556 4182 700 4239 sime
730 4198 745 4236 :
775 4180 834 4237 Si
855 4188 977 4236 cum
1005 4178 1297 4248 hilaritate,
1327 4179 1525 4251 inquit,
1554 4178 1747 4235 bonum
1773 4180 1931 4250 facis,
1984 4188 2155 4236 tecum

556 4277 732 4348 facis;
764 4276 810 4332 si
840 4283 1016 4331 autem
1043 4290 1163 4330 cum
1192 4274 1433 4341 tristitia,
1459 4274 1521 4344 ﬁt
1543 4275 1609 4329 de
1637 4284 1707 4342 te,
1753 4289 1859 4331 non
1900 4284 1958 4330 tu
1998 4274 2152 4346 facis.

560 4368 699 4425 Cum
747 4369 931 4441 itaque
960 4366 1326 4440 importunius
1360 4365 1658 4438 temporale
1701 4367 1959 4440 gaudium
2003 4365 2154 4426 cordi

561 4462 830 4533 subrepit,
885 4462 1215 4534 respondeat
1258 4462 1404 4520 intus
1451 4463 1765 4520 moderatus
1799 4464 1953 4534 vigor
1985 4463 2153 4520 animi

2255 3257 2418 3314 Ridet
2443 3255 2588 3313 enim
2616 3254 2737 3325 quis
2764 3242 2908 3326 quod
2948 3248 3269 3322 plorandum
3314 3253 3420 3314 est,
3465 3245 3609 3303 sicut
3638 3243 3711 3315 de
3734 3238 3861 3326 quié

2252 3348 2485 3408 busdam
2533 3322 2731 3406 dicitur
2779 3322 2800 3402 ξ
2847 3340 3122 3402 Lwtantur
3169 3354 3288 3397 cum
3326 3338 3464 3396 male
3506 3336 3768 3409 fecerint,
3808 3322 3860 3388 ei

2253 3442 2518 3501 exsultant
2547 3441 2605 3498 in
2626 3440 2780 3497 rebus
2802 3437 3041 3512 pessimis
3074 3434 3259 3509 (Prov.
3287 3449 3352 3504 ιι,
3378 3428 3490 3506 11).
3515 3430 3654 3487 Item
3676 3422 3859 3501 plorat

2254 3536 2473 3609 aliquis,
2509 3546 2635 3593 cum
2665 3534 2715 3591 ei
2746 3526 2951 3605 aliquid
2976 3529 3191 3587 adversi
3222 3525 3550 3599 contigerit;
3604 3532 3731 3579 cum
3757 3530 3859 3592 po.

2252 3630 2362 3685 tius
2389 3626 2731 3700 gaudendum
2759 3630 2906 3682 esset
2933 3620 3030 3690 illi,
3064 3619 3189 3693 quia
3223 3636 3238 3674 :
3264 3617 3431 3687 Quem
3458 3615 3633 3687 diligit
3674 3610 3862 3669 Domi“.

2255 3737 2355 3779 nus
2381 3720 2619 3793 corripit,
2642 3716 2876 3791 ﬂagellat
2902 3725 3077 3772 autem
3107 3726 3313 3770 omnem
3338 3708 3516 3783 ﬁlium
3544 3716 3705 3782 gnem
3731 3702 3860 3761 reci;

2252 3817 2328 3890 pit
2351 3812 2539 3888 (Hebr.
2569 3828 2671 3881 xu,
2697 3810 2808 3885 16).
2834 3808 2989 3873 Unde
3009 3808 3175 3881 igitur
3196 3813 3411 3880 oportet
3437 3800 3597 3876 1'83
3618 3792 3860 3874 gaudere

2256 3907 2363 3966 nisi
2392 3906 2457 3965 de
2476 3906 2726 3979 profectu
2756 3901 3025 3975 piorum?
3065 3900 3219 3959 Unde
3262 3898 3469 3953 tristari
3514 3895 3621 3951 nisi
3653 3893 3724 3949 de
3768 3890 3861 3949 tle—

2256 4001 2411 4058 fectu
2430 3995 2846 4057 eorumiUnde
2893 3993 3129 4064 gaudere
3175 3989 3280 4047 nisi
3330 3992 3395 4046 de
3428 3982 3693 4045 felicitate
3736 3990 3860 4056 pro-

2254 4091 2422 4147 inissa
2444 4089 2469 4143 ‘i
2499 4084 2652 4145 Unde
2681 4084 2889 4142 tristari
2917 4083 3024 4140 nisi
3047 4083 3114 4140 de
3139 4078 3579 4155 peregrinatione
3609 4078 3716 4134 hac
3732 4072 3856 4133 diu-

2259 4180 2461 4238 turna?
2489 4178 2634 4235 Leve
2655 4176 2800 4234 enim
2825 4182 2909 4233 est
2956 4173 3288 4231 desiderium
3327 4172 3540 4244 patriae,
3584 4169 3634 4226 si
3664 4167 3861 4225 desunt

2255 4275 2475 4348 penitus
2505 4272 2761 4344 lacrymze
2786 4269 2842 4327 in
2870 4267 3312 4342 peregrinatione
3338 4282 3352 4333 ;
3381 4272 3438 4321 et
3464 4262 3664 4336 frigida
3695 4260 3860 4318 nimis

2259 4380 2442 4447 torpet
2485 4372 2727 4431 cbaritas
2778 4370 2834 4427 in
2880 4366 3068 4435 corde,
3118 4364 3166 4422 si
3205 4365 3272 4422 de
3312 4361 3561 4436 profectu
3610 4352 3857 4427 fraterno

2258 4468 2513 4541 gaudere,
2563 4472 2617 4522 et
2646 4479 2745 4535 pro
2790 4456 3006 4518 defectu
3048 4456 3224 4515 nescit
3268 4449 3597 4507 omnimodis
3629 4448 3854 4516 dolere;

562 4556 753 4616 dolens
807 4555 876 4612 de
914 4556 1157 4612 caecitate
1205 4558 1487 4623 praesentis
1544 4556 1763 4612 saeculi:
1817 4512 1988 4618 Oouale
2025 4558 2155 4608 mihi
2179 4512 2235 4577 Β
2260 4512 2909 4620 ῗιηάθνοιιΔῐιειῖειίιιιῐέῖ
2925 4512 3209 4613 ait,
3239 4543 3491 4617 patriam,
3525 4552 3573 4598 et
3603 4540 3755 4599 valde
3778 4512 3855 4597 ri;

562 4650 819 4724 gaudium
836 4649 956 4716 erit,
977 4647 1068 4719 qui
1086 4647 1145 4701 in
1172 4645 1398 4701 tenebris
1423 4644 1597 4711 sedeo,
1630 4651 1678 4699 et
1706 4643 1883 4699 lumen
1913 4642 2027 4699 coeli
2048 4648 2154 4699 non

560 4744 749 4801 video?
773 4741 926 4815 (Τοῦ.
950 4756 1008 4809 v,
1038 4738 1152 4811 12.)
1183 4736 1392 4795 Rursus
1418 4738 1545 4794 dum
1588 4751 1710 4794 sese
1740 4736 1959 4793 tristitia
2007 4736 2152 4793 into-

560 4834 861 4892 lerabiliter
889 4833 1108 4905 ingerit,
1136 4839 1317 4886 erecta
1346 4829 1404 4883 in
1433 4842 1616 4885 arcem
1658 4827 1859 4883 mentis
1889 4834 2151 4882 constan-

558 4929 644 4986 tia
667 4928 855 4985 dicat:
910 4924 1043 4993 Quis
1087 4938 1183 4980 nos
1228 4920 1489 4994 separabit
1535 4937 1569 4975 ιι
1621 4920 1875 4975 charitate
1904 4916 2154 4975 Christi?

558 5019 837 5072 tribulatio
860 5018 886 5072 ?
914 5033 983 5072 an
1011 5015 1297 5072 anaustia?
1323 5012 1501 5072 (Rom.
1529 5027 1649 5072 vm,
1681 5011 1798 5072 55.)

2263 4653 2489 4716 tuperat,
2517 4642 2607 4716 qui
2636 4650 2783 4713 putat
2806 4640 2906 4697 sibi
2928 4639 3052 4695 bene
3075 4653 3207 4707 esse,
3239 4654 3358 4694 cum
3394 4636 3784 4711 peregrinatur.

2332 4738 2418 4794 19.
2459 4712 2557 4793 Est
2584 4712 2748 4792 etiam
2771 4733 2875 4789 alia
2905 4748 3011 4790 non
3041 4731 3242 4789 usitata
3272 4730 3492 4803 quidem
3530 4730 3741 4797 multis,
3763 4712 3857 4787 sed

2261 4840 2444 4888 tamen
2468 4826 2770 4885 Dominicis
2798 4827 3052 4882 mandata
3083 4822 3374 4897 prmceptis
3417 4836 3583 4879 causa
3612 4823 3857 4881 exSulta-

2257 4923 2440 4980 tionis.
2472 4919 2817 4977 Enumeratis
2844 4918 3171 4990 quibusdam
3194 4916 3402 4991 quippe
3423 4914 3718 4973 adventum
3743 4915 3857 4988 ejus

2260 5014 2695 5072 praecedentibus
2725 5012 2913 5072 signis.
2944 5012 3023 5068 ait
3050 5012 3336 5072 discipulis
3366 5029 3381 5067 :
3410 5008 3510 5066 His
3539 5016 3718 5066 autem
3740 5006 3857 5072 ﬁeri
