4018 5406
249 174 363 230 555

1229 173 1798 242 I’lL-ELOQUURUM
1834 175 2013 232 LIBRI
2055 176 2206 232 SEX.
2253 205 2319 215 —-
2358 177 2484 231 LIB.
2529 179 2614 232 VI.

3443 191 3552 249 554

251 295 430 353 sistis.
469 294 637 350 Valde
679 301 857 348 autem
905 292 1246 348 metuendum
1296 294 1398 348 hoc
1448 293 1692 364 exemplo
1735 295 1852 349 cui-
1881 299 1929 359 Α
1960 311 2054 365 spe
2086 293 2250 349 futuri
2279 284 2444 360 boni;
2483 295 2606 351 etsi
2637 298 2837 366 gaudes
2875 297 2940 353 ad
2987 303 3279 371 temporale
3308 319 3552 366 commo-

252 405 423 460 qnam
451 386 761 442 Christiano
788 387 852 442 de
892 386 1238 456 percussione
1286 385 1469 439 mundi
1512 385 1709 449 dolere,
1763 402 1849 453 ne,

257 483 383 538 dum
408 480 675 535 mundum
702 479 1076 550 comp-alicnde
1099 479 1147 532 ei
1166 476 1589 548 deprehenditur
1610 477 1853 548 diligere,

235 574 584 646 [inimicitias
610 572 704 628 Dei
725 573 972 627 videatur
996 572 1290 635 incurrere,
1320 569 1577 640 Apostolo
1602 569 1856 625 terribili-

231 659 250 730 ἷ
281 679 336 726 er
359 669 657 724 intonante
687 685 700 721 :
739 667 1047 735 Quicunque
1074 663 1290 718 voluerit
1322 664 1520 717 amicus
1546 680 1653 717 esse
1675 662 1855 718 sa’culi

225 743 438 835 iiinjus,
473 763 721 818 inimicus
765 760 856 814 Dei
889 759 1226 813 constituitur
1264 755 1405 829 (Jac.
1438 773 1514 823 ιν,
1549 757 1626 829 τί).
1671 755 1856 827 Neque

243 781 438 835 muns,
473 781 721 818 tmmtcus
765 781 855 814 υει
889 781 1226 813 consumitur
1264 781 1405 829 (JUC.
1438 781 1514 823 ιγ,
1549 781 1626 829 ιι).
1671 781 1856 827 neque

213 781 236 962 I
284 858 398 915 .nim
434 857 734 927 lugendum
774 865 852 910 cst
879 856 930 909 in
961 853 1214 925 precibus
1243 869 1340 924 pro
1368 869 1426 908 re
1458 863 1696 919 terrena,
1728 853 1857 923 quia

255 953 688 1024 videlicetjnxta
721 953 921 1009 dictum
953 951 1202 1022 Gregorii
1229 950 1464 1005 fructum
1512 950 1721 1006 nullum
1762 950 1856 1005 ha-

252 1045 382 1104 bent
425 1046 690 1112 lamenta,
735 1060 852 1116 qua:
887 1059 1010 1098 cum
1053 1042 1310 1113 lacrymis
1351 1043 1569 1097 student
1615 1057 1859 1112 quan'ere

251 1143 522 1214 peritura,
558 1141 706 1211 quod
737 1148 792 1194 et
813 1139 956 1193 Esau
989 1137 1646 1208 approbatconsternatio
1680 1152 1853 1192 cassa.

254 1237 603 1305 Quanquam,
643 1233 766 1289 licet
795 1233 1091 1295 moderate,
1121 1232 1285 1287 etiam
1330 1231 1394 1287 de
1427 1231 1587 1286 rebus
1619 1231 1858 1286 minimis

254 1329 425 1387 Deum
469 1337 725 1402 oporteat
776 1328 1010 1399 precari,
1061 1327 1167 1393 vel,
1219 1327 1360 1382 sicut
1409 1327 1462 1380 in
1498 1327 1683 1381 Timeo
1729 1325 1859 1381 dicit

252 1422 430 1489 Plato,
463 1422 560 1477 Dei
613 1422 923 1492 praesidium
966 1420 1265 1491 implorari.
1297 1419 1434 1485 Quid
1464 1428 1641 1474 autem
1674 1419 1728 1472 in
1779 1426 1856 1472 ta-

251 1517 394 1574 libus
424 1519 498 1572 sit
525 1517 812 1588 agendum,
847 1523 1117 1571 monstrat
1150 1515 1404 1570 llabacuc
1431 1516 1708 1584 propheta:
1737 1529 1861 1569 ora-

254 1609 459 1675 culum,
482 1611 575 1679 qui
595 1610 721 1664 dum
745 1608 1004 1679 quasdam
1028 1607 1211 1663 sicculi
1235 1607 1633 1662 dinumerassct
1655 1606 1856 1672 clades,

1960 385 2107 451 dum,
2159 385 2289 439 time
2328 395 2589 440 aeternum
2617 386 2897 456 judicium.
2933 389 3343 451 Consiliatorem
3383 399 3550 470 enim,

1957 486 2017 532 ut
2048 477 2124 532 ait
2153 477 2469 550 Gregorius,
2522 480 2761 536 animum
2804 483 3096 553 inhabitat,
3126 488 3219 558 qui
3262 489 3447 550 dolens
3482 496 3553 553 de

1959 570 2318 641 prmsentihns
2346 571 2410 625 ad
2431 580 2632 626 aeterna
2664 572 2903 630 festinat.

2030 663 2119 717 20.
2161 661 2362 718 Verum
2409 665 2536 734 quia
2585 665 2649 719 ad
2681 665 2886 723 calcem
2931 687 3050 738 nos,
3100 670 3211 730 Deo
3256 688 3550 747 annuente,
3601 678 3614 734 Ἰ

1958 754 2205 812 videmur
2238 757 2603 829 propinquare
2651 760 2952 833 prmloquii,
2998 769 3298 825 cavendum
3345 780 3430 827 est
3479 787 3552 828 ne

1957 851 2338 919 properantius
2363 868 2523 922 quam
2569 851 2782 922 expedit
2828 853 3166 927 festinantes,
3208 863 3335 932 quia
3381 863 3552 921 semel

1960 941 2224 1011 coepimus
2267 958 2454 998 omnes
2499 943 2821 1013 admonere,
2873 948 3105 1019 aliquem
3159 953 3556 1026 relinquamus,

1961 1033 2196 1104 aliquem
2222 1035 2560 1107 negligamns
2589 1056 2600 1090 :
2633 1039 2773 1107 quod
2817 1055 2884 1094 ne
2931 1041 3042 1109 fiat,
3075 1043 3263 1100 hortor
3291 1055 3346 1102 et
3373 1049 3562 1106 admo-

1960 1143 2062 1183 nco
2092 1136 2151 1182 ut
2199 1143 2386 1183 omnes
2429 1128 2744 1196 Christiani,
2796 1147 2982 1188 omnes
3031 1135 3332 1205 baptizati,
3375 1141 3555 1198 omnis

1961 1223 2113 1289 ordo,
2164 1223 2425 1291 conditio,
2477 1240 2659 1290 sexus,
2702 1234 2853 1293 tetas,
2905 1235 2958 1281 et
2998 1231 3286 1298 professio,
3334 1233 3553 1300 divites,

1962 1316 2282 1382 mediocres,
2316 1327 2369 1372 et
2395 1333 2681 1388 pauperes,
2715 1321 2830 1374 sani
2875 1329 2930 1376 et
2975 1321 3197 1391 inﬁrmi,
3237 1325 3468 1396 juvenes
3499 1338 3558 1386 et

1963 1424 2140 1474 senes,
2176 1410 2385 1480 ipsique
2415 1409 2672 1478 infantes,
2721 1423 3037 1484 peccatores
3084 1426 3138 1473 et
3175 1418 3329 1488 justi,
3366 1422 3556 1480 clerici

1963 1510 2015 1557 et
2042 1501 2186 1567 laici,
2213 1518 2424 1568 omnes,
2455 1502 2694 1574 inquam,
2728 1505 2874 1560 nullo
2903 1507 3110 1576 relicto,
3136 1511 3280 1566 nullo
3303 1523 3551 1585 excepto,

1963 1593 2053 1662 qui
2086 1603 2291 1664 partem
2327 1596 2509 1650 volunt
2553 1598 2756 1653 habere
2797 1599 2850 1652 in
2880 1598 3095 1657 'Christi
3135 1619 3324 1676 regno,
3364 1622 3556 1664 omnes

257 1702 596 1757 concludens
631 1700 876 1769 adjunxit
906 1716 920 1754 :
950 1699 1063 1771 Ego
1094 1709 1263 1754 autem
1299 1702 1350 1753 in
1373 1700 1597 1754 Domino
1624 1699 1855 1769 gaudebo

1965 1689 2173 1759 seipsos
2223 1691 2479 1757 excitent,
2532 1694 2740 1760 scipsos
2785 1697 3132 1764 admoneant,
3183 1715 3371 1756 omnes
3398 1715 3559 1758 aures

255 1794 488 1866 (Hebae.
538 1811 621 1859 ιιι,
675 1794 784 1863 18).
841 1794 906 1864 Et
952 1792 1239 1847 Psalmista
1271 1811 1283 1846 :
1313 1791 1624 1859 Lmtabitur,
1660 1793 1852 1863 inquit,

253 1888 454 1953 iustus,
487 1903 603 1941 cum
631 1887 812 1940 ridcrit
839 1885 1117 1940 uindictam
1153 1884 1329 1957 (Psal.
1381 1901 1509 1950 Lvu,
1545 1886 1667 1956 Ii);
1706 1885 1854 1940 vide-

249 1978 382 2034 licet
415 1979 594 2034 sciens
620 1979 812 2034 adesse
858 1979 908 2032 in
944 1979 1189 2046 proximo
1238 1978 1729 2034 remunerationem
1758 1979 1855 2035 bo-

249 2087 470 2137 norum,
506 2088 631 2128 cum
665 2071 1103 2127 crebrescentem
1137 2070 1432 2126 vindictam
1455 2071 1656 2125 viderit
1687 2071 1858 2126 malo-

248 2181 395 2222 rum.
444 2167 734 2237 Itemque:
784 2165 976 2220 Renuit
1026 2165 1288 2219 consolari
1337 2167 1515 2220 animo
1538 2182 1654 2220 mea
1680 2166 1852 2234 (Psal.

249 2275 359 2323 ιιι,
386 2259 466 2330 5).
499 2257 612 2313 iioc
655 2258 838 2328 itaque
883 2266 965 2312 est
1016 2257 1272 2328 gaudium
1321 2259 1477 2314 bonis
1523 2260 1855 2329 specialissi-

249 2369 424 2418 mum,
473 2352 602 2408 huic
656 2350 840 2406 nullus
889 2351 1257 2406 communicat
1303 2351 1612 2421 impiorum.
1653 2354 1711 2408 In
1755 2353 1857 2409 hoc

247 2447 398 2500 enim
426 2443 625 2501 saeculo
650 2443 807 2514 impii
839 2458 990 2511 mque
1018 2452 1074 2496 ut
1093 2441 1230 2511 justi
1255 2451 1313 2498 et
1335 2442 1576 2514 gaudere
1603 2443 1858 2500 videntur

247 2549 306 2595 et
333 2538 488 2596 allici.
517 2540 771 2596 Gaudent
795 2539 939 2595 enim
963 2556 1088 2595 cum
1122 2541 1434 2612 acquirunt,
1481 2549 1705 2611 gemunt
1734 2557 1857 2597 cum

248 2635 506 2703 perdunt.
555 2633 822 2690 Similiter
873 2636 1086 2701 sancti,
1142 2644 1198 2691 et
1248 2651 1355 2690 non
1411 2635 1698 2703 similiter,
1730 2637 1855 2706 quia

248 2740 317 2780 ex
363 2727 522 2783 rebus
572 2729 740 2783 etiam
771 2726 1148 2785 differentibus
1182 2747 1194 2784 :
1248 2745 1374 2784 nam
1408 2729 1485 2784 illi
1515 2745 1615 2800 pro
1644 2731 1858 2787 damnis

251 2821 505 2886 terrenis,
547 2820 638 2875 isti
690 2836 791 2891 pro
843 2821 1155 2878 cmlestihus
1211 2822 1537 2890 desideriis;
1571 2833 1627 2879 et
1674 2833 1857 2879 tamen

248 2912 488 2984 gaudent
511 2914 687 2969 sancti
719 2930 843 2969 cum
889 2915 1179 2984 acquirunt
1208 2917 1396 2987 utique
1426 2915 1665 2972 fructum
1707 2917 1858 2972 labo-

250 3019 408 3071 rum;
437 3014 669 3062 mcerent
701 3015 882 3062 autem
909 3022 1032 3064 cum
1059 3010 1313 3078 perdunt,
1347 3009 1399 3063 id
1449 3018 1535 3064 est
1583 3025 1704 3065 cum
1751 3009 1854 3063 ali-

1963 1784 2140 1838 cordis
2168 1784 2460 1840 adhibeant
2493 1785 2567 1840 illi
2595 1788 2883 1856 parabolae,
2918 1807 3076 1861 quam
3105 1792 3171 1848 de
3201 1809 3328 1864 rege
3355 1803 3412 1850 et
3438 1804 3552 1851 ser-

1960 1875 2065 1942 vis,
2097 1876 2239 1931 bono
2265 1886 2319 1932 et
2366 1878 2508 1934 malo
2550 1879 2766 1950 (Matth.
2816 1900 2944 1952 xxv,
2997 1886 3110 1957 lii),
3155 1903 3385 1957 quorum
3417 1899 3558 1946 unus

1961 1967 2218 2037 quinque,
2243 1970 2379 2026 alius
2396 1972 2522 2039 duo,
2557 1975 2751 2031 tertius
2772 1992 2940 2032 unum
2960 1982 3294 2050 erogandum
3317 1985 3557 2053 suscepit

1959 2057 2244 2127 talentum,
2366 2106 2382 2118 .
2399 2065 2542 2119 osuit
2564 2067 2824 2124 Dominus
2852 2070 2982 2140 ipse.
3008 2071 3120 2127 Hoc
3145 2074 3310 2140 enim,
3330 2076 3474 2144 quod
3496 2075 3560 2130 il-

1958 2149 2070 2205 lum
2097 2152 2228 2208 dicit
2249 2153 2442 2226 egisse,
2468 2156 2581 2226 ipse
2611 2161 2847 2229 quotidie
2868 2177 2975 2216 non
3000 2163 3193 2218 desiuit
3216 2177 3410 2236 agere;
3436 2165 3552 2233 illa,

1959 2259 2078 2314 quae
2123 2247 2254 2317 ipsis
2292 2252 2584 2321 contigisse
2625 2261 2834 2320 narrat,
2865 2256 3132 2312 universis
3166 2257 3220 2312 in
3271 2258 3358 2314 die
3401 2257 3552 2329 judi-

1960 2337 2027 2393 cii
2053 2353 2152 2408 pro
2172 2340 2487 2398 diversitate
2511 2360 2736 2415 operum
2765 2347 3079 2417 contingere
3112 2347 3224 2420 (qui
3267 2350 3422 2405 habet
3453 2365 3554 2405 au-

1961 2456 2040 2496 res
2095 2443 2345 2497 audiendi
2384 2445 2568 2499 audiat
2599 2445 2816 2516 (Matth.
2846 2447 3040 2518 ΗΑΒ)
3089 2446 3356 2519 intelligat
3393 2457 3447 2505 et
3471 2449 3555 2504 in-

1959 2547 2288 2594 cunctanter
2315 2549 2592 2612 agnoscat.
2620 2541 2791 2598 Nemo
2816 2556 2875 2597 se
2901 2550 3081 2613 potest
3121 2557 3404 2606 excusare,
3431 2543 3559 2598 nul-

1958 2630 2069 2686 lum
2105 2632 2363 2687 talentum
2396 2635 2690 2705 accepisse,
2722 2635 2934 2692 etiamsi
2983 2635 3205 2692 omnino
3247 2635 3438 2692 debilis
3479 2636 3562 2692 vi-

1960 2725 2153 2782 deatur
2177 2741 2320 2792 esse,
2346 2745 2468 2784 cum
2498 2739 2554 2786 et
2598 2730 2712 2801 ipsa
2751 2731 3040 2786 inﬁrmitas
3077 2745 3221 2802 sche
3268 2731 3428 2786 detur
3458 2745 3558 2803 pro

1960 2833 2204 2877 munere.
2259 2821 2433 2878 liabet
2481 2823 2678 2895 aliquis
2711 2825 3078 2894 sapientiam?
3127 2823 3422 2878 Maximum
3454 2822 3558 2878 hoc

1959 2920 2044 2967 est
2073 2912 2353 2978 talentum,
2389 2914 2596 2970 nullum
2647 2915 2791 2970 enim
2843 2914 3034 2985 majus.
3086 2915 3262 2971 liabet
3293 2913 3558 2970 divitias?

1961 3017 2043 3064 ρει
2070 3009 2286 3080 quidem
2312 3011 2512 3077 minus,
2543 3011 2608 3067 ad
2631 3012 2960 3082 erogandum
2987 3010 3346 3082 aptissimum.
3378 3009 3562 3065 Utitur

250 3113 388 3167 quos
415 3100 480 3156 de
509 3101 795 3157 consortio
831 3102 914 3157 sui
951 3102 1206 3158 excidere
1233 3103 1596 3173 conspiciunt.
1624 3101 1854 3156 lrrident
1883 3085 1928 3148 Ο
1961 3103 2199 3174 qualibet
2248 3104 2406 3160 arte?
2453 3102 2606 3160 Valet
2658 3121 2721 3160 ex
2773 3121 2837 3161 ea
2887 3104 3253 3175 multiplicare
3293 3101 3562 3158 talentum

250 3188 326 3245 illi
357 3191 438 3260 pie
461 3193 768 3264 plorantes,
795 3193 995 3250 deflent
1035 3194 1127 3249 isti
1164 3194 1407 3250 inaniter
1428 3194 1690 3260 ridentes,
1737 3195 1854 3250 ina-

249 3283 588 3343 niteretiam
611 3287 907 3360 lugentes;
946 3307 976 3348 ιι
1001 3294 1119 3350 visu
1149 3296 1294 3350 enim
1321 3295 1388 3350 ad
1414 3295 1638 3361 luctum,
1668 3310 1696 3348 a
1728 3294 1854 3350 fletu

248 3378 411 3434 etiam
432 3393 667 3454 pergunt
700 3386 768 3440 ad
796 3384 1006 3454 ﬂetum,
1042 3403 1072 3442 a
1097 3387 1225 3444 fletu
1255 3404 1378 3444 eum
1411 3388 1548 3452 risu,
1579 3388 1643 3442 ad
1668 3386 1854 3442 fletum

249 3471 368 3527 sine
395 3472 542 3529 risu:
577 3476 728 3547 luget
769 3478 970 3549 quippe
1019 3481 1248 3550 quilibet
1297 3497 1488 3537 eorum
1543 3480 1856 3551 proximum

247 3575 471 3622 euntem
525 3568 593 3624 ad
649 3585 914 3642 regnum,
973 3587 1094 3628 cum
1139 3574 1320 3645 potius
1385 3575 1609 3629 deberet
1670 3573 1857 3645 Ingere

248 3658 489 3728 seipsum
520 3661 873 3718 festinantem
905 3665 973 3719 ad
1001 3666 1303 3722 interitum.
1341 3665 1419 3720 Tn
1449 3681 1578 3736 ergo
1614 3681 1680 3720 ne
1708 3667 1856 3720 inso-

251 3747 430 3805 lenter
451 3755 709 3822 gaudeas,
749 3772 818 3811 ne
865 3756 1102 3813 inaniter
1132 3758 1353 3830 lugeas;
1385 3759 1558 3829 gaude
1589 3758 1641 3811 in
1676 3757 1858 3811 Domi-

249 3853 344 3907 no,
375 3835 560 3898 laetare
605 3845 661 3899 in
713 3845 827 3901 Deo
861 3847 1083 3903 salutari
1115 3859 1240 3915 tuo;
1278 3850 1399 3919 lnge
1435 3850 1486 3903 in
1522 3848 1738 3913 seculo,
1769 3862 1860 3918 ge-

250 3945 339 3987 me
367 3947 467 4002 pro
491 3933 702 3990 cmlesti
730 3935 1028 4003 desiderio;
1060 3939 1255 4009 plango
1284 3957 1382 4010 pro
1408 3947 1498 3994 tuo
1541 3949 1594 3994 et
1623 3936 1858 4008 proximi

250 4036 499 4095 peccato,
539 4030 754 4099 suspira
788 4037 843 4085 et
874 4030 1090 4087 tristare
1119 4048 1219 4103 pro
1247 4033 1484 4089 incolatu
1519 4033 1619 4087 hoc
1648 4033 1856 4087 diutur-

256 4133 348 4175 no.
385 4119 545 4175 Dabit
598 4122 694 4177 tibi
725 4121 816 4177 ille
842 4139 940 4192 pro
991 4124 1137 4180 luctu
1187 4127 1463 4197 gaudium,
1512 4140 1608 4195 pro
1657 4125 1861 4196 gemitu

247 4209 690 4280 exsultationem,
722 4230 822 4284 pro
844 4214 1062 4283 planctu
1088 4214 1343 4285 jnbiinm,
1379 4218 1469 4288 qui
1499 4226 1580 4273 est
1603 4217 1860 4273 consola-

251 4299 329 4353 tio
375 4315 722 4374 mmstornm,
776 4323 901 4378 spes
944 4309 1328 4378 laborantium,
1383 4312 1544 4384 184.
1595 4311 1859 4368 auxilium

251 4395 626 4463 pereuntium;
669 4398 762 4467 qui
801 4398 1044 4466 loquitur
1084 4417 1179 4472 per
1209 4403 1559 4474 Evangelinm
1592 4423 1604 4457 :
1654 4404 1857 4460 Iterum

1956 3194 2204 3264 perutile.
2242 3193 2412 3250 llahet
2434 3195 2611 3252 locum
2659 3195 2800 3266 apud
2842 3196 3144 3268 principem
3173 3195 3253 3251 vel
3285 3192 3562 3249 amicum?

1956 3285 2023 3340 Et
2054 3287 2196 3356 quod
2225 3304 2332 3342 non
2365 3288 2510 3343 valet
2550 3304 2615 3344 ex
2649 3301 2745 3344 suo
2766 3329 2780 3355 ,
2813 3304 2882 3344 ex
2926 3285 3070 3343 illius
3113 3295 3293 3358 potest
3344 3285 3561 3356 operari

1957 3379 2183 3436 talento.
2217 3382 2422 3436 Desunt
2451 3381 2654 3437 omnia.
2682 3381 2789 3437 Sed
2829 3391 3009 3436 tamen
3053 3379 3209 3436 adest
3230 3380 3342 3435 vita
3370 3395 3385 3446 ;
3418 3373 3564 3433 adsit

1957 3479 2012 3527 et
2042 3472 2295 3529 voluntas
2332 3474 2495 3539 bona,
2529 3487 2630 3529 nec
2657 3475 2865 3530 minora
2899 3464 3335 3544 congcritlncra.

2028 3565 2116 3620 21.
2162 3565 2257 3621 llis
2283 3567 2450 3636 igitur
2480 3566 2730 3621 districto
2758 3575 2811 3621 et
2840 3563 3199 3636 capitulatim,
3234 3562 3361 3619 licet
3393 3559 3564 3620 veluti

1959 3677 2025 3718 ex
2053 3660 2347 3731 superfluo,
2382 3660 2510 3732 quia
2541 3677 2640 3716 nec
2671 3659 2949 3732 proposita
2980 3657 3197 3715 fuerant
3241 3656 3442 3724 animo,
3468 3669 3564 3711 vc-

1959 3770 2079 3809 rnm
2112 3770 2221 3809 non
2271 3753 2538 3808 inutiliter
2569 3753 2919 3819 transcursis,
2968 3759 3028 3806 ut
3079 3761 3231 3824 puto,
3275 3757 3561 3821 postquam

1958 3847 2170 3918 paucis,
2231 3847 2498 3916 quomodo
2550 3846 2730 3901 divina
2792 3843 3153 3900 medicamina
3201 3851 3254 3898 et
3311 3839 3563 3897 omnibus

1961 3940 2163 4004 omnia,
2197 3946 2253 3992 et
2283 3938 2508 4010 singulis
2545 3944 2847 4009 congruant
2894 3935 3102 4007 singula
3124 3976 3138 4001 ,
3172 3937 3563 4014 praemonstra-

1959 4031 2170 4097 vimus;
2209 4039 2455 4101 superest
2487 4039 2545 4085 ut
2573 4030 2732 4086 modo
2778 4027 2948 4094 illum,
2997 4029 3085 4084 cui
3117 4028 3291 4098 ipsum
3332 4023 3564 4098 porrigi-

1964 4140 2086 4182 mus
2109 4127 2492 4198 agonisticam,
2521 4125 2876 4196 alloqncntcs,
2907 4125 2980 4179 ita
3007 4126 3220 4180 demum
3243 4123 3389 4196 (578)
3415 4127 3566 4202 qna;-

1963 4221 2086 4277 dam
2110 4205 2253 4277 beali
2284 4219 2573 4291 Augustini
2602 4220 3014 4291 interponamus
3040 4217 3105 4273 de
3146 4216 3384 4272 utilitate
3428 4212 3567 4287 vigi-

1963 4314 2183 4382 liarum,
2210 4323 2265 4370 ct
2291 4313 2371 4371 sie
2406 4315 2716 4370 adoriamur
2765 4313 2819 4368 in
2863 4313 3082 4368 nomine
3111 4309 3327 4366 Domini
3359 4309 3561 4382 ipsum.

1964 4409 2166 4465 Adesto
2193 4410 2376 4479 itaque
2403 4417 2567 4474 totus,
2599 4414 2654 4461 et
2682 4407 2798 4462 haec
2823 4420 2942 4475 qnce
2969 4404 3221 4459 dicuntur
3247 4400 3564 4457 fenestratis

253 4494 427 4540 autem
450 4489 632 4544 ridebo
662 4506 774 4556 vos,
801 4499 848 4544 et
877 4489 1122 4560 gaudebit
1148 4505 1238 4544 cor
1260 4509 1506 4558 't'catt'ttm,
1535 4508 1581 4545 et
1603 4499 1856 4562 gaudium
1883 4473 1938 4533 Ῑ)
1967 4501 2143 4570 [idest
2173 4498 2397 4568 apertis]
2427 4500 2588 4551 animi
2615 4500 2833 4567 percipe
2863 4495 3128 4552 sensibus.
3158 4489 3399 4551 Primum
3444 4511 3563 4551 om-

253 4589 478 4635 restrum
507 4598 656 4637 nemo
681 4582 829 4637 tollet
853 4600 884 4637 α
908 4584 1048 4637 vobis
1073 4582 1256 4654 (Joan.
1289 4600 1400 4649 xvi,
1426 4584 1537 4656 55).
1564 4584 1680 4640 iam
1707 4587 1853 4642 cnim

252 4669 376 4725 olim
406 4681 460 4727 et
482 4675 584 4729 hoc
626 4675 895 4747 propheta
930 4675 1302 4746 promiserat:
1338 4678 1405 4730 Et
1443 4677 1609 4742 dabit,
1653 4678 1847 4749 inquit,

248 4763 342 4817 tibi
367 4763 624 4821 Dominus
652 4784 904 4822 coronam
930 4785 1023 4838 pro
1049 4769 1240 4834 cinere,
1277 4769 1495 4838 pallium
1536 4769 1708 4825 laudis
1751 4787 1846 4842 pro

249 4856 434 4923 spiritu
476 4861 719 4914 nueroris
748 4859 887 4931 (Iw.
919 4875 1031 4925 ιλιι,
1074 4861 1149 4932 5).
1187 4859 1424 4916 Securus
1450 4877 1576 4932 ergo
1609 4864 1845 4919 cinerem

253 4958 427 5017 porta,
457 4954 544 5008 cui
576 4954 919 5023 promittitur
949 4970 1184 5023 corona;
1211 4963 1362 5028 gesta
1395 4958 1649 5012 maeroris
1676 4967 1855 5013 trans-

254 5040 406 5098 itorie
445 5047 731 5116 spiritum,
757 5050 844 5106 cui
879 5059 1060 5104 manet
1104 5051 1220 5105 sine
1264 5049 1370 5105 fme
1398 5048 1571 5104 laudis
1603 5050 1848 5121 pallium.

254 5132 571 5209 Obtempera
593 5139 936 5213 praecipienti
969 5142 1203 5209 sedulus,
1235 5143 1343 5199 imo
1367 5140 1690 5212 amplectere
1713 5145 1852 5201 refe"-

246 5239 460 5260 vnﬂ'nm
496 5235 865 5260 ηκηιῖΑΑτ-ςιιισνς
949 5232 1052 5260 nu:
1103 5238 1221 5260 11...;

1966 4590 2200 4646 nimodis
2227 4606 2258 4644 a
2291 4599 2342 4645 te
2366 4589 2485 4646 volo
2520 4589 2863 4662 perquirere,
2907 4598 3088 4645 utrum
3121 4591 3339 4662 propria
3369 4597 3565 4660 sponte

1963 4683 2067 4739 hoc
2116 4691 2224 4738 tam
2272 4682 2543 4754 singulare
2592 4681 2728 4739 velis
2777 4691 3055 4739 certamen
3105 4682 3275 4736 adire.
3327 4679 3404 4732 Ita
3456 4672 3562 4744 est,

1961 4777 2162 4848 inquis.
2197 4777 2252 4832 Si
2311 4776 2478 4848 igitur
2507 4773 2666 4847 185
2719 4778 2796 4833 ita
2847 4781 2950 4843 cst,
2987 4775 3110 4830 vide
3145 4790 3273 4846 ergo
3305 4771 3452 4843 (⁵579)
3507 4766 3566 4825 in

1958 4868 2089 4942 ipsis
2122 4871 2314 4940 initiis,
2345 4880 2635 4941 antequam
2666 4872 2879 4928 scilicet
2906 4869 3010 4924 hoc
3041 4873 3153 4921 tam
3181 4863 3406 4921 arduum
3436 4861 3567 4927 iter,

1962 4967 2285 5035 etapancis
2329 4980 2629 5036 agi-essum,
2687 4981 2719 5020 a
2771 4957 3089 5035 quibusdam
3142 4974 3271 5014 vero
3324 4952 3570 5022 segniter

1963 5056 2302 5126 inchoatiun,
2329 5059 2549 5129 segnius
2572 5055 2891 5114 derelictum
2912 5071 2925 5120 ;
2950 5069 2976 5106 a
3001 5049 3322 5120 quihusdam
3353 5042 3570 5101 fortiter

1963 5159 2262 5220 arreptum,
2291 5151 2449 5221 longe
2480 5147 2641 5205 aliter
2685 5148 3159 5207 consummatum;
3189 5139 3255 5194 ab
3298 5133 3573 5203 aliquibus

2872 5255 2889 5260 .-
2924 5237 3200 5260 ηιπιὶιὶιὶίιιιις
3253 5229 3400 5260 Αιιῖνο
3435 5225 3568 5260 ἷηηῖκ
