4018 5406
549 211 654 269 535

1503 207 1827 263 RA'l'llls‘Rll
1863 206 2073 262 EPISC.
2118 204 2371 263 VERON.
2412 206 2562 261 OPP.
2605 204 2781 261 PARS
2820 204 2857 259 Ι.

3708 207 3815 266 536

549 302 751 381 calcem
783 322 1077 391 perducere
1110 321 1289 378 valeas
1317 319 1560 394 [subaudi
1600 320 1723 393 iter]
1770 322 1985 391 optimze
2010 336 2129 390 per-
2155 329 2204 390 Α
2233 336 2339 376 non
2370 330 2453 376 est
2477 336 2732 375 numerus
2760 318 2931 391 (Psat.
2966 334 3084 386 Clll,
3106 319 3221 392 25),
3247 321 3428 397 navim
3456 321 3637 378 adhuc
3667 330 3813 379 tuam

546 415 818 483 fectionis.
866 414 1140 470 Incassum
1187 414 1384 484 quippe
1431 422 1538 467 tam
1604 428 1873 468 summum
1929 414 2127 467 bonum

547 507 825 578 incipitur,
848 507 890 563 si
924 517 1050 564 ante
1075 507 1236 562 finem
1267 507 1583 572 deseratur;
1615 520 1714 561 nee
1754 506 1808 561 in
1861 505 2129 561 sacriﬁcio

545 597 764 656 Domini
792 606 1015 669 accepta
1047 606 1131 653 est
1151 597 1347 663 hostia,
1375 597 1421 652 si
1465 596 1696 651 defuerit
1726 596 1897 650 cauda
1933 588 2127 666 (Levii.

547 704 632 755 ιιι,
664 686 741 758 9).
797 686 999 743 Tacitis
1048 687 1209 743 etiam
1258 686 1487 741 fratrum
1521 687 1886 754 indumentis,
1933 685 2129 756 Joseph

550 780 734 835 tunica
761 778 1018 851 polymita
1046 778 1281 835 refertur
1304 788 1360 833 et
1384 778 1567 833 talaris
1585 776 1736 849 (Gen.
1762 776 2079 850 xxxvn,25)
2112 795 2123 831 :

545 869 808 941 polymita
834 876 1055 941 propter
1078 868 1468 934 diversitatem,
1522 868 1714 923 talaris
1750 877 1972 938 propter
2001 883 2130 924 eon-

546 959 984 1017 summationem.
1018 958 1225 1026 Quibus
1254 967 1441 1014 contra
1485 958 1755 1028 Propheta
1808 958 1987 1027 impiis
2036 957 2132 1011 im-

543 1051 817 1122 precando
843 1068 857 1107 :
890 1050 1073 1118 Fiant,
1099 1052 1293 1122 inquit,
1317 1053 1449 1106 sicut
1472 1053 1649 1121 fenum
1678 1061 1927 1105 tectorum
1956 1049 2126 1121 (Psal.

543 1160 769 1212 cxxvnt,
799 1145 855 1217 6)
896 1163 909 1199 :
967 1145 1181 1216 illeque,
1216 1145 1319 1214 qui‘
1342 1145 1709 1199 laborantibus
1740 1143 1807 1199 ad
1847 1157 2129 1213 vesperum

487 1226 496 1233 ’
543 1237 826 1292 denarium
841 1236 1065 1292 reddere
1098 1238 1376 1293 consuevit
1396 1254 1408 1290 :
1430 1236 1532 1301 Qui
1551 1237 1948 1307 perseveraverit
1970 1251 2131 1305 usque

541 1326 601 1379 in
634 1326 816 1395 ﬁnem,
848 1327 931 1380 hic
952 1326 1128 1381 salvus
1150 1326 1245 1381 erit
1269 1325 1484 1398 (Matth.
1516 1342 1573 1393 x,
1592 1326 1704 1397 2t).
1730 1325 1981 1395 Milleque
2006 1325 2133 1380 hinc

542 1427 838 1473 occurrunt
883 1417 1209 1482 testimonia,
1260 1418 1456 1486 quibus
1502 1424 1836 1471 monstratur
1878 1414 1953 1470 nil
2002 1414 2131 1470 boni

542 1511 725 1566 valere
748 1511 922 1575 initia,
972 1511 1015 1565 si
1042 1510 1182 1566 desit
1216 1508 1476 1579 perfectio
1515 1517 1720 1564 sancta.
1758 1507 2131 1563 Commonefa-

543 1599 654 1654 ciat
682 1599 863 1668 itaque
888 1599 956 1654 ad
986 1614 1195 1654 summa
1242 1597 1501 1654 nitentem
1548 1599 1785 1653 animum
1835 1597 2131 1653 similitudo

2232 428 2350 469 esse
2371 414 2738 478 considerans,
2764 412 2990 467 sollicite
3015 413 3325 482 draconem,
3352 430 3571 481 moneo,
3599 425 3812 474 caveto.

2229 504 2395 560 lllude
2421 505 2491 569 ei,
2523 513 2808 574 antequam
2837 504 2947 574 ipse
2978 504 3092 559 tibi.
3127 504 3388 574 ltegulutn
3416 505 3493 578 [id
3523 518 3600 562 est
3633 508 3818 563 basili-

2235 590 2410 663 scum]
2442 592 2495 646 in
2524 592 2638 661 ipso
2666 592 2784 647 visu
2832 592 3142 648 intentionis
3195 593 3444 650 observa.
3497 594 3651 651 Scito
3694 596 3810 668 ejus

2238 688 2488 736 naturam
2533 694 2671 746 esse,
2700 690 2758 734 ut
2783 694 2904 734 cum
2931 679 3079 749 prior
3104 681 3377 737 hominem
3406 682 3596 738 videns
3649 683 3816 740 inter-

2233 770 2401 837 ﬁeiat,
2454 771 2565 840 ipse
2617 785 2831 841 quoque
2858 770 2976 826 visu
3031 772 3264 827 hominis
3310 782 3620 843 praeventus
3651 774 3817 831 inter—

2234 862 2464 918 ftciatur.
2501 862 2764 933 Linguam
2785 877 3000 933 quoque
3031 864 3261 933 vipereae
3300 866 3665 937 suggestionis
3711 866 3815 922 sol-

2232 952 2378 1007 lirite
2398 953 2652 1022 praevide,
2689 963 2743 1007 ct
2770 968 2995 1023 surgens
3023 969 3248 1024 pravum
3276 970 3409 1026 opus
3448 957 3713 1027 aSpidalis
3734 958 3817 1012 in-

2234 1044 2537 1099 choationis
2560 1043 2763 1100 valebis
2800 1060 3014 1100 necare.
3043 1044 3283 1116 Cumque
3307 1046 3543 1102 hominis
3574 1048 3843 1118 primam}

2232 1133 2467 1189 frontem
2495 1134 2880 1211 monstraveris
2909 1134 2961 1188 in
2987 1135 3252 1205 principio
3285 1128 3488 1206 operis,
3518 1146 3711 1208 satage
3748 1100 3857 1232 uel

2234 1226 2289 1282 in
2350 1226 2575 1282 bestiam
2662 1226 2910 1281 desinens
2970 1226 3355 1283 irrationabilis
3426 1230 3814 1297 exsecutionis,

2233 1327 2478 1374 monstro
2506 1317 2911 1374 monocentauri
2941 1318 3164 1374 noteris.
3204 1318 3693 1392 Congregationem
3720 1322 3820 1393 by-

2231 1410 2453 1479 pocritte
2484 1408 2720 1466 sterilem
2752 1424 2881 1465 cave
2934 1410 3054 1480 (Job
3083 1425 3171 1465 xv.
3219 1409 3334 1482 24).
3387 1410 3642 1483 Scirpum
3694 1421 3818 1467 ante

2234 1502 2400 1558 solem
2429 1502 2576 1574 (380)
2623 1502 2934 1557 humectum
2980 1501 3036 1555 in
3062 1512 3184 1557 ortu
3216 1500 3332 1570 ejus
3375 1501 3498 1574 (Job
3544 1518 3669 1570 vni,
3706 1502 3814 1573 16),

2237 1602 2482 1648 arentem
2531 1592 2728 1647 devita.
2787 1591 3066 1647 Fecundas
3118 1593 3356 1662 quidem,
3405 1593 3502 1649 sed
3542 1594 3818 1665 neglectas

541 1689 635 1746 illa
679 1690 911 1756 Domini,
964 1707 1127 1763 quam
1176 1691 1420 1762 protulit,
1469 1697 1528 1745 ut
1584 1691 1639 1745 in
1696 1690 1874 1746 verbis
1931 1690 2127 1760 legitur
2156 1673 2370 1740 Bviles
2432 1682 2975 1755 eonspieea‘bcstiis
3023 1695 3078 1739 et
3124 1684 3431 1741 volatilibus
3460 1685 3817 1740 voluntarius

542 1780 820 1853 Evangelii
854 1800 867 1835 :
902 1781 1033 1848 Quis
1057 1783 1217 1849 enim,
1266 1782 1536 1852 inquiens,
1576 1780 1748 1835 volens
1776 1780 1967 1834 turrim
1990 1780 2129 1833 aedi-

542 1872 726 1941 ﬁcare,
753 1888 855 1927 non
881 1873 1063 1929 sedens
1093 1874 1238 1942 prius
1262 1882 1525 1944 computat
1557 1882 1791 1943 sumptus
1830 1872 1919 1943 qui
1955 1887 2130 1926 neces-

535 1964 673 2019 sarii
694 1964 835 2031 sunt,
867 1965 912 2019 si
941 1964 1094 2018 habet
1116 1966 1184 2019 ad
1203 1965 1578 2035 perliciendum
1600 1964 1626 2018 .9
1646 1979 1707 2017 ne
1727 1963 1861 2031 forte
1887 1979 2004 2015 cum
2036 1980 2129 2032 po-

540 2058 707 2112 suerit
732 2058 1153 2128 fundamentum,
1184 2068 1230 2112 et
1266 2075 1369 2113 non
1389 2058 1613 2128 potuerit
1649 2056 1918 2126 perﬁcere,
1950 2072 2127 2110 omnes

538 2150 630 2220 qui
659 2149 902 2218 viderint,
944 2151 1193 2221 incipiant
1224 2149 1445 2204 illudere
1478 2149 1525 2203 ei
1572 2150 1797 2202 dicentes
1832 2164 1849 2203 :
1877 2149 2003 2218 quia
2044 2147 2127 2200 hic

539 2243 696 2298 homo
716 2243 865 2314 coepit
894 2243 1181 2312 aediﬁcare,
1205 2251 1253 2297 et
1280 2258 1380 2296 non
1401 2243 1567 2312 potuit
1587 2256 1950 2296 consummare
1972 2238 2124 2310 (Luc.

539 2349 652 2400 xxv,
684 2335 797 2408 28).
822 2335 976 2401 Quod
1000 2345 1171 2390 totum
1192 2336 1314 2390 ideo
1344 2342 1559 2389 constat
1578 2333 1871 2404 prolatum,
1899 2341 1959 2387 ut
1987 2332 2128 2386 scias

540 2424 881 2480 commodius
908 2438 1063 2490 esse,
1095 2424 1390 2494 quemlibet
1419 2423 1474 2477 in
1522 2422 1645 2477 imis
1693 2436 1811 2477 sese
1854 2420 2129 2476 humiliter

506 2559 510 2563 .
543 2512 924 2581 comprimere,
973 2526 1134 2581 quam
1177 2511 1481 2567 inconsulte
1531 2524 1741 2565 summa
1769 2519 1996 2574 tentare,
2028 2523 2130 2564 nec

541 2600 913 2671 adipiscendo,
966 2601 1275 2658 verecunde
1321 2600 1575 2667 deficere,
1606 2600 2001 2671 spectatoribus
2032 2614 2127 2656 oc-

541 2692 814 2747 casionem
862 2692 1134 2748 irrisionis
1181 2692 1443 2762 praebere.
1491 2691 1560 2746 Et
1589 2689 1806 2760 quidem
1839 2690 2128 2759 providen-

540 2782 670 2838 dum
715 2797 1080 2855 summopere,
1119 2798 1210 2849 ne,
1242 2784 1370 2837 dum
1419 2798 1450 2836 a
1474 2782 1634 2839 bonis
1661 2781 2035 2838 communibus
2061 2783 2131 2839 ad

537 2890 624 2943 ea,
652 2892 774 2948 qua:
801 2877 1094 2934 multorum
1124 2878 1266 2933 vires
1300 2886 1579 2947 superant,
1614 2877 1910 2946 improvide
1951 2877 2129 2947 quivis

539 2968 756 3035 nititur,
799 2984 903 3024 nec
942 2968 1341 3039 perseverando
1377 2969 1445 3025 ad
1485 2969 1536 3024 id
1576 2968 1821 3038 pervenit
1858 2967 2003 3039 quod
2046 2967 2128 3021 in-

2232 1774 2539 1831 conculcari
2588 1788 2751 1843 quam
2795 1774 3026 1830 steriles.
3078 1772 3301 1829 Terram
3348 1776 3558 1831 duabus
3588 1791 3658 1830 ne
3685 1775 3819 1831 velis

2232 1867 2437 1938 ingredi
2468 1867 2569 1921 viis
2596 1866 2785 1938 (Eccli.
2820 1881 2901 1932 ιιι,
2931 1866 3045 1937 28),
3071 1866 3196 1921 dum
3227 1874 3283 1921 et
3308 1866 3448 1922 bona
3494 1865 3591 1922 Dei
3630 1880 3819 1922 amore

2232 1961 2389 2027 facis,
2426 1968 2480 2014 et
2518 1960 2731 2030 placere
2763 1960 3073 2015 hominibus
3122 1960 3316 2015 exinde
3352 1960 3526 2030 cupis.
3576 1958 3820 2015 Thesau-

2233 2068 2352 2106 rum
2383 2051 2595 2121 publice
2649 2051 2701 2105 in
2741 2051 2827 2104 via
2851 2066 2918 2105 ne
2959 2050 3121 2117 feras,
3156 2065 3224 2106 ne
3253 2066 3283 2105 a
3334 2050 3675 2117 latrunculis,
3725 2051 3819 2120 qui

2230 2143 2374 2197 viam
2428 2141 2698 2206 obsident,
2735 2140 3167 2211 deprzedantibus
3208 2140 3422 2211 perdas.
3469 2138 3705 2196 Ventum
3750 2154 3819 2196 ne

2231 2244 2415 2307 captes
2443 2235 2678 2300 inanem,
2713 2234 2854 2289 unde
2881 2242 3141 2289 aeternam
3174 2235 3335 2290 debes
3362 2235 3649 2305 percipere
3683 2249 3821 2292 mer-

2232 2329 2439 2384 cedem.
2494 2327 2641 2383 lnter
2682 2327 2863 2382 omnia
2893 2328 3035 2383 enim
3088 2326 3423 2382 milleformis
3452 2336 3507 2383 et
3554 2329 3818 2384 tortuosis

2228 2418 2457 2475 ﬂexibus
2481 2418 2946 2474 innumerabiliter
2980 2417 3179 2473 sinuati
3208 2419 3476 2489 serpentis
3505 2435 3706 2490 genera
3727 2435 3816 2475 as-

2233 2511 2511 2578 tutiarum,
2527 2512 2737 2567 cautius
2759 2510 3153 2567 observandum
3182 2510 3397 2566 noveris
3420 2511 3626 2567 nullum
3651 2526 3815 2583 quam

2230 2604 2419 2659 vitium
2446 2602 2755 2658 eenodoxize
2783 2603 3098 2673 pessimum.
3140 2601 3253 2659 lloc
3281 2604 3425 2659 enim
3465 2604 3541 2659 ita
3568 2604 3814 2660 subtilis—

2231 2694 2367 2750 sime
2395 2696 2450 2750 in
2484 2702 2793 2751 sanctorum
2824 2694 2993 2749 utitur
3042 2696 3455 2764 expugnatione,
3504 2705 3566 2751 ut
3605 2697 3710 2751 nisi
3754 2710 3815 2752 se

2230 2786 2473 2842 caverint
2517 2784 2947 2855 vigilantissime,
2982 2794 3038 2841 et
3089 2785 3465 2842 latrocinantis
3493 2785 3667 2851 dolos,
3708 2800 3814 2841 non

2233 2876 2355 2933 dico
2380 2876 2436 2931 in
2463 2876 2783 2932 intentione.
2814 2886 2871 2932 et
2898 2876 2952 2931 in
2974 2877 3287 2932 omnimodo
3329 2876 3563 2932 actionis
3587 2889 3815 2946 corpore

2228 2967 2452 3039 provide
2505 2968 2815 3023 curaverint
2884 2968 3284 3038 deprehendere
3316 3007 3333 3035 ,
3383 2967 3679 3037 improvise
3721 2982 3814 3023 eos

540 3057 789 3113 choando
821 3067 1070 3127 conatur,
1103 3059 1387 3132 contingat
1413 3058 1490 3113 illi
1511 3057 1653 3128 quod
1681 3057 1734 3112 in
1760 3056 1861 3113 Job
1887 3056 2081 3129 legitur
2107 3074 2121 3111 :
2152 3041 2200 3105 Ο
2231 3060 2560 3130 percutiens,
2592 3058 2843 3132 [subaudi
2892 3059 3050 3133 solet]
3081 3059 3298 3131 gravius
3341 3059 3458 3129 ipsa
3489 3060 3697 3115 virtute
3723 3060 3818 3116 de-

542 3146 682 3212 Quia
729 3164 905 3205 omnes
933 3150 1023 3221 qui
1071 3166 1188 3204 eum
1216 3149 1457 3214 viderint,
1510 3148 1702 3215 dicent,
1740 3148 1829 3202 ubi
1854 3149 1974 3201 est?
2007 3147 2128 3218 (Job

538 3252 730 3307 xxxvi,
753 3239 872 3312 25.)
902 3238 1166 3297 Videlicet
1214 3241 1341 3311 quia
1384 3255 1484 3296 nec
1510 3240 1621 3305 hic,
1651 3239 1743 3295 ubi
1772 3238 2132 3295 communiter

539 3346 661 3394 Cum
693 3335 901 3393 caeteris
951 3334 1090 3391 bene
1128 3335 1327 3400 valere,
1377 3350 1480 3391 nee
1525 3334 1636 3390 illic
1684 3333 1988 3399 invenitur,
2037 3332 2127 3387 ubi

536 3428 870 3484 transcensis
913 3427 1032 3483 aliis
1077 3427 1425 3499 singulariter
1476 3427 1622 3483 visus
1684 3436 1768 3483 est
1818 3426 2124 3507 festinasse.

536 3516 864 3589 Multiplices
918 3519 1063 3575 inter
1110 3520 1226 3575 haec
1273 3518 1604 3589 subtilesque
1649 3519 1877 3575 nimium
1929 3518 2127 3574 diaboli

535 3608 767 3696 insidias
815 3611 1072 3666 convenit
1121 3609 1473 3673 considerari,
1522 3609 1777 3664 invidiam
1808 3609 1924 3680 ejus
1954 3609 2127 3664 maxi-

537 3686 719 3766 inani,
738 3701 987 3771 hancque
1020 3702 1187 3758 veluti
1231 3704 1447 3773 proprie
1477 3702 1584 3758 illis
1631 3704 1931 3771 intendere,
1988 3718 2127 3774 quos

538 3788 607 3843 ad
637 3789 953 3845 sublimiora
982 3790 1179 3844 viderit
1210 3788 1495 3845 festinare.
1529 3790 1601 3845 Se
1627 3792 1773 3845 enim
1806 3791 1994 3846 videns
2025 3792 2123 3845 de-

537 3877 748 3949 lapsum
780 3881 849 3935 ad
879 3880 1008 3949 ima,
1040 3880 1185 3936 dolet
1216 3879 1586 3947 indicibiliter,
1633 3882 1848 3950 quando
1889 3882 2122 3952 aliquem

512 3971 694 4045 evehi
724 3972 1033 4028 considerat
1061 3971 1130 4026 ad
1155 3986 1369 4042 supera.
1421 3970 1620 4027 Tribus
1659 3973 1856 4043 quippe
1883 3972 2121 4029 obsidio-

535 4080 667 4120 num
694 4066 985 4135 generibus
1030 4066 1225 4122 horum
1274 4081 1714 4137 unumquemque
1744 4067 1985 4137 quotidie
2013 4085 2122 4125 non

536 4164 718 4212 cessat
743 4155 967 4223 vallare,
1002 4157 1058 4212 in
1105 4156 1262 4212 initio
1294 4157 1507 4213 scilicet
1543 4157 1896 4227 intentionis,
1930 4160 1985 4215 in
2027 4160 2120 4216 iti-

533 4261 667 4302 nere
695 4248 945 4316 actionis,
969 4249 1024 4304 in
1056 4250 1163 4305 line
1190 4250 1688 4306 consummationis.

605 4341 696 4397 22.
728 4342 805 4397 De
834 4342 920 4398 his
948 4345 1119 4398 tribus
1147 4345 1193 4397 si
1219 4360 1314 4411 per
1337 4345 1548 4413 singula
1567 4347 1779 4419 plenius
1807 4349 1959 4420 cupis
1983 4349 2114 4405 edo-

535 4434 671 4500 ceri,
702 4434 870 4490 habes
898 4449 961 4490 ea
1005 4431 1461 4489 sullieientissime
1492 4433 1547 4487 in
1576 4433 1868 4492 Moralibus
1912 4436 2119 4509 Grego-

532 4528 623 4583 rii.
678 4525 833 4593 Quod
869 4525 913 4581 si
951 4526 1243 4592 obstinato,
1274 4534 1333 4580 ut
1359 4536 1627 4596 optamus,
1680 4528 1885 4595 animo,
1913 4528 2114 4585 dictum

518 4614 916 4678 reminiscens:
939 4619 1041 4688 Qui
1057 4623 1289 4677 observat
1302 4632 1495 4689 ventos,
1512 4639 1615 4676 non
1631 4623 1792 4694 186
1802 4624 2021 4677 seminat
2034 4640 2055 4689 ;
2068 4633 2115 4677 et

533 4715 625 4787 qui
650 4713 944 4771 considerat
976 4714 1134 4768 nubes
1164 4731 1270 4768 non
1300 4716 1441 4769 metit
1475 4713 1673 4784 (Eccle.
1701 4729 1779 4781 χι,
1806 4714 1897 4785 4);
1923 4714 2113 4784 hujus-

528 4807 678 4864 modi
708 4807 857 4863 adire
880 4806 1153 4863 luctamen
1191 4808 1470 4862 interritus
1497 4807 1802 4873 desideras;
1832 4822 1962 4863 cave
1990 4816 2113 4862 ante

516 4896 835 4967 ,omnia,'ne
869 4897 998 4969 quid
1031 4908 1326 4965 terrenum,
1355 4913 1422 4953 ne
1446 4897 1574 4968 quid
1602 4897 1881 4963 saeculare,
1905 4912 1973 4951 ne
1987 4897 2115 4967 quid

528 4988 761 5048 bestiale
781 4988 837 5044 in
863 4998 954 5045 tuo
983 4990 1216 5046 resideat
1243 4987 1405 5043 corde
1432 4986 1641 5042 :Bestia
1666 4989 1802 5043 enim
1823 4988 1868 5041 si
1895 4988 2116 5057 tetigerit

529 5092 786 5149 montem,
809 5079 1337 5153 lapidabitur(Exod.
1356 5095 1472 5146 xu,
1498 5080 1607 5150 t2).
1632 5080 1759 5134 lude
1779 5080 1951 5135 hocin
1976 5082 2115 5137 mari

528 5188 734 5247 magno
777 5184 831 5231 et
868 5176 1127 5245 spatioso,
1186 5174 1243 5229 in
1278 5186 1385 5242 quo
1421 5180 1545 5228 sunt
1604 5172 1836 5242 reptilia,
1883 5188 2112 5243 quorum

595 5283 764 5355 (380)
808 5283 1019 5355 Vulgati
1050 5286 1190 5340 mala
1215 5284 1645 5353 interpunctione
1673 5293 1728 5339 et
1756 5286 2012 5355 mendosa
2037 5284 2112 5341 le-

540 5352 1026 5406 ctione'habcb'ant
1069 5372 1189 5406 cave
1236 5352 1484 5406 scrintum
1526 5363 1645 5406 ante
1695 5353 1875 5406 solent.
1939 5355 2112 5406 Inter—

2143 4402 2197 4459 D

2228 3149 2419 3220 jicere,
2455 3166 2615 3222 quam
2648 3152 2821 3208 soleat
2847 3152 2988 3207 vitiis
3015 3151 3387 3222 supplantare.
3422 3150 3576 3207 Tunc
3596 3152 3813 3208 demum

2230 3240 2468 3314 linguam
2492 3242 2662 3313 ipsam
2704 3251 2849 3297 tuam
2873 3242 3295 3312 prudentissime
3339 3244 3630 3313 restringe.
3691 3242 3816 3298 Haec

2231 3332 2402 3400 enim,
2428 3340 2566 3389 teste
2595 3334 2915 3404 Augustino,
2952 3335 3005 3389 in
3036 3342 3244 3389 tantum
3273 3332 3471 3402 facilis,
3517 3344 3574 3390 et
3614 3334 3812 3399 labilis,

2228 3433 2284 3479 et
2306 3425 2372 3480 ad
2412 3424 2859 3496 dejiciendumex
2905 3440 3031 3481 arce
3083 3426 3324 3481 animum
3347 3436 3433 3483 est
3461 3425 3719 3496 proclivis
3761 3433 3816 3480 et

2227 3514 2524 3583 etlicabilis,
2552 3524 2610 3571 ut
2637 3531 2778 3587 saepe
2809 3516 3106 3587 contingat,
3138 3518 3358 3587 utquod
3395 3532 3551 3573 mens
3585 3532 3698 3573 non
3725 3531 3815 3574 co—

2229 3607 2383 3677 gitat,
2416 3606 2534 3677 ipsa
2563 3607 2816 3678 loquendi
2866 3607 3126 3663 facilitate
3168 3608 3430 3663 incurrat.
3484 3609 3555 3663 Et
3601 3623 3674 3664 ne
3698 3608 3813 3664 leve

2228 3706 2474 3753 autumes
2511 3698 2564 3752 in
2605 3697 2770 3753 verbo
2796 3697 2904 3754 labi
2930 3713 3091 3769 saepe,
3127 3698 3271 3766 audi,
3302 3695 3537 3753 Iacobus
3566 3698 3700 3768 quid
3723 3697 3815 3753 tibi

2228 3791 2373 3846 dicat
2418 3791 2693 3861 apostolus
2717 3792 2987 3861 prcecipue
3021 3809 3035 3844 :
3067 3791 3131 3846 Si
3153 3791 3269 3861 quis
3299 3806 3353 3844 se
3394 3799 3546 3861 putat
3598 3790 3813 3860 religio-

2226 3897 2342 3935 sum
2367 3897 2476 3935 esse
2500 3898 2605 3935 non
2638 3881 2907 3950 rcfrenans
2937 3880 3172 3951 linguam
3221 3897 3395 3948 suam,
3421 3881 3512 3935 sed
3558 3881 3812 3936 seducens

2227 3988 2319 4027 cor
2369 3989 2545 4039 suum,
2586 3972 2746 4043 hujus
2796 3990 2931 4027 vana
2968 3982 3042 4028 est
3090 3972 3270 4045 religio
3309 3972 3451 4044 (Jac.
3476 3988 3513 4041 1,
3570 3973 3689 4046 26).
3748 3974 3817 4028 Et

2226 4063 2394 4119 alibi:
2428 4062 2629 4133 Lingua
2677 4063 2962 4133 inquietant
3002 4062 3224 4130 malum,
3255 4063 3409 4131 plena
3450 4080 3646 4119 venena
3676 4081 3819 4119 mor-

2226 4155 2380 4225 tifero
2408 4154 2548 4225 (Jac.
2577 4170 2658 4221 ut,
2686 4154 2762 4227 8).
2816 4155 3056 4226 Itemque
3086 4175 3099 4209 :
3139 4156 3285 4213 Mors
3307 4166 3357 4211 et
3406 4158 3511 4212 vita
3538 4159 3595 4212 in
3643 4159 3816 4213 mani-

2224 4247 2318 4302 bus
2352 4249 2545 4319 lingua:
2567 4245 2749 4319 (Prov.
2781 4263 2937 4314 xvm,
2972 4248 3083 4320 2t).
3111 4249 3496 4317 Rursumque:
3526 4248 3597 4300 In
3633 4249 3817 4303 mutti-

2221 4340 2397 4412 loquio
2434 4351 2705 4412 peccatum
2732 4357 2836 4396 non
2863 4340 3023 4390 deerit
3049 4340 3230 4409 (Prov.
3255 4355 3309 4405 Χ,
3338 4339 3447 4410 19).
3467 4338 3815 4412 Puleltreque

2227 4429 2445 4499 quidam
2490 4437 2800 4485 nostrorum
2840 4430 3047 4487 duobus
3088 4433 3355 4503 adiunctis
3387 4435 3577 4506 (381):
3628 4435 3814 4491 Nulla-

2228 4534 2405 4592 tenus,
2435 4524 2531 4591 ait,
2563 4524 2685 4595 quis
2728 4525 2921 4582 salvari
2949 4528 3220 4599 putandus
3247 4538 3349 4596 est,
3382 4530 3623 4599 quandiu
3668 4532 3815 4587 inor-

2225 4618 2426 4673 dinatis
2444 4618 2688 4674 moribus
2720 4619 3014 4685 adhaerere,
3062 4622 3413 4692 supervacuis
3441 4623 3628 4678 verbis
3658 4624 3809 4679 delc-

2223 4710 2383 4777 clari,
2410 4710 2731 4766 turbulentis
2756 4712 3168 4782 cogitationibus
3197 4729 3306 4770 non
3335 4714 3488 4772 timet
3510 4715 3807 4772 devastari.

2221 4803 2333 4857 Deo
2360 4809 2541 4856 autem
2571 4803 2793 4873 gratias.
2844 4802 2987 4859 Ecce
3016 4806 3160 4860 enim
3207 4805 3386 4862 subito
3438 4816 3493 4861 et
3525 4806 3695 4862 veluti
3742 4822 3808 4861 ex

2224 4894 2519 4965 improviso
2556 4894 2681 4949 dum
2733 4897 2986 4951 cavenda:
3031 4897 3191 4951 istum
3230 4897 3583 4967 loquacitatis
3630 4900 3807 4970 gratia

2222 4988 2275 5042 in
2313 4986 2684 5043 testimonium
2709 4986 2884 5043 aseire
2918 4988 3077 5059 187
3105 4990 3304 5056 studui,
3334 4998 3506 5045 totum
3544 5006 3686 5061 pene
3714 5005 3806 5047 ne-

2220 5078 2448 5150 gotium,
2500 5078 2642 5148 quod
2699 5077 2883 5132 multis
2942 5081 3232 5135 verborum
3264 5082 3680 5139 circuitionibus
3715 5084 3805 5137 vix

2218 5186 2376 5241 posse
2388 5179 2702 5243 putaveram
2731 5171 2992 5240 expediri,
3025 5171 3249 5229 confeci.
3283 5173 3379 5229 Vis
3405 5175 3552 5230 enim
3578 5174 3800 5241 salvari,

2224 5297 2271 5340 ct
2302 5289 2361 5361 in
2386 5293 2500 5341 ortu
2534 5302 2629 5361 suo
2660 5304 2865 5361 germen
2899 5291 3206 5359 egredietur.
3261 5290 3489 5361 Scirpus
3518 5292 3804 5347 humectus

2221 5366 2305 5406 est
2352 5359 2539 5406 iuncus
2569 5358 2832 5406 humidus.
2930 5358 2943 5359 ί
3385 5358 3403 5361 “
3814 5360 3824 5406 l
