4018 5406
221 251 324 307 557

1192 252 1762 323 pantooUionIJit
1805 211 1978 312 Linui
2005 207 2174 312 sisi.
2214 289 2277 298 —
2309 247 2439 314 LIB.
2483 258 2566 314 vr.

222 361 596 430 remunerari,
626 369 682 419 et
731 363 1030 420 coronari?
1068 363 1204 420 Dum
1256 379 1415 421 caves
1454 369 1522 421 ab
1567 370 1820 437 operibus
1847 373 1897 434 Λ
1927 370 2151 427 alterius
2194 372 2430 428 factione
2466 373 2607 428 hunc
2651 370 2862 428 vivendi
2899 372 3146 429 ordinem
3180 373 3384 428 imitari
3409 373 3504 430 αο-

227 454 581 519 inordinatis,
620 468 788 524 parce
816 464 870 509 et
898 470 927 508 a
963 455 1138 512 verbis
1185 462 1556 529 supervacuis,
1604 465 1820 518 contine

227 556 282 604 te
305 556 361 601 et
389 561 422 600 a
453 545 874 617 cogitationibus
923 548 1236 616 immundis,
1287 567 1515 624 sequere
1561 556 1822 611 inoffenso

225 639 368 710 pede
391 637 577 708 operis
608 653 797 695 vocem
838 639 1053 694 Domini
1081 645 1364 699 vocantis:
1403 646 1506 711 Qui
1555 649 1712 714 enim,
1748 649 1823 703 ait

228 732 366 803 ipse,
408 731 520 787 vult
547 741 662 803 post
703 750 783 788 me
809 736 1000 805 venire,
1037 739 1250 810 abneget
1281 743 1628 811 semetipsum,
1674 741 1823 796 tollat

231 838 440 877 crucem
489 827 687 890 suam,‘
714 836 763 879 et
792 838 1042 899 sequatur
1068 848 1146 884 me
1195 829 1347 902 (Luc.
1396 847 1470 894 ix,
1497 830 1608 901 25).
1661 828 1824 900 Sequi

232 922 437 982 autem,
478 917 532 972 id
553 927 636 975 est
657 921 860 976 imitari
899 922 1172 978 Christum
1202 923 1447 996 [subaudi
1471 923 1596 995 est],
1635 923 1823 978 eadem

233 1023 342 1078 qua
373 1010 490 1080 ipse
517 1015 696 1084 pergit
739 1015 828 1070 via
854 1015 932 1071 ire
978 1026 1102 1086 post
1140 1017 1314 1088 ipsum
1363 1037 1375 1071 :
1408 1019 1552 1088 quod
1603 1027 1686 1072 est
1716 1033 1825 1073 non

233 1101 449 1158 ambire
483 1111 719 1173 terrena,
747 1122 853 1163 non
895 1109 1100 1164 caduca
1144 1111 1340 1164 sectari
1377 1109 1548 1174 lucra,
1593 1109 1828 1165 honores

237 1195 512 1254 declinare
535 1199 783 1267 infimos;
811 1203 1193 1258 adversitatem
1219 1203 1511 1272 mundique
1541 1211 1826 1271 contemp-

237 1294 352 1341 tum
388 1302 488 1358 pro
516 1305 703 1347 amore
750 1291 864 1361 ejus
897 1292 1129 1348 libenter
1157 1293 1436 1364 amplecti;
1473 1293 1682 1348 cunctis
1711 1307 1832 1362 pro-

241 1381 418 1449 desse,
456 1384 625 1439 etiam
660 1385 801 1441 ultra
843 1388 1010 1454 vires,
1061 1389 1230 1454 velle;
1285 1387 1511 1456 injurias
1562 1387 1693 1443 nulli
1747 1389 1832 1443 in-

241 1469 410 1538 ferre,
449 1489 480 1527 a
545 1475 735 1544 quovis
796 1485 973 1532 autem
1011 1474 1190 1532 illatas
1246 1477 1515 1546 patienter
1570 1477 1823 1543 sufferre,

239 1560 371 1642 ipsis
421 1579 639 1634 quoque
687 1565 1064 1633 inferentibus,
1114 1568 1398 1632 beneficia,
1443 1568 1490 1623 si
1525 1578 1609 1624 est
1654 1569 1826 1636 unde;

242 1652 327 1706 sin
353 1653 510 1720 alias,
564 1657 810 1713 oratione
844 1659 1029 1715 sedula
1085 1659 1190 1716 illis
1244 1659 1455 1716 veniam
1507 1661 1812 1731 postulare;

1927 474 2087 533 gatur
2141 464 2256 520 sive
2299 474 2473 531 certo,
2519 467 2632 520 sive
2658 466 2804 520 omni
2847 474 3087 536 tempore
3113 465 3266 534 vita);
3295 463 3410 533 jam
3451 464 3511 519 in

1923 558 2314 626 posterioribus
2344 559 2418 614 illi
2445 574 2531 614 me
2563 559 2724 614 credo
2764 556 3114 613 satisfecisse.
3153 556 3256 611 Hie
3285 557 3400 628 jam
3433 553 3511 610 nil

1926 650 2155 720 amplius
2197 652 2359 707 credo
2397 652 2600 708 residui
2630 653 2736 708 nisi
2775 653 2879 709 hoc
2920 651 3175 722 adjicere,
3206 660 3264 707 ut
3293 653 3338 708 si
3367 651 3512 708 forte

1927 744 1993 798 ab
2043 744 2144 798 hac
2176 745 2499 801 necessitate
2525 761 2647 800 cum
2702 746 2797 800 Dei
2847 747 3020 816 gratia
3048 747 3330 818 contingat
3374 747 3512 803 libe-

1926 834 2059 899 rari,
2093 834 2238 889 nullo
2277 852 2513 907 unquam
2571 846 2811 908 tempore
2862 851 2928 891 ex
2968 846 3080 894 toto
3135 845 3412 893 assuetum
3457 837 3512 892 in
3556 829 3581 896 ἔ

1925 927 2245 996 poenitentia
2277 931 2656 998 praetermittat
2683 943 2891 986 morem
2925 931 3160 997 vivendi,
3197 932 3291 987 sed
3325 931 3515 986 diebus

1929 1019 2160 1074 residuis
2184 1021 2435 1076 omnibus
2464 1022 2518 1076 in
2557 1022 2673 1093 ejus
2716 1031 2905 1093 pareat
2949 1023 3179 1089 actibus,
3209 1023 3354 1092 quod
3383 1037 3511 1078 eum

1931 1110 2044 1165 suis
2067 1109 2295 1166 habenis
2325 1127 2353 1165 a
2394 1111 2686 1180 petulantis
2733 1113 2987 1168 vanitatis
3024 1112 3354 1171 anfractibus
3400 1111 3516 1182 jam
3552 1177 3561 1200 ί

1931 1199 2060 1254 olim
2091 1202 2395 1256 eoercuerit
2444 1202 2753 1258 misericors
2799 1202 3078 1259 Dominus.
3139 1201 3253 1258 Hoc
3279 1203 3423 1258 facto
3465 1209 3517 1258 et

1933 1296 2188 1352 meritum
2224 1296 2509 1366 acquirere
2549 1297 2675 1363 sibi,
2699 1305 2752 1352 et
2791 1297 3086 1367 gratiarum
3116 1297 3386 1352 actionem
3404 1310 3517 1351 ma-

1935 1388 2124 1459 gistro,
2148 1395 2203 1441 et
2234 1388 2662 1444 satisfactionem
2701 1387 2947 1453 Domino,
2977 1396 3031 1443 et
3069 1387 3283 1443 laudem
3311 1386 3519 1443 referre

1935 1481 2204 1536 videbitur
2260 1481 2396 1547 Deo,
2426 1483 2518 1552 qui
2545 1497 2668 1537 eum
2690 1482 2744 1536 in
2779 1481 3041 1551 praesenti
3092 1481 3400 1551 flagellavit,
3453 1495 3523 1536 ne

1938 1575 1992 1629 in
2041 1582 2310 1629 aeternum
2367 1575 2648 1645 perderet;
2709 1574 3080 1645 temporaliter
3136 1574 3410 1639 erudiens,
3463 1581 3525 1628 ut

1938 1666 2251 1736 sempiterni
2311 1666 2464 1736 regni
2529 1666 2746 1737 dignum
2807 1666 3076 1722 liaeredem
3149 1663 3525 1720 constitueret.

241 1759 596 1818 quoscunque
626 1749 770 1805 Valet
827 1766 1010 1807 secum
1054 1754 1123 1808 ad
1153 1767 1394 1808 amorem
1423 1753 1613 1824 patria:
1666 1753 1832 1809 etele-
1861 1745 1908 1806 B
1938 1754 2092 1822 Quod
2139 1757 2183 1812 si
2213 1771 2371 1812 secus
2405 1757 2545 1812 hanc
2583 1758 2754 1813 nostri
2789 1757 2996 1812 consilii
3028 1755 3299 1812 declinare
3327 1755 3377 1809 ei
3405 1753 3524 1825 pla-

240 1839 346 1894 stis
393 1841 619 1912 erigere.

318 1930 412 1985 25.
450 1930 545 1988 His
579 1933 684 2003 pia:
721 1936 1015 1993 voluntatis
1050 1939 1333 1994 conatibus
1358 1939 1404 1994 si
1451 1949 1504 1995 te
1541 1939 1596 1994 iu
1641 1955 1832 2010 campo

238 2023 395 2094 prius
428 2028 738 2084 exercueris
770 2030 1120 2098 operationis,
1149 2029 1431 2097 invictum,
1468 2031 1642 2086 fateor
1671 2031 1837 2088 athle-

245 2123 356 2169 tam
391 2116 705 2187 imperatori
735 2119 882 2188 (582)
909 2119 1242 2190 palaestritae,
1278 2121 1602 2176 editioribus
1629 2130 1837 2192 specta-

243 2207 562 2278 toribusque
611 2210 836 2266 exhibes
862 2213 1093 2276 cunctis,
1136 2212 1430 2268 dummodo
1469 2221 1523 2268 et
1553 2213 1606 2268 in
1637 2213 1745 2278 liis,
1777 2221 1838 2268 ut

242 2298 566 2367 quibusdam
600 2301 908 2356 miserrime
958 2304 1204 2375 contigit,
1245 2319 1354 2359 non
1384 2302 1752 2370 defatiscaris,
1780 2311 1836 2359 et

243 2405 462 2460 semper
489 2391 556 2445 ad
604 2393 818 2462 potiora
870 2394 1084 2460 nitaris,
1129 2397 1298 2450 donec
1351 2396 1492 2450 bono
1538 2393 1840 2450 certamine

241 2484 445 2553 optime
476 2493 708 2550 certato,
749 2502 910 2542 cursu
944 2487 1173 2544 feliciter
1199 2499 1594 2556 consummato,
1625 2490 1728 2544 fide
1757 2490 1840 2544 in-

246 2573 454 2630 defieue
526 2586 764 2644 servata,
825 2579 1052 2648 perenni
1132 2579 1589 2635 remunerationis
1650 2580 1840 2636 bravio

243 2666 478 2737 gloriose
528 2670 739 2727 diteris.
789 2670 913 2726 Ideo
943 2677 1147 2737 autem,
1199 2680 1256 2725 ut
1305 2687 1448 2738 reor,
1499 2672 1616 2742 ipso
1659 2671 1842 2742 dispo-

244 2769 431 2826 nente,
471 2761 524 2816 in
581 2763 737 2833 cujus
789 2780 950 2819 manu
1005 2780 1192 2820 sumus
1230 2773 1285 2820 et
1312 2781 1412 2820 nos
1467 2777 1523 2821 et
1561 2782 1840 2822 sermones

244 2855 446 2919 nostri,
495 2857 568 2909 ita
598 2856 650 2909 in
686 2855 906 2926 longum
943 2855 1203 2926 producta
1245 2870 1329 2913 08t
1354 2859 1549 2932 oratio,
1581 2866 1638 2912 ut
1677 2873 1838 2914 mon-

248 2947 436 3001 stratis
475 2949 746 3027 minorum
792 2950 1064 3004 actionum
1115 2949 1503 3020 qualitatumve
1532 2951 1840 3021 proprieta-

249 3037 414 3100 tibus,
467 3039 682 3093 tandem
738 3041 1112 3110 perveniretur
1152 3041 1220 3095 ad
1263 3057 1557 3108 summum,
1590 3057 1748 3112 quem
1783 3052 1838 3097 tu

1940 1851 2116 1906 cuerit
2149 1851 2310 1917 viam,
2339 1851 2426 1906 ille
2462 1851 2591 1922 quid
2622 1862 2746 1922 agat
2773 1851 2971 1907 viderit
3001 1868 3014 1905 :
3041 1864 3140 1906 nos
3163 1858 3346 1904 tamen
3367 1845 3526 1901 valde

1939 1945 2256 2011 metuimus,
2289 1960 2358 2000 ne
2406 1945 2507 2000 sibi
2554 1946 2659 2002 lioc
2709 1945 2950 2000 divinum
3002 1944 3285 2000 conveniat
3331 1954 3528 2012 oppro—

1938 2036 2140 2103 brium,
2191 2039 2318 2107 quia
2349 2053 2456 2093 non
2488 2047 2572 2092 est
2618 2039 2868 2093 inventus
2910 2039 3002 2108 qui
3054 2037 3258 2092 rediret
3295 2043 3349 2091 et
3375 2035 3533 2090 daret

1940 2129 2166 2198 gloriam
2204 2129 2315 2185 Deo
2339 2129 2492 2200 (Luc.
2517 2145 2650 2195 xvn,
2682 2129 2806 2200 18);
2838 2139 2894 2184 et
2919 2130 3062 2200 quod
3085 2129 3262 2185 adhuc
3290 2128 3528 2199 gravius,

1941 2218 2224 2274 sententia:
2269 2217 2344 2273 illi
2397 2218 2692 2289 subjaceat,
2744 2233 2907 2288 quam
2969 2219 3110 2274 idem
3151 2218 3411 2278 Dominus
3464 2217 3536 2272 do

1942 2307 2220 2362 immundo
2275 2308 2469 2378 spiritu
2514 2317 2746 2364 exeunte
2770 2308 2923 2380 (Luc.
2976 2325 3053 2374 χι,
3091 2309 3206 2380 24),
3241 2317 3298 2364 et
3333 2315 3536 2363 octeno

1942 2399 2119 2468 capite
2148 2399 2408 2454 redeunte
2437 2399 2777 2454 monstravit.
2826 2399 2982 2456 Unde
3009 2409 3064 2455 et
3083 2399 3298 2454 cuidam
3319 2405 3536 2462 sanato,

1942 2489 2018 2543 ait
2055 2504 2069 2541 :
2117 2488 2286 2555 Vade,
2318 2500 2366 2544 et
2411 2488 2638 2561 amplius
2669 2490 2776 2545 noli
2803 2507 3037 2560 peccare,
3070 2506 3132 2544 ne
3160 2489 3388 2542 deterius
3434 2486 3533 2541 tibi

1943 2580 2146 2650 aliquid
2191 2581 2456 2650 contingat
2488 2580 2670 2652 (Joan.
2704 2596 2822 2636 vni.
2855 2581 2965 2652 ii).
2995 2579 3062 2634 Et
3089 2579 3217 2634 illud
3250 2577 3393 2648 quod
3415 2591 3538 2648 pro-

1942 2672 2104 2743 pheta
2135 2672 2380 2741 deplorat
2411 2671 2760 2728 :Percussisti
2787 2689 2896 2737 eos,
2921 2671 3198 2742 inquiens,
3219 2687 3310 2724 nec
3347 2669 3534 2724 dolue-

1947 2771 2067 2816 runt
2112 2780 2130 2828 ;
2167 2763 2415 2817 attrivisti
2459 2781 2565 2830 eos,
2595 2775 2642 2818 et
2683 2780 2785 2817 non
2830 2772 2948 2817 sunt
2987 2763 3176 2818 reversi
3205 2762 3341 2834 (Jer.
3375 2778 3428 2828 ν,
3456 2760 3535 2832 5).

1943 2853 2410 2910 Considerandum
2464 2855 2626 2909 etiam
2679 2855 2806 2909 huic
2861 2855 3052 2920 video,
3105 2853 3229 2924 quia
3275 2851 3538 2922 quosdam

1945 2947 2103 3016 longa
2132 2948 2394 3015 argi-itudo
2437 2947 2505 3002 ad
2549 2947 2716 3001 vitam
2765 2962 2908 3018 saepe
2963 2945 3244 3011 reformat,
3273 2959 3411 3014 quos
3438 2958 3539 3013 po-

1948 3049 2064 3096 stea
2093 3041 2365 3096 levissima
2410 3039 2698 3110 cujuslibet
2726 3040 2806 3094 rei
2857 3039 3090 3101 occasio,
3124 3038 3253 3092 dum
3299 3052 3358 3093 se
3383 3035 3542 3106 quasi

251 3128 468 3197 aggredi
503 3131 741 3196 conaris,
776 3133 983 3200 apicem
1019 3140 1270 3198 actuum;
1322 3143 1590 3201 quatenus
1623 3133 1691 3188 ab
1716 3133 1841 3189 imis
1870 3116 1916 3182 C
1947 3132 2178 3201 quadam
2227 3131 2521 3186 securitate
2568 3129 2790 3185 resoluti
2841 3129 3112 3184 incautius
3141 3128 3473 3195 custodiunt,
3509 3142 3542 3180 a

249 3230 645 3290 prreceptorum
679 3223 890 3278 Domini
919 3224 1086 3279 veluti
1143 3240 1239 3295 per
1267 3225 1472 3280 scalam
1518 3235 1675 3282 caute
1717 3243 1841 3283 ces-

252 3313 466 3383 simque
527 3317 835 3372 scandendo
885 3319 950 3372 ad
998 3318 1223 3383 elatiora
1272 3329 1580 3390 provectus,
1623 3321 1698 3374 nil
1730 3336 1844 3375 am-

251 3405 393 3476 plius
421 3419 586 3464 restet
613 3412 756 3480 quod
784 3413 1028 3481 requiras
1060 3414 1114 3468 in
1147 3414 1302 3482 imis;
1334 3417 1427 3486 qui
1455 3430 1551 3484 per
1592 3416 1842 3472 inacces-

251 3498 467 3553 sibilcm
518 3502 707 3557 multis
754 3504 970 3558 vivendi
1021 3506 1266 3560 ordinem
1316 3507 1448 3579 ipsis
1481 3506 1595 3575 jam
1635 3508 1846 3563 haerere

251 3593 555 3649 mereberis
590 3595 842 3662 summis,
875 3597 990 3652 sive
1027 3598 1189 3652 etiam
1234 3598 1339 3669 ut(
1360 3599 1427 3653 de
1477 3598 1842 3668 qualicunque

252 3683 467 3750 ordine,
521 3688 851 3754 conditione,
895 3689 1174 3759 dignitate,
1205 3689 1423 3754 affectu,
1481 3706 1636 3757 sexu,
1681 3699 1844 3746 aetate

254 3774 319 3828 ad
351 3776 405 3828 id
447 3779 767 3834 certaminis
811 3796 946 3850 opus
991 3781 1188 3836 millies
1249 3782 1593 3851 praedicabile
1645 3798 1842 3838 manus

251 3864 496 3921 volucris
531 3869 703 3940 dare)
731 3872 853 3926 istic
912 3873 1158 3928 invenias
1201 3875 1474 3944 quomodo
1515 3884 1567 3930 te
1594 3875 1746 3945 prius
1793 3877 1848 3930 in

253 3959 361 4014 tuis
408 3964 711 4018 exercitare
751 3965 968 4030 debeas,
1023 3974 1082 4020 ut
1112 3965 1183 4019 ita
1230 3967 1446 4021 demum
1494 3970 1561 4023 ad
1605 3983 1691 4034 ea,
1728 3984 1849 4039 quae

252 4049 397 4105 ultra
428 4061 480 4106 te
506 4065 650 4119 sunt,
681 4055 824 4110 felici
847 4073 1134 4128 progressu
1156 4059 1512 4127 conscendas,
1535 4075 1603 4114 ne
1629 4061 1846 4130 quando

258 4143 421 4197 missa
464 4146 631 4200 semel
669 4162 832 4200 manu
866 4148 919 4201 in
947 4159 1208 4216 aratrum,
1248 4148 1475 4218 alicujus
1541 4151 1848 4208 domesticae

255 4237 578 4309 provisionis
624 4238 851 4292 obtentu
900 4240 1084 4296 oculos
1127 4241 1444 4296 intentionis
1501 4241 1568 4294 ab
1612 4241 1850 4313 incoepto

258 4333 474 4401 eogaris
521 4343 844 4404 retorquere
883 4345 1200 4403 retrorsum,
1242 4345 1298 4391 et
1328 4344 1422 4390 aut
1459 4345 1763 4393 tortuosum
1794 4345 1850 4394 et

253 4425 505 4481 inutilem
537 4426 720 4482 facere
741 4427 972 4493 sulcum,
1004 4437 1096 4483 aut
1139 4437 1391 4483 arantum
1428 4429 1716 4485 vulnerare
1747 4447 1842 4487 ve-

253 4518 412 4590 stigia
450 4520 638 4576 boum.
684 4519 840 4588 Quod
864 4520 908 4575 si
936 4519 1150 4590 aliquis,
1182 4527 1242 4573 ut
1273 4518 1387 4586 jam
1431 4521 1484 4573 in
1521 4521 1628 4574 alio
1660 4522 1846 4576 docui-

255 4625 374 4668 mus
393 4611 626 4685 epilogo,
654 4612 949 4679 invenitur,
973 4610 1067 4682 qui
1093 4623 1202 4666 non
1223 4609 1307 4667 sui
1332 4617 1546 4681 sponte,
1571 4609 1736 4681 188
1755 4610 1850 4666 sed

326 4811 477 4881 (582)
516 4810 653 4866 Vide
681 4817 796 4865 not.
832 4811 920 4875 M,
949 4808 1002 4863 in
1026 4806 1321 4881 proemium
1342 4805 1466 4862 libri
1492 4805 1673 4875 primi.

324 4876 474 4953 (585)
516 4881 780 4953 Moderna
819 4876 1090 4953 doctorum
1120 4877 1355 4953 exempla
1386 4886 1694 4932 sanctorum
1745 4876 1851 4932 Pa-

257 4950 398 5022 trum
446 4950 782 5022 testimonia
815 4950 1077 5022 appellat;
1108 4952 1326 5022 antiqua
1364 4963 1496 5003 vero
1539 4957 1850 5022 sanctorum

254 5021 543 5080 Librorum
575 5018 953 5076 auctoritates.
1017 5018 1192 5075 Simili
1241 5034 1402 5076 sensu
1429 5027 1614 5089 postea
1643 5020 1850 5076 moder-

262 5110 350 5148 nos
376 5104 434 5152 et
478 5095 731 5164 antiquos
768 5092 1028 5164 nominat.

322 5166 475 5238 (584)
527 5160 801 5238 construe
831 5174 886 5238 et
911 5160 1120 5238 explica
1149 5162 1227 5217 sic
1252 5179 1264 5213 :
1293 5170 1565 5238 qttantunt_
1593 5162 1739 5238 potui
1766 5163 1850 5216 in-

253 5231 488 5311 telligere
531 5234 924 5311 ipso‘Domino
963 5233 1218 5304 irrigante
1253 5250 1344 5305 per
1365 5234 1527 5311 ipsos“
1531 5231 1606 5303 (id
1637 5243 1720 5311 est
1743 5249 1856 5311 mo-

249 5303 466 5373 dernos,
497 5303 562 5384 ut
593 5313 777 5384 vocat,
808 5303 1073 5384 doctores,
1120 5318 1216 5359 seu
1243 5303 1461 5384 Sanetus
1490 5303 1703 5384 Patres)
1737 5304 1854 5384 ari-

253 5383 466 5406 .l.‘:_a..-....
501 5375 764 5406 :nnnnn;nl;
793 5376 894 5406 mn:
961 5375 1048 5406 ll“;
1079 5384 1124 5406 ni
1150 5393 1240 5406 Αιην
1269 5392 1320 5406 οη
1347 5375 1587 5406 δυιιῖηηυῖΙ
1617 5375 1790 5406 nonnon-Il.

436 5397 466 5406 ..Α
501 5374 764 5406 Σιιηηκὲηιλ
793 5376 894 5406 mn:
961 5375 1048 5406 ll“;
1079 5384 1124 5406 ni
1150 5393 1240 5406 Αιην
1269 5392 1320 5406 οη
1347 5375 1587 5406 δυιιῖηηυῖΙ
1617 5375 1851 5406 ιιοιειηιιδη,

1872 4483 1928 4543 D

1948 3225 2059 3278 vita
2098 3223 2340 3278 funditus
2392 3223 2704 3292 exstinguit.
2758 3221 2873 3276 Hoc
2925 3236 3054 3292 ergo
3088 3236 3155 3276 ne
3197 3230 3252 3276 ct
3281 3221 3382 3278 sibi
3409 3234 3545 3276 con-

1951 3317 2122 3386 tingat
2149 3322 2376 3378 metuat,
2407 3313 2651 3383 et:saluti
2695 3328 2806 3367 sure
2842 3313 3030 3367 talium
3060 3312 3183 3382 quis
3225 3312 3537 3376 consilium,

1951 3411 2079 3465 dum
2132 3410 2284 3465 locus
2327 3415 2433 3474 est,
2476 3407 2675 3477 capiat,
2725 3421 2812 3473 ne,
2865 3407 2991 3461 dum
3041 3419 3232 3460 rursus
3286 3403 3539 3470 voluerit,

1950 3517 2058 3559 non
2111 3501 2311 3556 valeat.

2022 3593 2112 3646 Ἡ.
2163 3591 2430 3647 Caeterum
2471 3590 2518 3646 si
2577 3590 2810 3660 aliquem
2862 3589 3090 3645 forsitan
3146 3594 3348 3655 movet,
3397 3586 3547 3658 quod

1950 3684 2228 3740 modernis
2253 3684 2305 3737 in
2338 3685 2438 3738 hac
2464 3683 2780 3753 praefatione
2809 3682 3089 3738 doctorum
3115 3679 3548 3752 exemplis(’585)

1952 3791 2104 3846 teque
2137 3791 2264 3830 usus
2316 3775 2416 3828 siin
2468 3783 2528 3828 ut
2587 3774 2846 3843 antiquis,
2896 3782 2951 3830 et
2990 3781 3382 3829 concentonem
3434 3785 3543 3837 me,

1953 3868 2068 3922 sive
2109 3866 2360 3920 usitatius
2411 3865 2818 3936 compilatorem
2869 3867 2970 3920 hac
3004 3865 3070 3920 de
3099 3879 3260 3920 causa
3287 3863 3416 3918 velit
3459 3862 3544 3918 di-
3578 3875 3590 3888 ί

1953 3975 2097 4026 cere,
2120 3961 2274 4031 quasi
2304 3961 2396 4029 qui
2430 3961 2619 4016 alienis
2649 3961 2954 4031 sumptibus
2979 3961 3196 4031 propria
3222 3959 3383 4014 velim
3410 3972 3544 4014 con-

1957 4064 2209 4118 struere;
2264 4067 2486 4108 causam
2539 4068 2648 4108 non
2706 4053 2967 4108 immoror
3010 4051 3258 4107 reddere.
3319 4049 3547 4106 Dicente

1955 4144 2099 4200 enim
2131 4142 2417 4200 Psalmista
2453 4163 2464 4197 :
2500 4143 2744 4211 Domine,
2778 4145 2956 4215 rigans
2987 4127 3183 4197 montes
3212 4141 3274 4195 de
3304 4140 3542 4210 superio-

1956 4237 2098 4292 ribus
2145 4237 2259 4291 suis
2290 4236 2462 4307 (Psal.
2505 4251 2620 4301 om,
2670 4237 2758 4305 15)
2787 4253 2801 4300 ;
2833 4244 3090 4305 quantum
3120 4235 3235 4304 ipso
3282 4232 3547 4303 irrigante

1954 4344 2053 4399 per
2081 4330 2223 4400 ipsos
2252 4329 2557 4384 ariditatem
2589 4327 2841 4397 ingenioli
2894 4328 2998 4382 mei
3030 4325 3200 4399 (584),
3241 4327 3333 4397 qui
3378 4334 3432 4380 et
3460 4326 3547 4396 ip-

1958 4432 2143 4474 sorum
2173 4418 2478 4487 superiores
2508 4432 2604 4486 per
2633 4431 2692 4470 se
2741 4416 3007 4487 irrigavit,
3049 4423 3103 4470 et
3136 4429 3232 4484 per
3259 4415 3390 4470 istos
3427 4413 3548 4470 illos

1956 4511 2128 4580 (585),
2173 4523 2376 4578 perque
2404 4508 2524 4562 illos
2551 4521 2649 4562 nos
2681 4505 2909 4561 nimium
2939 4506 3118 4562 adhuc
3164 4516 3400 4572 arentes,
3434 4520 3548 4560 non

1957 4601 2086 4669 quia
2135 4597 2368 4654 defuerit
2416 4596 2613 4665 imber,
2645 4597 2848 4671 [supple
2894 4597 3014 4672 sed]
3041 4599 3170 4670 quia
3213 4613 3323 4656 non
3371 4597 3549 4669 magis

1957 4825 2102 4874 rum,
2133 4823 2291 4878 quam
2325 4803 2507 4878 pluvia
2541 4805 3068 4878 voluntariapquam
3118 4802 3229 4872 ipse
3280 4801 3426 4878 Deus
3473 4815 3553 4855 se-

1956 4871 2511 4952 gregavitliter'editati
2539 4894 2672 4943 suae,
2722 4871 3013 4952 obteximus
3039 4871 3392 4952 nos’quodan}
3424 4878 3550 4952 teq-
3573 4871 3603 4952 ξ,

1956 4939 2098 5007 mine
2129 4949 2468 5024 iniquitatum
2499 4962 2517 5000 :
2559 4939 2838 5020 quantum,
2880 4948 3134 5024 inquam,“
3170 4939 3312 5024 potui
3359 4939 3582 5024 uitelli-2

1955 5039 2098 5094 gere,
2141 5006 2308 5094 visum
2360 5028 2433 5074 est
2481 5006 2796 5094 congruum,
2824 5006 3577 5094 'nos'indiﬂ‘erentertleberef

1956 5081 2037 5149 uti
2067 5081 2315 5162 exemplis
2350 5107 2534 5147 eorum
2576 5081 3006 5162 (model-norum)
3035 5081 3197 5134 sicuti
3223 5091 3272 5138 et
3315 5081 3579 5158 antiquo-'1

1958 5180 2079 5220 rum
2109 5180 2126 5219 :
2160 5164 2442 5234 siquidem,
2469 5170 2574 5218 etc.
2613 5194 2661 5234 ﬂ;
2934 5221 2966 5234 η
3048 5225 3090 5234 ,_
3149 5222 3186 5234 _.

2034 5234 2184 5308 (585)
2217 5221 2578 5308 Vulgatiper
2603 5231 2724 5308 illos
2754 5234 2905 5308 istos.
2934 5221 3223 5308 Sententia
3247 5227 3566 5308 contextus

1961 5296 2133 5377 exigit
2151 5296 2244 5375 per
2271 5296 2400 5362 istos
2444 5296 2596 5367 illos;
2625 5304 2711 5356 isti
2738 5301 2884 5356 enim
2909 5300 3033 5371 sunt
3074 5296 3398 5372 superiores,
3427 5307 3570 5376 quos.

1958 5377 2102 5406 nm...
2153 5391 2251 5406 τιτι-ι
2279 5394 2336 5406 μη
2369 5373 2613 5406 ἶννῖινηυῖι
2689 5373 2742 5406 Μ
2788 5374 2869 5406 ραι
2926 5367 3228 5406 carmini-9c
3260 5377 3434 5406 gnari:
3487 5363 3569 5406 ,ιιι

2009 5393 2102 5406 ιιι-(π
2153 5391 2251 5406 nnn
2279 5394 2336 5406 μη
2369 5385 2613 5406 ιιινιινηιγιΐ
2689 5385 2742 5406 Id
2788 5385 2869 5406 DCI
2926 5385 3228 5406 SIWI‘IIILIII'HR
3260 5385 3399 5406 usuin
3420 5385 3434 5406 ἶ
3487 5385 3525 5406 η
