4018 5406
1987 291 2024 306 Ἀ
2121 292 2172 306 QL.
2186 300 2214 307 ...ο

491 355 596 422 εει

1434 361 1761 418 IUTHERII
1797 361 2007 418 EPlSC.
2057 360 2302 419 VERON.
2348 361 2498 419 OPP.
2542 363 2720 421 PARS
2757 361 2798 420 Ι.

3677 363 3780 422 540

492 479 758 564 pulvereo
785 476 1034 533 vitiorum
1067 476 1337 550 squalore,
1367 494 1528 549 quam
1557 480 1735 551 pluvia
1763 479 2088 547 voluntaria,
2120 482 2168 543 Α
2197 495 2283 553 me
2313 481 2388 536 uil
2440 481 2580 537 unde
2609 481 2825 552 placere
2871 479 3030 546 alicui
3079 495 3276 554 queam
3325 479 3578 543 invenire
3603 481 3780 554 valeo,

496 587 659 640 quam
688 573 990 644 segregavit
1015 571 1442 644 ipschaereditati
1473 572 1946 642 suze(l‘sal.van,
1981 575 2090 646 10),

503 662 740 732 eontplui
781 663 1060 727 malcntes,
1115 664 1346 734 tegmine
1376 681 1476 722 nos
1513 668 1745 738 quodam
1788 669 2094 732 obteximus

498 754 870 826 iniquitatium,
903 755 1201 828 intelligere
1237 758 1385 828 potui
1432 776 1445 812 :
1479 759 1654 816 visum
1685 769 1766 816 est
1795 775 2093 834 congruum

505 851 670 922 189
695 865 902 916 eorum,
933 850 1092 906 sicuti
1125 858 1180 906 et
1219 852 1569 924 antiquorum
1598 853 1970 912 indiil'crenter
1996 873 2095 914 nos

498 931 582 999 uti
612 939 872 1014 exemplis
917 942 1137 1010 debere,
1171 941 1438 1018 siquidem
1471 961 1532 1002 ea
1564 961 1684 1017 qum
1723 947 1825 1022 ipsi
1871 963 2094 1022 accepe-

501 1041 628 1090 runt
653 1048 682 1088 a
711 1032 1106 1103 superioribus,
1147 1033 1221 1090 ita
1251 1034 1409 1092 nobis
1438 1036 1694 1108 plucrunt
1724 1037 2091 1110 inferioribus,

497 1131 562 1180 nt
599 1123 655 1179 in
687 1123 930 1195 quolibet
978 1139 1139 1182 sensu
1166 1127 1388 1198 pr0prie
1415 1128 1674 1198 quidnam
1722 1129 1869 1206 (586)
1905 1145 2094 1188 eorum

501 1215 696 1272 debeat
725 1215 918 1288 accipi,
950 1215 1084 1288 ipsis
1135 1217 1572 1276 discernentibus
1619 1229 1802 1292 pateat
1831 1225 2092 1298 apertius,

501 1323 606 1365 nec
639 1308 711 1365 sit
746 1305 904 1364 alicui
933 1323 1070 1380 cpus
1111 1323 1299 1366 errare
1335 1326 1436 1382 per
1460 1311 1636 1381 devia,
1663 1320 1720 1370 et
1745 1316 1963 1390 propria
1987 1330 2096 1372 non

501 1401 740 1473 propriis
791 1401 1092 1458 attribuere
1145 1403 1320 1472 locis,
1375 1405 1502 1460 dum
1533 1405 1665 1477 quid
1710 1422 1899 1468 eorum
1933 1424 2094 1481 quem

503 1495 819 1566 specialiter
857 1496 1102 1553 obtineat
1142 1511 1402 1566 sensum,
1453 1515 1683 1572 quemve
1723 1502 1828 1558 rite
1868 1511 2099 1578 occupet

501 1587 708 1653 locum,
739 1589 796 1644 in
824 1589 1142 1646 tractatibus
1163 1591 1551 1661 cepiosissimis
1580 1593 1791 1654 invenis
1816 1595 2051 1672 ipsorum
2077 1613 2092 1664 ;

504 1687 562 1736 et
609 1680 732 1738 ideo
777 1680 904 1736 dum
935 1679 1142 1739 utilitas
1173 1683 1410 1754 postulat
1438 1692 1490 1741 te
1522 1685 1726 1756 aliquid
1757 1687 1821 1741 de
1853 1687 2098 1762 Scriptu-

509 1785 697 1827 rarum
726 1773 1054 1831 testimoniis
1099 1774 1359 1849 allegare,
1387 1791 1494 1832 non
1531 1793 1650 1834 esse
1685 1794 1820 1852 opus
1851 1779 2098 1838 inutilem

2197 581 2459 646 quantum
2503 573 2712 630 cunctis
2739 572 3056 650 diSpliceam
3093 573 3787 646 seio,verissimamqueilo

2195 663 2301 720 lam
2329 678 2449 720 esse
2475 665 2800 722 sententiam
2829 665 3090 738 approbo,
3105 666 3232 738 quia
3255 664 3532 735 cujusvita
3552 667 3788 737 despici-

2197 762 2306 824 tur,
2356 764 2524 812 restat
2555 765 2694 812 utet
2722 756 3038 828 praedicatio
3067 765 3446 819 contemnatur
3483 756 3568 828 (S.
3613 755 3784 824 Gneo.

2195 848 2233 904 l.
2282 865 2322 917 ι,
2370 849 2650 921 bom.12,
2699 851 2756 906 in
2809 849 3072 923 Evang.);
3125 858 3180 908 et
3234 851 3356 910 ideo
3409 849 3618 922 aliquid
3670 865 3790 912 mea

2197 943 2561 1011 auctoritate,
2609 944 2824 1002 etiamsi
2877 945 3094 1004 adesset
3121 945 3262 1012 ulla,
3313 945 3524 1014 absque
3571 943 3792 1006 illorum

2198 1032 2454 1094 comitatu
2485 1037 2732 1110 proferre
2777 1037 2946 1102 timeo
2969 1079 2986 1106 ,
3021 1053 3090 1096 ne
3117 1046 3306 1097 notam
3336 1035 3497 1114 190
3543 1033 3794 1106 increpa?

2199 1127 2362 1183 tionis
2387 1127 2504 1206 ipse
2537 1127 2790 1202 [subaudi
2816 1127 3108 1202 accipiam]
3135 1143 3166 1184 a
3185 1126 3439 1197 Domina,
3470 1134 3528 1184 et
3546 1125 3794 1198 legentes

2198 1219 2542 1276 occasionem
2601 1220 3042 1292 reprehensionis
3087 1234 3278 1276 eorum
3321 1233 3444 1292 quae
3493 1217 3620 1276 dico
3651 1231 3684 1274 a
3710 1231 3797 1274 me

2207 1311 2328 1389 ipso
2377 1311 2650 1384 accipiant
2699 1311 2790 1382 qui
2835 1311 2978 1368 dico.
3029 1309 3344 1384 Cuiusmodi
3381 1317 3569 1367 autem
3621 1307 3797 1382 gratia

2199 1407 2279 1463 rei
2305 1405 2545 1467 libellum
2575 1407 2775 1465 cudere
2811 1407 3010 1475 ausim,
3044 1405 3102 1466 in
3147 1405 3258 1468 ﬁne
3303 1405 3488 1478 operis
3531 1403 3667 1461 licet
3703 1416 3800 1476 po-

2199 1514 2330 1556 nere
2365 1499 2720 1566 decreverim,
2755 1507 2940 1566 tamen
2987 1499 3116 1572 quia
3161 1498 3314 1558 locus
3358 1511 3462 1563 nec
3488 1495 3590 1571 [ευ
3627 1492 3796 1568 nunc]

2201 1605 2322 1648 sese
2364 1591 2566 1663 ingerit
2592 1601 2956 1664 opportunus,
2987 1591 3279 1650 dicendum
3308 1598 3441 1665 puto
3469 1588 3801 1646 convenien-

2203 1684 2333 1738 tius.
2363 1681 2610 1740 Peccatis
2636 1684 2820 1756 itaque
2863 1683 3001 1744 meis
3037 1683 3058 1756 (
3077 1683 3182 1760 heu
3209 1681 3438 1756 dolori)
3466 1679 3803 1738 facientibus

2203 1783 2259 1830 et
2305 1775 2476 1830 multo
2522 1774 2730 1845 majora
2763 1774 3132 1843 merentibus,
3181 1773 3252 1831 ad
3294 1773 3414 1830 haec
3459 1787 3584 1846 quae
3625 1770 3804 1843 patior

507 1873 604 1919 aut
635 1863 885 1924 fortassis
927 1867 1292 1938 periculosum
1339 1867 1582 1926 laborem
1635 1885 1915 1928 assumere
1942 1912 1956 1940 ,
2001 1872 2096 1928 sed
2127 1855 2176 1918 B
2203 1867 2488 1925 devolutus
2513 1910 2530 1936 ,
2581 1869 2710 1926 dum
2762 1868 2894 1942 quid
2941 1868 3144 1927 dudum
3191 1865 3391 1927 fuerim
3415 1905 3432 1934 ,
3471 1863 3606 1938 quid
3643 1863 3804 1923 modo

505 1956 583 2012 ita
608 1969 666 2012 ut
696 1957 808 2014 sint
837 1956 938 2036 [f.,
971 1961 1122 2035 sunt]
1152 1962 1220 2018 ab
1244 1962 1324 2018 eis
1355 1961 1564 2034 prolata
1609 1963 1875 2034 proferre.
1924 1963 2102 2038 Siqui-

511 2049 634 2106 dem
681 2049 896 2107 illorum
953 2051 1100 2124 (587)
1144 2053 1318 2126 magis
1375 2069 1539 2125 quam
1586 2055 1891 2126 priscorum
1941 2056 2101 2115 inniti

503 2141 792 2212 exemplis,
821 2151 876 2198 et
917 2139 1259 2214 labyrinthus
1289 2143 1692 2214 Scripturarum
1721 2147 1898 2204 adhuc
1924 2148 2102 2224 perin-

510 2234 881 2306 aggressibilis
935 2236 1109 2304 mihi,
1171 2247 1227 2293 et
1274 2239 1582 2312 exemplum
1647 2241 1819 2298 suasit
1872 2243 2102 2298 duorum

505 2326 688 2398 (588),
721 2345 859 2405 quos
904 2329 959 2386 in
1006 2331 1390 2408 Ecclesiastica
1428 2335 1660 2391 historia
1689 2335 1828 2393 ﬁlios
1876 2339 2102 2410 pingue-

504 2415 647 2477 dinis
697 2423 1000 2490 vocitatus,
1053 2431 1108 2480 et
1154 2424 1444 2494 luminaria
1493 2428 1682 2483 dextra
1735 2429 1966 2504 levaque
2015 2446 2102 2491 as-

504 2513 755 2569 sistentia
797 2515 1131 2580 candelabro
1175 2515 1312 2592 legis
1353 2517 1554 2591 (Exod.
1585 2535 1756 2591 xxxv,
1781 2521 1906 2594 14),
1963 2537 2100 2600 quos

508 2601 856 2678 Cappadocia
889 2613 1040 2672 tanto
1085 2617 1215 2670 tunc
1240 2611 1498 2684 temporis
1533 2611 1730 2680 vicinis
1783 2615 2102 2688 regionibus

504 2693 812 2776 fecundior,
841 2707 1046 2770 quanto
1075 2699 1208 2772 ipsis
1233 2701 1466 2758 nubibus
1509 2696 1828 2778 completior
1855 2706 2098 2777 protulit,

507 2789 758 2865 nutrivit,
788 2799 843 2856 et
873 2792 1078 2860 docuit,
1109 2793 1220 2854 imo
1245 2793 1443 2866 quibus
1472 2794 1590 2866 ipsa
1636 2795 1864 2864 imbuta,
1897 2799 2102 2856 nutrita

507 2891 565 2938 et
605 2884 798 2940 edoeta
825 2883 1149 2948 luminosius
1181 2887 1394 2942 cunctis
1438 2888 1633 2944 enituit
1670 2909 1682 2945 :
1713 2890 1805 2960 qui
1855 2907 1978 2948 eum
2005 2907 2104 2973 per

507 2975 770 3033 tredecim
801 2993 974 3034 annos
1019 2979 1274 3035 omnibus
1318 2979 1662 3038 sarcularium
1691 2981 2007 3047 Graecorum
2040 2985 2104 3050 li-

505 3068 668 3150 bris,
711 3071 938 3126 remotis
983 3069 1113 3130 solis
1139 3069 1336 3128 divinae
1379 3071 1674 3144 Scriptura:
1715 3071 2100 3140 voluminibus,

515 3173 738 3242 operam
769 3159 981 3230 darent,
1023 3176 1211 3217 earum
1255 3159 1396 3234 facit.
1446 3160 1874 3236 Scripturarum]
1907 3163 2104 3227 intelli-

511 3233 751 3328 gentiam
782 3269 892 3316 non
923 3270 990 3310 ex
1034 3231 1730 3332 propriavprresumptione,
1773 3231 1874 3314 sed
1893 3271 1959 3312 ex
1990 3271 2104 3318 ma-
2131 3231 2176 3294 Ο

507 3335 690 3450 lorum
723 3347 942 3420 scriptis
991 3355 1047 3401 ct
1092 3345 1420 3404 auctoritate
1461 3348 1854 3428 sequebantur,
1885 3365 2022 3422 quos
2050 3358 2105 3406 et

512 3439 662 3508 ipsos
699 3453 768 3494 ex
816 3439 1113 3510 apostolica
1159 3440 1507 3498 successione
1555 3442 1891 3516 intelligendi
1942 3459 2102 3516 regu-

514 3527 622 3586 lam
663 3532 968 3603 suscepisse
1026 3531 1330 3590 constabat.
1384 3533 1452 3590 Et
1497 3526 1624 3609 quia
1656 3549 1817 3592 nemo
1849 3535 1953 3594 scit
1999 3527 2105 3592 ιιὶὲί

514 3623 659 3696 quod
702 3615 882 3694 discit,
930 3623 1115 3681 dicant
1155 3641 1284 3682 vero
1323 3626 1546 3702 quidam
1583 3627 1748 3687 etiam
1798 3645 1920 3700 quae
1950 3630 2106 3715 igno-

515 3723 660 3781 rant,
693 3731 800 3772 non
844 3717 996 3788 potui
1043 3717 1252 3774 ratione
1280 3727 1504 3794 cogente
1540 3719 1718 3795 aliqua
1757 3720 1959 3790 dicere,
1999 3722 2105 3782 nisi

516 3807 654 3882 scita
682 3821 910 3885 narrare
937 3851 952 3876 ,
1005 3808 1133 3866 licet
1163 3817 1218 3865 et
1249 3810 1500 3884 ambigua
1529 3811 1777 3883 quaedam
1805 3811 1954 3886 (559)
1975 3855 1990 3880 ,
2043 3813 2106 3884 li-

517 3908 606 3980 cet
624 3915 918 3985 perpauca,
932 3900 991 3958 'et
1017 3901 1133 3978 ipsa
1155 3903 1379 3958 mmrori
1403 3904 1716 3970 necessaria
1741 3905 1930 3968 videar
1961 3905 2106 3971 iuse-

517 3994 714 4071 ruisse,
787 4029 800 4041 -

587 4090 677 4148 25.
722 4089 818 4168 Est
847 4091 1072 4162 et‘alia,
1115 4095 1208 4152 sed
1247 4091 1362 4164 jam
1409 4094 1662 4172 superius
1703 4095 1952 4169 reddita,
2006 4113 2108 4158 nec

517 4183 700 4256 minor
723 4184 878 4242 istius
903 4186 1268 4260 cunctationis
1303 4187 1464 4258 ratio,
1496 4188 1752 4246 videlicet
1797 4205 1898 4258 ne,
1932 4190 1978 4246 si
2009 4191 2108 4264 mi-

517 4291 622 4332 nus
649 4275 844 4353 aliquis
872 4287 1058 4347 nostra
1081 4278 1422 4346 auctoritate,
1439 4295 1558 4351 qua;
1580 4279 1728 4338 nulla
1756 4289 1862 4359 est,
1891 4281 2104 4348 ductus,

2204 1959 2330 2028 sim,
2375 1959 2504 2034 quid
2531 1974 2639 2016 non
2680 1957 2904 2026 fuerim,
2951 1958 3082 2030 quid
3120 1973 3232 2014 non
3255 1957 3379 2026 sim,
3409 1955 3543 2032 quid
3565 1969 3691 2014 esse
3715 1954 3805 2016 de—

2203 2052 2385 2121 beam,
2411 2051 2612 2124 quidve
2633 2048 2937 2118 debuerim,
2965 2049 3284 2120 conspicere
3305 2047 3451 2116 volo,
3483 2060 3593 2107 nec
3618 2043 3796 2114 valeo,

2205 2144 2506 2202 cmeitatem
2528 2143 2670 2200 han'c
2698 2141 2866 2210 unde,
2896 2143 3012 2211 ubi,
3052 2139 3140 2198 vel
3167 2140 3398 2217 qualiter
3425 2139 3803 2202 contraxerim

2203 2236 2414 2310 cogitoj;
2449 2237 2547 2293 sed
2591 2250 2695 2294 nec
2741 2235 2986 2309 largitori
3025 2234 3279 2302 luminis,
3332 2249 3435 2294 nec
3483 2233 3805 2296 ductoribus

2203 2329 2337 2402 ipsis
2385 2330 2529 2389 unde
2580 2343 2888 2402 eonquerar
2914 2328 2998 2384 vel
3029 2341 3380 2388 succenseam
3409 2327 3655 2395 invenio,
3705 2325 3802 2384 sed

2203 2423 2437 2496 propriae
2475 2421 2815 2496 negligentim
2866 2421 3070 2491 torpori
3123 2419 3469 2492 et'segnitiae
3521 2418 3662 2480 illud
3710 2418 3806 2480 im-

2204 2517 2506 2590 putandum
2557 2515 2852 2590 conspicio.
2904 2515 2973 2570 Et
3007 2515 3116 2571 hoc
3149 2515 3370 2588 quidem
3423 2524 3698 2585 quantum
3739 2509 3805 2572 ad

2204 2622 2307 2666 nec
2335 2617 2591 2682 percepta
2615 2607 2782 2686 (590).
2815 2606 2917 2664 Ubi
2942 2622 3071 2664 vero
3101 2607 3168 2664 ad
3199 2622 3262 2664 ea
3285 2621 3407 2678 qua:
3435 2605 3661 2678 percepi
3691 2603 3807 2674 qui-

2205 2703 2348 2770 dem,
2400 2703 2494 2758 sed
2543 2709 2800 2774 percepta
2845 2717 3037 2764 rursus
3083 2701 3287 2760 contuli
3329 2701 3560 2768 oblitui,
3613 2699 3802 2764 venio;

2204 2793 2458 2850 maximae
2521 2809 2658 2850 meae
2708 2793 3066 2859 crudelitati,
3117 2792 3370 2850 maxime
3421 2791 3479 2846 in
3527 2790 3808 2863 propriam

2206 2901 2396 2944 necem
2427 2887 2721 2961 tyrannidi,
2754 2887 2992 2942 maximo
3024 2886 3224 2958 deputo
3256 2885 3494 2952 crimini,
3548 2883 3699 2954 quod
3723 2895 3810 2938 me

2203 2979 2427 3052 proprio
2473 2963 2598 3040 actu
2637 2979 2714 3039 ita
2743 2978 3004 3044 sauciari,
3046 2976 3227 3042 obrui,
3285 2985 3342 3032 et
3377 2974 3704 3041 obseaecavi,
3753 2979 3812 3032 ut

2208 3073 2254 3130 si
2289 3073 2505 3143 quando
2535 3072 2722 3131 oculos
2772 3071 3022 3140 attollere
3061 3070 3116 3128 in
3173 3068 3305 3124 illud
3356 3069 3573 3139 cupiam
3627 3065 3807 3124 lumen

2208 3164 2352 3236 quod
2390 3162 2592 3232 amisi,
2649 3169 2800 3220 tanta
2855 3161 3034 3218 noxiae
3079 3158 3496 3219 consuetudinis
3538 3173 3572 3216 a
3603 3158 3810 3228 meipso

2209 3254 2497 3311 obnubiler
2518 3254 2792 3322 albugine,
2821 3261 2883 3314 ut
2913 3269 3022 3310 non
3051 3252 3212 3308 modo
3234 3249 3423 3308 videre
3445 3251 3596 3323 quod
3624 3250 3806 3320 cupio,

2209 3357 2264 3406 et
2292 3347 2460 3404 veluti
2513 3347 2784 3406 somnium
2829 3345 3093 3404 advolans
3151 3347 3220 3400 ad
3270 3351 3513 3400 mentem
3562 3343 3809 3410 reduco,

2208 3455 2475 3512 nequeant
2514 3439 2632 3510 ipso
2681 3438 2882 3496 lumine
2938 3451 3318 3509 repercussus,
3376 3435 3522 3507 ipsas
3557 3432 3811 3490 tenebras

2209 3548 2334 3588 eum
2353 3531 2588 3604 quodam
2615 3530 2978 3598 oblectamine
3009 3538 3255 3602 repetam
3280 3527 3611 3602 quantocius
3636 3525 3807 3600 (59!).

2208 3623 2323 3680 lloc
2373 3623 2630 3686 diuturno
2680 3623 2795 3694 jam
2853 3623 3086 3684 multum
3137 3621 3401 3696 fatigatus
3466 3621 3808 3686 crecumine,

2210 3717 2386 3791 ipsum
2437 3717 2572 3784 lucis
2607 3717 2747 3776 data:
2801 3716 3035 3787 perditae
3086 3715 3245 3774 hmsit
3293 3713 3579 3786 paululum
3631 3711 3812 3770 animo

2209 3823 2516 3886 auctorem;
2542 3813 2652 3884 jam
2691 3827 2793 3871 nec
2823 3811 2987 3878 licet,
3033 3819 3094 3870 ut
3135 3809 3270 3869 mihi
3301 3809 3535 3873 videtur,
3565 3806 3658 3864 vel
3689 3819 3812 3864 sero

2209 3913 2510 3986 requirere,
2540 3917 2809 3980 quatenus
2834 3907 2924 3964 ille
2948 3905 3136 3963 oculos
3163 3905 3373 3976 mentis:
3394 3919 3532 3960 meae
3559 3919 3680 3965 suae
3708 3901 3810 3958 mi-

2209 4006 2520 4068 sericordiae
2563 4013 2731 4078 ungat
2763 4002 3012 4076 collyrio,
3051 4001 3146 4074 qui
3199 3999 3334 4059 mihi
3383 4013 3480 4059 eos
3525 4013 3702 4056 sanos
3729 3996 3809 4052 lu-

2209 4099 2397 4170 cisque
2441 4097 2716 4169 capabiles
2765 4095 2996 4154 contulit
3040 4095 3096 4154 in
3130 4093 3422 4165 principio,
3471 4105 3805 4163 sensumque

2211 4189 2396 4248 cordis
2419 4187 2538 4259 ipse
2575 4185 2916 4260 splenditicct
2943 4185 3130 4258 (592),
3158 4184 3250 4255 qui
3301 4183 3488 4242 omnia
3539 4197 3670 4254 qua:
3713 4197 3810 4240 vu-

2209 4280 2370 4346 luerit
2389 4278 2552 4344 valet.
2579 4279 2648 4336 Et
2675 4278 2827 4353 quia,
2853 4286 2914 4334 ut
2953 4277 3088 4342 dixi,
3119 4273 3398 4347 paululum
3439 4273 3576 4344 quid
3607 4271 3812 4331 amoris

520 4369 738 4442 etiamsi
762 4369 965 4461 aliquid
1001 4372 1228 4437 haberet
1257 4373 1403 4446 quod
1448 4373 1517 4439 tle
1564 4389 1662 4437 suo
1685 4370 1982 4458 proferret,
2020 4374 2106 4440 his
2203 4371 2319 4444 jam
2364 4371 2546 4430 animo
2571 4369 2760 4438 hzesit;
2791 4370 2908 4440 ipso
2933 4367 3049 4436 jam
3080 4383 3290 4461 amore,
3322 4381 3388 4422 eo
3417 4363 3694 4461 largiente
3719 4362 3810 4434 qui

521 4478 645 4555 quae
670 4463 813 4536 dicta
846 4465 928 4536 vel
959 4465 1186 4529 dicenda
1219 4474 1397 4532 erant,
1428 4465 1591 4524 (idem
1637 4470 1771 4526 dare
1801 4469 2107 4527 recusavis-

520 4566 630 4635 ﬁet,
661 4558 854 4634 Saltem
882 4559 968 4660 bis
991 4559 1086 4631 qui
1115 4559 1530 4660 de_8cripturis
1559 4575 1625 4654 ea
1669 4560 1960 4660 decerpere
1987 4601 2002 4629 ,
2050 4568 2107 4642 et
2132 4598 2186 4660 Β

521 4665 656 4708 sano
698 4667 860 4709 sensu
892 4653 959 4708 ad
989 4667 1089 4708 nos
1125 4652 1412 4710 voluerunt
1437 4651 1682 4719 deferre,
1727 4653 1886 4709 nobis
1915 4666 2108 4708 conso-

518 4742 781 4822 nantibqs
806 4743 1031 4808 credere
1058 4743 1282 4803 minimc
1319 4745 1672 4800 detrectaret.
1705 4741 1811 4818 Qui
1857 4743 2002 4798 cnim
2049 4741 2108 4819 in

469 4845 491 4899 ἱ

594 4941 742 5020 (ξξρ)
765 4942 1029 5020 lu__vulg.,
1064 4945 1550 5020 quidgdam,_minus
1588 4944 1748 5000 bene.

782 5013 1279 5102 inﬁgit-nomine
1327 5017 1578 5098 doctores
1627 5024 1845 5072 sanctos
1881 5014 2110 5102 intelligi

469 5081 486 5146 ί
517 5081 807 5142 notatione
849 5085 952 5140 585
984 5087 1424 5151 observavimus;
1467 5087 1756 5156 priscorum
1790 5102 1918 5141 vero
1964 5081 2113 5143 Seri-

519 5164 706 5227 ptores
751 5157 1110 5228 sacros.Mox
1160 5159 1213 5212 in
1266 5157 1495 5227 vulgatis
1542 5165 1619 5228 est
1654 5157 2005 5228 labyrinthus.
2042 5158 2110 5212 Et

521 5225 626 5348 Rm
651 5234 728 5278 est
756 5227 1116 5302 reposuimus,
1148 5243 1273 5282 cum
1297 5225 1488 5282 sensus
1517 5227 1608 5290 sit,
1636 5225 2110 5305 duo'persnasisse

579 5295 812 5348 atherio.
833 5305 894 5348 ut
919 5308 1233 5348 sattctnrnm
1269 5297 1494 5348 Patrum
1523 5297 1694 5348 matris
1729 5314 1890 5348 uuam
1925 5314 2110 5348 saero-

579 5295 894 5376 atherio,'ut
919 5308 1234 5355 sanctorum
1269 5297 1494 5352 Patrum
1523 5297 1694 5380 magis
1729 5295 1890 5380 quam
1925 5314 2111 5354 saero-

1693 5383 1822 5406 1111111
1834 5385 1856 5406 I'

526 5378 654 5406 rum
683 5365 1006 5406 sm-inlm-nm
1053 5379 1300 5406 nlAI-nlnr
1348 5365 1637 5406 ρτρηὶηιὶαν
1693 5365 1946 5406 “iunia-nr“
1999 5379 2110 5406 lnm

2211 4465 2377 4531 dedit,
2403 4473 2459 4520 et
2493 4465 2670 4538 ipsum
2698 4461 2966 4516 meruisse
3005 4473 3090 4516 me
3116 4457 3382 4529 intelligo,
3414 4465 3476 4512 ut
3517 4455 3694 4514 sciam
3726 4469 3810 4516 me

2205 4570 2316 4634 non
2345 4554 2526 4616 subito
2551 4561 2606 4610 et
2633 4551 2976 4623 impudenter
3001 4549 3118 4620 ipso
3145 4563 3252 4621 quo
3273 4547 3448 4604 adhuc
3471 4545 3656 4629 caligo
3683 4544 3804 4610 visu

2211 4646 2410 4704 debere
2439 4645 2491 4700 in
2533 4645 2711 4716 ipsum
2751 4641 3093 4713 splendorem
3125 4641 3394 4710 ingerere,
3427 4652 3519 4704 ne,
3551 4637 3807 4692 reverbe-

2213 4738 2345 4795 ratis
2372 4737 2488 4822 ipso
2517 4736 2728 4810 fulgore
2752 4733 3058 4800 obtutibus,
3087 4731 3156 4787 ad
3197 4730 3416 4806 pejores
3449 4743 3620 4805 quam.
3666 4741 3809 4798 nunc

2213 4955 2335 5003 tunc
2381 4943 2624 5020 temporis
2673 4941 3109 5008 emendavimus,
3161 4937 3256 4996 ubi
3303 4945 3424 4998 erat
3475 4947 3631 5004 tuum
3679 4947 3804 5010 tent-

2211 5020 2514 5094 P0"§5:-._
2673 5087 2716 5094 ..
3261 5083 3280 5094 .
3601 5082 3614 5094 .
3711 5081 3724 5094 .

2288 5089 2436 5160 (589)
2473 5089 2549 5144 Ea
2575 5087 2823 5160 ambigua
2849 5083 3280 5160 vocat,qu:e_ad
3322 5099 3477 5160 suam
3530 5082 3805 5160 calamita-

2218 5151 2334 5234 tem
2373 5151 2986 5234 pertinentiaiuseruit;
3022 5151 3094 5211 de
3112 5157 3311 5234 quibus
3358 5164 3412 5214 et
3446 5151 3500 5212 in
3541 5155 3804 5226 pt‘ooomio

2217 5232 2338 5287 libri
2363 5227 2522 5300 primi
2549 5229 2748 5298 aliquid
2787 5227 3035 5286 similiter
3061 5227 3298 5300 S_C|‘Ipait.

2291 5297 2437 5385 (€390)
2464 5300 2546 5354 Ad
2584 5297 2676 5354 nec
2718 5309 2957 5370 percepta
2976 5339 2990 5366 ,
3031 5297 3084 5362 id
3113 5298 3284 5356 estad
3307 5311 3372 5353 ea
3400 5311 3524 5370 qua:
3550 5312 3660 5358 non
3692 5311 3804 5374 per-

2219 5388 2330 5406 tann-
