4018 5406
158 397 266 466 3H

1127 399 1706 475 PRELOQUIORUM
1742 401 1924 462 LIBRI
1963 403 2120 462 SEX.
2159 432 2228 448 -—
2265 403 2393 463 LIB.
2430 404 2516 464 Vl.

3356 409 3465 468 342

169 515 424 578 tenebras
453 515 683 576 redeam
710 530 835 575 cum
858 516 1140 575 dedecore.
1175 518 1451 592 Captanda
1477 536 1607 594 ergo
1637 522 1770 580 mihi
1798 523 1848 586 Α
1875 535 2021 594 aegro
2047 520 2194 606 (396)
2223 521 2292 578 sit
2319 521 2670 590 conscientia,
2697 536 2796 588 nec
2815 523 2956 582 male
2976 532 3234 599 quassata
3256 527 3466 590 chorda

168 626 365 672 censeo
403 610 663 686 quredam
723 609 965 680 ejusdem
1025 610 1162 668 lucis
1211 613 1538 670 antevicinia
1581 613 1762 690 (595),

167 704 365 774 quibus
404 702 675 776 paulatim
707 703 1079 771 assuefactus,
1121 712 1178 761 et
1232 706 1769 779 quantulumcunque

166 798 341 854 oculis
385 811 579 853 eorum
633 813 737 866 usu
782 796 1170 870 cxpulveratis,
1203 798 1529 872 quandoque
1579 799 1632 855 in
1683 814 1769 856 re-

165 903 432 961 percussa
481 888 601 943 acie
641 889 815 958 ipsum
843 887 1049 942 valeam
1094 886 1315 943 luminis
1347 889 1554 944 radium
1588 890 1766 946 inten-

166 982 320 1056 dere,
352 985 643 1053 ipsumque
676 981 951 1040 inhianter
976 982 1401 1051 concupiscere;
1453 990 1509 1038 et
1554 981 1769 1052 quoties

166 1091 288 1133 sese
325 1075 642 1148 dignabitur
689 1075 958 1148 ingerere,
1005 1074 1178 1130 libero
1208 1086 1448 1146 aspectu
1499 1089 1763 1139 cernere,

164 1179 494 1240 cretamque
545 1169 666 1226 sine
715 1169 824 1224 ﬁne
881 1167 1092 1234 valeam
1141 1183 1346 1232 amare.
1396 1167 1550 1236 Quod
1595 1177 1768 1226 totum

167 1272 225 1322 ut
251 1245 412 1341 I91
444 1276 660 1322 merear
691 1261 941 1336 adipisci,
972 1261 1147 1318 visum
1175 1271 1260 1318 est
1289 1261 1422 1318 mibi
1447 1277 1636 1324 eorum
1657 1275 1770 1318 me-

166 1354 418 1430 dicorum
453 1354 740 1412 assuetieri
767 1355 1034 1423 excubiis,
1059 1356 1148 1426 qui
1186 1356 1500 1414 modernius
1528 1356 1766 1426 quidem,

165 1448 266 1508 sed
296 1457 479 1506 tamen
529 1448 792 1520 apertius,
824 1462 988 1518 super
1027 1449 1130 1504 hoc
1159 1448 1520 1518 disputantes,
1555 1447 1627 1506 ita
1661 1464 1774 1508 suat

167 1543 306 1610 artis
343 1542 691 1610 condiderint
738 1542 970 1610 libellos,
1000 1544 1140 1604 utin
1183 1543 1436 1600 omnibus
1481 1552 1536 1599 et
1593 1543 1772 1600 imita-

169 1642 362 1694 rentur
395 1633 710 1706 magistros,
733 1643 787 1690 et
815 1633 1152 1690 instruerent
1176 1634 1504 1704 discipulos;
1538 1634 1773 1706 qualiter

168 1727 382 1790 scilicet
416 1727 505 1784 lux
530 1729 649 1798 ipsa
680 1728 1626 1799 quaerenda,invenienda,tenenda,
1653 1743 1773 1786 cer-

176 1822 382 1888 nenda,
412 1821 662 1886 amanda,
709 1837 817 1893 quo
843 1822 1072 1895 collyrio.
1102 1823 1242 1879 oculi
1275 1822 1628 1896 inunguendi,
1665 1838 1774 1894 quo

1871 615 2011 671 bene
2039 621 2196 670 sonet
2243 612 2296 670 in
2343 613 2575 670 cithara.
2608 615 2846 673 Adverte
2876 617 3062 694 igitur,
3108 619 3304 688 lector,
3339 620 3464 694 quis

1871 724 1960 766 me
2006 710 2073 764 ad
2104 709 2209 766 hoc
2256 709 2532 784 impulerit
2562 726 2754 792 angor,
2806 729 2926 786 quae
2963 713 3248 774 calamitas
3276 757 3293 792 ,_
3344 730 3467 788 qua:

1872 803 2171 859 necessitas
2228 803 2328 858 bas
2374 803 2506 858 milii
2556 787 2832 876 scribendi
2881 789 3292 870 monstraverit
3321 787 3459 866 vias.

1871 895 2052 951 Prima
2102 895 2319 966 quidem
2371 896 2471 970 (ut
2519 898 2927 969 recapitulaudo
2979 899 3158 958 dicam
3210 901 3468 976 planius)

1871 1007 2033 1048 causa
2059 991 2205 1063 (597)
2237 991 2524 1049 oblivionis
2551 991 2653 1050 fuit
2674 1002 2872 1060 metus,
2905 1008 3015 1070 quo
3041 1003 3101 1050 ut
3130 1003 3302 1054 totum
3331 1011 3463 1060 ev0-.

1872 1097 2016 1138 mam
2059 1083 2210 1138 virus
2260 1084 2560 1154 grassantis
2597 1084 2827 1152 veneni,
2880 1085 3060 1153 timui,
3089 1102 3156 1143 ne
3188 1088 3328 1146 sicut
3349 1086 3465 1160 jam

1872 1174 2172 1246 omnigenis
2207 1173 2364 1246 192
2394 1174 2646 1232 vitiorum
2678 1175 2965 1233 ruderibus
2994 1193 3311 1250 oppressus,
3348 1195 3462 1236 ma-

1873 1268 2158 1339 lorumque
2205 1267 2446 1323 tenebris
2493 1268 2740 1332 vallatus,
2779 1285 2843 1326 ac
2893 1270 3076 1327 multis
3123 1271 3464 1338 szecularium

1873 1375 2131 1415 curarum
2158 1360 2337 1418 noxiis
2375 1359 2750 1430 interpellatus
2785 1361 3134 1430 clamoribus,
3175 1363 3466 1422 oblivisce-

1873 1468 1962 1508 rer
1989 1469 2051 1508 ea
2085 1453 2328 1524 penitus,
2370 1453 2497 1508 dum
2546 1468 2632 1510 me
2666 1452 2870 1524 aliquid
2909 1470 2978 1512 ex
3005 1455 3090 1511 bis
3122 1457 3468 1516 retractando

1875 1544 2118 1600 recolere
2145 1545 2326 1616 potius
2358 1559 2414 1602 se
2441 1544 2761 1602 multimodo
2790 1547 2894 1602 sim
2921 1548 3159 1620 gavisus.
3192 1548 3465 1620 Secunda,

1872 1646 1955 1704 ut,
1994 1638 2124 1708 quia
2175 1637 2256 1708 (ut
2297 1637 2432 1708 dixi)
2465 1637 2661 1694 desunt
2685 1637 2845 1706 libri,
2877 1642 3073 1696 desunt
3113 1649 3170 1696 et
3201 1642 3462 1700 confabu-

1873 1729 2046 1785 lantes
2077 1730 2230 1796 socii,
2271 1730 2424 1786 adest
2456 1731 2673 1786 tristitia
2719 1733 3076 1806 excrucians,
3113 1749 3316 1792 mmror
3349 1735 3469 1806 ipse

1876 1823 2116 1878 animum
2143 1821 2514 1878 indesinenter
2540 1824 2856 1890 cor-rodens,
2885 1825 3141 1888 haberem
3165 1825 3218 1880 in
3243 1826 3348 1882 hoc
3371 1825 3472 1896 alis

169 1911 316 1974 bono
344 1927 416 1968 an
439 1913 601 1970 noxio
625 1912 847 1984 pulvere
872 1902 1405 1986 expulverandi,q'ua
1425 1916 1770 1972 observantia
1798 1904 1846 1966 Β
1875 1920 2016 1990 quod
2049 1918 2322 1984 solatium,
2352 1925 2538 1974 uterer
2581 1933 2645 1974 eo
2679 1918 2835 1992 quasi
2865 1918 3099 1990 quodam
3128 1919 3474 1993 colloquente

170 2007 452 2072 nutriendi
480 2049 496 2074 ,
534 2023 645 2080 qua
682 2007 897 2070 cautela
943 2009 1053 2064 sint
1099 2011 1478 2070 conservandi.
1531 2010 1773 2079 Quorum

170 2101 421 2166 omnium
465 2117 555 2158 me
601 2101 941 2174 perspiciens
995 2102 1470 2169 indoctissitnutn,
1534 2112 1774 2163 attamen

164 2191 279 2264 jam
305 2193 435 2254 olim
461 2193 707 2265 ejusdem
749 2197 883 2258 tucis
906 2204 1207 2256 amatorem
1232 2195 1506 2263 eﬂeetum,
1531 2197 1773 2254 libellum

172 2303 240 2348 ex
287 2287 507 2346 illorum
545 2289 708 2348 dictis
758 2289 865 2354 mei
895 2305 1062 2346 causa
1116 2292 1353 2348 condere
1399 2289 1543 2348 volui
1569 2291 1771 2361 istum,

174 2383 228 2442 in
253 2399 366 2453 quo
396 2382 535 2440 nihil
574 2399 604 2439 a
639 2398 725 2441 me
749 2399 868 2442 mea
893 2384 1161 2442 industria
1187 2385 1480 2456 prolatum,
1507 2386 1558 2441 in
1583 2401 1774 2443 eorum

171 2474 595 2534 medicinalibus
651 2476 933 2534 inventum
988 2492 1341 2546 congererent
1398 2479 1775 2538 medicaminis

168 2568 508 2640 plurimum,
562 2583 664 2625 nec
719 2578 962 2625 taxarem
993 2571 1238 2642 priorum
1285 2571 1422 2627 ullos
1467 2587 1564 2643 per
1594 2588 1682 2630 me
1710 2573 1776 2628 li-

170 2660 396 2718 brorum
426 2662 578 2735 (594)
612 2663 934 2735 angiportus
976 2663 1233 2730 lustrare,
1259 2665 1312 2720 in
1337 2665 1534 2736 quibus
1559 2667 1661 2721 etsi
1704 2666 1772 2722 ad

171 2755 381 2826 aliquid
414 2755 590 2812 facilis
619 2755 896 2823 introitus,
931 2772 1032 2829 per
1076 2757 1228 2829 plura
1276 2757 1509 2814 difficilis
1552 2760 1770 2827 exitus;

171 2848 265 2901 sed
310 2846 435 2902 illos
480 2862 579 2918 per
607 2848 787 2902 omnia
829 2863 1122 2920 sequerer,
1154 2837 1454 2920 eorumque
1494 2852 1774 2923 gressibus

169 2937 359 2994 tritum
401 2938 593 2994 callem
645 2940 996 3014 aggrederer,
1028 2942 1118 3012 qui
1153 2941 1468 3016 multigenis
1495 2944 1774 3001 scrutiniis

173 3033 378 3088 eisdem
420 3034 630 3090 diutina
673 3033 1106 3106 frequentatione
1149 3038 1476 3108 peragratis,
1505 3038 1618 3108 jam
1645 3039 1770 3094 abs-

173 3138 278 3196 que
313 3124 543 3194 alieujus
585 3126 919 3182 adminiculo
960 3129 1220 3194 ductoris,
1267 3128 1383 3183 solo
1441 3129 1649 3183 scilicet
1683 3128 1772 3200 qui

172 3232 264 3274 eos
293 3219 660 3277 circumduxit
685 3263 700 3288 ,
742 3222 1071 3289 introduxit,
1103 3230 1156 3277 et
1197 3221 1575 3293 praeterfluxit,
1607 3221 1774 3277 fontis

172 3315 374 3372 lumine
399 3326 702 3388 prxeuute,
729 3317 1021 3374 comitante
1047 3326 1099 3373 et
1117 3326 1396 3390 sequente,
1417 3317 1588 3374 libero
1610 3333 1772 3375 cursu

171 3411 459 3467 valuerunt
490 3413 768 3469 incedere.

239 3506 332 3564 $6.
364 3507 462 3581 Egi
509 3517 694 3564 autem
727 3509 848 3572 hoc,
891 3524 999 3565 non
1048 3518 1109 3565 ut
1155 3509 1260 3565 hac
1308 3516 1428 3564 arte
1468 3507 1771 3565 doctrinam

173 3598 419 3662 conferre
478 3615 874 3674 prcesumcrem
921 3601 1083 3670 alicui
1112 3644 1126 3669 ,
1181 3602 1277 3660 sed
1309 3618 1375 3658 ne
1424 3618 1617 3659 rursus
1656 3602 1773 3656 bch

174 3693 358 3748 eadem
393 3693 680 3759 meditata,
721 3703 782 3750 ut
827 3692 942 3762 iam
996 3694 1288 3762 fecerant,
1334 3695 1776 3766 subterfugerent

175 3787 301 3840 mibi
326 3786 504 3858 (595).
526 3785 635 3842 Nec
658 3787 861 3842 mirum
888 3787 932 3840 si
953 3802 1124 3858 pauca
1154 3786 1390 3855 congeri,
1410 3802 1580 3857 pauca
1609 3786 1773 3843 etiam

171 3876 443 3933 valuerint
488 3879 790 3944 recordari,
826 3881 1112 3938 recordata
1161 3881 1326 3936 etiam
1360 3897 1468 3936 non
1509 3880 1644 3936 adeo
1692 3879 1772 3934 di-

169 3979 309 4026 serte
360 3970 499 4030 satis
534 3971 975 4042 decussatimqne
1026 3973 1282 4044 proferri,
1328 3989 1452 4030 cum
1499 3981 1554 4029 et
1602 3972 1772 4028 abun~

169 4059 360 4116 danter
397 4068 509 4115 tam
538 4076 710 4131 parvo
760 4060 1034 4117 sulliciant
1061 4063 1233 4134 operi,
1266 4063 1448 4118 desint
1477 4063 1642 4118 etiam
1679 4061 1772 4134 qui

169 4155 424 4212 solatium
461 4155 638 4212 ferant
665 4156 817 4222 libri,
849 4156 1030 4212 absint
1076 4166 1132 4212 et
1177 4157 1550 4228 colloquentes
1578 4157 1763 4226 amici,

169 4248 503 4304 obnubilans
534 4249 697 4306 etiam
752 4250 925 4322 ipsam
972 4250 1172 4306 mentis
1218 4252 1388 4308 aciem
1427 4253 1571 4308 adsit
1618 4251 1773 4308 labor

170 4339 476 4406 infortunii,
508 4341 831 4398 memoriam
863 4356 992 4398 vero
1020 4357 1222 4397 mceror
1242 4343 1615 4409 liebetavcrit;
1648 4359 1773 4398 cum

169 4435 421 4508 equidem
469 4441 524 4492 et
574 4436 690 4508 ipsa
735 4435 1114 4492 obmutescere
1166 4435 1339 4492 soleat
1387 4434 1670 4502 facundia,
1725 4433 1772 4490 si

238 4588 392 4660 (595)
428 4587 754 4644 Antevicinia
794 4587 925 4644 lucis
971 4596 1099 4644 sunt
1143 4589 1390 4660 qumdam
1421 4587 1557 4646 lucis
1589 4589 1765 4658 initia,

173 4675 288 4733 quae
319 4661 387 4733 ab
419 4660 564 4733 [talis
591 4661 933 4733 appellantur
964 4660 1219 4716 barlume.

242 4731 391 4804 (597i)
427 4731 740 4804 Legendtitn
780 4733 1013 4797 videtur,
1035 4749 1124 4786 nec
1152 4749 1407 4788 cessarem
1431 4731 1656 4788 lustrare
1676 4751 1768 4804 per

172 4819 248 4857 me
273 4803 408 4858 ullos
441 4803 750 4874 attgiporttts
789 4804 1041 4857 librorum
1069 4805 1324 4874 priorum,
1363 4804 1414 4859 id
1443 4813 1527 4859 est
1555 4803 1754 4874 prisco-

175 4889 289 4928 rum
319 4873 581 4930 librorum
603 4918 617 4942 ,
665 4891 774 4944 quo
809 4876 1026 4929 nomine
1059 4873 1224 4929 libros
1255 4886 1309 4930 et
1351 4873 1646 4945 scriptores
1675 4893 1730 4932 sa
1751 4907 1766 4918 -

176 4960 291 5000 eros
320 4947 572 5018 superius
603 4947 944 5018 designavit;
995 4946 1100 5018 liis,
1128 4947 1271 5000 enim
1323 4949 1558 5001 maxime
1612 4947 1766 5003 libris

177 5017 498 5089 conveniunt
526 5017 810 5088 sequentia
846 5035 858 5070 :
891 5017 958 5070 In
993 5017 1178 5089 quibus
1210 5018 1304 5071 etsi
1332 5019 1400 5071 ad
1447 5018 1646 5089 aliquid
1679 5019 1762 5087 fit--

178 5087 283 5160 cilis
326 5087 718 5159 introittts,’prr
759 5092 914 5160 plura
943 5087 1166 5158 difficilis
1210 5090 1376 5142 exitus
1395 5107 1412 5146 :
1439 5105 1502 5143 ac
1531 5087 1760 5159 proinde

179 5159 323 5214 addit
354 5177 367 5212 :
399 5160 506 5213 Sed
527 5159 919 5250 illos”(sanetus
949 5159 1160 5250 Patres)
1187 5176 1278 5228 per
1299 5161 1757 5250 οηιιιὶιεεειμιειέι·2

1140 5227 1151 5250 Ι
1171 5248 1176 5249 ,

1875 2009 2075 2076 amico,
2092 2007 2368 2070 refoverer
2386 2024 2450 2064 eo
2468 2009 2707 2081 quodam
2728 2009 2895 2067 veluti
2921 2010 3086 2074 socio.
3104 2010 3216 2068 Nec
3245 2020 3473 2084 questus

1875 2117 2016 2166 sum,
2044 2101 2200 2174 juxta
2236 2101 2533 2168 comicum,
2585 2110 2797 2174 egomet
2829 2102 2966 2160 mihi
3020 2103 3248 2164 dicende
3281 2122 3293 2159 :
3339 2103 3474 2173 Qui:

1876 2196 2008 2268 leget
2035 2195 2191 2252 lucc?
2229 2211 2315 2250 me
2339 2195 2620 2264 lectorem,
2648 2211 2736 2254 me
2763 2197 2947 2270 operis
2977 2196 3318 2262 solummodo
3347 2198 3474 2269 (etsi

1875 2305 1983 2350 non
2021 2289 2278 2361 alterum)
2310 2289 2470 2348 istius
2502 2291 2840 2362 perspiciens
2867 2299 3192 2358 amatorem,
3221 2291 3472 2364 quando:

1874 2384 2092 2456 quidem
2150 2383 2275 2439 aliis
2307 2382 2556 2456 [subaudi
2604 2383 2780 2457 libris]
2830 2385 3099 2458 indigens,
3145 2386 3250 2452 hoc
3277 2385 3473 2444 saltem

1875 2477 2038 2534 solari
2079 2492 2240 2549 posse
2280 2493 2404 2536 eum
2437 2477 2530 2548 qui
2590 2477 2725 2538 mihi
2778 2477 2957 2536 inerat
2987 2478 3226 2544 viderem
3259 2478 3477 2550 legendi

1876 2586 2119 2628 amorem
2145 2571 2316 2642 (598).
2361 2569 2463 2639 Qui
2499 2570 2614 2626 vult
2664 2571 2848 2643 itaque
2889 2571 3064 2644 legat,
3102 2572 3196 2643 qui
3243 2570 3356 2628 vult
3382 2584 3476 2626 ne-

1875 2666 2043 2739 gligat
2085 2681 2100 2722 :
2145 2682 2234 2724 me
2275 2681 2400 2724 nam
2448 2665 2804 2738 impulsorem
2853 2681 3016 2732 nemo,
3064 2667 3229 2726 dicat.
3271 2666 3339 2728 Et
3379 2664 3478 2736 qui

1878 2757 1972 2836 [[.,
2002 2757 2152 2830 quia]
2184 2758 2252 2814 ad
2281 2759 2383 2820 hoc
2405 2767 2616 2828 tempus
2650 2757 2810 2830 paulo
2836 2757 3119 2826 vacantius
3139 2771 3302 2828 quam
3328 2754 3479 2818 volui

1874 2851 2076 2924 reperi,
2108 2851 2162 2908 in
2189 2850 2601 2924 praefationibus
2633 2851 2794 2923 (599)
2823 2851 3041 2922 quidem
3087 2864 3175 2906 me
3220 2866 3359 2922 pene
3391 2859 3476 2906 to-

1877 2952 1990 2998 tum
2017 2943 2260 3015 dcpinxi,
2295 2943 2684 3012 conditionem,
2714 2958 2905 3016 genus,
2955 2958 3188 3010 nomen,
3237 2941 3478 3008 cilicium

1877 3036 2255 3105 commissum,
2282 3035 2582 3102 fortunam,
2616 3036 2664 3091 si
2715 3035 2824 3092 dici
2860 3035 3081 3104 audeat,
3119 3035 3315 3108 ipsam,
3349 3050 3478 3107 snp-

1875 3128 2061 3200 plicia,
2113 3138 2373 3186 tortorem
2410 3127 2585 3200 ipsum
2633 3128 2961 3200 quibusdam
3014 3128 3230 3194 indiciis
3260 3125 3478 3199 scriptis

1880 3229 2000 3286 tatis
2031 3237 2247 3288 meum,
2299 3230 2354 3284 et
2384 3221 2528 3300 quod
2571 3220 2648 3277 illi
2696 3231 2951 3286 maneat,
3004 3221 3108 3280 nisi
3142 3219 3477 3292 resipuerit,

1877 3315 2244 3385 supplicium,
2302 3330 2369 3369 ex
2418 3329 2560 3386 quo,
2593 3316 2788 3385 'rogo,
2847 3314 2988 3368 Deus
3031 3313 3225 3368 liberet
3274 3314 3472 3383 ipsum.

1874 3407 2013 3463 llinc
2059 3407 2255 3462 iterum
2303 3406 2435 3478 quid
2485 3405 2780 3478 gerendum
2830 3418 2932 3460 nec
2981 3412 3229 3474 gestum,
3261 3411 3474 3475 gestum

1875 3501 2039 3558 fuerit
2082 3515 2182 3555 nec
2231 3485 2566 3571 gerendum:
2599 3514 2720 3568 quae
2773 3512 2896 3553 cum
2941 3495 3122 3551 omnia
3172 3495 3328 3566 quasi
3373 3495 3476 3549 sub

1875 3593 2121 3666 personis
2157 3591 2412 3664 aliorum,
2463 3606 2531 3648 ne
2580 3589 2742 3646 facile
2791 3588 3007 3646 valeant
3061 3587 3349 3660 expiscari,
3387 3587 3472 3642 vi-

1877 3689 2111 3744 deantur
2146 3687 2378 3756 prolata,
2409 3684 2544 3742 mihi
2574 3692 2755 3739 tamen
2787 3683 2861 3740 ita
2885 3688 3010 3737 sunt
3033 3687 3316 3750 aptata,ut
3343 3693 3473 3734 mox

1877 3782 2009 3836 fiant
2033 3791 2242 3856 aperta,
2261 3795 2384 3835 cum
2406 3779 2685 3833 obtutibus
2711 3775 2915 3832 fuerint
2931 3782 3292 3846 praesentata;
3327 3788 3474 3844 qua!-

1875 3891 1980 3947 que
2010 3875 2263 3930 universa
2299 3883 2408 3929 tam
2433 3880 2590 3934 caute
2623 3870 2866 3926 invenire
2895 3870 3098 3942 poterit
3120 3876 3398 3935 exsecuta,
3426 3867 3475 3924 si

1876 3969 1960 4024 cui
1985 3967 2227 4023 studiose
2249 3967 2440 4022 eadem
2473 3963 2688 4022 libuerit
2718 3963 2941 4029 rimare,
2975 3971 3034 4019 ιιι
3073 3962 3160 4019 bis
3185 3960 3472 4034 propalan-

1875 4062 1958 4118 dis
1987 4061 2166 4133 putari
2199 4061 2373 4132 possit
2412 4057 2683 4129 sagacitas
2733 4055 3013 4112 laborasse
3048 4062 3247 4110 nostrae
3294 4053 3469 4107 inten-

1877 4157 2039 4214 tionis
2068 4156 2122 4210 in
2149 4164 2256 4210 tam
2287 4155 2496 4226 prolixa
2531 4151 2672 4207 serie
2699 4148 3062 4222 prznfatiouis.
3089 4148 3300 4220 Corpus
3334 4161 3467 4202 vero

1875 4258 2049 4305 totum
2078 4248 2259 4318 operis
2281 4247 2353 4302 ita
2371 4244 2611 4316 compegi
2623 4285 2636 4308 ,
2655 4251 2711 4298 ut
2723 4243 2789 4297 ab
2805 4242 3052 4307 oratione
3067 4239 3134 4300 ad
3152 4239 3466 4310 lectionem,

1874 4357 1905 4397 a
1951 4342 2185 4397 lectione
2232 4341 2301 4396 ad
2348 4338 2653 4394 orationem
2709 4332 3218 4406 conversusHOU),
3259 4331 3470 4387 nullum

1874 4450 1974 4493 nec
2001 4434 2217 4491 athleta:
2248 4447 2346 4490 nec
2376 4427 2692 4487 adversario
2711 4426 3025 4495 eolludium,
3065 4424 3268 4481 nullam
3292 4421 3474 4479 indul-

1947 4593 2098 4665 (595)
2127 4593 2185 4648 Id
2223 4599 2326 4660 est,
2356 4605 2424 4646 ne
2457 4589 2901 4664 subterfugerant
2931 4584 3088 4654 mihi,
3116 4593 3178 4642 ut
3199 4583 3314 4658 jam
3340 4582 3472 4648 Sub-

1793 4661 1845 4726 D
1875 4661 1985 4722 ter'f
1985 4661 2230 4736 tigerunt.

1945 4727 2092 4812 (596)
2137 4735 2271 4791 Male
2302 4734 2354 4789 in
2385 4732 2618 4812 vulgatis
2638 4749 2788 4812 ergo.
2819 4729 3026 4812 Sensus
3054 4738 3140 4786 est
3166 4749 3180 4785 :
3215 4727 3470 4812 facundia

1871 4799 2007 4864 solet
2037 4799 2439 4870 obmutescere,
2473 4799 2518 4862 si
2559 4804 2682 4874 quis
2705 4799 2853 4875 aeger
2880 4803 2961 4858 sui
3003 4817 3224 4875 compos
3251 4799 3320 4855 sit
3355 4799 3470 4854 Ra-

1873 4880 2082 4936 tlterius
2115 4888 2294 4932 autem
2341 4878 2411 4930 ob
2459 4872 2822 4944 calamitates,
2873 4889 3010 4944 quas
3042 4872 3368 4944 patiebatur,
3411 4885 3474 4924 se

1871 4951 2032 5006 veluti
2065 4965 2268 5021 argum:
2300 4947 2537 5021 pra‘fert.
2937 5017 2951 5021 _
3331 5010 3342 5021 '

1944 5024 2094 5093 (597)
2119 5017 2314 5073 ‘Primri
2346 5020 2554 5093 scilicet
2590 5035 2783 5093 Δεαιιιῖα,
2814 5033 2912 5074 cur
2937 5017 3043 5070 hoc
3069 5029 3206 5093 opus
3235 5017 3473 5093 scripse-

1872 5081 1964 5162 rit,
1999 5081 2102 5148 fuit
2142 5100 2317 5146 melus
2344 5089 2653 5150 oblivionis,
2708 5081 2862 5154 utiex
2893 5081 3245 5156 sequentibus
3291 5081 3472 5152 palam

1871 5166 1982 5221 ﬁet.

2041 5235 2085 5248 Λι
