4018 5406
479 170 591 232 343

1404 166 1733 226 numam
1770 118 2006 225 arise.
2027 159 2283 225 vanon.
2322 162 2476 223 ore.
2512 160 2714 223 rans.
2753 161 2793 221 ι.

3651 161 3767 229 3n

473 286 640 343 serim
669 293 1055 357 pausam,cum
1085 281 1292 339 orando
1314 282 1414 340 iste
1433 290 1655 355 pugnet,
1679 282 1769 339 ille
1783 295 2060 356 espugne-
2087 287 2141 350 Α
2164 280 2292 338 leat.
2340 280 2527 338 Potest
2565 288 2657 336 tua
2678 321 2694 349 ,
2745 278 2834 337 cui
2858 279 3042 338 omnia
3079 280 3149 340 ad
3191 288 3382 341 nutum
3427 289 3719 356 suppetunt
3743 268 3791 362 ;"

468 385 598 446 tur;
617 374 844 448 legendo
865 373 968 429 iste
985 373 1276 441 animetur,
1290 372 1380 429 ille
1404 374 1746 446 increpetur;
1769 374 1824 431 in
1852 389 1959 431 uno
1974 374 2063 431 isti

470 472 700 528 virtutes
718 480 1054 537 accrescant,
1084 469 1162 525 illi
1186 470 1334 525 vires
1356 468 1646 537 deﬁciant;
1679 470 1734 525 in
1772 470 1945 526 altero
1972 471 2064 526 isti

468 563 759 621 consilium
815 562 996 630 detur,
1046 560 1123 617 illi
1162 575 1332 633 pavor
1362 559 1647 617 inferatur.
1688 561 1787 619 His
1820 577 1950 635 ergo
1990 562 2087 643 ita‘

469 674 533 715 se
558 648 915 720 habentibus,
958 654 1180 711 videtur
1208 655 1425 727 quidem
1455 654 1711 728 prologus
1739 671 1878 727 pene
1922 665 2067 713 totus

471 764 593 808 esse
620 739 829 825 .meus,
867 749 921 805 in
974 763 1079 821 quo
1109 757 1165 805 et
1194 762 1262 804 ex
1290 764 1413 806 meo
1440 750 1594 820 plura
1616 791 1631 816 ,
1678 750 1801 807 licet
1848 751 1915 806 ab
1945 750 2068 806 aliis

474 843 636 915 193
676 842 953 912 explorata
982 840 1131 913 (401)
1178 856 1381 913 ponere
1413 858 1532 899 sum
1565 858 1749 898 ausus.
1790 843 2068 914 Agonisti-

470 947 570 988 eus
612 947 741 988 vero
771 933 887 1003 ipse
920 932 1227 988 communis
1264 932 1506 988 omnium
1553 932 1830 989 luctamini
1879 950 2071 991 manus

470 1027 753 1094 dantium,
781 1026 926 1082 unde
969 1025 1048 1082 nil
1079 1025 1153 1082 ibi
1193 1035 1391 1098 praeter
1428 1027 1821 1084 connexionem
1856 1027 2027 1098 ipsam
2053 1070 2068 1097 ,

470 1126 556 1189 et,
587 1128 648 1175 ut
673 1120 749 1175 ita
786 1117 1002 1189 loquar,
1032 1118 1205 1174 nodos
1244 1119 1615 1176 membrorum
1645 1118 1885 1176 invenies
1922 1135 2077 1176 meo-

468 1225 628 1279 rum;
673 1210 772 1269 sed
809 1209 1088 1267 orationes
1134 1208 1352 1280 quidem
1401 1224 1431 1264 a
1479 1209 1665 1265 multis
1706 1210 2091 1281 compositas,‘

473 1300 728 1371 quamvis
751 1307 808 1355 et
835 1314 865 1354 a
895 1313 983 1355 me
1010 1299 1064 1354 in
1098 1298 1230 1370 ipsis
1260 1298 1429 1355 initiis
1461 1299 1672 1370 aliquas
1703 1300 2073 1372 interpositus,

472 1404 609 1462 quas
647 1390 865 1463 negotio
902 1389 1159 1462 praesenti
1195 1388 1436 1458 iudicavi
1482 1406 1780 1463 congruas,
1817 1390 2080 1474 lectiones

471 1498 604 1540 vero
633 1497 703 1540 ex
747 1491 1064 1540 sanctorum
1110 1483 1263 1539 libris
1309 1492 1615 1556 excerptas.
1658 1484 1939 1553 Quomodo
1982 1501 2078 1542 au-

474 1584 587 1633 tem
635 1577 752 1647 ipsa
798 1574 1086 1647 praefatio,
1121 1575 1248 1631 dum
1296 1576 1540 1648 expediri
1588 1591 1709 1633 eam
1760 1578 2082 1634 succinctis-

2167 374 2423 446 majestas
2452 371 2664 430 edicere
2693 372 3153 446 (quandoquidem
3195 372 3357 448 194
3383 374 3531 431 idem
3557 382 3643 439 est
3667 375 3768 434 tibi

2166 465 2305 523 velle
2352 465 2495 536 quod
2532 479 2693 537 agere
2715 505 2731 533 ,
2767 478 2927 536 posse
2954 465 3098 536 quod
3137 466 3280 537 esse)
3312 477 3375 523 ut
3412 467 3532 523 haec
3575 466 3769 527 eadem

2168 558 2329 616 alicui
2360 558 2637 631 contingat
2664 559 2951 630 prodesse,
2982 559 3076 630 qui
3112 575 3211 633 pro
3247 574 3337 617 me
3373 558 3687 618 miserrimo
3713 568 3770 616 te

2168 649 2297 707 velit
2325 662 2584 718 exorare,
2615 663 2775 722 quem
2807 656 2866 705 tu
2908 649 3150 722 piissime
3187 649 3430 721 digneris
3457 649 3723 710 exaudire
3748 689 3767 720 ,

2170 741 2330 814 eique
2358 741 2533 798 vicem
2560 755 2661 817 pro
2691 740 2957 799 beneficio
2991 741 3215 802 referre.
3244 743 3439 802 Amen.

2173 895 2279 985 llic
2316 897 2621 985 ponendum.
2656 899 2795 985 quod
2836 898 3374 985 promisimusJiOS),
3419 900 3561 958 beati
3591 902 3771 971 Anqu-

2185 977 2190 987 '
2552 969 2678 1026 stini
2705 970 2771 1025 de
2798 969 3027 1028 utilitate
3052 969 3374 1044 uigiliarum.

2244 1081 2414 1152 Igitur
2448 1081 2577 1153 quia
2606 1092 2808 1153 quanta
2839 1082 2911 1140 sit
2946 1083 3155 1142 utilitas
3181 1077 3531 1156 vigiliarum,
3549 1079 3623 1143 'et
3652 1085 3774 1143 istis

2175 1184 2233 1231 et
2257 1176 2443 1232 multis
2486 1176 2715 1233 aliorum
2754 1180 3040 1235 doctorum
3065 1219 3080 1246 ,
3114 1180 3337 1251 insuper
3372 1188 3430 1236 et
3470 1178 3775 1235 multidicis

2176 1276 2381 1324 sancue
2408 1267 2706 1339 Scripturae
2731 1270 2988 1326 docemur
3019 1270 3344 1327 testimoniis
3366 1311 3384 1339 ,
3417 1271 3774 1327 admonemus

2177 1360 2575 1432 olympionicen
2603 1360 2753 1444 (ιρι)
2783 1369 3032 1417 nostrum
3050 1402 3066 1428 ,
3102 1369 3163 1417 ut
3186 1360 3625 1438 quia‘singulare
3649 1375 3775 1417 cum

2177 1451 2426 1525 pervigili
2458 1451 2616 1509 hoste
2658 1462 2935 1510 certamen
2971 1453 3212 1510 decrevit
3253 1453 3441 1519 adire,
3470 1450 3777 1524 singulares

2180 1543 2439 1599 excubias
2467 1584 2483 1611 ,
2532 1543 2729 1614 quibus
2773 1553 2952 1601 castra
3002 1560 3225 1602 suarum
3270 1545 3535 1601 virtutum
3582 1553 3778 1600 contra

474 1670 615 1726 sime
654 1634 928 1725 .voluerim
954 1708 970 1736 ,
1024 1634 1134 1725 tam
1180 1634 1399 1742 longum
1449 1671 1738 1727 verborum
1782 1672 2079 1729 obtinuerit
2107 1667 2156 1728 B
2181 1635 2510 1742 “Wl‘il’licfs
2536 1635 2906 1742 ejusgifsiflias
2939 1636 3449 1742 Pefigihnﬁiiime
3477 1634 3777 1742 ωδξξδδίπῗ

475 1771 735 1829 tractum,
765 1763 965 1833 partim
1000 1763 1177 1819 adhuc
1205 1771 1262 1819 et
1297 1762 1430 1818 mihi
1465 1772 1649 1819 manet
1692 1764 2068 1837 incognitum;

474 1864 741 1926 quantum
792 1863 974 1911 autem
1015 1863 1103 1911 est
1148 1864 1509 1927 perceptum,
1563 1854 1731 1911 altum
1779 1854 1846 1928 [Ῑ.
1882 1856 2071 1931 alium]

474 1947 688 2004 dicendi
738 1956 949 2020 spectat
986 1948 1164 2004 locum
1199 1967 1213 2004 :
1252 1948 1519 2020 siquidem
1562 1948 1740 2004 adhuc
1777 1956 1862 2005 est
1904 1948 2076 2004 ambi-

474 2056 641 2112 guum
669 2041 839 2114 (402),
869 2056 1033 2112 quem
1057 2040 1200 2097 Deus
1232 2040 1363 2097 velit
1388 2050 1448 2097 ut
1475 2056 1642 2100 causa
1668 2050 1856 2113 vergat
1880 2041 1933 2098 in
1960 2042 2075 2098 exi-

470 2140 611 2188 tum.
640 2131 746 2189 Sed
773 2147 904 2201 rogo
928 2134 1073 2190 inter
1092 2133 1231 2201 haec,
1253 2134 1485 2205 benigne
1510 2131 1658 2202 Jesu,
1680 2135 1916 2201 veniam,
1945 2134 2074 2191 dum

475 2223 821 2281 incessanter
851 2234 906 2280 te
942 2240 1049 2281 non
1084 2225 1373 2297 ignorante
1409 2226 1678 2282 eontrabo
1704 2241 1923 2283 noxam.
1964 2226 2077 2283 Cur

475 2316 622 2371 enim
654 2316 758 2373 ista
795 2317 1183 2389 praemiserim,
1212 2317 1401 2373 videor
1428 2317 1562 2373 mibi
1593 2332 1661 2374 ex
1696 2327 1853 2389 parte
1896 2318 2072 2387 scire;

472 2417 660 2465 utrum
699 2416 880 2465 autem
918 2408 1023 2466 rite
1058 2409 1454 2481 praemiserim,
1495 2416 1702 2465 cumet
1746 2410 1799 2465 in
1828 2409 2075 2482 pluribus

472 2503 566 2557 vix
611 2501 821 2558 valeam
862 2502 1321 2572 comprehendere
1344 2543 1360 2565 .
1394 2502 1448 2557 in
1497 2502 1769 2560 nonnullis
1808 2504 2076 2560 confiteor

473 2608 564 2649 me
584 2592 801 2665 penitus
825 2594 1057 2650 nescire.
1083 2592 1208 2650 Rite
1228 2602 1312 2650 est
1338 2603 1518 2650 autem
1545 2608 1706 2650 omne
1734 2596 1877 2666 quod
1898 2595 2075 2651 humi-

474 2688 605 2745 liter
636 2688 908 2758 prolatum
955 2704 1065 2745 non
1092 2689 1336 2746 dissonat
1378 2690 1447 2745 ab
1474 2689 1785 2746 omnimoda
1811 2732 1824 2757 ,
1867 2705 1987 2762 quae
2016 2698 2075 2746 tu

476 2798 575 2849 es,
610 2784 860 2841 veritate.
903 2782 961 2840 Si
1003 2785 1133 2856 quid
1173 2800 1305 2868 ergo
1350 2784 1455 2841 rite
1500 2794 1586 2841 est
1627 2784 1864 2854 dictum,
1904 2786 2071 2854 mihi,

474 2873 705 2932 Domine
728 2918 743 2943 ,
774 2892 906 2949 rogo
936 2885 997 2932 ut
1031 2876 1279 2949 proﬁciat
1310 2896 1324 2932 :
1361 2879 1409 2934 si
1446 2875 1576 2950 quid
1605 2893 1736 2934 sane
1773 2877 2035 2935 absonum
2055 2922 2071 2948 ,

473 2979 570 3026 tua
598 2986 783 3042 qumso
813 2971 1097 3028 clementia
1134 2974 1409 3043 ignoscat,
1436 2977 1637 3042 tuaque
1662 2970 1919 3041 majestas
1944 2987 2076 3028 con-

474 3035 654 3129 cedat,
689 3074 749 3118 ut
772 3063 952 3120 btecce
990 3035 1186 3136 aliquis
1212 3035 1404 3122 melius
1448 3035 1611 3136 quam
1641 3035 1948 3136 ego'adhuc
1991 3063 2074 3119 in-
2099 3035 2146 3098 (ἶ

478 3153 728 3227 telligens
756 3157 1032 3231 corrigat,
1071 3172 1233 3216 nemo
1257 3173 1388 3216 vero
1414 3167 1746 3232 corrumpat,
1778 3172 1942 3216 nemo
1981 3159 2075 3216 de-

476 3396 609 3455 nros
644 3384 721 3441 ita
765 3385 979 3443 videtur
1019 3385 1280 3455 innuere,
1318 3396 1380 3444 ut
1426 3387 1692 3444 orationis
1740 3386 1960 3443 nomine
2008 3401 2074 3443 ea

475 3454 596 3530 loca
625 3457 916 3529 signiticet,
957 3473 1078 3529 quae
1108 3458 1222 3530 ipse
1266 3454 1337 3516 ex
1391 3457 1583 3516 alienis
1630 3459 1916 3516 sententiis
1946 3458 2076 3515 hinc

478 3527 606 3582 inde
637 3527 907 3598 eicerptis
936 3527 1247 3597 contexuit;
1281 3529 1519 3586 lectionis
1561 3546 1695 3587 vero
1740 3530 1962 3586 nomine
2009 3544 2075 3584 ea

476 3599 772 3681 prolixiora
790 3600 1034 3681 _Patrum
1092 3603 1423 3681 testimonia,
1453 3617 1574 3672 quae
1629 3603 1854 3658 totidem
1894 3599 2075 3656 verbis

476 3670 725 3750 inseruit.
779 3670 1353 3750 Lectionem_quidem
1406 3670 1723 3750 usurpatam
1775 3688 1874 3750 pro
1922 3693 2075 3750 πξρι-

475 3748 622 3823 ita)an
655 3750 803 3795 textu
827 3784 843 3808 ,
862 3812 874 3823 _
893 3743 1218 3823 allegatione
1242 3785 1256 3808 ,
1299 3743 1626 3801 auctoritate
1648 3785 1664 3809 ,
1691 3743 2029 3823 _teStimonib
2055 3784 2072 3810 ,

479 3812 720 3884 sectione
750 3812 1128 3884 undecunque
1150 3814 1440 3884 decerpta,
1469 3829 1592 3883 qua:
1640 3813 2072 3880 adducebantur,

480 3890 538 3935 et
566 3881 946 3953 recitabantur
978 3881 1610 3953 in'jndiciis,'scriptis,
1646 3894 1704 3940 et
1736 3885 1791 3938 in
1828 3884 2074 3941 Ecclesia

479 3966 721 4036 quoque,
748 3950 983 4036 Iacobus
1005 3950 1372 4036 Gothofredus
1397 3950 1642 4036 pluribus
1663 3954 2077 4036 exemplis-er

477 4022 658 4095 batin
684 4024 1084 4095 commentario
1112 4023 1178 4078 ad
1219 4022 1636 4095 legcm'unicam
1662 4022 1866 4081 codicis
1892 4022 2071 4082 Tbeo-

480 4092 695 4167 dosiani
736 4092 812 4147 De
858 4096 1121 4167 responsis
1173 4092 1523 4165 prudentum,
1574 4097 1966 4167 confirmatque
2008 4097 2077 4154 ad

480 4111 695 4148 aosram
736 4111 812 4147 ue
858 4111 1118 4218 reszonsis
1173 4111 1523 4165 prudentum,
1574 4111 1966 4167 connrmatque
2008 4111 2072 4154 au

479 4163 655 4238 Legem
694 4179 893 4238 nonam
919 4180 1006 4238 __e
1030 4165 1364 4238 inﬁrmandis
1394 4168 1507 4232 his,
1536 4183 1654 4238 qua:
1686 4167 1783 4222 sub
1816 4169 2072 4238 tyrannis.

478 4231 743 4309 Eamdem
793 4231 1246 4309 signiﬁcationem
1294 4247 1354 4291 ut
1400 4231 1784 4309 buic'quoque
1831 4231 2075 4294 Ratherii

478 4307 655 4378 textui
686 4307 1026 4378 applicemus
1071 4309 1302 4364 suadent
1349 4307 1628 4378 sequentia
1667 4307 1823 4364 :‘Nil
1867 4309 1941 4363 ibi
1984 4310 2074 4373 (in

479 4375 585 4430 hoc
624 4375 831 4451 scilicet
867 4393 1033 4448 opere
1062 4375 1534 4451 ,Praeloquiortim)
1566 4391 1771 4451 prreterg
1795 4382 2072 4435 connexio-

479 4461 599 4521 nent
623 4447 822 4517 ipsam,
854 4447 931 4514 et,
965 4459 1021 4503 ut
1054 4450 1129 4521 ita
1171 4447 1381 4521 loquar,
1411 4447 1576 4506 nodos
1615 4449 1965 4521 membrorum
1991 4452 2072 4505 in-

477 4518 649 4591 uenies
685 4534 956 4585 meorum;
989 4520 1079 4574 sed
1117 4518 1378 4575 orationes
1414 4521 1626 4591 quidem
1659 4539 1693 4576 a
1722 4519 1899 4575 multis
1928 4537 2072 4575 εστ-η-

476 4590 675 4664 positas
694 4629 710 4655 ,
739 4592 975 4660 quamvis
1000 4599 1047 4646 et
1079 4608 1111 4644 α
1139 4608 1220 4645 me
1248 4594 1303 4647 in
1332 4593 1457 4661 ipsis
1485 4593 1648 4664 initiis
1678 4593 1882 4664 aliquas
1909 4592 2072 4646 inter-

479 4661 717 4733 positus,
765 4676 895 4731 quas
946 4664 1150 4733 negotio
1199 4664 1443 4732 prresenti
1481 4662 1719 4733 judicavi
1764 4661 2071 4733 congruas;

478 4727 724 4786 lectiones
772 4727 890 4786 uero
941 4727 1348 4788 eat'sanctorum
1397 4727 1544 4788 libris
1590 4727 1886 4801 excerptas:
1912 4730 2075 4787 Certe
2122 4734 2125 4735 ⁷

482 4814 616 4854 vero
641 4815 764 4875 cum
804 4803 945 4875 sefin
982 4819 1205 4860 carcere
1230 4804 1386 4860 libris
1422 4818 1612 4860 carere
1645 4804 1806 4875 paulo
1839 4812 1965 4875 ante
2001 4812 2080 4875 les

481 4878 659 4926 status
705 4873 817 4939 sit,
849 4873 1092 4930 lectiones
1131 4875 1221 4930 hic
1265 4877 1486 4946 preprio
1524 4885 1581 4930 et
1612 4873 1829 4944 vulgato
1867 4873 2079 4945 legendi

481 4946 924 5030 senstmtccipere
960 4961 1304 5030 nequaquam
1340 4947 1533 5030 potuit.

556 5012 707 5085 (401)
747 5012 1068 5087 (inplorata,
1109 5012 1174 5075 id
1200 5025 1285 5075 est
1323 5012 1611 5087 explicata.
1654 5014 1890 5087 Explere
1932 5015 2079 5072 enim

2180 1740 2241 1785 se
2268 1726 2483 1783 noverit
2510 1727 2729 1800 aggredi
2759 1728 2978 1785 debere.
3003 1727 3307 1784 Praeveniat
3331 1728 3516 1798 itaque
3544 1726 3799 1805 aliorum.

2176 1823 2389 1895 vigilias
2418 1823 2599 1880 studio
2635 1823 2867 1880 adeundi
2896 1823 3234 1889 certaminis,
3266 1836 3335 1877 ne
3373 1835 3440 1877 eo
3472 1820 3781 1877 dormiente

2177 1922 2507 1993 improvisus
2553 1920 2727 1975 irruat
2772 1918 2978 1984 hostis,
3026 1932 3093 1974 eo
3140 1915 3348 1973 scilicet
3391 1916 3618 1983 saevior,
3668 1928 3780 1986 quo

2175 2016 2387 2087 pridem
2432 2016 2609 2070 victus
2635 2011 3011 2070 verecundior.
3046 2009 3151 2067 Ubi
3189 2009 3376 2081 itaque
3418 2006 3606 2064 oculos
3652 2020 3781 2078 ape-

2179 2107 2392 2173 ruerit,
2440 2118 2651 2162 memor
2693 2101 3060 2175 praecipientis
3107 2119 3124 2159 :
3177 2099 3405 2171 Incipite
3452 2097 3683 2153 Domino
3720 2097 3779 2151 in

2177 2200 2504 2272 confessione
2534 2195 2713 2271 (Psut.
2745 2210 2928 2262 cxnvr,
2963 2193 3046 2266 7);
3079 2192 3438 2250 reminiscens
3479 2189 3652 2245 etiam
3684 2189 3780 2243 be—

2177 2293 2495 2351 neﬁciorum
2537 2290 2655 2362 ejus
2686 2286 3200 2351 innumerabilium,
3250 2287 3354 2342 hoc
3392 2283 3539 2338 illico
3583 2288 3777 2337 contra

2177 2387 2459 2445 inimicum
2500 2385 2809 2456 intorqueat
2852 2382 3049 2449 telum,
3087 2379 3235 2451 quod
3280 2386 3337 2435 et
3366 2376 3471 2434 sibi
3508 2374 3585 2432 sit
3627 2373 3776 2431 omni

2179 2480 2365 2554 clypeo
2394 2478 2563 2535 tutius
2588 2475 3016 2533 defensaculum.

2178 2644 2412 2718 Explicil
2450 2643 2591 2718 liber
2626 2649 2804 2718 sextus
2834 2637 3277 2718 _Praeloquiorum
3323 2633 3567 2718 Ratherii
3589 2629 3778 2718 fero.-

2250 2704 2674 2841 nensishquidem
2716 2710 2970 2769 Ecclesia:
3007 2704 3235 2766 euiscoai
3258 2747 3275 2775 ,
3325 2710 3418 2764 sed
3462 2704 3777 2762 Laubisnsis

2250 2802 2436 2841 monac
2473 2804 2512 2841 ι.

2249 2802 2512 2843 monacm.

2252 2908 2355 2977 Qui
2390 2907 2621 2977 cespisse
2649 2905 2846 2962 librum
2878 2904 3127 2971 dederas,
3164 2900 3324 2958 ﬁnire
3353 2898 3552 2957 dedisti
3579 2938 3599 2966 ,

2319 3001 2728 3072 Cunctipotens,
2756 2997 2957 3054 famulo
2984 2996 3162 3054 dando
3189 3002 3377 3066 rogata
3405 3000 3520 3050 tuo.

2250 3095 2404 3154 Hunc
2433 3108 2535 3167 ego
2571 3092 2861 3149 Ratberius
2882 3105 2982 3163 pro
3019 3099 3072 3146 te
3101 3090 3226 3161 quia
3258 3088 3402 3145 ferre
3429 3086 3685 3144 laborem

2317 3186 2565 3260 Suscepi,
2592 3184 2794 3261 probra
2822 3182 2990 3251 dilue,
3016 3181 3250 3247 Christe,
3274 3194 3414 3238 mea.

2174 3405 2275 3463 pro
2311 3388 2511 3463 explica
2547 3402 2578 3443 a
2616 3386 2879 3444 Ratberio
2909 3392 3202 3458 usurpatur
3234 3382 3463 3457 epistola
3500 3379 3776 3450 secunda,

2175 3461 2238 3520 ut
2265 3461 2473 3520 patebit
2502 3476 2570 3515 ex
2599 3468 2714 3515 not.

2265 3478 2473 3533 patemt
2502 3478 2570 3515 ex
2599 3478 2714 3515 ηοῑ.

2249 3531 2403 3617 (4021
2440 3530 2578 3587 Cum
2617 3530 2920 3617 αηιθίεξτιυηι
2955 3528 3117 3617 ἀίων,
3138 3523 3781 3617 vanissimi?

2175 3598 2318 3669 velit,
2346 3598 2405 3657 ut
2430 3618 2593 3657 causa
2619 3598 2827 3672 vergat;
2854 3616 3029 3672 causre
3055 3598 3276 3672 nomine
3300 3609 3780 3672 suamaerumnam

2176 3684 2234 3733 et
2259 3666 2539 3731 carcerem
2565 3666 2813 3728 indicare
2836 3670 3078 3738 videtur;
3110 3670 3309 3741 quippe
3331 3667 3478 3741 quod
3508 3681 3637 3722 cum
3665 3666 3781 3720 haec

2177 3745 2478 3809 scriberet,
2513 3758 2623 3799 suae
2651 3757 2827 3798 causa:
2858 3736 3073 3814 exitum
3093 3736 3391 3814 ignoraret.
3425 3736 3780 3807 Hunc.porro

2177 3830 2394 3875 sensum
2432 3828 2554 3871 esse
2600 3823 2875 3884 putamus.
2915 3813 3189 3884 Quantum
3232 3817 3778 3884 autem__perceptum

2176 3897 2298 3955 est,
2331 3902 2433 3943 cur
2463 3886 2518 3941 hi
2565 3879 2688 3940 libri
2723 3893 2831 3939 tam
2864 3883 3062 3953 prolixi
3106 3882 3343 3955 fuerint,
3384 3880 3552 3955 aliain
3596 3879 3779 3955 locum

2179 3949 2429 4031 spectat,
2471 3956 2526 4031 id
2571 3962 2656 4011 est
2701 3949 3014 4031 (suspectat,
3059 3970 3183 4011 cum
3230 3952 3441 4031 scilicet
3483 3949 3783 4031 Ratberius

2177 4020 2678 4095 carcere'solutus,
2721 4020 2945 4082 liberius
2973 4041 3133 4083 suum
3169 4023 3455 4081 consilium
3498 4020 3781 4093 explicare

2176 4101 2395 4176 Ροίῑεέῐῖῃτ
2439 4167 2483 4176 --
2902 4167 2914 4176 .
3013 4168 3025 4176 .
3210 4166 3223 4176 .
3269 4166 3282 4176 .
3704 4161 3717 4174 .

2251 4169 2398 4244 (405)
2439 4167 2595 4244 Hunc
2645 4176 2855 4223 textum
2900 4167 2955 4222 in
2998 4166 3284 4244 Augustini
3327 4164 3488 4221 editis
3532 4164 3783 4244 reperire

2177 4233 2285 4301 non
2331 4233 2504 4297 licuit.
2536 4241 2668 4296 Esse
2698 4248 2878 4294 tamen
2917 4253 2985 4294 ex
3015 4233 3196 4309 aliquo
3234 4249 3486 4309 sermone
3526 4233 3782 4309 _ejusdem

2180 4314 2238 4370 S.
2263 4312 2522 4372 doctoris.
2546 4311 2638 4381 qui
2662 4310 3021 4381 desideratur,
3039 4304 3410 4381 suadetglectio
3427 4304 3566 4376 psal.
3591 4320 3779 4368 cxm,

2102 4404 2154 4464 ι)
2177 4399 2321 4464 vers:
2363 4383 2395 4438 7
2438 4400 2452 4437 :
2496 4377 2989 4464 (ricipite:_l)ornino
3016 4383 3083 4463 .in
3123 4377 3447 4464 confessione
3470 4418 3485 4443 ,
3514 4383 3784 4464 ἔφιᾳῖ

2181 4453 2325 4527 apud
2361 4445 3157 4527 eumdein'legitur,_uimirum
3202 4445 3361 4527 tract.
3392 4447 3472 4527 εξ,
3514 4446 3569 4500 in
3615 4445 3781 4515 epist.

2180 4518 2425 4587 Joannis,
2451 4540 2505 4577 ιι.
2528 4523 2593 4588 5,
2612 4518 2776 4577 scrin.
2798 4522 2851 4593 1,
2880 4522 2933 4593 in
2957 4537 3037 4593 ps.
3062 4537 3180 4593 cur,
3200 4521 3324 4593 n.4,
3350 4518 3472 4593 etin
3495 4532 3579 4587 ps.
3596 4531 3779 4579 cnvl,

2182 4613 2235 4651 n.
2272 4596 2357 4650 M.
2400 4593 2512 4649 Vox
2542 4607 2756 4663 quoque
2791 4589 3183 4663 defensaculum
3217 4592 3282 4647 ab
3314 4589 3506 4646 eodem
3544 4602 3782 4658 usurpa-

2186 4675 2273 4722 tur
2306 4662 2633 4720 enarrat.’in
2669 4662 2751 4734 ps.
2781 4678 2957 4734 LXVII,
2988 4679 3046 4734 n.
3080 4662 3169 4718 21.

2256 4734 2405 4805 (404)
2427 4727 2951 4818 inmania-vulgatis
2987 4731 3447 4818 olymplfionicam.
3482 4727 3781 4818 Plurimis:

2182 4808 2322 4862 uices
2351 4803 2528 4860 autem
2562 4804 2651 4875 ille
2681 4803 2887 4870 dictus,
2922 4805 3016 4875 qui
3044 4803 3100 4860 in
3139 4803 3443 4875 olympiaco
3472 4803 3786 4875 certamine

2181 4879 2358 4933 victor
2385 4876 2574 4931 evasit.
2609 4874 2708 4930 llic
2739 4884 2916 4930 autem
2938 4870 3012 4933 de
3041 4889 3107 4933 eo
3142 4870 3363 4941 dicitur,
3396 4870 3491 4943 qui
3518 4885 3646 4928 cum
3686 4882 3783 4939 spe

2183 4947 2423 5006 victoria:
2453 4955 2790 5020 pugnaturus
2817 4954 2919 5002 est.
