4018 5406
175 249 286 310 545

1435 248 1524 305 DE
1561 245 1721 304 Vl'l‘A
1764 246 1822 304 S.
1864 245 2194 304 URSMARI.

1355 417 1358 420 t
2517 366 2673 415 Υ,
3034 373 3132 378 ,.
3451 370 3460 410 ,

1353 564 2295 680 BATBEBII

1431 780 1864 837 VERONENSIS
1902 781 2213 836 EPISCOPI

620 971 815 1098 DE
911 943 1058 1014 “05)
1149 964 1545 1101 VITA
1642 964 2206 1098 SANCTI
2305 964 3016 1102 URSMAPu

1181 1224 1418 1267 EPISCOPI
1451 1226 1523 1266 ΕΤ
1561 1224 1785 1266 ΔΒΒΔΤΙΒ
1821 1225 2134 1267 LAUBIENSIS
2169 1225 2224 1266 IN
2263 1225 2474 1268 BELGIO.

701 1521 856 1595 195
896 1520 1280 1581 ruoweus.

241 1679 497 1739 Dominis
545 1682 1045 1748 reverendissimis,
1088 1681 1339 1738 Palribus
1366 1681 1731 1737 dilectissimis
1754 1721 1768 1746 ,

169 1784 225 1832 et
258 1776 580 1832 doctoribus
608 1775 1011 1842 eruditissimis,
1055 1785 1249 1831 cuncto
1283 1777 1448 1830 etiam
1478 1775 1773 1830 Christico-

171 1868 344 1924 lamm
374 1869 528 1941 gregi
575 1869 630 1923 in
667 1868 956 1924 Laubiensi
988 1867 1238 1925 coenobio
1276 1868 1522 1939 degenti,
1556 1868 1774 1922 [inuti-

170 1977 290 2019 nws
316 1963 562 2034 ejusdem
593 1963 864 2033 quondam
895 1965 1213 2031 monachus,
1251 1964 1411 2018 modo
1448 1977 1578 2019 vero
1605 1963 1774 2019 Vero-

170 2057 420 2112 nensium
477 2056 808 2127 episcopus,
858 2065 1087 2127 utroque
1139 2056 1243 2110 hoc
1297 2055 1422 2110 licet
1472 2054 1773 2110 divinitatis

171 2146 406 2204 Domino
452 2150 671 2220 penitus
716 2149 1000 2220 indignus,
1043 2165 1105 2204 ea
1154 2149 1206 2203 iu
1247 2148 1471 2212 domno,
1508 2162 1628 2217 quae
1659 2146 1772 2203 suis

169 2236 284 2313 ipSe
313 2243 566 2300 fidelibus
597 2245 810 2314 paravit
841 2245 908 2298 ab
939 2244 1114 2299 initio.

239 2356 293 2410 l.
333 2355 490 2428 Apud
518 2356 887 2419 venerabilem
918 2371 1091 2426 nuper
1116 2363 1315 2410 sancta:
1341 2355 1594 2409 Cumana:
1621 2352 1768 2425 (406)

165 2453 425 2510 Ecclesia:
471 2454 620 2522 justo
673 2453 766 2508 Dei
810 2453 1015 2523 judicio
1059 2453 1368 2509 exsulantes
1413 2455 1723 2524 cpisc0pum
1752 2493 1766 2519 ,

167 2546 469 2616 reperimus
496 2544 741 2600 libellum
759 2585 773 2609 ,
800 2559 970 2614 pauca
997 2546 1060 2600 de
1087 2545 1378 2599 virtutibus
1404 2547 1768 2600 continentem

164 2635 373 2690 domini
411 2652 470 2690 ac
508 2636 766 2706 specialis
802 2637 1016 2706 patroni
1065 2635 1258 2700 nostri,
1299 2636 1475 2690 sancti
1517 2635 1770 2690 videlicet

167 2725 414 2784 Ursmari
445 2729 710 2800 episcopi.
741 2727 1087 2800 Continentia
1129 2746 1309 2785 rerum
1341 2729 1558 2800 quidem
1587 2773 1601 2798 ,
1633 2746 1767 2786 auro

168 2819 351 2874 obrizo
381 2821 705 2890 topazioque
733 2819 1097 2890 prmferenda;
1129 2820 1420 2877 locutionis
1449 2837 1579 2876 vero
1607 2822 1767 2878 solue-

1745 1373 1988 1388 -ιν

1803 1510 1854 1569 Α
1881 1509 2176 1565 omittenda
2223 1511 2338 1568 visa
2380 1517 2464 1568 est
2511 1514 2732 1572 omnino
2761 1514 2792 1573 ἐ
2838 1517 2966 1590 quia
3002 1525 3150 1577 tanta
3193 1522 3243 1580 ei
3291 1524 3469 1583 inerat

1879 1604 2148 1672 confusio,
2178 1615 2238 1662 ut
2267 1607 2381 1677 ipsa
2407 1623 2619 1680 quoque
2653 1613 2893 1668 auctoris
2920 1613 2973 1668 in
3006 1629 3069 1670 ea
3102 1615 3269 1673 lateat
3292 1619 3467 1674 omni-

1878 1699 2051 1754 modis
2095 1699 2343 1756 intentio.
2397 1701 2648 1774 Recipiat
2687 1704 2851 1776 igitur
2895 1716 3090 1764 vestrae
3128 1711 3470 1778 paternitatis

1876 1793 2214 1849 sanctissima
2256 1795 2497 1850 charitas
2535 1797 2680 1853 hunc
2725 1813 2753 1853 a
2793 1808 3011 1866 vestro,
3050 1816 3159 1857 non
3208 1803 3469 1860 audemus

1876 1886 2078 1951 dicere,
2120 1887 2252 1952 filio,
2284 1888 2376 1943 sed
2416 1889 2653 1956 servulo,
2682 1899 2736 1944 et
2763 1893 3012 1962 equidem
3054 1894 3210 1965 (proh
3253 1894 3467 1967 nefas!)

1876 1977 2142 2049 fugitivo,
2201 1981 2738 2052 quantulumcunque
2804 1983 3036 2054 benigne
3094 1985 3470 2042 instructionis

1874 2078 2070 2124 vestrae
2099 2069 2366 2136 fructum,
2395 2079 2450 2126 et
2477 2086 2598 2126 cum
2628 2072 2714 2127 his
2754 2087 2873 2142 quae
2902 2073 3042 2143 apud
3069 2090 3167 2131 vos
3194 2075 3464 2148 leguntur,

1874 2164 2196 2220 charitative
2228 2163 2473 2220 conferat
2504 2183 2516 2219 :
2556 2174 2611 2220 et
2641 2165 2686 2221 si
2733 2177 3061 2233 consonant,
3097 2169 3332 2238 optime;
3383 2171 3468 2226 sin

1873 2257 2006 2314 alias
2030 2301 2044 2325 ,
2073 2259 2344 2313 discernat
2385 2257 2865 2328 prudentissimum
2907 2260 3235 2315 urbanitatis
3273 2269 3468 2317 vestra:

1870 2353 2136 2423 palatum,
2164 2353 2292 2422 quid
2320 2368 2385 2407 ex
2414 2353 2497 2407 his
2521 2352 2714 2407 melius
2741 2353 2944 2424 aliquid
2969 2354 3314 2425 sapidiusque
3337 2370 3468 2410 con-

1875 2445 2060 2512 tineat,
2094 2455 2148 2501 et
2178 2447 2279 2502 hoc
2307 2461 2405 2516 pro
2438 2446 2646 2502 meliori
2685 2446 3053 2517 sapidiorique
3083 2449 3341 2503 utendum
3379 2462 3470 2503 re-

1873 2538 2044 2594 tineat
2073 2556 2085 2592 :
2117 2537 2244 2592 illud
2286 2538 2513 2594 solerter
2539 2539 2718 2593 minus
2745 2539 2974 2594 eruditis
3012 2537 3294 2594 nobiscum
3337 2554 3467 2594 eon-

1869 2632 2096 2688 sulendo
2151 2633 2436 2703 cegitans,
2495 2633 2619 2702 quia
2667 2631 2821 2701 juxta
2874 2630 3152 2700 cujusdam
3208 2632 3468 2704 sapientis

1868 2724 2195 2780 sententiam
2227 2742 2238 2776 :
2270 2723 2418 2778 Bona
2449 2734 2533 2778 est
2559 2724 2778 2788 locutio,
2811 2723 2970 2793 plane
2993 2732 3049 2781 et
3073 2725 3314 2779 suaviter
3338 2739 3466 2780 con-

1869 2824 2234 2890 gruenterque
2286 2831 2510 2870 movens
2564 2815 2912 2883 audientem,
2976 2817 3174 2872 nedum
3203 2815 3467 2882 ;-historia

164 2912 345 2968 cismis
372 2912 447 2967 ita
486 2927 585 2984 pro
617 2913 702 2967 sui
750 2911 968 2968 modulo
1018 2914 1369 2969 refertissima
1392 2955 1406 2980 ,
1449 2923 1507 2967 ut
1555 2914 1767 2968 diﬂicile
1800 2894 1844 2953 Β
1871 2909 2076 2981 aliquid
2104 2911 2386 2965 continere
2411 2910 2626 2965 'debeat
2653 2925 2935 2981 creperum
2967 2908 3047 2983 [id
3085 2921 3162 2966 est
3194 2910 3463 2984 dubium],

168 3003 328 3059 fuerit
373 3004 785 3076 deprehendere
835 3015 1014 3060 utrum
1071 3006 1349 3077 scriptoris
1394 3007 1720 3079 negligentia
1747 3049 1762 3073 ,

167 3111 233 3152 an
271 3097 559 3154 dictatoris
605 3099 711 3154 hoc
751 3098 1036 3170 contigerit
1065 3099 1408 3169 insipientia.
1451 3100 1603 3166 Quod
1645 3116 1766 3155 cum

165 3203 269 3244 non
295 3204 491 3260 parum
518 3204 618 3259 pro
663 3197 904 3261 tempore
936 3205 1036 3246 nos
1062 3190 1377 3247 offendisset
1403 3232 1418 3259 ,
1452 3193 1765 3247 curavimus

164 3294 227 3335 ea
256 3281 502 3351 ejusdem
531 3282 716 3353 operis
743 3282 1081 3339 solummodo
1120 3285 1396 3354 corrigere
1442 3285 1572 3340 vitia
1598 3327 1612 3352 ,
1642 3288 1765 3356 qui-

165 3371 262 3428 bus
291 3381 386 3426 aut
416 3372 472 3427 in
500 3387 661 3429 sensu
689 3373 911 3429 lectoris
947 3374 1274 3446 naufragare
1313 3386 1526 3447 poterat
1558 3379 1766 3433 intelle-

166 3477 304 3532 ctus,
336 3476 434 3522 aut
463 3483 582 3538 quae
608 3469 780 3524 nimia
811 3471 895 3525 sui
925 3471 1270 3528 deformitate
1301 3473 1576 3528 fastidium
1619 3476 1766 3546 inge-

166 3569 352 3614 rerent.
395 3559 763 3618 audientibus.
798 3562 1037 3633 Simplex
1069 3574 1246 3621 autem
1273 3607 1287 3631 ,
1318 3576 1371 3620 et
1403 3567 1484 3639 (ut
1522 3568 1595 3622 ita
1623 3569 1766 3624 dica-

166 3648 305 3719 mus)
335 3664 477 3720 pene
509 3651 670 3723 196
696 3653 932 3708 rusticus
960 3670 1082 3709 cum
1113 3663 1257 3711 totus
1286 3658 1553 3713 sermonis
1587 3667 1765 3715 textus

165 3739 304 3796 altus
333 3744 509 3812 possit
547 3744 717 3799 videri
747 3745 1102 3815 sapientibus,
1137 3764 1166 3802 a
1195 3749 1350 3804 nobis
1396 3749 1518 3804 ideo
1545 3752 1766 3808 minime

164 3827 555 3905 penitus'visus
592 3845 676 3892 est
705 3841 1121 3896 commutandus
1143 3883 1158 3907 ,
1190 3843 1315 3912 quia
1363 3850 1414 3899 et
1452 3828 1762 3900 sanctarum

166 3938 416 3985 auctores
449 3930 854 4001 Scripturarum
881 3933 1082 3990 ferulas
1123 3944 1475 3992 contemnere
1515 3941 1766 3994 novimus

165 4025 683 4093 grammaticorum;
727 4037 782 4082 et
829 4027 1133 4084 doctrinam
1179 4031 1479 4101 simplicem
1525 4034 1762 4102 piscato-

167 4132 315 4183 rum,
345 4134 510 4189 quam
549 4120 882 4190 sophismata
922 4123 1404 4194 philosophorum,
1437 4125 1546 4181 Deo
1593 4128 1764 4199 magis

165 4207 433 4280 placuisse
471 4209 527 4263 in
568 4211 874 4266 salvatioue
919 4227 1299 4268 conversarum
1335 4214 1535 4287 ubique
1583 4217 1763 4270 cerni-

163 4315 279 4357 mus
303 4303 611 4358 natiouum.
661 4291 980 4374 Epistolaris
1005 4320 1136 4360 vero
1166 4305 1446 4376 cujusdam
1487 4308 1721 4363 Ausonis
1742 4349 1756 4371 ,

165 4395 365 4460 sancti,
398 4403 457 4449 ut
490 4395 640 4449 credi
675 4403 894 4466 potest,
928 4410 1239 4466 quanquam
1272 4412 1376 4451 non
1411 4397 1545 4452 adeo
1574 4397 1761 4452 diserti

165 4485 296 4552 viri,
347 4500 513 4556 quam
563 4485 738 4541 eidem
790 4499 887 4540 suo
932 4486 1084 4556 operi
1137 4487 1470 4558 praeposuit,
1517 4488 1763 4558 praefatio

228 4621 377 4691 (405)
421 4621 610 4676 Sancti
640 4619 887 4693 Ursmari
913 4620 1150 4693 episcopi
1176 4631 1229 4678 et
1257 4623 1466 4678 abbatis
1490 4624 1765 4680 Lauhieu-

164 4691 232 4748 sis
248 4694 472 4748 Vitama
495 4693 778 4763 discipulis
800 4692 917 4760 ejus
933 4693 984 4746 in
1007 4691 1280 4748 schedulis
1303 4694 1567 4760 relictam,
1593 4698 1762 4762 Anso,

168 4772 284 4819 tunc
324 4764 572 4834 ejusdem
605 4763 842 4834 coenobii
887 4766 1220 4828 monachus,
1256 4767 1454 4820 saeculo
1483 4776 1676 4822 octavo
1708 4768 1761 4822 in

164 4833 406 4890 ordinem
427 4835 736 4906 idigesserat
757 4833 910 4902 jussu
946 4834 1225 4890 Theodulti
1250 4836 1488 4906 episcopi
1516 4848 1572 4892 et
1595 4839 1763 4892 abha-

167 4906 227 4980 tis
255 4907 388 4960 item
424 4905 766 4980 Laubiensis,
801 4907 970 4980 quiin
1003 4906 1247 4980 ejusdem
1274 4905 1589 4980 monasterii
1620 4911 1762 4980 regi-

167 4977 299 5031 mine
332 4979 602 5032 successit
632 4992 781 5032 anno
808 4975 943 5041 776,
980 4975 1054 5030 uti
1091 4993 1120 5031 a
1151 4977 1416 5034 Fulcuino
1455 4975 1761 5034 traditur—iu

167 5046 338 5118 Gestis
376 5047 636 5104 abbatum
679 5047 1068 5104 Laubiensium
1097 5064 1216 5118 cap.
1257 5049 1290 5105 8
1326 5057 1380 5103 et
1417 5049 1470 5104 9.
1505 5049 1632 5106 Haec
1669 5066 1764 5104 au-

167 5125 265 5173 tem
296 5116 426 5172 Vita
454 5133 486 5172 a
510 5118 822 5174 Mabillonio
850 5119 1071 5173 inventa
1095 5159 1109 5186 ,
1138 5116 1192 5172 et
1220 5119 1365 5175 edita
1391 5129 1520 5174 tom.
1551 5121 1638 5186 lll,
1658 5121 1766 5177 Ac-

160 5195 259 5260 tor,
305 5187 672 5260 SStordinis
720 5188 920 5246 Bened.
964 5203 1086 5260 pag.
1129 5189 1236 5244 242
1265 5232 1280 5257 ,
1328 5191 1401 5245 ita
1434 5193 1669 5247 obscura
1710 5201 1765 5248 et

159 5258 391 5315 difﬁcilis
419 5258 683 5316 Ratherio
719 5261 835 5315 visa
865 5258 982 5324 est,
1017 5258 1073 5314 u't
1108 5261 1277 5318 lector
1314 5261 1608 5318 identidem
1637 5279 1763 5319 sen-

159 5344 276 5385 sum
325 5333 864 5406 assequi__'_n_equiret.
915 5332 969 5406 l_s
1012 5330 1365 5406 nequedum
1409 5334 1560 5388 exsul
1610 5335 1763 5390 Comi

1869 3003 1995 3058 dum
2025 3018 2133 3057 non
2163 3002 2233 3057 ob
2259 3002 2404 3056 aliud
2433 3002 2502 3057 sit
2532 3003 2696 3068 edita,
2728 3017 2892 3073 quam
2917 3010 2977 3057 ut
3005 3018 3200 3059 causas
3226 3018 3467 3073 praesen-

1868 3095 2003 3152 tium
2033 3095 2116 3150 vel
2147 3096 2543 3166 praeteritorum
2582 3095 2649 3150 ad
2690 3095 2936 3151 notitiam
2966 3095 3262 3152 transferat
3282 3159 3286 3163 ,
3307 3095 3466 3167 197

1866 3188 2194 3244 futurorum.
2241 3189 2442 3245 Precor
2486 3189 2692 3244 interea
2719 3231 2733 3254 ,
2787 3199 2844 3244 ut
2889 3188 3033 3243 inter
3056 3186 3236 3258 [hujus
3277 3186 3465 3242 mundi

1867 3281 2172 3336 miserrime
2213 3280 2561 3336 fluctuantem
2605 3280 2889 3352 naufragia
2923 3280 3230 3336 orationum
3257 3286 3467 3334 vestra-

1867 3389 1987 3427 rum
2029 3389 2116 3429 me
2154 3374 2434 3429 contineat
2479 3374 2720 3429 anchora
2745 3413 2758 3437 ,
2804 3373 3036 3442 idipsum
3075 3389 3105 3427 a
3151 3371 3466 3427 modicitate

1865 3467 2242 3537 prrestolantes
2271 3481 2389 3520 mea
2426 3485 2438 3518 :
2472 3476 2680 3520 tantum
2725 3465 3028 3534 peccatoris
3055 3479 3163 3520 non
3210 3462 3466 3533 dedigne-

1867 3569 1957 3615 tur
1986 3559 2077 3615 Dei
2108 3560 2280 3630 pietas
2325 3559 2606 3613 intendere
2635 3558 2889 3626 suspiria.
2923 3557 3067 3612 Deus
3095 3563 3278 3610 autem
3303 3554 3466 3609 Pater

1867 3654 2053 3724 pacis,
2103 3652 2195 3722 qui
2245 3651 2432 3705 eduxit
2479 3651 2545 3705 de
2595 3649 2826 3704 mortuis
2875 3649 3152 3704 Pastorem
3207 3659 3464 3717 magnum

1867 3747 2049 3802 ovium
2082 3747 2133 3800 in
2167 3745 2425 3814 sanguine
2457 3743 2762 3799 testamenti
2808 3741 3018 3806 aeterni,
3049 3741 3335 3796 Dominum
3367 3753 3465 3794 uo-

1868 3846 2041 3893 strum
2068 3836 2252 3891 Jesmn
2281 3836 2558 3890 Christum
2586 3877 2598 3902 ,
2633 3843 2779 3905 aptet
2803 3849 2898 3889 vos
2930 3835 2983 3888 in
3020 3832 3167 3889 omni
3194 3832 3334 3887 bono
3361 3873 3375 3896 ,
3405 3838 3467 3886 ut

1867 3931 2080 3986 faciatis
2111 3930 2228 4000 ejus
2258 3929 2587 3983 voluntatem
2607 3971 2620 3995 ,
2668 3928 2874 3982 faciens
2901 3927 2954 3981 in
2987 3925 3140 3982 vobis
3166 3925 3309 3996 quod
3349 3923 3468 3994 pla-

1869 4033 1990 4079 ceat
2015 4039 2198 4079 coram
2238 4036 2298 4077 se
2321 4039 2420 4094 per
2453 4021 2702 4077 eumdem
2731 4019 2914 4075 Jesum
2957 4018 3234 4074 Christum
3278 4016 3464 4072 Domi-

1868 4131 1998 4169 num
2038 4123 2284 4169 nostrum
2327 4133 2338 4168 :
2388 4112 2528 4182 apud
2571 4112 2723 4182 cujus
2772 4109 3117 4165 clementiam
3162 4107 3465 4177 piissimum

1869 4207 2283 4262 intercessorem
2305 4205 2511 4275 jugiter
2538 4202 2783 4258 invenire
2809 4216 3118 4257 mereamur
3142 4199 3464 4255 Ursmarum

1866 4304 2304 4367 sanctissimum,
2352 4303 2506 4372 cujus
2561 4299 2736 4354 Vitam
2783 4300 2837 4354 in
2893 4297 3146 4368 praesenti
3191 4293 3487 4351 elueidare

1867 4396 2227 4464 disposuimus
2259 4394 2325 4449 ad
2351 4394 2562 4448 laudem
2590 4402 2643 4446 et
2669 4392 2895 4463 gloriam
2923 4387 3466 4460 omnipotentissimze

1867 4486 2166 4553 Trinitatis,
2200 4494 2254 4540 et
2283 4484 2694 4540 aedificationem
2731 4482 2912 4555 populi
2940 4480 3333 4539 convenientis.

1867 4627 2190 4698 quandoque
2246 4625 2638 4698 sententiarum
2691 4622 3063 4698 additamenta
3098 4618 3464 4698 animadver-

1869 4692 2064 4763 tentes,
2097 4692 2313 4765 dignam
2362 4697 2651 4759 duximus,
2687 4711 2808 4765 quae
2858 4696 2999 4748 inter
3029 4692 3268 4747 Ratherii
3302 4702 3467 4765 opera

1867 4761 2138 4824 ederetur.
2156 4761 2441 4842 'lllamjste
2465 4761 2755 4842 direxitad
2775 4761 3464 4842 ‘Laubiensesmouachos;

1868 4856 1931 4895 ac
1969 4847 2253 4910 propterea
2300 4836 2881 4912 Fulcuinus‘ejusdem
2903 4834 3163 4912 coenobii
3205 4829 3466 4912 abbasiu

1867 4904 2030 4982 ope-re
2070 4904 2369 4965 memorato
2406 4927 2526 4980 cap.
2561 4904 2815 4982 20,_ait_:
2851 4904 3112 4982 Libellum
3158 4904 3312 4982 etiam
3351 4904 3470 4951 vita:

1868 4974 2200 5054 SlUrsmari
2220 5023 2234 5048 ,
2273 4998 2391 5054 cum
2425 4974 2604 5034 (Iuniis
2636 4979 2900 5054 ea'sttlaret
2923 5015 2946 5054 ,ι
2969 4974 3040 5054 ibi
3057 4974 3291 5054 (aperit:
3321 4983 3472 5054 ΨΨῙῘι

1867 5053 2171 5108 δοιοεείεηιίδ
2211 5045 2460 5124 refertum
2497 5051 2826 5124 ernentlayit,
2861 5045 3119 5124 nobisque
3165 5045 3471 5124 transtﬂffif:

1867 5124 2080 5180 Primus
2100 5125 2242 5177 hanc
2256 5113 2296 5177 V
2305 5125 2435 5177 itam
2460 5120 2704 5192 vulgavit
2725 5114 3051 5192 Laurentius
3077 5113 3275 5192 Surius
3298 5120 3481 5192 mense

1865 5175 2128 5266 Aprili”;
2155 5175 2283 5249 dein
2305 5175 2700 5248 iMabillonius—
2720 5175 2786 5248 ex
2839 5185 3078 5266 Suriana
3141 5175 3484 5266 editione)

1867 5246 2510 5323 Dauliiensein'codicem
2542 5246 2796 5318 exactam
2834 5252 3035 5331 recusit
3089 5267 3244 5331 tonio
3273 5246 3487 5331 laudato

1864 5355 1988 5406 pag.
2021 5336 2148 5392 245.
2188 5335 2268 5390 Ex
2309 5337 2411 5391 hoc
2444 5335 2833 5406 autemipsam
2863 5323 3039 5406 modo
3065 5323 3451 5406 producimus.
