4018 5406
191 5321 206 5406 ι

202 263 308 324 519

1478 271 1564 330 ne
1600 271 1759 344 vn‘A
1800 199 2246 344 grassare:

3394 242 3504 309 350

206 389 262 436 et
314 379 507 436 decem
564 379 988 456 hebdomadibus
1044 383 1248 462 absque
1301 386 1554 446 alimonia
1601 386 1798 444 vixerit
1823 382 2035 451 ANam
2052 377 2405 437 licetnoverit
2424 392 2523 454 pro
2543 376 2720 452 salute
2738 375 2964 444 humani
2984 373 3496 452 generisChristum

206 473 385 543 panis,
428 474 498 528 ob
546 477 919 547 :egritudinem
959 481 1223 551 corporis.
1256 480 1419 538 Cibus
1442 498 1594 549 vero,
1638 494 1799 554 quem

210 566 460 622 sumebat
492 567 628 638 ipse,
672 578 778 624 tam
828 571 1002 628 tenuis
1046 582 1100 627 ct
1147 572 1386 631 modicus
1441 584 1580 639 crat,
1632 583 1691 632 ut
1737 587 1802 631 eo

211 661 508 714 sustentari
555 661 748 718 saltem
783 665 958 734 quiret
985 665 1260 722 hominum
1298 683 1476 729 nemo,
1508 667 1610 720 nisi
1641 666 1802 722 mira-

208 754 355 822 culo,
387 763 446 808 ut
473 765 528 810 et
559 755 698 826 ipse,
723 757 924 811 divino.
956 755 1154 812 Omnes
1181 768 1380 824 autem,
1408 759 1500 830 qui
1532 774 1655 814 eum
1683 773 1804 816 cer-

210 848 415 919 nebant
445 857 540 903 aut
570 850 862 906 audiebant
893 851 1225 922 loquentem,
1267 854 1605 908 mirabantur
1653 854 1798 924 quod

213 949 319 996 tam
354 941 617 997 robustus
666 953 807 998 esset
867 953 920 999 et
977 945 1260 1016 eloquens,
1306 946 1509 1017 absque
1551 946 1801 1003 alimonia

206 1035 366 1102 panis
389 1034 600 1090 vivens.
627 1036 778 1106 Aqua
800 1052 928 1091 vero
953 1035 1068 1105 ejus
1088 1047 1209 1093 erat
1234 1047 1409 1109 potus,
1443 1049 1497 1094 et
1519 1040 1806 1112 aliquoties

208 1125 408 1191 sicera,
426 1141 534 1196 qua
561 1136 738 1181 tamen
765 1127 1038 1198 paululum
1063 1144 1294 1198 raroque
1316 1131 1598 1194 utebatur;
1629 1131 1805 1186 victus

208 1217 354 1272 illius
387 1219 433 1272 is
483 1228 622 1286 erat,
668 1235 827 1294 quem
875 1222 1077 1292 absque
1107 1221 1282 1277 ofﬁcio
1309 1222 1549 1280 dentium
1590 1238 1804 1294 sumere

206 1309 442 1364 valebat.
480 1309 656 1366 Tanta
703 1327 916 1384 quoque
947 1313 1062 1383 ejus
1097 1321 1215 1370 erat
1245 1313 1506 1386 patientia
1537 1315 1588 1370 in
1621 1301 1805 1384 hujus-

206 1400 354 1455 modi
379 1408 544 1472 atque
573 1401 693 1456 aliis
726 1402 1261 1472 trilmlationibus,ut
1292 1411 1473 1474 posset
1500 1404 1800 1476 comparari

205 1493 488 1562 patientia:
521 1492 620 1548 Job
670 1496 990 1561 beatissimi,
1044 1497 1138 1568 qui
1190 1512 1298 1554 non
1355 1499 1602 1570 peccavit
1646 1498 1804 1556 labiis

207 1585 344 1651 suis,
399 1601 505 1640 nec
552 1586 779 1642 stultum
825 1588 954 1658 quid
997 1598 1182 1658 contra
1233 1588 1402 1646 Deum
1455 1589 1666 1646 locutus
1717 1598 1804 1647 est

207 1674 330 1747 (Job
361 1691 401 1742 ι,
450 1676 561 1746 22).
602 1677 840 1734 Laudem
878 1694 908 1735 e
944 1689 1131 1734 contra
1158 1665 1373 1736 Domini
1395 1679 1599 1754 jugitcr
1619 1683 1804 1742 conci-

1902 476 2138 540 venisse,
2164 476 2416 544 nesciens
2433 484 2611 540 tamen
2631 476 2878 544 ordinem
2908 474 3247 534 liberationis
3273 481 3497 543 nostrae,

1905 569 2095 626 illusus
2134 577 2218 624 est
2267 577 2441 640 morte
2499 569 2792 640 dominica,
2851 567 3009 640 quasi
3054 567 3174 624 avis
3228 567 3495 638 decipula.

1904 661 2137 722 Ostensa
2178 675 2415 732 namque
2455 661 2796 722 mortalitate
2835 675 2999 734 quam
3046 659 3136 716 ille
3182 658 3500 724 interimere

1905 753 2192 825 appetebat
2217 752 2419 818 carnis,
2457 752 2775 810 abscondito
2816 761 3007 824 captus
3042 760 3124 810 est
3168 752 3332 814 hamo
3365 749 3504 816 divi-

1904 845 2113 904 nitatis.
2155 843 2424 904 Creterum
2467 844 2513 904 si
2563 843 2936 904 indubitanter
2992 844 3159 902 sciret
3201 844 3348 902 hunc
3383 857 3502 900 esse

1911 937 2190 1008 Christum
2213 935 2413 998 Filium
2453 935 2549 992 Dei
2578 937 2707 1003 vivi,
2732 937 3041 1010 agnovisset
3078 938 3270 994 mortis
3297 935 3504 1010 legibus

1906 1044 2252 1110 nequaquam
2289 1043 2450 1104 posse
2481 1030 2676 1086 teneri.
2708 1029 2767 1094 Si
2807 1038 3130 1102 agnosceret
3181 1045 3343 1100 posse
3395 1043 3503 1084 non

1905 1124 2066 1194 mori,
2091 1137 2197 1178 non
2230 1123 2373 1178 hunc
2397 1122 2654 1183 suaderet
2680 1122 2947 1192 crucifigi.
3003 1121 3294 1178 Nou'enim
3343 1119 3502 1176 intel-

1905 1214 2038 1272 lexit
2081 1215 2332 1274 humanae
2373 1213 2696 1284 perditionis
2750 1213 3143 1270 audacissimus
3187 1211 3331 1272 lanio
3362 1209 3504 1282 quod

1907 1321 2004 1362 suo
2038 1303 2394 1362 frustraretur
2427 1304 2658 1376 imperio
2709 1304 2762 1360 in
2795 1303 3135 1358 Salvatorem
3171 1301 3357 1360 mundi
3405 1316 3507 1362 sae-

1907 1399 2122 1458 viendo.
2151 1397 2423 1470 lgnoravit
2446 1397 2668 1467 antiqua
2694 1397 2900 1452 malitia
2923 1396 3048 1466 quia
3070 1396 3160 1463 jus
3184 1393 3506 1465 perditionis

1907 1495 2162 1554 humana:
2186 1510 2295 1554 non
2325 1494 2657 1560 admitteret,
2683 1494 2729 1550 si
2760 1509 2818 1551 se
2855 1509 2886 1550 a
2916 1492 3298 1563 Redemptoris
3325 1493 3504 1554 homio

1909 1603 2040 1658 num
2068 1589 2333 1660 sanguine
2358 1589 2739 1648 continuisset.
2775 1588 2929 1648 Unde
2975 1596 3031 1643 et
3072 1588 3404 1656 Apostolus:
3447 1584 3507 1644 Si

1907 1681 2066 1746 hunc,
2095 1681 2292 1752 inquit,
2317 1682 2577 1752 principes
2615 1680 2798 1740 surculi
2823 1681 3205 1751 cognovissent,
3237 1694 3507 1750 nunquam

204 1766 390 1827 nebat,
431 1775 593 1838 atque
622 1769 917 1826 secundum
946 1770 1273 1842 Propltetam
1304 1773 1658 1834 benedicebat
1695 1775 1804 1834 Do-
1832 1767 1878 1828 B
1905 1772 2191 1830 Dominum
2214 1774 2397 1844 gloria:
2419 1774 2808 1844 cruciﬁxisseat
2832 1773 2881 1846 (Ι
2905 1771 3030 1829 Cor.
3057 1790 3114 1840 ιι,
3136 1773 3212 1844 8).
3230 1772 3510 1844 Principes

205 1859 416 1913 minum
469 1861 522 1913 in
564 1862 710 1915 omni
754 1870 1014 1932 tempore,
1056 1863 1174 1920 laus
1222 1865 1338 1934 ejus
1367 1882 1580 1937 semper
1611 1869 1664 1924 in
1705 1882 1802 1924 ore

204 1950 376 2020 ipsius
427 1953 719 2009 resonabat
765 1952 938 2027 (Psal.
977 1973 1174 2023 xxxut,
1222 1957 1298 2029 2).
1349 1958 1634 2032 Conjicere
1673 1977 1804 2020 vero

204 2058 497 2114 possumus
524 2048 875 2105 veracissime
917 2050 1062 2124 quod
1091 2051 1176 2108 vir
1217 2053 1322 2110 iste
1351 2055 1418 2110 de
1469 2055 1561 2110 illo
1588 2058 1804 2114 vivebat

203 2153 346 2210 pane
376 2139 469 2210 qui
495 2140 562 2195 de
595 2141 733 2197 cmlo
757 2158 856 2214 pro
893 2153 1082 2202 nostra
1122 2146 1399 2206 descendit
1424 2149 1616 2206 salute.
1643 2151 1800 2221 Nam,

205 2231 348 2287 sicut
378 2231 580 2288 fuimus
609 2235 841 2305 prtefati,
876 2236 949 2292 ita
995 2237 1260 2296 facundus
1297 2251 1416 2298 erat
1460 2243 1604 2299 dono
1647 2244 1806 2315 spiri-

207 2322 360 2388 tuali,
394 2331 453 2377 ut
483 2325 636 2394 quasi
671 2324 792 2381 fons
812 2326 1002 2394 fluens,
1038 2338 1130 2384 aut
1154 2329 1348 2387 fluvius
1370 2332 1638 2390 inundans
1658 2335 1804 2392 vide-

206 2424 379 2477 retur.
437 2414 782 2486 Qumcunque
830 2432 957 2474 vero
993 2422 1324 2490 praedicabat
1376 2440 1489 2490 ore,
1526 2426 1806 2492 astruebat

212 2508 450 2574 actione,
478 2509 738 2566 validiora
772 2527 893 2568 esse
935 2515 1115 2570 sciens
1151 2516 1400 2590 exempla
1428 2532 1589 2589 quam
1616 2519 1802 2586 verba,

209 2606 265 2654 et
293 2597 415 2670 plus
439 2615 592 2671 opere
625 2603 826 2660 docere
857 2619 1019 2676 quam
1046 2620 1198 2664 voce.

287 2779 338 2834 6.
380 2780 570 2852 Operae
598 2783 836 2854 pretium
863 2799 994 2841 vero
1032 2785 1146 2842 fore
1167 2785 1351 2856 judico
1372 2787 1482 2862 jam
1514 2805 1656 2846 nunc
1671 2805 1803 2862 pro,-

214 2873 362 2943 sequi
393 2874 532 2944 stylo
558 2891 725 2946 quam
762 2875 948 2932 efﬁcax
977 2879 1093 2932 viro
1115 2889 1303 2936 sancto
1328 2882 1506 2938 inerat
1537 2884 1708 2948 virtus
1737 2884 1804 2944 ad

208 2962 526 3036 effugandos
579 2967 756 3024 hostis
795 2968 1002 3040 antiqui
1057 2971 1325 3028 incursus.
1356 2973 1486 3030 Erat
1532 2976 1802 3046 quoddam

208 3057 769 3133 monasterium,quod
797 3060 994 3117 dicitur
1015 3060 1802 3136 Melbodiumf’tOQ),duodeeim

1904 1881 2036 1924 vero
2064 1882 2203 1940 quos
2229 1866 2432 1924 dixerit
2451 1866 2655 1933 saeculi,
2673 1881 2739 1922 ex
2771 1866 2874 1922 alia
2905 1865 3024 1935 ejus
3042 1864 3312 1921 sententia
3341 1861 3510 1931 conji-

1905 1973 2030 2018 cere
2054 1973 2365 2029 possumus,
2411 1973 2518 2029 qua
2547 1957 2625 2014 ait
2669 1973 2684 2012 :
2729 1957 2852 2012 Non
2879 1968 2953 2012 est
3005 1956 3150 2010 nobis
3207 1952 3509 2012 colluctatio

1906 2052 2156 2108 adversus
2177 2067 2388 2112 carnem
2409 2060 2455 2106 et
2483 2050 2817 2120 sanguinem,
2844 2048 2934 2104 sed
2966 2049 3213 2102 adversus
3243 2045 3505 2115 principes

1910 2154 1957 2202 et
1979 2155 2280 2216 potestates,
2311 2144 2563 2200 adversus
2585 2143 2770 2198 mundi
2798 2152 3024 2204 rectores
3054 2140 3386 2196 tenebrarum
3415 2139 3514 2198 Ita—

1907 2256 2046 2305 rum,
2074 2247 2256 2294 contra
2295 2236 2555 2307 spiritalia
2582 2236 2826 2308 nequitia:
2861 2236 2916 2289 in
2951 2233 3239 2295 coelestibus
3290 2231 3510 2303 (Epiros.

1905 2351 1959 2392 vt
1991 2377 2007 2404 ,
2062 2334 2190 2404 12).
2246 2333 2366 2404 Ipse
2415 2347 2628 2404 quoque
2671 2331 2930 2388 Dominus
2971 2348 2985 2386 :
3045 2328 3344 2398 Princeps,
3409 2325 3508 2392 ait,

1906 2427 2066 2497 hujus
2106 2425 2288 2490 mundi
2335 2425 2491 2489 venit,
2539 2436 2586 2486 et
2630 2425 2688 2478 in
2741 2439 2822 2480 me
2867 2439 2972 2482 non
3027 2420 3178 2480 [taliet
3224 2418 3512 2490 quidquam

1909 2517 2092 2589 (Joan.
2127 2532 2240 2582 xw,
2271 2515 2384 2587 50.).
2420 2515 2679 2582 Quamvis
2708 2522 2762 2570 et
2785 2515 2854 2572 de
2875 2512 3089 2572 Herode
3109 2518 3164 2570 et
3189 2507 3364 2566 Pilato
3400 2523 3513 2566 non

1908 2612 2332 2684 incongruenter
2377 2610 2551 2681 possit
2601 2609 2775 2679 accipi
2829 2607 3126 2666 secundum
3187 2603 3317 2663 illud
3366 2601 3514 2674 quod

1907 2704 2212 2768 Psalmista:
2250 2719 2384 2767 voce
2433 2704 2678 2764 dicitur:
2731 2702 3026 2762 Astiterunt
3082 2715 3236 2772 reges
3269 2707 3420 2754 terra:
3465 2702 3515 2752 et

1907 2798 2168 2870 principes
2202 2806 2552 2856 convenerunt
2575 2794 2628 2849 in
2653 2809 2839 2857 unum,
2868 2792 3120 2848 adversus
3147 2787 3438 2844 Demittunt
3461 2792 3512 2842 et

1908 2889 2162 2955 adversus
2187 2886 2455 2942 Christum
2479 2885 2592 2954 ejus
2619 2882 2792 2956 (Psal.
2828 2897 2891 2947 ιι,
2912 2881 2992 2951 2).
3013 2879 3120 2935 Sed
3136 2877 3214 2939 illi
3239 2875 3515 2946 principes

1909 2981 2219 3053 specialiter
2240 2979 2404 3038 unius
2434 2977 2637 3049 populi,
2673 2991 2779 3037 non
2819 2973 3092 3046 principes
3137 2968 3320 3030 smeuli
3347 2979 3512 3037 gene-

1908 3072 2097 3128 raliter
2118 3071 2372 3142 appellati
2393 3077 2538 3126 sunt.
2566 3067 2702 3126 Cum
2724 3080 2853 3137 ergo
2873 3062 3287 3120 veracissimum
3311 3059 3400 3124 sit,
3433 3054 3515 3114 Tu

207 3145 372 3200 ferme
401 3148 644 3202 millibus
682 3165 714 3204 a
764 3149 1015 3208 Laubaco
1063 3169 1174 3210 sua:
1219 3155 1543 3224 provisionis
1596 3159 1804 3213 distans
1832 3172 1877 3235 ο
1909 3182 1960 3222 εδ
1981 3163 2222 3218 Christus
2251 3161 2423 3220 Filius
2445 3162 2541 3220 Dei
2565 3160 2662 3218 υἱιιὶ
2693 3159 3036 3231 (Matth.xvt,
3063 3153 3175 3225 16),
3206 3149 3516 3212 testimonio

209 3239 476 3305 cmnobio,
516 3240 568 3294 in
617 3257 727 3311 quo
773 3251 892 3297 erat
939 3245 1435 3302 sanctimonialium
1488 3247 1644 3303 turba
1693 3263 1802 3304 non

208 3331 455 3386 modica:
506 3347 737 3404 quarum
793 3350 953 3388 unam
990 3335 1212 3405 spiritus
1263 3337 1458 3393 invasit
1511 3327 1800 3409 malignus,

208 3422 480 3493 coapitque
507 3439 628 3478 eam
669 3425 1024 3480 vehementer
1078 3426 1331 3484 laniando
1377 3444 1576 3485 vexare
1631 3430 1801 3502 (410),

208 3523 363 3584 atque
391 3531 493 3586 per
536 3531 597 3572 os
640 3516 759 3586 ejus
794 3516 1072 3574 immunda
1115 3526 1169 3574 et
1207 3521 1381 3590 turpia
1413 3521 1577 3591 loqui.
1634 3521 1805 3578 Porro

210 3605 314 3660 illic
343 3608 717 3664 inhabitantes
739 3611 962 3680 grandis
992 3611 1189 3666 horror
1227 3612 1446 3678 invasit,
1493 3613 1806 3683 nimiusque

210 3715 372 3771 pavor
419 3702 587 3758 etiam
621 3706 790 3758 corda
827 3704 1146 3760 vicinorum.
1175 3706 1488 3776 perterruit.
1538 3705 1807 3762 Teucntes

213 3804 390 3850 autem
441 3810 566 3850 eam
605 3811 824 3853 sorores
869 3798 1121 3858 dicebant
1169 3801 1238 3855 ad
1287 3801 1587 3856 daemonem
1632 3801 1808 3856 inere-

212 3891 426 3959 pando:
467 3882 753 3958 Quomodo
786 3893 1012 3948 introire
1053 3909 1219 3950 ausus
1247 3908 1306 3949 es
1354 3893 1613 3950 famulam
1667 3895 1807 3950 Dei?

214 3981 275 4038 Et
309 3985 712 4055 subjungebant
746 3986 1028 4042 dicentes:
1062 3987 1428 4058 lmpurissime
1459 3988 1688 4053 daemon,
1721 3987 1809 4043 exi

216 4077 281 4133 ab
309 4093 394 4132 ea.
427 4078 636 4146 Quibus
666 4080 756 4135 ille
786 4080 1142 4150 respondens,
1170 4081 1384 4136 dicebat
1410 4101 1421 4136 :
1451 4081 1567 4137 Non
1615 4097 1808 4138 exeam

213 4169 528 4240 priusquam
574 4169 866 4230 Ursmarus
897 4172 1182 4241 episcopus
1226 4173 1426 4238 veniat,
1460 4182 1513 4228 et
1557 4173 1672 4244 ipse
1723 4187 1811 4238 me

216 4260 362 4318 exire
398 4261 710 4332 compellat.
759 4261 910 4317 lianc
961 4272 1142 4318 autem
1195 4265 1358 4336 200
1413 4264 1810 4320 confessionem

217 4369 560 4425 nequaquam
588 4355 638 4409 ei
680 4355 1007 4412 aseribimus
1030 4356 1120 4425 qni
1151 4357 1217 4412 ab
1249 4356 1402 4412 initio
1432 4357 1660 4412 mendax
1686 4356 1809 4421 fuit,

218 4456 268 4503 et
303 4449 356 4503 in
389 4450 622 4505 veritate
651 4464 761 4504 non
812 4450 962 4503 stetit
993 4449 1176 4522 (Joan.
1227 4465 1344 4516 vm,
1387 4450 1518 4520 liii);
1571 4450 1663 4503 sed
1716 4448 1812 4503 Dei

1908 3255 2056 3312 beati
2076 3254 2244 3319 Petri,
2263 3252 2739 3309 mendacissimum
2754 3259 2866 3305 est:
2893 3248 3100 3304 Scimus
3115 3246 3239 3317 quia
3252 3245 3324 3299 sis
3342 3241 3517 3304 Filius

1905 3345 2028 3410 Dei,
2063 3343 2378 3401 testimonio
2433 3341 2656 3398 diaboli.
2704 3340 2772 3396 Et
2819 3339 2959 3394 sicut
2989 3337 3185 3392 Petrus
3213 3333 3361 3404 (Ml)
3395 3331 3512 3386 ait:

1910 3439 2049 3506 Quia
2071 3455 2196 3494 caro
2235 3447 2284 3493 et
2330 3436 2544 3506 sanguis
2590 3452 2695 3488 non
2738 3432 2976 3492 reuelauit
3036 3429 3155 3495 tibi,
3206 3427 3296 3483 sed
3351 3423 3518 3480 Pater

1907 3548 2080 3597 meus,
2103 3530 2191 3601 qui
2227 3529 2282 3584 in
2309 3527 2450 3582 caelis
2481 3535 2554 3582 est
2586 3525 2779 3597 (lbid.,_
2809 3523 2937 3594 l7);
2996 3522 3071 3576 ita
3129 3528 3185 3582 et
3239 3517 3516 3583 diabolum

1909 3623 2177 3680 calliditas
2225 3621 2440 3678 astutiae
2486 3628 2542 3675 et
2578 3617 2853 3676 subtilitas
2883 3623 3093 3671 naturae
3117 3615 3221 3672 hoc
3267 3607 3517 3672 confiteri

1908 3730 2016 3770 non
2067 3711 2217 3778 fecit,
2253 3712 2350 3774 sed
2376 3712 2458 3766 vis
2487 3718 2649 3780 atque
2685 3715 2930 3778 potestas
2969 3704 3108 3775 ejus,
3158 3703 3250 3774 qui
3280 3703 3347 3765 ad
3389 3714 3516 3758 eum

1910 3802 2298 3860 destruendum
2331 3802 2398 3856 de
2428 3801 2583 3856 caelis
2612 3799 2856 3856 advenit.
2903 3795 2977 3852 Ut
3007 3811 3141 3852 vero
3179 3794 3360 3858 divina
3405 3791 3516 3848 illic

1909 3896 1965 3954 in
2007 3895 2228 3954 homine
2255 3894 2458 3952 latente
2489 3891 2774 3964 praesentia
2809 3898 2986 3946 tortus
3041 3886 3355 3943 mentiendo
3383 3897 3515 3939 vera

1913 3989 2051 4046 dixit
2096 3987 2314 4052 dubius,
2355 3987 2431 4042 ita
2479 3984 2570 4040 hic
2617 3983 2890 4040 dominica
2944 3981 2999 4036 in
3039 3981 3204 4035 beato
3251 3977 3518 4035 Ursmaro

1911 4090 2170 4154 operante
2197 4078 2465 4150 potentia,
2498 4091 2685 4134 verum
2716 4074 2854 4129 dixit
2899 4073 3101 4128 invitus
3129 4089 3142 4125 :
3190 4070 3248 4126 in
3283 4077 3516 4138 utroque

1911 4188 2040 4228 vero
2066 4186 2170 4228 non
2201 4185 2299 4226 suo
2323 4177 2448 4225 voto
2473 4181 2620 4234 usus,
2643 4165 2736 4220 sed
2759 4163 3001 4236 jubentis
3025 4159 3254 4232 imperio
3269 4165 3512 4215 coactus.

1912 4264 2098 4319 Altera
2146 4263 2312 4334 igitur
2344 4261 2431 4317 die
2474 4259 2763 4316 ordinante
2811 4255 2907 4310 Dei
2949 4252 3313 4324 providentia,
3345 4247 3519 4306 adfuit

1912 4359 2106 4415 beatus
2161 4355 2455 4412 Ursmarus
2510 4353 2819 4422 episcopus.
2878 4348 3124 4416 Cumque
3181 4344 3417 4404 relatum
3467 4341 3516 4406 ei

1916 4450 2107 4504 fuisset
2128 4447 2193 4502 de
2221 4462 2281 4501 ea
2312 4460 2432 4515 qua:
2461 4459 2491 4498 a
2519 4442 2733 4497 diabolo
2758 4437 3057 4495 vexabatur
3103 4435 3306 4507 puella,
3354 4433 3518 4504 jussit

219 4540 440 4612 imperio
489 4551 742 4613 cogente,
791 4555 918 4595 vera
966 4556 1089 4595 eum
1140 4541 1373 4597 fatemur
1421 4542 1654 4606 dixisse,
1701 4557 1810 4596 non
1841 4542 2059 4616 Dillieo
2089 4539 2189 4594 sibi
2232 4536 2477 4593 exhiberi
2508 4549 2647 4589 eam.
2703 4531 2859 4599 Quod
2907 4545 3029 4584 cum
3069 4527 3274 4582 factum
3299 4525 3514 4616 fui-sset,

218 4641 421 4700 Sponte,
457 4633 600 4687 sicut
637 4633 693 4685 in
730 4632 1022 4701 Evangelio
1047 4649 1059 4685 :
1088 4631 1314 4696 Scimus,
1340 4633 1490 4686 aiunt
1513 4633 1809 4698 dmmones,

217 4722 350 4791 quod
373 4723 446 4776 sis
479 4721 657 4776 Filius
683 4721 778 4776 Dei
811 4720 1005 4792 (Marc.
1031 4737 1112 4786 ιιι,
1142 4721 1253 4791 12).
1287 4721 1438 4789 Quod
1472 4723 1656 4794 utique
1687 4738 1810 4778 eum

219 4823 357 4870 esset
381 4814 824 4880 veraeissimum,
857 4822 1057 4883 praeter
1090 4814 1192 4869 alia
1224 4815 1637 4870 innumerabilia
1666 4815 1810 4870 beati

219 4904 360 4962 Petri
406 4907 590 4977 prodit
640 4906 1032 4966 testimonium,
1093 4904 1284 4960 iisdem
1334 4907 1518 4962 verbis
1582 4907 1812 4961 Domino

223 4997 577 5070 interroganti
612 4999 861 5070 gloriose
882 4998 1178 5068 praebentis
1201 4999 1558 5055 confessionis
1591 5015 1815 5069 respon-

227 5106 337 5146 sum
363 5091 584 5163 (Matth.
616 5090 821 5161 1,10);
861 5100 1042 5145 tamen
1083 5091 1315 5158 quadam
1355 5093 1436 5147 sui
1483 5101 1640 5160 parte
1668 5109 1820 5148 men-

228 5181 567 5238 daeissimam
600 5183 882 5237 mentitam
903 5195 1029 5237 esse
1051 5181 1329 5250 malitiam,
1362 5183 1516 5238 testis
1544 5194 1625 5238 est
1649 5185 1822 5238 domi-

228 5274 338 5331 nica
361 5277 570 5348 passio,
613 5277 681 5331 ab
722 5277 902 5348 impiis
945 5273 1206 5328 instinctu
1253 5284 1466 5347 patrata
1527 5275 1815 5332 diabolico.

1919 4633 2008 4688 ille
2038 4645 2146 4685 non
2173 4629 2238 4684 de
2270 4643 2391 4690 sua,
2437 4625 2529 4680 sed
2567 4623 2634 4678 de
2688 4621 2907 4677 Domini
2961 4631 3296 4690 praesumens
3354 4612 3510 4688 201

1918 4727 2137 4789 virtute,
2159 4730 2380 4792 accepto
2396 4718 2560 4785 libro,
2584 4718 2749 4787 coepit
2767 4717 2946 4788 legere
2975 4712 3338 4768 exorcismum
3355 4720 3518 4775 super

1918 4823 2079 4887 caput
2113 4813 2266 4883 ejus;
2298 4810 2494 4868 dehinc
2539 4807 2826 4863 benedicto
2854 4805 2974 4860 oleo
3025 4816 3184 4856 nares
3227 4795 3520 4887 oculosque

1916 4885 2062 4965 et-os
2084 4906 2199 4976 ejus
2224 4904 2423 4967 linivit,
2456 4910 2511 4957 et
2533 4898 2788 4972 protinus
2818 4895 3155 4954 immundum
3177 4891 3244 4946 ab
3267 4902 3328 4942 ea
3357 4885 3520 4956 spiri-

1920 5011 2032 5056 tum
2064 4998 2286 5070 fugavit.
2321 4995 2578 5052 Liberata
2613 5001 2798 5047 tamen
2836 4987 3032 5061 puella,
3079 4999 3250 5053 pavor
3279 4979 3518 5050 quidam,

1921 5092 2012 5163 qui
2055 5090 2342 5160 przesenlia
2374 5085 2572 5141 diaboli
2603 5084 2905 5138 seminatus
2951 5078 3148 5138 fuerat,
3195 5074 3369 5163 adhuc
3400 5083 3526 5163 pec:

1925 5157 2133 5239 toribus
2164 5183 2467 5238 vicinorum
2493 5179 2696 5233 inerat.
2720 5174 2889 5231 Atvir
2905 5165 3112 5224 Domini
3143 5161 3395 5236 prmeepit
3424 5157 3528 5214 sibi

1928 5290 2121 5348 aquam
2163 5291 2285 5331 cum
2334 5273 2443 5330 sale
2475 5265 2716 5334 deferri;
2752 5265 2946 5338 quibus
2999 5257 3322 5321 benedictis,
3366 5250 3528 5323 jussit
