4018 5406
532 296 640 368 351

2209 206 2234 238 .‘3

1434 290 1766 352 BATHERII
1803 288 2018 351 EPlSC.
2066 248 2315 347 verrem.
2354 286 2502 347 ore.
2541 285 2723 343 rans
2753 285 2796 342 ι.

3713 284 3832 342 552

2431 383 2725 397 m

538 404 729 487 spargi
752 423 851 487 per
871 417 1069 469 cuncta
1093 409 1409 468 monasterii
1440 409 1558 468 loca
1580 417 1636 466 et
1662 409 1742 465 sie
1762 407 1941 464 omnis
1963 387 2208 480 pavor}
2238 380 2832 472 os‘ge‘crmz'e'ﬁs
2880 387 3034 455 illum
3081 396 3150 455 ad
3177 385 3287 469 me
3342 408 3531 457 ventre
3563 416 3578 454 :
3612 379 3836 456 con-[ﬁo

539 518 665 565 cum
693 511 918 561 auctore
953 516 1054 560 suo
1081 502 1350 561 abscessit
1377 502 1602 560 Satana.

612 598 828 670 7.2Alio
852 612 1069 674 quoque
1096 606 1340 669 tempore
1368 598 1529 654 ducta
1576 598 1749 654 estad
1789 612 1914 654 eum
1952 595 2134 668 puella

541 691 792 763 quaedam
819 689 1118 758 saecularis,
1148 688 1307 762 plena
1337 689 1624 757 daemonio,
1651 704 1814 760 quam
1841 687 2003 758 jussit
2032 686 2135 743 sibi

501 840 509 873 ε
543 786 602 844 in
623 784 925 843 oratorium
949 782 1168 840 deferri.
1202 783 1319 851 Quo
1357 781 1537 852 facto,
1569 782 1827 854 praecepit
1864 796 1984 837 eam
2013 780 2134 835 vin-

505 877 684 935 .eulis
727 875 1345 953 quibusstringebatur
1400 874 1605 932 absolvi
1654 893 1667 929 :
1722 883 1778 932 et
1826 882 1952 946 post
2019 872 2137 929 haec

549 970 718 1041 coepit
755 969 851 1026 Dei
881 968 1183 1040 potentiam
1220 983 1385 1040 super
1421 976 1584 1039 caput
1629 967 1800 1039 ipsius
1847 966 2134 1033 invocare,

549 1063 835 1134 ipsumque
861 1061 1161 1118 daemonem
1192 1068 1250 1117 ut
1279 1076 1311 1117 a
1337 1059 1604 1132 plasmate
1629 1059 1725 1114 Dei
1757 1057 1868 1113 vivi
1916 1058 2138 1114 recede-

548 1162 635 1211 ret
661 1154 969 1225 increpare.
997 1152 1193 1208 Mirum
1217 1152 1274 1207 in
1307 1152 1528 1208 modum
1570 1151 1746 1208 hostis
1768 1149 1859 1206 ille
1886 1149 2140 1220 antiquus

548 1244 716 1316 coepit
739 1243 999 1300 continuo
1026 1242 1239 1298 anxiari
1273 1250 1329 1299 et
1361 1242 1628 1309 fremere,
1675 1242 2029 1312 diversasque
2075 1255 2142 1297 ac

550 1335 700 1392 diras
733 1348 896 1392 voces
925 1334 1195 1390 emittere.
1226 1331 1629 1403 Sanctusjvero
1657 1332 1948 1391 Ursmarus
1977 1331 2142 1401 jussit

551 1442 674 1484 eam
726 1433 882 1481 extra
941 1424 1243 1481 oratorium
1290 1424 1475 1491 trahi,
1528 1424 1751 1495 ipseque
1805 1423 2141 1493 subsequens

546 1518 822 1590 percussit
850 1531 968 1573 eam
1000 1514 1172 1571 tribus
1199 1513 1409 1569 vicibus
1446 1512 1641 1569 baculo
1682 1527 1842 1584 quem
1896 1512 2143 1585 gestabat

552 1610 826 1665 manibus.
871 1608 1008 1663 Tum
1037 1606 1263 1678 spiritus
1292 1618 1523 1677 nequam
1552 1605 1687 1661 exiit
1716 1603 1784 1659 ab
1809 1619 1875 1661 ea
1905 1613 2017 1660 tam
2047 1618 2139 1660 ee-

554 1701 782 1768 lcriter,
849 1712 913 1756 ae
950 1700 995 1756 si
1032 1700 1149 1770 ipse
1198 1698 1390 1755 fuisset
1438 1712 1749 1769 percussus.
1788 1697 1962 1763 Quam
2013 1711 2142 1753 mox

2234 502 2378 560 enim
2422 501 2476 556 in
2523 499 2651 565 Deo,
2683 512 2772 554 me
2809 495 3155 554 revalituram
3203 496 3566 566 quantocius,
3606 496 3657 552 si
3702 511 3837 552 eum
3890 546 3896 561 ,

2234 593 2421 648 videre
2449 604 2720 647 meruero.
2752 588 2907 656 Quod
2939 602 3062 643 eum
3104 587 3267 642 beato
3291 585 3410 641 viro
3454 585 3651 642 fuisset
3697 585 3837 639 inti-

2236 690 2465 749 matum,
2508 681 2713 752 absque
2743 694 2897 736 mora
2947 679 3016 734 ad
3060 677 3479 734 illam'accessit
3526 695 3542 730 :
3595 690 3840 747 cumque

2237 772 2465 830 intuitus
2490 786 2610 829 eam
2650 770 2886 838 fuisset,
2926 769 3137 825 elevata
3186 784 3351 825 manu
3388 769 3608 840 signum
3648 769 3839 825 erucis

2238 878 2401 936 super
2437 872 2696 935 aegrotant
2732 861 2879 929 fecit,
2925 869 2980 917 et
3014 859 3157 936 illico
3193 859 3380 931 fugata
3428 859 3585 916 febre
3632 858 3842 915 mulier

2240 956 2554 1023 convaluit,
2609 956 2888 1026 vitamque
2956 952 3061 1010 sibi
3094 968 3149 1008 'a
3205 954 3317 1009 Deo
3379 966 3475 1022 per
3549 952 3839 1007 interven-

2240 1056 2357 1106 tum
2386 1047 2560 1106 sancti
2584 1046 2688 1102 viri
2718 1045 2985 1103 redditam
3022 1044 3318 1116 stepissime
3341 1041 3527 1100 multis
3561 1041 3682 1112 ipsa
3706 1054 3841 1097 nar-

2239 1142 2400 1198 ravit.

2314 1235 2403 1291 10.
2442 1235 2574 1292 Post
2604 1235 2722 1292 haec
2748 1233 2932 1305 itaque
2960 1229 3286 1311 venerabilis
3312 1227 3559 1301 pontifex
3603 1240 3843 1283 cernens

2241 1328 2506 1402 paulatim
2549 1326 2653 1384 sibi
2698 1326 2845 1383 vires
2894 1323 3141 1395 corporis
3174 1321 3368 1387 minui,
3422 1333 3645 1390 suaeque
3689 1317 3842 1372 diem

2243 1419 2546 1476 vocationis
2570 1417 2881 1484 imminere,
2914 1429 3101 1472 curam
3132 1412 3299 1484 erepit
3340 1426 3447 1468 non
3474 1412 3719 1483 {parvam
3744 1422 3842 1478 ge-

2245 1524 2389 1578 rere,
2439 1525 2509 1566 ne
2555 1522 2691 1581 grex
2739 1507 2846 1565 sibi
2891 1505 3217 1563 commissus
3269 1502 3672 1573 relinqueretur
3719 1498 3843 1554 sine

2244 1612 2486 1678 pastore.
2521 1602 2693 1666 Tunc,
2749 1606 3025 1655 annuente
3071 1596 3204 1661 Deo,
3253 1591 3573 1664 optantibus
3626 1588 3843 1645 cunctis

2247 1694 2308 1752 S.
2336 1693 2593 1749 Erminus
2618 1690 2837 1763 eligitur
2864 1688 2950 1743 vir
2978 1686 3127 1742 omni
3174 1685 3418 1740 bonitate
3452 1680 3717 1753 repletus,
3752 1688 3841 1734 at-

554 1792 745 1849 beatus
784 1789 1024 1862 pontifex
1061 1789 1405 1846 sanissimam
1439 1788 1681 1844 oratorio
1707 1787 1971 1854 reddidit,
2019 1800 2144 1858 per-
2172 1793 2221 1856 Β
2249 1783 2356 1858 que
2402 1784 2666 1856 magistro
2709 1781 2951 1837 moribus
3000 1777 3396 1848 adaequandos;
3443 1774 3662 1832 cunctis
3710 1789 3845 1859 vero

553 1898 867 1955 ungensque
913 1880 1032 1938 oleo
1071 1881 1396 1947 benedicta,
1433 1879 1661 1935 liberam
1693 1878 1845 1935 abire
1872 1879 2141 1950 permisit.

626 1975 681 2031 8.
722 1973 967 2031 Habebat
994 1981 1216 2030 sanctus
1260 1971 1505 2044 pontifex
1531 1982 1750 2043 neptem
1773 1971 1829 2026 in
1857 1970 1973 2041 jam
2000 1971 2146 2028 dicto

555 2067 885 2124 monasterio
911 2066 1261 2123 Melbodiensi
1286 2109 1301 2135 ,
1333 2081 1496 2137 quam
1522 2065 1638 2136 ipse
1666 2066 1950 2136 parvulam
1999 2081 2149 2123 com-

554 2162 908 2219 mendaverat
922 2169 1123 2219 sanctae
1145 2160 1465 2234 Aldegundi.
1484 2160 1615 2229 Quae
1641 2170 1933 2231 postquam
1956 2160 2151 2219 fuisset

558 2254 765 2321 adulta,
796 2262 917 2311 orta
949 2263 1034 2312 est
1073 2256 1320 2327 quaedam
1348 2255 1405 2311 in
1446 2253 1564 2323 ejus
1608 2254 1750 2311 collo
1797 2270 1939 2310 saeva
1983 2254 2148 2311 nimis

557 2346 869 2413 inﬁrmitas;
900 2362 1020 2418 quae
1046 2348 1279 2417 gutteria
1320 2344 1473 2419 (412)
1507 2344 1991 2401 dicitur'sermone
2026 2345 2150 2402 Gal-

557 2437 684 2495 lico.
724 2438 1057 2495 Astruebant
1105 2453 1235 2495 vero
1289 2437 1522 2503 medici,
1574 2436 1718 2509 quod
1764 2436 1924 2493 aliter
1967 2437 2149 2493 curari

560 2528 829 2603 neqtriret,
876 2531 985 2588 nisi
1013 2546 1179 2588 carne
1203 2531 1377 2586 incisa
1407 2546 1532 2586 cum
1561 2530 1763 2586 uncino
1790 2530 1970 2586 ferreo
2001 2528 2150 2585 foras

560 2624 784 2678 morbus
812 2609 1289 2679 traltereturfﬂoe
1315 2629 1499 2677 autem
1542 2621 1648 2677 illis
1688 2620 1869 2676 facere
1897 2621 2148 2692 eogitan-

565 2714 727 2782 tibus,
757 2715 1005 2784 contigit,
1032 2716 1385 2786 supervenire
1411 2722 1657 2771 sanctum
1689 2714 1903 2771 Domini
1928 2713 2149 2786 pontifi-

559 2823 677 2866 cem
702 2825 719 2875 ;
748 2809 842 2881 qui
873 2808 1138 2865 accersito
1160 2808 1229 2863 ad
1272 2823 1334 2864 se
1371 2806 1585 2863 medico
1633 2806 1990 2876 interrogavit
2023 2819 2149 2861 eum

561 2901 749 2956 dicens
781 2917 795 2954 :
830 2900 927 2956 Dic
954 2899 1089 2956 mihi
1135 2907 1390 2955 utrumne
1432 2897 1616 2954 valeas
1656 2911 1854 2953 sanare
1891 2912 2032 2952 eam.
2079 2895 2151 2953 At

560 2990 651 3046 ille
677 2991 753 3047 ait
779 3006 793 3045 :
821 2990 1063 3060 Nequeo,
1087 2990 1193 3046 nisi
1219 3005 1342 3045 cum
1364 2989 1563 3047 uncino
1588 2988 1767 3047 ferreo
1789 3003 1953 3044 carne
1977 2988 2150 3043 incisa

563 3083 813 3139 morbum
838 3082 989 3139 foras
1024 3083 1260 3138 traham.
1292 3081 1531 3138 Audiens
1572 3088 1751 3137 autem
1774 3081 1861 3135 vir
1889 3080 1983 3137 Dei
2014 3082 2147 3147 hoc,

2249 1879 2409 1936 istius
2436 1874 2695 1946 temporis
2719 1872 3031 1930 hominibus
3060 1870 3228 1926 tacito
3248 1866 3642 1940 praeferendus.
3668 1865 3843 1935 Quem

2248 1970 2515 2040 benignus
2533 1965 2698 2022 Pater
2726 1974 2789 2021 ut
2818 1963 2988 2019 tilium
3015 1962 3398 2018 charissimum
3436 1958 3652 2014 monuit
3688 1973 3843 2012 ama-

2247 2060 2449 2126 biliter,
2494 2067 2764 2128 quatenus
2813 2067 3032 2125 gregem
3063 2050 3171 2107 sibi
3199 2049 3553 2106 commissum
3605 2047 3844 2104 sollicite

2249 2160 2520 2226 pasceret,
2551 2149 2795 2205 moribus
2820 2155 2878 2202 et
2900 2144 3295 2202 verbisisecum
3328 2135 3632 2197 ad'aethera
3664 2150 3843 2196 trans-

2251 2244 2396 2300 ferre
2421 2248 2711 2312 satageret.
2735 2237 2892 2306 Quod
2923 2237 3039 2307 ipse
3062 2236 3331 2307 agendum
3361 2231 3605 2303 suscepit
3625 2229 3845 2300 quidem

2252 2335 2479 2393 moleste
2501 2374 2518 2400 ,
2553 2332 2647 2389 sed
2683 2331 2794 2387 Deo
2824 2336 3180 2401 coeperante,
3222 2334 3443 2381 strenue
3478 2323 3698 2396 peregit
3725 2340 3740 2383 :
3764 2322 3848 2377 in-

2253 2427 2470 2484 choavit
2500 2424 2797 2489 humiliter,
2829 2422 2923 2478 sed
2966 2418 3339 2493 perseveravit
3370 2417 3627 2475 fideliter.
3659 2417 3845 2473 Bonus

2253 2521 2420 2593 igitur
2448 2519 2631 2591 gregis
2659 2515 2865 2572 Christi
2910 2522 3099 2586 pastor
3127 2513 3446 2578 Ursmarus,
3503 2510 3752 2566 moribus
3788 2518 3846 2565 et

2252 2614 2412 2670 annis
2446 2620 2715 2677 maturus,
2743 2609 2903 2681 digna
2934 2614 3285 2679 suscepturus
3328 2603 3657 2661 meritorum
3702 2617 3841 2672 pra:-

2254 2707 2388 2774 mia,
2412 2705 2655 2777 coelestia
2686 2703 2945 2760 invitatur
2970 2701 3037 2756 ad
3073 2715 3261 2772 regna.
3289 2698 3392 2766 Qui
3423 2696 3685 2768 precibus
3713 2695 3845 2750 cha-

2255 2801 2596 2857 rissimorum
2623 2812 2760 2869 quos
2784 2797 2842 2851 in
2862 2794 3082 2851 Christo
3111 2792 3379 2847 nutrierat
3404 2789 3668 2854 ﬁliorum,
3690 2802 3847 2842 suum

2255 2893 2399 2950 fideli
2420 2890 2668 2948 Creatori
2697 2885 3086 2944 commendans
3113 2883 3389 2955 spiritum,
3431 2880 3565 2951 ipsis
3611 2892 3850 2950 praesen-

2254 2985 2401 3041 tibus
2455 2980 2730 3037 exsultans
2785 2979 2837 3033 in
2884 2977 3152 3041 Domino,
3202 2972 3386 3029 carnis
3432 2969 3848 3042 quartodecimo

2258 3074 2529 3132 Kalendas
2565 3072 2689 3127 Maii
2723 3087 2812 3126 an.
2854 3068 2960 3122 7l3
2996 3066 3223 3122 solvitur
3250 3061 3553 3134 ergaStulo,
3606 3061 3850 3114 victurus

561 3170 785 3230 omnino
814 3173 997 3230 facere
1024 3158 1381 3245 prohibebat,
1415 3174 1543 3244 quia
1571 3174 1768 3244 oppido
1807 3188 1928 3228 eam
1959 3172 2152 3244 dilige-
2180 3173 2227 3238 ο
2259 3169 2315 3224 in
2344 3165 2537 3223 saecula
2563 3179 2684 3219 cum
2710 3160 2950 3218 Christo.
2982 3157 3310 3229 Angelorum
3339 3159 3563 3209 evectus
3603 3150 3855 3205 ministe-

563 3268 677 3333 bat,
706 3276 763 3323 et
792 3266 1154 3339 periculosum
1184 3268 1289 3323 hoc
1319 3265 1475 3322 valde
1503 3281 1625 3323 esse
1652 3266 1930 3322 cernebat.
1952 3262 2181 3322 Verum

566 3360 853 3432 imponens
881 3376 1100 3416 manum
1128 3362 1325 3432 saepius
1355 3359 1444 3415 die
1487 3359 1575 3415 illa
1604 3373 1770 3430 super
1818 3360 1994 3428 ipsum
2038 3357 2156 3412 vul-

566 3453 716 3509 neris
754 3453 931 3509 locum
960 3494 976 3520 ,
1016 3452 1232 3509 dicebat
1265 3470 1278 3507 :
1312 3451 1465 3519 Vide,
1509 3451 1643 3518 ﬁlia,
1684 3465 1753 3507 ne
1791 3449 2019 3520 patiaris
2060 3449 2155 3504 tibi

563 3549 770 3607 ferrum
821 3549 1063 3622 imponi;
1106 3548 1271 3604 credo
1326 3548 1471 3603 enim
1527 3546 1584 3601 in
1639 3544 1854 3602 Domini
1900 3544 2107 3620 pietate
2138 3583 2154 3609 ,

563 3643 693 3713 quia
721 3642 833 3713 ipse
863 3650 918 3698 te
943 3640 1199 3697 liberabit
1233 3640 1301 3696 ab
1336 3639 1440 3695 hac
1467 3638 1802 3694 inﬁrmitate.
1851 3634 2020 3692 Nocte
2066 3651 2161 3692 ve-

563 3726 628 3789 ro
670 3734 861 3790 eadem
909 3735 993 3789 vir
1040 3742 1263 3789 sanctus
1316 3730 1621 3787 uberrimas
1654 3742 1848 3800 preces
1897 3726 2036 3783 fudit
2089 3728 2158 3782 ad

568 3825 855 3880 Dominum
905 3824 977 3880 ob
1023 3825 1142 3895 ejus
1190 3823 1445 3879 salutem.
1494 3810 1830 3878 Lucescente
1861 3835 2020 3898 vero
2068 3820 2155 3876 die

569 3915 779 3982 altera,
827 3931 858 3971 a
914 3925 1089 3972 strato
1138 3930 1327 3986 sospes
1382 3913 1624 3970 surrexit
1685 3912 1863 3983 puella
1891 3953 1908 3979 ,
1976 3913 2161 3968 intan-

572 4017 687 4064 tum
740 4018 799 4064 ut
828 4024 928 4065 nec
956 4009 1244 4081 vestigium
1268 4006 1603 4062 infirmitatis
1630 4013 1941 4059 remaneret
1975 4004 2029 4059 in
2073 4020 2159 4059 ea.

641 4103 696 4160 9.
737 4103 939 4159 Eodem
965 4117 1181 4174 quoque
1213 4108 1454 4172 tempore
1489 4098 1592 4153 alia
1627 4106 1830 4168 aegrota
1861 4098 2001 4151 intra
2023 4097 2167 4168 ejus-

572 4195 695 4251 dem
724 4196 885 4266 202
912 4193 1226 4250 monasterii
1267 4200 1418 4264 septa
1446 4190 1664 4263 jacebat
1694 4198 1805 4244 tam
1841 4188 2020 4243 valido
2048 4187 2167 4245 lan-

573 4302 740 4360 guore
765 4288 1011 4353 obsessa,
1031 4285 1104 4357 fut
1122 4299 1312 4341 omnes
1333 4285 1425 4355 qui
1449 4299 1570 4340 eam
1601 4282 1876 4347 videbant,
1904 4283 1974 4348 de
1993 4282 2167 4337 salute

575 4376 695 4446 ejus
749 4393 975 4448 prorsus
1023 4377 1393 4447 desperarent.
1425 4375 1557 4443 Quae
1598 4388 1723 4431 cum
1763 4374 2002 4429 audisset
2032 4374 2167 4429 tanti

575 4467 680 4524 viri
707 4468 1022 4535 adventum,
1060 4466 1469 4541 eoepitvirtute,
1501 4480 1608 4540 qua
1647 4471 1883 4536 poterat,
1923 4463 2105 4520 dicere
2149 4481 2162 4518 :

2261 3262 2364 3327 rio,
2392 3258 2600 3316 caelesti
2633 3255 2865 3311 infertur
2886 3252 3164 3323 paradiso,
3189 3248 3282 3303 ubi
3322 3246 3440 3301 sine
3472 3245 3583 3299 fine
3622 3243 3857 3312 patriar—

2262 3354 2488 3410 charum
2534 3347 2736 3404 fruitur
2760 3346 2886 3413 fide,
2910 3342 3301 3414 prophetarum
3335 3351 3449 3406 spe,
3482 3332 3860 3406 apostolorum

2260 3458 2542 3509 consessu,
2576 3450 2879 3512 martyrum
2915 3435 3176 3506 collegio,
3220 3430 3598 3487 confessorum
3635 3440 3702 3479 ac
3744 3425 3854 3478 vir-

2262 3537 2448 3607 ginum
2514 3530 2913 3593 contubernio,
2973 3534 3405 3591 cunetorumquo
3471 3516 3854 3573 caelicolarum

2262 3620 2837 3692 oblectaturperenni
2886 3617 3144 3688 tripudio.
3195 3613 3405 3683 Corpus
3450 3623 3583 3665 vero
3650 3607 3797 3662 illius
3827 3618 3859 3659 a

2265 3721 2545 3791 discipulis
2572 3717 2825 3786 religioso
2853 3711 3217 3783 compositum
3243 3704 3440 3770 ollicio,
3466 3702 3621 3758 cultu
3648 3711 3737 3756 est
3758 3699 3858 3754 ho-

2264 3814 2496 3872 noriﬁeo
2539 3810 2889 3866 tumulatum.
2932 3806 2992 3859 ln
3043 3800 3325 3858 cacumine
3368 3796 3572 3867 quippe
3616 3791 3858 3857 montis,

2266 3905 2421 3976 cujus
2458 3901 2733 3957 radicibus
2774 3897 2887 3968 jam
2940 3899 3281 3950 exstructum
3334 3886 3546 3957 adjaeet
3588 3891 3864 3938 monaste-

2265 3971 2430 4062 rium,
2456 3993 2754 4051 oratorium
2783 3997 2867 4045 est
2895 3989 2951 4042 in
2976 3987 3183 4040 honore
3217 3989 3417 4038 sanetae
3440 3977 3537 4032 Dei
3562 3971 3861 4031 Genitrieis

2268 4095 2661 4150 constructum,
2715 4082 2770 4137 in
2827 4093 2934 4151 quo
2981 4078 3346 4147 deposuerunt
3391 4067 3540 4125 beati
3604 4063 3855 4135 corporis

2268 4184 2585 4239 thesaurum
2621 4195 2633 4232 :
2668 4173 2760 4231 ubi
2790 4173 2975 4229 divina
3012 4170 3187 4241 pietas
3216 4167 3556 4223 demonstrat
3588 4157 3864 4245 quotidie,

2269 4273 2423 4344 cujus
2448 4272 2630 4328 meriti
2669 4269 2782 4325 illic
2813 4266 3121 4323 habeantur
3168 4258 3410 4337 reliquiae
3450 4254 3519 4310 ad
3566 4252 3788 4307 laudem
3815 4256 3867 4303 et

2270 4365 2500 4438 gloriam
2525 4359 2826 4433 majestatis
2850 4371 2994 4428 suae,
3031 4351 3189 4421 cujus
3216 4351 3412 4415 honor,
3440 4346 3611 4403 decus
3626 4351 3683 4399 et
3721 4348 3869 4412 pote-

2270 4469 2384 4516 stas
2418 4463 2703 4529 permanet
2732 4453 2851 4510 sine
2876 4452 3003 4506 ﬁne.
3028 4447 3223 4504 Amen.

598 4748 599 4751 η
652 4691 804 4767 (με)
841 4691 1104 4767 Gutteria,
1150 4711 1268 4761 seu,
1313 4703 1377 4751 ut
1421 4693 1513 4750 alii
1543 4708 1665 4751 cum
1705 4694 1924 4751 Ansone
1972 4691 2238 4761 scribunt,
2282 4687 2573 4754 Grutteria,
2604 4681 2829 4742 morbus
2877 4677 3113 4754 gutturis
3137 4715 3154 4746 ,
3196 4674 3415 4746 dequo
3451 4666 3579 4725 vide
3603 4663 3869 4738 Cangiun

576 4761 640 4823 in
664 4761 962 4835 Glossario,
989 4766 1310 4840 v..Guttcrt'a
1335 4767 1391 4822 2.
