4018 5406
1361 287 1743 348 CONCLUSIO
1778 289 2304 348 DELIBERATIVA.

159 420 3450 474 Μ

1331 605 2273 721 BATEEBII

1426 819 1733 878 EPISCOPI
1770 819 2206 882 VERONENSIS

733 1019 900 1102 (διδ)
943 1001 1744 1122 CONCLUSIO
1830 1005 2882 1131 DELIBERATIVA

1511 1227 1837 1292 LEODICI
1878 1228 2095 1294 ACTA
2113 1276 2129 1308 ,

1755 1410 1868 1454 SIVE

771 1550 932 1632 (Mli)
967 1549 1217 1614 Cliniam
1244 1551 1554 1631 Syrmatis
1591 1552 1878 1633 ejusdem,
1913 1556 2024 1633 qui
2053 1561 2269 1618 cetera
2302 1577 2428 1619 non
2457 1558 2606 1622 adeo
2631 1563 2845 1641 parvi.

225 1881 267 1937 l.
306 1880 472 1951 203
503 1878 642 1947 Quia
671 1879 917 1950 responsi
949 1880 1335 1936 commoditate
1373 1880 1626 1936 omnibus
1667 1893 1754 1933 sa-
1781 1874 1832 1939 ᾉ
1859 1873 2261 1933 ordinatoribus
2292 1875 2310 1949 ]
2352 1893 2513 1934 manu
2567 1879 2796 1934 extorsit
2824 1921 2838 1945 ,
2899 1881 3003 1936 mci
3066 1883 3311 1941 cessionc
3369 1894 3452 1942 at-

154 1971 424 2030 tisfecisse
451 1971 847 2041 inexplicabilis
890 1973 1041 2027 labor
1071 1974 1313 2028 cernitur
1357 1988 1512 2038 esse,
1557 1972 1755 2026 circui-

156 2065 305 2119 tione
329 2064 481 2119 omni
511 2064 847 2132 posthabita,
871 2080 1037 2129 mere,
1071 2076 1125 2119 ct
1152 2080 1258 2135 quo
1279 2065 1516 2134 apertius
1547 2071 1754 2132 potero,

155 2157 521 2211 denberatum
553 2153 1008 2227 irrel'ragabiliter
1047 2157 1188 2226 quod
1231 2155 1427 2221 habeo,
1478 2170 1638 2208 nosse
1678 2154 1758 2208 di-

152 2250 452 2318 gnantibus
506 2249 820 2305 manifesto.
878 2251 1136 2320 Rogasse,
1184 2265 1395 2319 rogare,
1439 2257 1754 2318 rogaturum

153 2355 243 2395 me
284 2355 505 2410 semper
549 2340 719 2395 Deum
765 2340 1005 2395 universi
1048 2341 1329 2405 noverint,
1384 2355 1452 2394 ne
1517 2353 1757 2408 unquam

147 2433 398 2501 peccatis
428 2431 563 2486 meis
593 2431 930 2487 merentibus
957 2431 1088 2485 mihi
1122 2432 1417 2500 contingat,
1480 2431 1659 2500 aliquo
1699 2439 1759 2488 ut

147 2521 264 2576 mei
291 2522 573 2577 commodo
595 2521 836 2587 illectus,
862 2531 955 2576 aut
978 2521 1322 2577 incommodo
1353 2521 1592 2586 territus,
1617 2537 1758 2591 pra:-

150 2620 317 2666 sente
347 2620 402 2666 et
430 2611 771 2668 collaudante
799 2611 1086 2678 universa,
1133 2612 1286 2682 cujus
1331 2611 1624 2676 intererat,
1654 2611 1759 2668 Ec-

149 2703 322 2759 clesia
343 2745 358 2769 ,
391 2704 601 2773 publice
643 2704 780 2760 mihi
812 2705 1163 2761 commissum
1193 2703 1336 2760 ovile
1384 2718 1479 2760 ore
1510 2705 1754 2775 proprio,

149 2797 279 2869 lupo
317 2815 606 2871 exponam.

221 2889 286 2943 II.
329 2889 408 2944 Ne
440 2892 592 2962 (415)
622 2893 722 2947 Dei
750 2893 918 2963 ipsius
961 2908 1056 2948 ore
1105 2893 1418 2948 damnatum
1473 2892 1649 2948 furem
1699 2900 1756 2948 ct

151 2983 454 3051 latronem;
489 2985 668 3040 furem
716 2985 844 3054 quia
874 2984 1031 3040 'furto
1079 2983 1299 3040 abstulit
1345 2983 1479 3038 mihi
1527 2984 1749 3050 sedem;

149 3072 446 3141 latronem,
473 3077 530 3131 vi
560 3085 614 3131 et
640 3085 913 3145 potestate
942 3077 1070 3145 quia
1108 3074 1360 3145 publica;
1410 3075 1750 3131 maledictio-

148 3180 270 3220 nem
298 3166 473 3238 205.
496 3178 551 3222 et
585 3168 825 3238 lepram,
874 3183 982 3237 qua
1047 3182 1141 3222 eos
1193 3166 1477 3222 mortifere
1520 3167 1747 3238 decipit,

1863 1980 1966 2035 que
2000 1967 2238 2033 silentio,
2288 1967 2339 2020 in
2369 1969 2548 2024 ovium
2591 1971 2723 2023 mihi
2769 1972 3098 2027 creditarum
3154 1967 3449 2045 perniciem

1863 2058 2008 2112 intra
2061 2059 2203 2114 idem
2264 2058 2406 2114 ovile
2450 2060 2690 2116 cedendo
2749 2061 3021 2132 iniquitati
3085 2065 3271 2136 utique
3315 2083 3448 2122 con-

1863 2157 2068 2220 tegam.

1930 2241 2014 2295 Ill.
2033 2241 2108 2297 Ne
2125 2241 2445 2299 mercenarii
2467 2241 2581 2312 ipse
2605 2243 2737 2298 mihi
2753 2257 2949 2299 nomen
2971 2244 3221 2301 eumdem
3238 2246 3448 2318 fugiens

1861 2334 2169 2404 importem.

1929 2427 2018 2482 IV.
2058 2427 2137 2484 Ne
2160 2427 2265 2484 furi
2293 2428 2553 2496 cavendo,
2594 2425 2730 2485 furis
2758 2443 2955 2486 nomen
2998 2429 3122 2498 jure
3170 2431 3302 2486 mihi
3331 2432 3451 2487 vin-

1859 2521 2032 2598 dicem
2072 2521 2206 2590 ipse.

1929 2612 1995 2667 V.
2036 2611 2116 2667 Ne
2137 2621 2508 2684 compastores
2539 2623 2701 2684 atque
2734 2612 3076 2669 confamulos
3099 2614 3242 2669 ciere
3271 2614 3442 2686 (416).

1929 2703 2017 2760 VI.
2059 2705 2134 2761 Ne
2186 2723 2351 2762 canes
2380 2708 2711 2763 domesticos
2740 2749 2754 2774 ,
2809 2708 3008 2762 latratu
3039 2716 3099 2762 ut
3125 2723 3248 2763 cum
3280 2723 3446 2764 cano-

1855 2799 1980 2855 nico
2021 2800 2364 2870 perturbent,
2397 2803 2639 2858 desinam
2671 2785 2950 2873 instigare.

1926 2889 2038 2946 VII.
2098 2890 2177 2947 Ne
2239 2909 2364 2948 cum
2417 2903 2524 2948 tam
2579 2885 2882 2964 perspicuus
2949 2904 3113 2964 atque
3175 2897 3451 2968 sacrilegae

1855 2983 2156 3040 invasionis
2179 2984 2427 3039 adultero
2453 2986 2756 3055 portionem
2788 2985 3034 3056 posuisse
3065 3000 3239 3040 meam
3271 2984 3448 3056 (Psal.

1854 3091 2004 3141 κως,
2027 3075 2140 3147 18),
2164 3075 2456 3146 prostituta
2484 3076 2658 3132 cidem
2681 3075 2814 3130 mihi
2844 3075 3132 3131 commissa
3160 3077 3454 3132 convincar

1853 3165 2122 3222 Ecclesia.

149 3259 238 3329 qui
265 3268 473 3330 putant
500 3275 623 3315 eum
671 3275 793 3316 esse
846 3260 1177 3331 episc0pum,
1230 3259 1441 3330 sibique
1496 3275 1741 3314 commu-
1776 3245 1823 3307 Β
1924 3260 2055 3316 VIII.
2084 3259 2165 3317 Ne
2186 3263 2382 3319 sedens
2402 3263 2662 3344 adversus
2684 3261 2908 3317 fratrem
2938 3262 3126 3334 (Ibid.,
3155 3262 3443 3335 20)(1li7),

149 3354 403 3410 nicantes
463 3352 862 3420 commaculat;
907 3393 924 3409 .
967 3393 982 3407 .
1027 3393 1042 3408 .
1088 3392 1101 3406 .
1143 3392 1156 3406 .
1197 3352 1265 3408 ab
1295 3352 1609 3408 ordinandis
1660 3353 1679 3424 [
1705 3353 1745 3422 f.

216 3494 376 3565 (415)
418 3493 531 3550 Hoc
560 3494 880 3564 opusculum
915 3493 1177 3565 Syrmatis
1212 3494 1432 3550 nomine
1480 3503 1750 3550 memorat

150 3564 456 3620 Fulcuinus
491 3566 546 3619 in
562 3565 746 3621 Gestis
765 3565 1018 3620 abbatum
1042 3564 1447 3627 Laubicnsium,
1495 3583 1608 3633 cap.
1655 3566 1745 3619 “24.

150 3636 435 3708 Scriptum
469 3635 568 3690 fuit
585 3636 802 3708 Leodici
839 3636 918 3708 (ut
945 3651 1011 3689 cx
1027 3635 1169 3708 ipsa
1183 3636 1540 3708 inscriptione
1558 3635 1746 3708 liquet)

148 3722 289 3762 anno
322 3706 465 3772 955,
493 3723 616 3760 cum
656 3707 952 3761 Ratherius
973 3721 1003 3760 e
1025 3705 1592 3776 Leodicensi'quidem
1615 3705 1751 3762 sedc

151 3778 419 3847 deiectus,
451 3784 507 3830 at
531 3777 754 3832 Leodici
785 3777 959 3831 adhuc
999 3778 1300 3833 subsistens
1322 3819 1337 3844 ,
1376 3788 1663 3847 urgeretur
1690 3787 1750 3832 ut

150 3847 406 3904 Baldrico
445 3848 501 3901 in
531 3847 647 3916 ejus
673 3847 849 3903 locum
875 3847 1165 3916 subrogato
1192 3849 1558 3918 episcopatum
1591 3850 1751 3904 ccide—

150 3929 248 3975 ret.
302 3918 529 3974 Causas
570 3927 750 3973 autem
795 3920 1056 3988 exponit,
1101 3935 1199 3972 cur
1240 3921 1434 3975 cedere
1485 3929 1741 3988 nequeat.

151 3988 285 4046 Hinc
317 3989 647 4061 opusculum
698 3989 1018 4058 inscriptum
1045 3989 1324 4044 Conclusio
1367 3990 1702 4061 deliberativa
1729 4032 1744 4056 ,

152 4075 310 4130 quam
349 4060 663 4116 rationibus
703 4061 1059 4130 quadraginta
1103 4061 1398 4115 constituit.
1451 4061 1564 4116 Hoc
1608 4060 1748 4115 idem

153 4132 477 4201 opusculum
513 4131 733 4185 Leodici
787 4130 1127 4186 lucubratum
1159 4142 1348 4186 contra
1394 4131 1703 4187 Baldrienm
1731 4174 1747 4196 ,

152 4202 454 4257 Ratherius
481 4202 668 4271 paucis
697 4201 882 4272 initiae
920 4202 1118 4256 additis
1153 4202 1380 4256 Verona:
1424 4203 1744 4272 reproduxit

154 4290 293 4329 anno
323 4273 439 4328 965
466 4270 728 4327 adversus
761 4270 1008 4344 Milonem
1029 4313 1043 4336 ,
1075 4288 1196 4328 cum
1228 4270 1602 4344 nonnulli—ipsi
1625 4289 1750 4328 sua-

154 4345 280 4401 dere
317 4345 651 4408 niterentur,
681 4350 742 4396 ut
782 4342 869 4396 isti
900 4342 1264 4407 Veronenscm
1297 4347 1480 4398 sedem
1513 4342 1752 4398 dimitte-

155 4426 250 4470 ret.
293 4415 443 4470 Hinc
481 4413 624 4469 idem
669 4412 989 4482 opusculum
1027 4416 1095 4469 ab
1134 4413 1368 4468 Acherio
1397 4429 1427 4468 e
1457 4430 1559 4469 ms.
1609 4414 1751 4468 Lau-

154 4486 387 4542 dunensi
441 4485 645 4540 editum
691 4492 808 4546 est,
856 4485 913 4538 in
959 4499 1064 4553 quo
1112 4484 1354 4538 Rathcrii
1411 4499 1574 4554 opera
1626 4496 1752 4554 post

158 4559 376 4613 tertiam
412 4555 533 4624 ejus
569 4556 973 4610 restitutionem
1000 4555 1051 4608 in
1078 4557 1445 4624 episcopatum
1476 4555 1748 4611 Veronen-

1851 3353 1907 3409 id
1959 3361 2082 3420 est,
2145 3353 2436 3409 vicinitatis
2505 3353 2666 3424 205
2731 3352 2993 3408 atﬁnitate
3041 3351 3390 3422 conjunctum
3423 3394 3438 3421 ,

1852 3489 2114 3562 Ratherio
2138 3489 2910 3562 vocatureademconclusio,
2943 3505 3106 3558 quam
3143 3499 3238 3562 tot
3282 3506 3448 3562 argug-

1852 3560 2053 3615 mentis
2080 3569 2136 3615 et
2165 3560 2468 3615 rationibus
2501 3559 2709 3614 trahit?
2737 3559 2795 3615 In
2824 3561 3084 3616 chronico
3109 3559 3438 3617 Mosomensi

1853 3631 1993 3701 apud
2017 3630 2334 3701 Acherium,
2365 3639 2497 3685 tom.
2530 3629 2782 3701 IIgSpicil.
2818 3645 2942 3699 pag.
2969 3631 3075 3686 566
3105 3647 3259 3688 novae
3286 3632 3442 3696 edit.,

1850 3699 2192 3772 privilegium
2223 3700 2448 3756 Joannis
2477 3699 2591 3755 XIII
2622 3699 2800 3772 sui-ma
2856 3701 3176 3772 appellatur.
3223 3701 3440 3767 Τείρεως,

1849 3770 1940 3843 qui
1979 3774 2213 3843 sequitur
2231 3813 2243 3832 ,
2273 3772 2548 3837 describit,
2573 3770 2800 3841 qualiter
2820 3770 2940 3841 ipse
2964 3773 3160 3841 prresul
3180 3773 3443 3826 Adalbero

1850 3842 1944 3914 per
1992 3842 2241 3924 Romani.
2266 3853 2500 3924 sqrmatq
2529 3858 2680 3924 17qu
2707 3843 3031 3924 fconciliique
3061 3844 3444 3924 sui_tiec_retum

1853 3911 2141 3968 constituit.
2188 3912 2452 3968 Similiter
2485 3915 2539 3968 in
2573 3911 2694 3966 Vita
2747 3911 3192 3970 sancti’Gerardi
3233 3913 3448 3969 abbatis

1851 3984 2170 4040 Broniensis
2202 4001 2254 4039 n.
2289 3985 2378 4049 29,
2403 3985 2546 4038 aliud
2584 3983 2921 4053 privilegium
2947 3984 3286 4053 pontilicium
3315 4000 3446 4040 con-

1854 4071 2064 4112 cessqu
2100 4057 2351 4111 cmnobio
2381 4053 2970 4125 Broniensihprotimius
3010 4071 3189 4125 syrma
3219 4064 3445 4110 vocatur

1853 4128 1994 4196 apud
2030 4125 2416 4186 :Mabillonium
2456 4134 2594 4196 tom.
2626 4123 2737 4190 Vll,
2777 4125 2899 4178 Act.
2935 4123 3054 4179 SSI
3081 4125 3200 4180 ord.
3234 4125 3439 4180 Bened.

1852 4195 1975 4268 pag.
2011 4197 2139 4251 274.
2170 4198 2228 4251 In
2267 4197 2483 4267 reliquis
2511 4195 2669 4268 hujus
2724 4196 2884 4262 tituli,
2911 4211 3032 4266 qua:
3079 4196 3285 4268 nullum
3331 4196 3446 4251 ido-

1853 4267 2016 4324 neum
2047 4283 2266 4323 sensum
2297 4269 2558 4331 reddunt,
2599 4267 2796 4338 aliquis
2837 4281 3009 4332 error,
3044 4267 3129 4322 vel
3185 4283 3446 4337 quarum-

1854 4339 1979 4394 dam
2003 4354 2196 4394 vocum
2225 4338 2465 4394 defectus
2492 4338 2652 4393 inest.

1927 4409 2075 4480 (415)
2117 4408 2422 4466 Construe:
2475 4407 2559 4462 Ne
2612 4408 2715 4461 mei
2761 4409 2990 4480 cessione
3042 4419 3197 4480 atque
3239 4409 3446 4464 silentio

1857 4478 2085 4535 cedendo
2135 4480 2406 4550 iniquitati
2445 4480 2584 4532 intra
2637 4480 2809 4547 ipsum
2865 4478 3015 4544 ovile,
3067 4478 3124 4533 in
3165 4481 3448 4550 perniciem

1858 4553 2030 4606 ovium
2069 4550 2197 4603 mihi
2221 4549 2540 4604 Creditarum
2563 4559 2833 4619 contegunt
2870 4551 3047 4620 utique
3075 4551 3245 4620 furem
3287 4561 3334 4604 et
3372 4549 3451 4602 lu-

157 4644 268 4682 sem
297 4620 522 4699 vulgata
573 4626 944 4699 continentur.
964 4620 1340 4699 _Monendu—I_n_
1367 4626 1581 4699 tandem
1636 4638 1742 4693 est,
1778 4625 1824 4686 C
1857 4620 2399 4699 tronemdamnatupt
2426 4637 2514 4674 ore
2536 4621 2701 4699 ipsius
2726 4620 2855 4685 Dei;
2886 4620 3080 4699 furem,
3115 4623 3240 4692 quia
3267 4621 3448 4699 abstu-

157 4699 257 4754 hoc
315 4696 463 4754 idem
519 4698 841 4767 opusculum
886 4713 916 4750 a
964 4696 1224 4750 Ratherio
1270 4696 1437 4750 fuisse
1480 4697 1747 4754 inscrtum

157 4769 295 4826 inter
318 4769 608 4824 duodecim
641 4767 937 4831 volumina,
972 4783 1091 4836 quae
1117 4767 1377 4822 Phrenesi
1417 4768 1744 4836 subjecerat,

158 4850 214 4895 ut
241 4858 304 4897 ex
356 4842 590 4896 istorum
630 4839 970 4894 voluminum
1005 4839 1334 4906 argumentis
1374 4838 1426 4892 in
1478 4841 1748 4907 prominio

159 4911 404 4979 ejusdem
469 4911 767 4967 Phrenesis
838 4909 1020 4964 relatis
1091 4918 1323 4963 constat.
1360 4908 1490 4964 Vide
1547 4911 1750 4966 ibidem

161 4991 543 5053 argumentum
596 4979 846 5052 opusculi
896 4979 1178 5053 undecimi
1209 4981 1408 5053 ,_quod
1457 4989 1634 5053 tamen
1693 4983 1750 5036 in

158 5049 453 5108 La'ubiensi
513 5049 738 5111 codice,
802 5051 943 5105 unde
997 5049 1310 5104 Phrenesim
1361 5052 1754 5120 transcriptum

161 5126 474 5194 accepimus
500 5165 512 5184 .
553 5122 770 5194 caeteris
797 5120 1158 5194 voluminibus
1181 5121 1431 5194 invenire
1441 5137 1558 5194 non
1580 5122 1752 5179 licuit.

161 5217 170 5247 -.
229 5191 387 5265 (4M)
427 5191 637 5248 Climax
664 5208 696 5248 e
734 5191 942 5265 Graeco,
984 5191 1192 5245 Latinis
1215 5193 1379 5265 scala.
1413 5192 1527 5246 Iloc
1570 5206 1756 5251 autem

159 5263 380 5320 nomine
421 5265 570 5336 istud
626 5263 947 5336 opusculum
1001 5271 1188 5316 auctor
1255 5263 1570 5335 inscripsit,
1625 5269 1756 5336 quia

163 5335 527 5406 quadraginta
573 5335 882 5392 rationibus
939 5341 1221 5406 tanquanr
1253 5336 1412 5390 scalm
1466 5335 1752 5406 cujusdam

1859 4694 1918 4748 lit
1954 4693 2079 4746 mihi
2123 4692 2293 4745 sedem
2330 4691 2505 4762 furto;
2547 4693 2820 4762 latronem,
2851 4690 2977 4762 quia
3024 4693 3073 4745 vi
3118 4690 3164 4746 et
3203 4697 3455 4762 potestate

1858 4763 2066 4836 publica
2084 4760 2371 4836 extorsit.
2393 4779 2602 4836 .dmunu
2637 4762 2702 4814 ab
2728 4760 3038 4836 ordinandis
3069 4762 3241 4832 (forte
3268 4760 3459 4836 adpr-

1860 4826 2212 4904 ilinatoribus)
2243 4834 2663 4888 maledictionem
2694 4844 2744 4886 et
2795 4832 3016 4904 lepram,
3045 4826 3149 4902 qua
3193 4826 3458 4894 nrortifere

1861 4922 1950 4961 eos
1983 4903 2199 4974 decipit,
2213 4907 2300 4975 qui
2327 4914 2510 4974 putant
2535 4919 2654 4975 eum
2675 4920 2786 4958 esse
2803 4903 3125 4972 episcopum,
3151 4913 3197 4956 et
3229 4911 3460 4954 comma-

1862 4975 2006 5032 culat
2037 4974 2481 5031 communicantes
2509 4974 2629 5030 sibi.

1970 5045 2086 5115 “6)
2130 5045 2370 5102 Subaudi
2402 5047 2639 5115 desinam
2669 5055 2857 5100 contra
2895 5042 3068 5110 ipsum
3102 5041 3272 5111 furem
3309 5038 3463 5115 ciere.

1970 5048 2086 5115 “6)
2130 5048 2370 5102 Subaudi
2402 5048 2639 5102 desinam
2669 5055 2857 5100 contra
2895 5048 3068 5110 ipsum
3102 5048 3272 5111 furem
3309 5048 3463 5093 ciere.

1939 5048 2088 5187 ἓιΗἹ)
2131 5117 2396 5174 Construe
2430 5137 2443 5172 :
2479 5114 2562 5170 Ne
2590 5115 2776 5187 sedens
2820 5115 3008 5186 loquur
3048 5115 3300 5187 aduersus
3354 5106 3469 5187 [νίς-

1863 5173 2019 5251 ενώη,
2050 5173 2103 5241 iii
2150 5173 2220 5243 est
2250 5173 2499 5245 aduersus
2530 5186 2784 5256 ροριιῐιιηι
2814 5173 3004 5256 MM“:
3040 5185 3232 5256 ἴιαίίναῖ
3259 5173 3474 5256 (ﬁmus

1863 5270 1985 5333 erat
2015 5259 2330 5333 Leodicum)
2363 5253 2705 5331 conjunctum
2741 5253 3476 5333 q/ﬁnitaleuicinitatisithg

1865 5308 2075 5387 scilicet
2107 5308 2588 5406 liailicrlittvs'uatus
2616 5335 2701 5406 est
2747 5308 2800 5406 iii
2847 5322 2966 5406 10εο
3017 5308 3476 5406 'Leo'dicnsi‘l-flllgj
