4018 5406
228 293 329 352 36!

1402 290 1786 351 CONCLUSIO
1822 291 2348 353 DELIBERATIVA.

3395 308 3505 367 562

230 420 473 478 quoque,
503 404 797 463 commisso
823 404 913 479 qui
940 420 1026 462 me
1047 405 1407 477 praefecerunt
1432 411 1651 480 populo,
1674 427 1814 465 untts
1842 413 1891 474 Α
1919 410 2009 482 l5)
2027 451 2042 477 ,
2070 411 2182 482 ipse
2209 412 2351 467 Deus
2375 411 2593 477 dixisse,
2622 412 3037 472 invictissimum
3067 416 3330 486 ejusmodi
3360 438 3499 492 prae-

221 513 260 555 .c
286 497 486 568 quibus
518 508 576 553 et
606 497 947 563 metropolita
968 538 981 563 ,
1012 497 1343 569 vilipendere
1387 500 1575 556 videar
1618 500 1818 573 legato-

230 606 373 646 rum.

298 682 459 754 211
503 680 791 739 XXXVIII.
832 681 910 738 Ne
935 724 949 750 ,
979 697 1102 740 cum
1150 685 1364 757 vulgata
1404 685 1653 742 omnibus
1699 700 1821 742 sen-

232 774 403 829 tentia
423 816 437 839 ,
469 776 638 833 verba
669 775 907 848 episcopi
936 785 1029 831 aut
1063 792 1190 833 vera
1236 778 1377 845 sint,
1407 786 1497 833 aut
1523 778 1819 851 sacrilega;

231 868 552 925 relationem
582 870 853 941 ipsorum,
885 886 1205 929 concessum
1245 888 1368 944 quae
1415 873 1562 944 (445)
1592 873 1822 943 piissimi

228 960 558 1031 praderebat
587 961 641 1017 in
672 962 776 1017 mei
803 964 1017 1034 negotio
1041 965 1182 1036 regis
1200 1006 1215 1032 ,
1246 964 1520 1035 appellare
1540 1007 1555 1031 ,
1586 974 1677 1020 aut
1701 980 1821 1021 cre-

228 1051 359 1105 dere
389 1053 621 1107 audeam
647 1052 971 1108 falsidicam.

303 1144 551 1201 XXXIX.
594 1146 671 1203 Ne
705 1149 1108 1219 susceptionem
1152 1159 1259 1206 tam
1295 1160 1682 1223 spontaneam,
1715 1158 1823 1206 tam

226 1238 495 1305 hilarem,
547 1249 657 1294 tam
708 1241 991 1307 devotam,
1025 1252 1133 1298 tam
1167 1244 1518 1315 populosam,
1553 1254 1660 1299 tam
1710 1243 1823 1299 cla-

228 1348 465 1399 mosam,
516 1332 767 1389 laudibus
796 1334 946 1406 (444)
984 1344 1060 1391 tot
1106 1337 1253 1409 (quia
1286 1338 1444 1394 datus
1492 1339 1542 1395 ei
1588 1338 1823 1409 fueram)

225 1424 429 1481 Christi
476 1426 734 1483 refertam
754 1470 767 1493 ,
818 1429 990 1498 plebis
1037 1446 1165 1502 erga
1196 1447 1280 1488 me
1310 1432 1705 1501 devotissimm,
1737 1448 1828 1487 ac-

229 1520 442 1590 cepisse
474 1522 773 1579 caluntnier
800 1523 1030 1597 ingrate.
1186 1518 1189 1521 λ

297 1612 410 1667 XL.
454 1613 534 1670 Ne
561 1614 711 1685 (445)
743 1618 885 1687 quod
936 1618 1020 1672 his
1054 1633 1174 1688 quae
1199 1619 1606 1689 praemittuntur
1646 1620 1819 1677 omni-

222 1704 323 1759 bus
353 1715 625 1775 prazstare
657 1715 863 1762 tantum
896 1708 1112 1779 sapiens
1142 1710 1374 1781 quisque
1404 1709 1682 1779 censebit,
1715 1725 1826 1767 cae-

1922 517 2163 561 cesserat
2188 494 2405 577 agmen.
2439 506 2748 576 Sequuntur
2785 526 2814 565 e
2845 511 3071 583 vestigio
3117 512 3299 581 Felix,
3338 515 3505 573 Eusc-

1922 596 2073 661 bius,
2109 596 2426 669 Pcrigencs,
2463 598 2756 669 Gregorius
2792 602 3163 661 Nazianzenus
3186 646 3201 673 ,
3234 605 3505 673 Meletins,

1923 686 2247 752 Dositheus,
2275 687 2598 755 Alexander,
2632 689 3015 757 Reverentius,
3045 693 3309 759 Joannes,
3342 698 3504 769 212

1925 775 2218 840 Palladius,
2251 778 2376 832 item
2406 778 2731 843 Alexander,
2761 781 3118 847 Theoscbius,
3152 784 3504 857 l’olycarpus,

1926 866 2303 939 Hiemphilus,
2332 870 2609 939 Optimus,
2642 872 2891 927 Silvanus
2913 914 2927 938 ,
2958 874 3217 929 Martinus
3249 875 3504 944 Corsicar,

1925 959 2158 1016 Joannes
2188 961 2601 1032 Squillacenus,
2642 967 2857 1035 quidam
2904 966 3330 1027 Tcrracinensis.
3366 972 3510 1026 Fau-

1925 1063 2075 1110 tores
2100 1070 2329 1124 quorum
2352 1057 2589 1111 existunt
2611 1057 2851 1113 Calixtus
2872 1076 3028 1131 papa,
3054 1061 3325 1119 Antherus
3347 1081 3507 1137 papa,

1928 1144 2210 1216 theologus
2242 1153 2404 1215 atque
2454 1156 2640 1202 noster
2674 1149 3077 1219 opinatissimus
3123 1152 3189 1222 (si
3238 1163 3415 1209 tamen
3448 1157 3515 1211 dc

1932 1236 2240 1291 testimonio
2271 1245 2433 1291 tanta:
2466 1252 2574 1292 non
2612 1238 2885 1293 dubitatur
2913 1240 3276 1314 auctoritatis)
3315 1243 3517 1315 Grego-

1927 1329 2042 1385 rius
2074 1329 2253 1401 (448);
2284 1330 2568 1395 damnari,
2611 1330 2655 1385 si
2701 1330 3042 1397 damnantur,
3073 1349 3193 1388 cum
3223 1335 3417 1405 quibus
3442 1337 3518 1391 fec

1928 1424 2249 1479 licissimum
2269 1422 2476 1493 judico.
2498 1424 2569 1480 At
2590 1425 2655 1491 si,
2682 1426 2997 1495 parvipcnsa
3018 1436 3284 1484 tantorum
3302 1431 3519 1486 talium-

1931 1535 2035 1589 que
2061 1520 2411 1584 auctoritate,
2437 1519 2488 1573 vi
2512 1520 2721 1590 publica
2745 1520 3001 1590 expellor,
3030 1522 3243 1579 intersit
3268 1525 3515 1580 illatoris.
3576 1564 3583 1569 .

1933 1612 2046 1683 Ego
2074 1626 2103 1665 a
2135 1611 2377 1681 quolibet
2405 1612 2537 1666 mihi
2574 1613 3008 1683 iudigentissitno
3040 1616 3146 1670 vint
3192 1616 3307 1671 fieri
3340 1618 3516 1684 malo,

1935 1721 2094 1776 quam
2123 1705 2391 1775 pepigisse
2424 1703 2599 1760 foedus
2625 1721 2747 1761 cum
2787 1716 2961 1762 morte
2993 1706 3127 1777 (lsa.
3171 1724 3372 1773 xxvm,
3403 1710 3517 1781 15),

222 1796 330 1850 lum
360 1813 393 1851 a
422 1808 570 1853 terra
590 1840 604 1861 ,
634 1808 789 1855 ortus
817 1800 884 1853 ab
916 1815 1111 1855 occasu
1144 1810 1406 1870 quantum
1438 1802 1643 1859 distare
1670 1805 1819 1859 vide-
1852 1785 1898 1845 Β
1926 1808 1978 1855 ct
2009 1814 2131 1854 cum
2166 1797 2381 1853 inferno
2425 1813 2611 1867 pacem
2654 1798 2871 1868 judicer
2900 1799 3114 1855 fecisse.
3150 1801 3519 1873 Eleemosynae

222 1896 332 1953 tur,
367 1899 480 1944 tam
506 1889 749 1961 profana:
793 1892 1087 1963 impietatis
1129 1894 1419 1950 admittere
1447 1897 1674 1951 audeam
1706 1896 1817 1967 pia-

221 1983 436 2047 culum,
469 1993 527 2040 ut
559 1984 841 2056 illegaliter
859 1986 1085 2052 cedens,
1114 1986 1375 2042 resistere
1402 1988 1444 2043 si
1478 1988 1654 2053 datur,
1682 2003 1817 2059 quos

221 2074 369 2128 salva
398 2074 596 2145 impari
625 2075 833 2130 meritis
862 2076 1157 2146 qualitate,
1187 2078 1256 2133 ab
1287 2079 1476 2134 eadem
1495 2118 1510 2145 ,
1541 2095 1649 2151 qua
1694 2095 1781 2135 me
1800 2120 1815 2146 ,

222 2176 440 2222 constat
466 2167 770 2237 antiquitus
794 2168 1119 2225 auctoritate
1156 2185 1185 2223 a
1233 2170 1349 2225 suis
1395 2170 1448 2225 in
1480 2170 1616 2227 alias
1662 2172 1819 2227 sedes

221 2262 388 2317 certis
425 2276 525 2332 pro
555 2262 733 2317 causis
760 2261 1071 2329 translatos,
1103 2277 1227 2318 cum
1254 2263 1341 2319 bis
1366 2264 1459 2334 qui
1490 2264 1598 2318 mei
1633 2263 1816 2319 incar.

223 2353 559 2408 dinationem
592 2362 889 2421 accusant,
923 2354 1213 2411 damnasse
1258 2356 1587 2422 convincar;
1619 2356 1710 2426 qui
1741 2364 1822 2412 tot

221 2445 569 2516 probabiles,
600 2446 939 2501 nostratibus
969 2462 1187 2517 quoque
1213 2448 1455 2519 exceptis
1482 2446 1649 2519 (nulla
1682 2464 1820 2519 quo-

223 2536 371 2591 niam
405 2537 619 2607 quidem
664 2538 756 2593 ubi
802 2537 1007 2595 factum
1057 2547 1363 2596 esteorum
1415 2541 1624 2596 exstitit
1666 2556 1820 2597 men-

226 2630 307 2685 tio
336 2630 547 2703 [446]),
595 2632 856 2704 Dionysio
900 2632 1029 2689 licet
1076 2634 1302 2690 rutilent
1330 2636 1687 2708 antesignano
1718 2636 1822 2692 cla-

227 2726 452 2783 rissimo
489 2729 540 2784 in
566 2730 931 2802 martyribus,
960 2730 1219 2788 Cassiano
1259 2732 1558 2789 Eduorum
1594 2735 1825 2790 sanctis-

224 2820 401 2885 simo,
449 2837 573 2877 cum
624 2821 964 2891 innumeris,
1009 2840 1145 2896 quos
1194 2835 1291 2881 aut
1333 2825 1635 2897 ignorantia
1670 2825 1826 2881 nobis

223 2913 496 2979 occuluit,
525 2923 621 2969 aut
662 2916 866 2971 oblivio
914 2917 1172 2984 abstulit,
1220 2917 1482 2973 librorum
1528 2927 1829 2975 noscuntur

227 3005 539 3061 testimonio
565 3005 705 3062 fore.
739 3007 932 3063 Petrus
958 3007 1109 3079 (447)
1138 3022 1245 3062 non
1274 3008 1670 3079 qualiscunque
1690 3048 1703 3075 ,
1734 3008 1825 3064 sed

228 3096 311 3152 cui
336 3113 432 3155 ore
462 3101 684 3171 proprio
704 3100 969 3169 noscitur,
987 3098 1157 3156 Pasce
1177 3118 1294 3156 oves
1313 3118 1455 3158 meas
1478 3102 1662 3158 (loan.
1688 3118 1804 3170 χχι,

226 3332 426 3387 quoque
456 3317 708 3388 episeOpi,
730 3317 821 3389 qui
840 3333 921 3373 me
939 3317 1288 3389 prtefecerunt
1307 3317 1500 3389 popqu
1526 3320 1826 3389 commisso,

226 3403 363 3460 unus
390 3390 713 3460 eiquibuset
744 3389 1105 3459 metropolita,
1139 3391 1191 3445 id
1221 3400 1306 3445 est
1334 3391 1514 3446 Bruno
1545 3392 1831 3447 Colonien-

229 3459 333 3532 sis,
364 3458 518 3532 cujus
554 3458 927 3532 sulfraganeus
956 3470 1078 3515 erat
1117 3461 1407 3531 episcopus
1452 3460 1828 3519 Leodicensis.

228 3528 366 3585 Hinc
396 3530 588 3602 ABruno
619 3528 751 3586 cuni
777 3532 1097 3601 quibusdam
1145 3528 1271 3587 aliis
1306 3528 1579 3602 episc0pis
1630 3534 1831 3589 Rathe—

228 3600 686 3674 riumLeodicum
705 3600 917 3674 (dueens
935 3642 951 3667 ,
976 3602 1028 3657 in
1050 3600 1400 3674 episcopatus
1426 3600 1829 3673 possessionem

226 3673 477 3726 eumdem
513 3673 760 3729 immisit.

302 3742 452 3817 (445)
492 3745 762 3817 Acherius
782 3743 1030 3817 ediderat
1048 3760 1477 3817 concessumque.
1493 3744 1703 3800 Novissi
1713 3762 1830 3803 mus

228 3814 421 3887 editor!
437 3816 821 3887 corrigendum
856 3814 1085 3887 conjecit
1130 3814 1443 3871 consensum
1488 3834 1627 3887 quaz.
1662 3817 1830 3872 Recte

229 3885 544 3956 emendavit
588 3903 706 3956 qua:
755 3899 775 3938 :
825 3894 879 3938 at
928 3886 1267 3941 retinendum
1317 3885 1651 3951 concessum,
1704 3904 1827 3943 cum

230 3971 378 4026 num.
408 3955 512 4021 Ἡ,
542 3956 765 4025 piissimi
788 3956 923 4026 regis
972 3972 1271 4011 concessum
1301 3958 1507 4025 pariter
1538 3958 1826 4013 habeatur.

230 4024 321 4080 Sic
354 4024 547 4080 autem
566 4037 825 4082 construe
846 4024 873 4080 ἐ
904 4026 1021 4091 Ne,
1049 4043 1167 4080 cum
1196 4024 1409 4097 vulgata
1441 4027 1678 4082 omnibus
1705 4046 1825 4084 sen-

232 4098 396 4149 tentia
422 4097 575 4151 verba
598 4099 825 4167 episc0pi
856 4107 944 4151 aut
976 4114 1099 4152 vera
1131 4098 1269 4162 sint,
1298 4109 1387 4151 aut
1417 4098 1709 4167 sacrilega;
1742 4116 1825 4163 ne,

226 4168 479 4239 inquam,
521 4170 744 4222 audeam
794 4167 1088 4239 appellare,
1136 4179 1227 4222 aut
1264 4169 1474 4223 credere
1522 4169 1827 4239 falsidicum

230 4185 282 4220 m
321 4185 479 4230 uam,
521 4185 744 4222 audeam
794 4185 1088 4237 appellare,
1136 4185 1227 4222 aut
1264 4185 1474 4223 credere
1522 4185 1827 4239 [alsiatcam

230 4185 539 4293 reyationem
567 4240 800 4309 ipsorum
829 4238 904 4305 (id
934 4248 1016 4294 est
1043 4238 1340 4310 legatorum
1361 4280 1376 4303 ,
1410 4241 1476 4292 de
1504 4240 1702 4309 quibus
1729 4257 1828 4295 nn-

229 4310 769 4389 mero_praeccdenti)
789 4325 916 4389 qua:
940 4309 1251 4381 praeferebat
1280 4326 1581 4365 concessum
1602 4312 1825 4382 piissimi

229 4381 365 4449 regis
391 4381 443 4433 in
473 4382 675 4449 negotio
696 4381 821 4433 mei.

300 4450 453 4524 (444)
495 4448 701 4524 Laudes
750 4451 909 4505 dictae
938 4450 1360 4524 acclamationes
1406 4451 1665 4523 publica).
1698 4470 1827 4524 qua-

228 4536 348 4574 rum
382 4521 612 4576 formula
641 4523 695 4577 itt
717 4523 892 4577 sacris
914 4530 1060 4577 erat:
1090 4521 1297 4576 Christo
1318 4521 1527 4577 Laudes
1546 4566 1559 4588 ,
1584 4521 1823 4579 Christus

229 4593 421 4664 vincit,
470 4590 708 4647 Christus
741 4602 957 4664 regnat,
1010 4590 1251 4647 Christus
1294 4594 1554 4664 imperat,
1584 4594 1823 4663 Exaudi,

231 4660 441 4717 Christe
461 4704 475 4727 ,
506 4672 560 4719 et
589 4660 807 4718 similia.

300 4734 454 4806 (445)
495 4734 765 4790 Construe
798 4752 811 4788 :
852 4732 935 4789 Ne
964 4734 1191 4789 audeam
1237 4734 1512 4789 admittere
1555 4735 1822 4805 piaculum

228 4804 512 4874 impietatis
539 4817 647 4860 tam
671 4806 911 4876 profana:
929 4847 941 4868 ,
969 4807 1108 4876 quod
1128 4806 1344 4876 quisque
1371 4804 1579 4874 sapiens
1603 4808 1824 4861 censebit

229 4884 434 4930 tantum
461 4888 715 4947 prtcstare
747 4877 828 4948 his
871 4876 1110 4948 omnibus
1132 4917 1146 4941 ,
1177 4892 1294 4946 qua:
1328 4876 1721 4948 prwmitguntur
1749 4877 1825 4948 (id

229 4957 351 5013 est,
407 4948 692 5020 praemissa
754 4946 1080 5020 fue_runt__in
1137 4946 1474 5017 promotione
1534 4946 1824 5020 Ratherii),

227 5017 484 5087 quantum
512 5019 720 5073 videtur
748 5017 930 5072 caelum
958 5017 1156 5071 distare
1201 5035 1231 5071 a
1271 5027 1411 5071 terra
1432 5057 1445 5081 ,
1471 5028 1617 5072 ortus
1649 5019 1712 5071 ab
1743 5017 1828 5073 oc-

228 5105 353 5143 casu
383 5106 401 5143 :
430 5089 705 5158 piaculum
724 5130 739 5153 ,
787 5090 1035 5158 inquam,
1080 5088 1364 5157 impietatis
1393 5097 1501 5140 tant
1552 5088 1791 5157 profante
1812 5132 1826 5155 ,

1858 3189 1906 3255 C

1850 4560 1905 4623 D

1920 1892 2136 1962 aliquod
2186 1890 2501 1963 sullragium
2552 1894 2853 1964 porrigenti
2908 1894 3101 1961 alicui,
3156 1894 3367 1951 latrone
3428 1896 3521 1950 illo
3579 1952 3583 1957 ,

1921 1985 2336 2057 exceptissimo,
2390 2000 2612 2040 manum
2665 1987 2908 2056 ingratus
2938 2004 3043 2041 non
3086 1989 3324 2043 rctralm.
3356 1988 3457 2053 Et,
3489 2004 3523 2045 0

1923 2092 2167 2150 percasca
2211 2076 2446 2131 ﬁliorum
2492 2078 2695 2134 veteris
2744 2076 2874 2134 Adae
2929 2081 3262 2150 prtecordia!
3315 2079 3359 2135 Ο
3412 2090 3521 2136 tam

1922 2172 2101 2226 densa:
2149 2169 2326 2224 adhuc
2376 2168 2592 2239 {Egypti
2639 2169 2844 2240 palpari
2883 2180 2939 2224 ut
2984 2172 3199 2227 valeant
3248 2173 3514 2228 tenebrae!

1921 2256 2068 2316 Inter
2099 2260 2246 2315 mille
2288 2260 2431 2315 enim
2474 2259 2683 2315 facinus
2741 2261 2831 2330 qui
2863 2263 3015 2331 quasi
3064 2264 3316 2319 videntur
3354 2280 3521 2334 agno-

1930 2366 2105 2417 scere,
2136 2352 2585 2421 conquerentium
2615 2362 2777 2423 atque
2807 2354 3101 2409 dicentium
3130 2373 3143 2409 :
3173 2356 3344 2422 Quam
3366 2373 3523 2428 grave

1922 2452 2192 2515 peccatum
2217 2451 2314 2509 est,
2338 2444 2476 2515 quod
2498 2445 2769 2515 episc0pus
2796 2444 2884 2499 ille
2903 2446 3184 2501 destitutus
3210 2447 3286 2501 ita
3318 2447 3524 2501 videtur

1923 2536 2153 2607 injuste;
2178 2536 2267 2590 vix
2290 2552 2431 2591 unus
2454 2536 2726 2591 invenitur
2747 2537 2837 2607 qui
2862 2538 3064 2594 rectius
3084 2539 3323 2595 diceret:
3350 2539 3523 2605 Quam

1925 2644 2084 2698 grave
2128 2626 2327 2694 scelus,
2369 2628 2509 2698 quod
2556 2638 2662 2682 tam
2708 2631 2947 2699 capiosus
2978 2628 3267 2685 Christiani
3296 2633 3523 2685 nominis

1924 2722 1999 2776 ita
2025 2722 2267 2792 deceptus
2298 2733 2374 2776 est
2402 2723 2662 2793 populus!
2691 2722 2823 2778 Cum
2870 2702 3056 2795 utique
3088 2739 3205 2781 mea
3238 2724 3522 2780 destitutio

1926 2812 2097 2869 levari
2144 2830 2285 2884 pane
2328 2814 2557 2870 sulliciet
2605 2816 2954 2887 quotidiano;
3008 2816 3149 2871 illius
3193 2832 3322 2873 vero
3366 2834 3523 2875 nemo

1928 2905 2213 2961 advertere
2241 2906 2419 2962 valeat
2441 2924 2602 2979 qttant
2650 2908 3094 2979 irrecuperabilis
3137 2911 3388 2980 perditio.
3420 2910 3525 2967 Po-

1929 3005 2071 3053 terat
2097 3013 2227 3054 vero
2257 2999 2463 3054 adverti
2496 3008 2797 3070 utcunque,
2850 3000 2895 3055 si
2952 3001 3190 3072 cogitare
3240 3002 3388 3073 (449)
3423 3003 3521 3058 ali-

1929 3089 2086 3160 quis,
2116 3089 2283 3145 refert
2310 3089 2462 3160 cujus
2488 3090 2726 3157 scilicet,
2760 3091 3097 3163 dignaretur,
3131 3101 3386 3149 utrumne
3414 3092 3517 3147 ali-

1933 3309 2190 3389 Cassiano
2220 3310 2523 3389 zEduorum
2546 3314 2878 3389 sanctissimo
2904 3333 3027 3389 cum,
3053 3317 3365 3389 innumeris,
3397 3336 3527 3389 quos

1932 3394 2024 3438 aut
2056 3384 2356 3449 ignorantia
2385 3385 2532 3439 nobis
2567 3386 2823 3449 occuluit,
2857 3397 2949 3441 aut
2976 3387 3163 3442 oblivio
3197 3384 3434 3445 abstulit.

2006 3455 2155 3525 (446)
2199 3456 2297 3509 llic
2328 3456 2469 3508 etin
2516 3457 2867 3525 sequentibus
2914 3467 3179 3513 memorat
3231 3459 3526 3516 Ratherius

1932 3526 2218 3595 episcopos
2248 3526 2340 3592 qui
2368 3541 2433 3579 ex
2459 3542 2563 3579 una
2596 3528 2663 3579 ad
2711 3528 2869 3581 aliam
2914 3529 3098 3583 sedem
3128 3529 3376 3584 translati
3410 3534 3527 3587 fue-

1931 3605 2061 3651 runt
2093 3616 2105 3649 :
2132 3613 2195 3651 ac
2220 3596 2396 3666 primo
2422 3597 2638 3665 quidem
2663 3598 2806 3651 intei'
2835 3608 3113 3659 nostrates,
3132 3609 3191 3653 ut
3214 3611 3394 3666 vocat,
3416 3604 3520 3659 hoc

1932 3676 2015 3723 est
2046 3668 2187 3722 inter
2221 3666 2428 3743 Gallos,
2463 3667 2775 3739 Dionysium
2800 3669 3389 3743 refert_Parisiensem
3410 3674 3525 3743 cpi-

1934 3753 2192 3807 scopum,
2243 3738 2439 3807 quippe
2486 3754 2644 3807 quem
2691 3747 2850 3794 antea
2904 3740 3219 3796 Atheniensi
3267 3738 3525 3799 Ecclesiae

1930 3808 2213 3879 praefuisse
2242 3809 2585 3878 opinabatur.

2003 3880 2152 3951 (447)
2192 3879 2272 3954 Ita
2318 3880 2644 3936 novissimus
2684 3880 2959 3954 Spicilegii
3004 3882 3295 3940 Acheriani
3326 3884 3526 3953 editor,

1932 3968 2055 4007 cum
2077 3960 2236 4026 antea
2262 3951 2533 4026 legeretur
2560 3970 2663 4026 non
2686 3951 3039 4026 quascunque.
3070 3955 3219 4009 Inter
3241 3951 3527 4026 episcopos

1931 4038 2061 4079 vero
2085 4023 2150 4077 de
2173 4036 2279 4076 una
2304 4023 2370 4076 ad
2394 4021 2554 4075 aliam
2573 4021 2756 4078 sedem
2782 4021 3073 4081 translatos
3090 4021 3339 4083 recens—et
3355 4026 3411 4082 S.
3428 4021 3529 4082 Pe-

1932 4101 2075 4168 trum
2109 4091 2434 4168 apostolum,
2468 4092 2703 4168 Felicem
2761 4106 2816 4150 et
2860 4096 3149 4168 Eusebium
3172 4138 3186 4163 ,
3244 4113 3382 4168 quos
3417 4098 3528 4153 Ra-

1934 4165 2166 4238 t‘herium
2198 4164 2701 4238 etpseutloepistola
2755 4167 2980 4238 Antheri
3029 4184 3179 4237 papa:
3224 4164 3527 4238 sumpsisse

1930 4235 2257 4291 deteximus.
2291 4234 2483 4308 Postea
2510 4234 2801 4307 Perigenes
2830 4234 3042 4308 aliique
3061 4234 3232 4308 usque
3258 4240 3325 4294 ad
3351 4234 3530 4296 Silva-

1930 4322 2059 4360 num
2098 4321 2221 4360 cum
2251 4306 2486 4379 propriis
2532 4306 2719 4361 earnm
2768 4306 3007 4379 sedium,
3057 4326 3087 4363 a
3132 4306 3328 4379 quibus
3372 4319 3427 4366 et
3456 4312 3526 4366 ad

1930 4392 2068 4446 quas
2099 4374 2363 4431 translati
2394 4374 2645 4442 fuerunt,
2682 4378 2991 4434 nominibus
3022 4374 3333 4435 refcfuntur
3361 4397 3390 4436 a
3422 4381 3527 4439 So-

1929 4458 2113 4513 crate,
2159 4456 2214 4501 et
2260 4463 2328 4502 ex
2371 4446 2678 4515 'l'ripartitaa
2725 4450 2967 4505 historiae
3013 4449 3155 4506 libro
3203 4451 3526 4508 duodecimo

1931 4534 1981 4573 c.
2014 4518 2077 4583 8,
2112 4532 2299 4571 eorum
2344 4519 2563 4572 nomina
2612 4520 2801 4573 eodem
2852 4521 3067 4583 quidem
3098 4522 3291 4578 ordine
3337 4537 3367 4576 a
3418 4523 3530 4577 Ra-

1934 4590 2110 4645 therio
2154 4598 2411 4664 ex_cerpta
2464 4598 2784 4664 noscuntur.
2834 4590 2968 4664 Tres
3018 4595 3277 4664 postremi
3322 4595 3529 4664 sumpti

1933 4670 2061 4733 sunt
2088 4674 2153 4715 ex
2205 4655 2604 4733 SLGregorio,
2634 4661 2725 4729 qui
2754 4662 2821 4716 de
2853 4655 3082 4733 Martino
3112 4666 3347 4719 Corsica:
3389 4655 3527 4733 ag'it,

1934 4732 2027 4804 lib.
2063 4748 2115 4804 1_,
2147 4745 2233 4804 ep.
2264 4730 2362 4793 79,
2390 4741 2444 4783 et
2470 4731 2765 4804 deloanne
2795 4732 3159 4801 Squillaceno,
3188 4734 3289 4804 lib.
3319 4749 3391 4796 ιι,
3421 4730 3523 4804 ep.

1932 4803 2023 4857 37.
2058 4801 2287 4875 Quidam
2332 4801 2999 4875 vero_1'erracinensisrab
3047 4807 3235 4859 eodem
3265 4801 3529 4875 Agnellits

1934 4882 2176 4937 vocatur,
2210 4873 2277 4926 de
2306 4888 2412 4941 quo
2438 4872 2559 4926 vide
2588 4873 2680 4926 lib.
2717 4888 2802 4935 Ill,
2839 4874 2997 4941 epist.
3029 4878 3115 4931 15.

2006 4943 2161 5069 3448)
2193 4942 2249 4997 Id
2273 4952 2356 4998 est
2377 4942 2435 4997 S.
2462 4943 2758 5012 Gregorius
2781 4945 3004 5014 Magnus
3028 4946 3081 5000 in
3108 4944 3353 5017 epistolis
3375 4952 3531 5024 ante-

2040 5015 2152 5069 enti
2203 5015 2478 5068 notatione
2550 5014 2829 5069 indicatis.
2891 5016 3086 5069 auibus
3143 5015 3528 5069 translationes

1939 5014 2152 5069 cedenti
2203 5015 2478 5068 notatione
2550 5014 2829 5079 indicatis,
2891 5016 3086 5084 quibus
3143 5014 3528 5070 translationes

1938 5094 2271 5142 memoratas
2317 5084 2582 5155 probavit.
2635 5085 2757 5139 Mox
2807 5083 3061 5140 construe
3114 5105 3126 5138 :
3169 5102 3289 5138 cum
3339 5083 3529 5151 quibus
