4032 5354
437 310 545 369 367
1008 266 1017 271 ’
1394 302 1717 362 aunuau
1751 303 1964 362 EPlSC.
2004 303 2007 310 ‘

2115 298 2255 358 lON.
2293 298 2443 357 OPP.
2484 298 2665 358 PARS
2699 300 2738 356 l.
3593 300 3702 362 363

436 403 653 498 septimi
680 415 883 480 mensis
909 410 1060 494 (£55)
1100 408 1236 495 fefia
1270 420 1444 476 fuerat
1468 421 1766 492 expetitus;
1812 433 2029 475 rursum
2046 414 2102 479 Ἀ
2135 410 2324 471 fuisset
2376 413 2667 485 expulsus;
2707 412 3100 487 Moguntiaeqne
3149 412 3481 488 benignitate
3531 418 3706 474 archi-

434 516 684 590 sequenti
712 515 991 572 Dominica
1017 516 1086 571 ab
1108 515 1296 573 eodem
1317 556 1333 582 ,
1379 515 1483 570 hoc
1507 523 1591 571 est
1609 556 1624 582 ,
1648 540 1655 545 -
1676 513 2019 571 Leodicensis
2068 542 2069 545 η

418 607 695 683 Ecclesiae
731 607 929 679 populo
962 606 1191 672 electus,
1218 616 1423 678 septem
1466 623 1497 661 a
1532 607 1862 678 coepiscopis
1891 606 2020 678 (duo

430 717 662 775 quorum
692 699 909 757 fuerant
928 699 1358 770 archipraesules,
1373 688 1552 757 caeteri
1572 699 1851 777 przesules)
1879 714 2019 769 prte-

431 793 602 850 libato
640 792 849 850 scilicet
896 791 1150 847 Brunone
1188 790 1359 860 (456),
1412 790 1707 858 Rodberto,
1735 790 2015 856 Baldrico,

431 884 765 951 Hildibaldo,
798 885 1105 956 Druogone,
1149 882 1496 955 Bercngario,
1535 892 1698 954 atque
1742 882 2015 949 Folberto,

430 977 778 1035 conniventia
800 978 1139 1033 decretorum
1165 975 1338 1047 (457),
1360 991 1626 1032 consensu
1648 984 1813 1048 atque
1837 990 2019 1031 exem-

426 1068 538 1141 plis
558 1067 960 1135 nonnullorum,
986 1067 1181 1139 quibus
1220 1075 1275 1123 et
1322 1067 1376 1122 id
1415 1067 1734 1140 contigerat,
1770 1067 2017 1138 antiquo—

428 1173 553 1216 rum
573 1200 589 1227 ,
620 1175 832 1216 summo
876 1160 1061 1226 totius,
1086 1175 1205 1230 quae
1246 1159 1458 1225 aderat,
1487 1150 1691 1225 favore,
1716 1158 2019 1216 destinatus
2106 1214 2111 1219 ,

427 1251 641 1318 eidem,
696 1261 861 1323 atque
910 1251 1223 1308 solemnitcr
1275 1251 1672 1307 inthronizatus
1728 1251 2017 1307 Ecclesiae:

424 1359 661 1416 cumque
686 1355 873 1416 postea
922 1344 1140 1416 ingenio
1174 1342 1287 1413 jam
1333 1343 1428 1399 fati
1460 1343 1693 1419 Baldrici
1718 1344 1887 1417 (458),
1920 1360 2018 1416 pa-

422 1443 701 1508 tratuque,
737 1435 831 1506 qui
872 1450 995 1491 eum
1036 1449 1199 1506 super
1240 1435 1525 1491 ainbonem
1570 1436 1815 1492 ecclesiae
1864 1435 2023 1492 Colo-

422 1527 630 1583 niensis
653 1527 920 1598 spectanti
950 1536 1147 1583 cuncto
1172 1525 1463 1596 specialius
1488 1527 1895 1583 collaudaverat
1917 1542 2014 1597 po-

419 1618 572 1690 pulo,
598 1617 858 1675 Rodberti
890 1618 1237 1675 Trevirorum
1285 1618 1711 1690 archiepiscopi,
1756 1619 1922 1691 219
1962 1620 2016 1674 vi

420 1710 638 1783 publica
669 1710 929 1767 comitum
956 1710 1221 1783 Regeneri
1251 1710 1709 1781 atqueRuodvolti
1737 1711 2020 1783 (459),nc—

2123 506 2363 577 episcopi
2391 505 2708 563 Willihelmi
2748 505 2844 561 ﬁlii
2884 506 3025 577 regis
3076 506 3573 585 muniﬁcentissima
3613 523 3704 564 co-

2121 597 2424 667 piosissime
2463 597 2763 664 frueretur;
2820 597 2944 653 data
2992 598 3085 653 otii
3132 581 3421 671 occasione
3475 600 3703 665 curavit,

2120 703 2241 759 quae
2271 688 2419 743 circa
2438 702 2560 744 eum
2591 697 2713 745 acta
2743 674 2978 755 fuerant,
3010 688 3063 743 in
3096 688 3262 745 libros
3286 689 3553 761 digerere,
3584 705 3707 761 qua-

2119 778 2243 833 litas
2268 778 2555 834 elaboratis
2584 794 2653 833 ne
2681 778 3024 845 velcuriosis
3066 778 3258 836 lateret
3306 780 3390 835 sui
3428 781 3702 851 temporis.

2124 871 2320 942 Utique
2350 872 2454 927 hoc
2483 872 2766 929 audientes
2794 872 2900 928 duo
2922 872 2998 927 illi
3020 873 3137 943 ejus
3166 871 3455 944 specialius
3478 873 3703 940 inimici,

2119 964 2426 1021 Radbertus
2455 958 2702 1022 videlicet
2730 977 2785 1022 et
2810 964 3112 1033 Baldricus,
3136 967 3531 1025 dixerunteum
3549 967 3706 1039 phre-

2076 1052 2079 1057 ’
2119 1055 2357 1110 neticum
2388 1069 2531 1112 esse.

2188 1148 2243 1202 2.
2284 1148 2580 1220 Amplexus
2606 1150 2694 1207 ille
2723 1166 2846 1208 cum
2888 1152 3135 1209 convicio
3169 1167 3542 1219 rcaccensum,
3566 1152 3708 1224 sopi-

2120 1249 2207 1296 tus
2234 1242 2327 1312 qui
2350 1240 2465 1311 jam
2496 1242 2981 1311 fuerat,scribendi
3011 1247 3190 1318 aliqua
3215 1263 3405 1304 rursus
3429 1248 3705 1316 ardorem,

2119 1343 2457 1407 prmsentem,
2486 1350 2644 1406 quem
2672 1338 2885 1394 cunctis
2930 1351 3279 1411 proponeret,
3316 1340 3555 1396 condere
3579 1354 3708 1397 con-

2121 1436 2204 1482 tra
2239 1443 2334 1483 eos
2362 1420 2656 1485 maturavit
2695 1430 2877 1486 statim
2917 1432 3158 1488 libellum
3183 1472 3199 1497 ,
3237 1432 3391 1503 cujus
3440 1446 3707 1489 summam

2120 1520 2371 1590 appellat,
2398 1536 2585 1577 eorum
2608 1522 2761 1593 juxta
2796 1525 3143 1589 sententiam,
3171 1525 3509 1589 Phrenesim,
3539 1540 3705 1597 seque

2118 1612 2292 1684 ipsum
2321 1614 2714 1684 phreneticum,
2742 1618 2833 1688 qui
2876 1604 3136 1674 inusitato
3179 1612 3541 1691 utique"tunc
3569 1632 3705 1676 tem-

2119 1704 2267 1775 poris
2287 1720 2456 1772 more,
2493 1722 2604 1763 non
2637 1707 2703 1762 ad
2748 1724 3001 1765 nummos
3030 1709 3119 1764 tali
3154 1709 3207 1764 in
3235 1710 3573 1775 discrimine,
3601 1725 3706 1766 non

419 1816 524 1873 pos
561 1802 803 1873 ipsorum
827 1842 842 1869 ,
877 1801 967 1873 qui
996 1810 1052 1856 et
1082 1800 1225 1858 ﬁlius
1258 1800 1443 1858 fratris
1471 1803 1755 1858 exstiterat
1783 1802 2017 1859 Baldrici
2046 1812 2093 1872 Β
2120 1792 2186 1847 ad
2217 1810 2390 1860 arma:
2419 1805 2480 1851 ιιι
2511 1797 2748 1867 quidam:
2777 1814 2885 1854 ηοη
2922 1800 2987 1854 ad
3014 1800 3224 1869 copiam
3260 1799 3588 1866 amicorum,
3614 1799 3708 1856 sed

423 1891 579 1966 (talia
624 1902 685 1950 ut
734 1893 864 1964 quid
904 1893 1233 1965 contigerint
1262 1910 1331 1950 ne
1363 1893 1583 1951 difﬁcile
1608 1895 1679 1951 sit
1699 1894 2013 1968 coniectari)

422 1987 667 2060 ejusdem
701 1988 938 2044 nominis
972 2003 1109 2060 puer
1145 1989 1365 2060 quidam
1396 1999 1458 2045 ut
1495 1990 1905 2059 institueretur;
1936 1997 2013 2057 et,

419 2089 483 2137 ut
510 2097 613 2154 per
646 2081 831 2139 omnia
861 2081 1121 2138 materies
1152 2096 1506 2153 personarum
1536 2084 1866 2154 acceptionis
1890 2083 2011 2157 [ms.

419 2173 767 2248 acceptione]
793 2183 997 2246 pateat,
1022 2174 1266 2246 neglecta
1300 2175 1593 2233 timiditate
1623 2177 1735 2248 jam
1765 2177 1894 2233 dicti
1927 2191 2016 2232 re-

419 2265 504 2337 gis
523 2266 791 2338 germani,
817 2280 887 2321 ne
931 2264 1141 2322 scilicet
1171 2263 1284 2334 jam
1328 2265 1425 2322 fati
1451 2267 1678 2324 comites
1722 2282 1752 2322 a
1782 2281 1911 2339 rege
1943 2268 2013 2323 ad

420 2354 755 2422 Conradum,
785 2355 877 2425 qui
917 2364 1044 2410 tunc
1066 2353 1214 2427 (460)
1258 2364 1445 2412 contra
1470 2355 1647 2427 ipsum
1670 2357 1887 2428 agebat,
1921 2358 2016 2413 de-

416 2444 673 2513 ﬁcerent,
718 2445 928 2517 sibique
971 2462 1096 2503 cum
1142 2461 1207 2503 eo
1249 2447 1693 2516 inimicarentur;
1751 2449 1834 2506 vel
1886 2450 2014 2522 (quo

415 2540 603 2597 verius
628 2539 821 2612 ipsius
871 2550 1124 2598 asserunt
1167 2540 1504 2613 defensores)
1554 2541 1859 2598 resistendo
1884 2542 2012 2614 quia

358 2636 363 2643 '
415 2630 625 2687 nullum
654 2632 858 2689 habere
912 2633 1091 2703 potuit
1125 2632 1268 2694 idem
1303 2632 1773 2704 archiepiscopus,
1818 2642 1883 2689 ut
1927 2634 2012 2690 in-

416 2721 772 2790 hiaverat,ex
793 2722 1033 2794 episcoui
1055 2724 1267 2788 amicis,
1294 2723 1379 2780 vel
1403 2723 1663 2780 militibus
1687 2725 2012 2797 adjutorem,

487 2895 640 2973 (ιβες)
655 2897 790 2973 _Cum
804 2897 1098 2973 Ratberius
1118 2899 1185 2955 ad
1197 2898 1581 2957 Leodicensem
1599 2902 1780 2959 sedem
1796 2917 2013 2973 promo-

415 2970 870 3059 Ψὲἔιξεπίιθὲηο
899 2970 1024 3059 θξξν
1053 2971 1167 3059 μορ
1191 2988 1343 3054 εηηο.
1369 2973 1503 3042 [ενία
1544 2984 1736 3059 ιιυαῖια
1760 2970 2010 3059 rem?“

403 3045 605 3124 jejunii
631 3045 825 3125 mensis
856 3045 1085 3113 septimi,
1114 3058 1225 3124 qua
1263 3045 1510 3127 primum.
1530 3045 1735 3101 electus
1775 3045 1896 3112 fuit,
1928 3047 2013 3101 in-

410 3114 547 3166 cidit
571 3128 625 3167 in
647 3113 790 3167 diem
822 3111 1157 3183 Septembris
1186 3113 1244 3168 S.
1276 3112 1513 3170 Mattbtet
1559 3116 1778 3182 festum,
1806 3131 1871 3171 ac
1901 3116 2009 3172 Do-

2122 1888 2188 1942 ad
2210 1888 2398 1954 libros,
2425 1889 2493 1944 ad
2516 1890 2773 1959 armaria,
2805 1891 2873 1946 ad
2900 1893 3203 1962 priscorum
3230 1891 3534 1968 confugerit
3567 1890 3710 1960 judi-

2119 1977 2222 2032 cia.
2256 1976 2534 2036 lnvehitur
2558 1990 2737 2037 autem
2768 1983 3033 2052 prommio
3065 1983 3116 2038 iu
3149 1984 3254 2039 isto
3282 1984 3335 2039 in
3366 1983 3703 2040 Rodbertum

2118 2070 2381 2140 autplius,
2429 2072 2482 2126 in
2519 2072 2823 2129 Baldricum
2864 2074 3205 2142 mordacius;
3247 2076 3393 2131 unde
3444 2076 3500 2130 in
3553 2076 3708 2130 initio

2117 2161 2302 2216 statim
2340 2176 2454 2232 prae
2499 2177 2559 2219 se
2600 2165 2755 2234 quasi
2789 2174 3181 2235 contemnens,
3235 2167 3534 2223 immunem
3580 2167 3708 2223 dicit

2116 2273 2241 2314 eum
2271 2274 2301 2313 a
2330 2260 2615 2329 phrenesis
2639 2261 2791 2329 vitio,
2825 2277 2923 2333 per
2960 2263 3103 2334 quod
3146 2262 3370 2333 intelligi
3406 2263 3521 2318 vult
3548 2262 3711 2336 220

2121 2352 2414 2419 insaniam,
2442 2368 2607 2424 quam
2656 2356 2872 2427 purgari
2901 2357 3077 2412 cicuta
3108 2365 3320 2413 vetusta
3348 2356 3554 2412 fecerat
3585 2372 3710 2428 poe-

2117 2446 2225 2501 tica
2256 2446 2513 2518 (llos/tr”
2540 2447 2577 2502 l.
2610 2464 2775 2520 it,ep.
2807 2450 2862 2515 Ξ,
2884 2465 2938 2505 v.
2957 2450 3047 2522 55)
3071 2448 3508 2522 Consigniferum
3537 2449 3704 2523 (461).

2116 2553 2330 2609 quoque
2368 2539 2605 2611 appellat
2650 2541 2703 2596 in
2751 2541 2836 2597 sui
2879 2539 3236 2597 debellatione
3265 2541 3566 2608 Rodberto,
3594 2540 3708 2597 acie

2116 2631 2364 2703 quamvis
2399 2632 2613 2689 diversa
2641 2672 2657 2700 ,
2713 2633 2766 2689 id
2821 2643 2905 2690 est
2954 2649 3061 2690 non
3103 2649 3167 2690 ea
3198 2633 3420 2704 quidem
3470 2632 3706 2700 dicendi,

2115 2737 2279 2793 quam
2305 2722 2395 2778 ille
2424 2722 2733 2790 allectabat,
2766 2725 2984 2796 peritia,
3017 2724 3224 2795 majore
3249 2740 3379 2782 vero
3402 2722 3706 2796 decipiendi

2113 2906 2322 2972 contra;
2340 2899 2511 2972 ipsum
2548 2916 2737 2972 regem,
2774 2909 2824 2972 et
2873 2900 2974 2955 sibi
3024 2901 3422 2957 inimicarentur
3475 2918 3596 2957 cum
3646 2917 3705 2958 eo

2115 2971 2381 3043 Conrado,
2408 2970 2503 3035 vel,
2538 2970 2681 3043 quod
2712 2971 2883 3027 verius
2909 2972 3206 3041 defensores
3246 2973 3411 3043 ipsius
3437 2983 3701 3038 asserunt,

2115 3044 2239 3124 quia
2260 3042 2406 3124 idem,
2431 3042 2859 3124 archiepiscopus
2884 3043 3063 3097 Bruno
3093 3059 3197 3097 non
3220 3042 3386 3124 potuit
3411 3043 3632 3124 (rabere,
3650 3052 3706 3099 ut

2114 3111 2430 3177 initiaverat,
2454 3111 2682 3183 aliquem
2711 3111 3005 3182 adjutorem
3034 3129 3099 3167 ea:
3133 3111 3317 3167 amicis
3349 3114 3426 3169 vel
3456 3114 3705 3170 militibus

408 3184 606 3258 minica
631 3200 870 3258 sequens,
899 3199 1004 3258 qua
1051 3184 1247 3258 iterata
1276 3183 1628 3258 rejusgelectio
1649 3186 1882 3258 (rursum
1909 3188 2008 3244 ele-
2034 3186 2081 3252 ο
2110 3185 2334 3258 episwpi
2382 3183 2627 3258 Ratherii
2680 3184 2964 3258 resistendo
2990 3225 3004 3249 ,
3051 3198 3153 3258 seu
3192 3186 3260 3240 ad
3292 3185 3700 3258 resistendum;

409 3253 770 3327 ctus,jnquit)
790 3262 847 3327 et
874 3253 1169 3311 sclemnior
1189 3254 1577 3327 intlironizatio
1605 3253 1875 3327 celebrata
1896 3269 2000 3327 est,

2115 3270 2254 3327 cum,
2288 3255 2529 3327 inquam,
2563 3254 2648 3327 liis
2675 3255 2739 3327 de
2779 3255 2958 3310 causis
2995 3254 3244 3327 expulsus
3273 3256 3480 3325 fuisset,
3513 3266 3561 3310 et
3592 3256 3705 3311 Μο-

406 3323 514 3397 fuit
539 3322 759 3397 dies‘25'
783 3324 1023 3397 ejusdem
1054 3329 1277 3381 mensis.
1327 3326 1533 3397 Duplex
1576 3322 1770 3384 electio
1812 3322 2003 3384 distinl

448 3396 618 3462 uitur,
651 3395 821 3451 altera
846 3396 1191 3466 Aquisgrani.
1220 3395 1456 3454 Colonia:
1479 3399 1669 3466 altera,
1702 3408 1764 3454 ut
1788 3399 1849 3454 in
1881 3400 2004 3456 Vita

434 3466 585 3522 'usius
604 3466 993 3535 explicavimus
1019 3466 1048 3535 §
1078 3468 1164 3523 10.

480 3536 629 3611 (456)
667 3536 851 3612 Bruno
877 3536 977 3592 fuit
1003 3536 1444 3612 argiiepiscopus
1472 3539 1826 3605 Coloniensis,
1858 3539 2003 3600 Rod-

403 3608 1435 3684 bertus'archiepiscopusIrei/irensis,
1462 3613 1741 3669 Baldricus
1784 3612 2000 3684 episco-

408 3696 511 3751 pus
536 3678 925 3754 Ultrajectinus
943 3678 972 3746 ,“
1011 3679 1358 3754 llildebaldus
1384 3684 1669 3754 episcopus
1694 3678 2000 3740 Transrhe-

403 3752 615 3826 nensis,
641 3752 863 3826 Pruogo
893 3752 1354 3826 Osnabrugensis,
1401 3752 1762 3826 Beren’garius
1805 3754 2002 3811 Virdu—

402 3823 610 3887 nensis,
641 3821 928 3877 Folbertus
960 3821 1389 3887 Cameracensis.
1582 3821 1604 3826 ⁷
2014 3866 2019 3871 .

476 3890 807 3967 (457)_Num
835 3890 1079 3967 Ratherii
1112 3892 1224 3962 jam
1258 3892 1587 3967 Veronensis
1610 3896 1844 3967 episcopi
1877 3911 1999 3967 pro-

404 3962 575 4020 motio
594 3964 662 4018 ad
687 3963 870 4018 sedem
893 3962 1278 4020 Leodicensem
1306 3962 1688 4021 adversaretur
1713 3962 1892 4022 sacris
1908 3985 2002 4022 ca-

401 4034 637 4091 nonibus
664 4041 823 4108 atque
848 4033 1083 4108 decretis
1116 4035 1429 4108 pontiﬁcum
1449 4076 1465 4103 ,
1495 4038 1691 4107 quibus
1714 4038 1999 4108 episc0po-

402 4120 528 4178 rum
573 4104 1438 4178 translationes”interdicuntur,
1484 4104 1783 4178 expensum
1811 4104 1915 4162 fuit
1943 4109 1997 4163 iu

402 4176 784 4247 episcoporum
806 4175 1057 4241 concilio,
1086 4176 1178 4245 qui
1208 4176 1275 4230 ad
1301 4174 1420 4245 ejus
1450 4174 1768 4233 electionem
1799 4194 1997 4234 conve-

401 4245 620 4319 nerant.
648 4245 850 4303 Omnes
874 4256 1056 4319 autem
1083 4247 1245 4319 hanc
1266 4248 1583 4319 electionem
1631 4250 1999 4319 approbarunt

401 4316 844 4390 legitimamtum
866 4317 1192 4390 conniventia
1213 4316 1557 4383 decretorum,
1582 4316 1998 4390 qut'e'episcopos

402 4386 482 4460 ex'
495 4401 602 4442 una
630 4387 758 4443 sede
793 4386 977 4458 pulsos
1005 4389 1074 4460 ad
1104 4387 1264 4441 aliain
1301 4386 1616 4460 promoveri
1634 4386 1793 4460 posse
1834 4386 1998 4446 tradi-

401 4459 620 4531 derunt,
655 4467 766 4531 tum
793 4459 1093 4531 przesertim
1116 4461 1363 4531 exemptis
1387 4459 1780 4525 nonnullorum,
1802 4462 1995 4531 quibus

401 4539 451 4585 et
480 4529 536 4583 id
563 4530 867 4599 contigerat,
893 4528 1260 4599 antiquorum:
1284 4530 1352 4585 de
1390 4532 1585 4599 quibus
1621 4532 1743 4587 vide
1769 4528 1995 4586 conclu-

401 4600 604 4655 sionem
629 4598 1019 4654 deliberativam
1049 4615 1274 4654 numero
1301 4598 1508 4656 ultimo.

475 4670 627 4743 (458)
664 4670 888 4743 Explica
916 4671 1025 4743 sic;
1053 4667 1285 4740 Cumque
1308 4683 1487 4743 postea
1512 4672 1717 4743 ingenio
1753 4673 1871 4743 jam
1896 4673 1995 4743 fati

475 4689 627 4743 μῡδ)
664 4689 888 4741 ιωψιιοει
916 4689 1025 4725 suc:
1053 4689 1285 4740 namque
1308 4689 1487 4742 postea
1512 4689 1565 4726 in
1602 4689 1717 4727 enm
1753 4690 1871 4743 1am
1896 4689 1995 4743 ιαη

402 4738 645 4813 Baldrici
687 4740 1020 4810 Ullt‘ajectini
1048 4781 1071 4813 ,Α
1109 4749 1157 4795 et
1202 4751 1417 4813 patrata
1446 4689 1696 4797 Redgerti
1740 4745 1998 4813 archiepi-

401 4814 548 4882 scopi
592 4811 946 4879 Trevirorum,
986 4811 1074 4882 qui
1122 4812 1403 4882 specialius
1443 4828 1563 4866 eum
1606 4811 1995 4868 collaudaverat

400 4880 561 4953 super
606 4884 881 4954 umbonem
916 4880 1157 4954 eccles'w
1185 4880 1510 4954 Coloniensis
1569 4883 1760 4954 populo
1810 4895 1993 4954 cuncto

401 4950 689 5025 spectante,
718 4952 964 5025 expulsus
992 4950 1173 5025 fuisset
1214 4953 1269 5025 vi
1310 4954 1517 5023 publica
1546 4950 1794 5008 comitum
1825 4953 1992 5025 Rege-

402 5023 519 5096 neri
542 5032 697 5095 atque
724 5023 1023 5096 Ruodvolti,
1050 5034 1113 5096 ut
1150 5024 1508 5096 institueretur
1548 5026 1703 5096 nepos
1738 5023 1989 5096 ipsorum,

400 5094 495 5167 qui
530 5104 579 5148 et
606 5093 873 5167 exstiterat
900 5093 1054 5167 filius
1085 5093 1269 5163 fratris
1310 5093 1547 5167 Baldrici
1575 5093 1654 5167 (ut
1690 5093 1765 5150 ne'
1787 5095 1993 5166 difficile

401 5164 471 5237 sit
497 5164 944 5237 conjectari,quia
960 5164 1095 5237 talia
1114 5166 1442 5237 contigerint)
1465 5164 1993 5237 puerrquidantejus-

401 5235 523 5282 dem
552 5236 776 5282 noctuinis
796 5235 907 5282 (alii
938 5234 1185 5282 similiter
1208 5234 1574 5282 annallahatnr
1600 5234 1895 5282 Baldricus)
1922 5249 1988 5282 et-

2106 3324 2303 3395 gantia'
2324 3325 2677 3395 copiosissime
2694 3324 2965 3449 “queretur
2986 3324 3301 3395 benignitate
3322 3326 3704 3395 muniﬁcentis-

2108 3396 2245 3449 sima
2275 3395 2652 3449 arcltienisconi
2766 3395 3006 3449 illi/telmi
3033 3396 3131 3449 ﬁlii
3162 3398 3330 3449 reais:
3379 3399 3509 3449 data
3547 3414 3701 3449 occa-

2108 3396 2245 3469 sima
2275 3395 3013 3469 archiepiscopi__Williltel_mi_
3031 3396 3131 3469 ﬁlii
3162 3398 3330 3466 regis;
3379 3399 3524 3469 data,
3547 3414 3701 3452 occa-

2108 3466 2251 3538 sione
2291 3465 2384 3519 otii
2423 3465 2623 3538 curavit
2644 3464 2879 3536 digerere
2903 3464 3155 3538 inplibros
3190 3464 3309 3536 qua:
3347 3479 3467 3522 acta
3497 3468 3702 3538 fuerant

2105 3536 2248 3609 circa
2274 3552 2414 3602 eum,
2436 3535 2712 3609 elaborans
2743 3536 3073 3609 aequalitas
3122 3535 3209 3591 sui
3243 3535 3506 3609 temporis
3521 3538 3703 3594 lateret

2102 3606 2183 3661 vel
2208 3609 2465 3662 curiosos.
2489 3604 2972 3677 Utique‘audientes
3017 3609 3114 3661 Itoc
3144 3609 3308 3677 (quod
3340 3604 3551 3665 scilicet
3575 3611 3698 3665 talia

2106 3677 2394 3759 Muguntite
2446 3676 2742 3749 scriberet)
2803 3678 2909 3732 duo
2968 3676 3049 3731 illi
3108 3676 3224 3747 ejus
3274 3681 3555 3751 specialius
3602 3682 3703 3737 ini-

2103 3758 2245 3810 mtcr,
2270 3758 2377 3803 etc.
3318 3802 3331 3813 .

2177 3818 2325 3891 (459)
2368 3818 2466 3895 llic
2496 3817 2809 3895 Regencrus
2834 3818 3155 3895 Bainoensis
3179 3835 3363 3878 comes
3395 3832 3702 3895 praepotws
3732 3828 3738 3835 “

2102 3890 2241 3964 erat,
2260 3899 2317 3964 et
2345 3891 2413 3964 ob
2446 3890 2786 3964 tyrannidem
2812 3906 2956 3947 anno
2980 3891 3081 3947 957
3116 3892 3309 3964 (quem
3326 3890 3538 3951 notavit
3563 3898 3698 3955 Fru-

2103 3959 2364 4034 doardus)
2390 3959 2479 4034 pali
2510 3962 2625 4034 ipso
2651 3960 2901 4034 Brunone
2930 3959 3342 4034 archiepiscopo
3366 3965 3696 4033 Coloniensi,

2102 4041 2159 4084 et
2180 4030 2554 4123 Lethariensis
2584 4033 2736 4123 regni
2773 4034 2909 4123 duce
2948 4030 3303 4123 proscﬁipttis,
3331 4030 3700 4123 acmperpetuo

2102 4102 2296 4177 exsilio
2324 4102 2612 4177 damnatus
2631 4101 3214 4177 aFulcuiuo'traditur
3234 4121 3351 4177 cap.
3385 4101 3475 4162 26.
3516 4101 3569 4163 ls
3604 4126 3701 4164 au-

2103 4182 2211 4227 tem
2243 4172 2810 4249 RegenerusAB-ald‘ric‘i
2860 4176 3153 4249 avunculus
3182 4172 3379 4249 ipsuin-
3404 4179 3469 4249 in
3500 4181 3699 4249 episco-

2100 4254 2227 4313 patu
2276 4246 2612 4316 adipiscendo
2658 4243 2945 4315 plurimum
2989 4248 3125 4316 juuit
3194 4243 3384 4303 codem
3432 4243 3699 4305 Ful'cuino

2104 4323 2257 4370 teste.
2291 4314 2810 4392 Ruotivoltumitcm
2854 4314 3127 4392 comitem,
3160 4317 3315 4392 cujus
3346 4334 3503 4392 nepos
3548 4322 3695 4392 pari-

2102 4392 2185 4508 tctl'
2211 4394 2329 4508 (lalrat
2353 4385 2491 4439 idem
2511 4385 2811 4454 Baldricus,
2827 4389 3066 4457 potentia
3094 4388 3328 4444 valuisse
3350 4385 3419 4445 ex'
3447 4385 3565 4446 hoc'
3578 4392 3698 4447 loco

2105 4471 2154 4508 Ill
2185 4473 2212 4507 6
2256 4472 2471 4508 ιιῐιιυιιε.
3508 4488 3513 4499 ο

2105 4463 2471 4524 intelligimus.
3008 4510 3011 4515 .
3508 4488 3513 4499 ε

2171 4510 2319 4597 (luti)
2359 4525 2772 4607 Particulatunc
2798 4510 3083 4607 manifeste
3108 4529 3372 4607 designat,
3386 4529 3696 4607 conradum
3743 4593 3765 4607 Α

1978 4645 1982 4649 1
2026 4576 2074 4635 D
2101 4576 2253 4672 tunc,
2272 4576 3697 4672 attigs;sunt;'JEataeasi'ng;Bagam:

2098 4668 2201 4732 die,
2236 4678 2295 4739 ut
2333 4667 2473 4723 infra
2525 4669 2784 4725 scribitur
2830 4686 2884 4725 n.
2919 4671 3007 4732 16.
3041 4670 3214 4727 Ctente
3243 4667 3478 4739 Domini,
3516 4675 3572 4729 id
3612 4667 3698 4729 est

2101 4740 2171 4794 1;:
2219 4738 2427 4810 Aprilis.
2447 4741 2573 4794 anni
2605 4739 2729 4805 955,
2756 4741 2898 4811 regis
2926 4742 3140 4812 Ottonis
3168 4742 3341 4799 fuisse
3376 4738 3689 4812 inimicum;

2098 4825 2234 4883 cum»
2262 4826 2391 4883 vero
2434 4813 2549 4865 haec
2576 4811 3022 4883 sc_ripta_l‘uerunt
3045 4811 3357 4883 MOguntite,
3387 4816 3442 4869 in
3477 4811 3694 4871 Ottonis

2099 4881 2328 4951 gratiam
2349 4880 2461 4949 jam
2500 4880 2755 4955 rediisse.
2776 4881 2967 4955 _lied_i_it
3012 4880 3173 4953 igitur
3228 4887 3282 4939 in
3321 4886 3558 4955 gratiam
3589 4887 3692 4942 ali-

2098 4960 2302 5021 quanto
2329 4959 2449 5022 post
2482 4951 2621 5005 diem
2670 4951 2736 5003 '12
2758 4952 2979 5021 Aprilis,
3010 4951 3104 5009 sed
3135 4963 3261 5010 ante
3290 4951 3534 5013 mensem
3577 4958 3690 5013 Au—

2102 5021 2349 5094 gustum;
2392 5021 2654 5094 siquidem
2687 5035 2808 5076 cuni
2854 5022 3050 5078 Ottone
3082 5027 3461 5083 reconciliatus
3490 5069 3507 5094 ,
3564 5030 3692 5084 dum

2102 5090 2363 5167 adversus
2390 5090 2672 5167 Hungaros
2707 5107 2813 5167 pro
2858 5098 3391 5167 e_odem__pugnaret,
3422 5090 3558 5154 obiit
3605 5099 3691 5154 uie

2102 5162 2310 5217 decima
2335 5162 2564 5232 Augusti
2594 5163 2719 5217 anni
2748 5163 3009 5233 ejusdem.
3045 5162 3586 5225 Vide'FrodOardum
3632 5169 3686 5224 in

2100 5232 2392 5280 Cltmnian-
2420 5243 2475 5278 nl
2502 5232 2869 5278 Nam-ninnium
2903 5235 3165 5276 It‘nlrlanen
3193 5242 3333 5274 οηηιι
3357 5239 3376 5272 1
3402 5240 3684 5272 amntis-..
3768 5242 3775 5257 ι
