4032 5354
269 317 383 376 575

1715 313 2116 372 PllRENESlS.

3449 322 3556 379 574

269 432 551 488 ralitatem
600 427 724 482 licet
763 426 1057 491 contineat,
1092 424 1395 481 dedicatam
1429 427 1857 498 arcltit-l‘tisropo.
1889 435 1934 492 Λ
1965 431 2007 484 si
2038 430 2120 485 cui
2170 432 2377 487 videtur
2425 433 2779 504 cpistolarum
2827 433 3139 508 congeriem
3192 435 3430 510 ipsarum
3461 457 3548 513 ap-

276 524 549 580 Volumen
574 535 782 575 unum.

345 615 568 681 Sextus,
592 614 870 683 septimus,
889 620 1048 682 atque
1069 622 1290 668 oetavus
1308 612 1406 685 ipsi
1436 611 1544 667 sint
1568 612 1692 667 licet
1716 614 1861 668 inva-

271 709 379 767 sori
408 709 559 781 (474)
579 708 769 780 legati;
794 717 1021 777 carpunt
1043 715 1220 762 tamen
1245 706 1559 762 multimodo
1579 706 1858 770 Rodberti,

269 803 607 861 mordaciter
638 809 690 856 et
724 799 957 857 breviter
986 799 1189 854 factum
1221 799 1443 872 majoris
1463 798 1714 855 Baldrici.
1753 799 1858 854 V'o-

270 898 455 954 lumen
484 912 671 952 unum.

344 991 540 1046 Nonus
585 989 734 1060 (475)
765 987 1032 1044 satisfaeit
1074 988 1398 1044 humilitatis
1433 989 1532 1044 sub
1562 988 1728 1058 pallio
1776 988 1860 1042 in-

273 1085 526 1148 vectiva),
560 1081 696 1137 satis
732 1079 968 1136 Brunoni
1001 1095 1298 1150 propensus
1346 1081 1576 1149 scriptor
1619 1079 1710 1149 qui
1741 1078 1857 1133 fue-

267 1188 374 1241 rat,
407 1190 669 1231 sermone
694 1175 1080 1244 conqueritans
1112 1173 1342 1243 lugubri.
1377 1172 1636 1227 Volumen
1671 1188 1854 1226 unum.

342 1269 603 1323 Decimus
637 1267 1074 1338 deceptissimutn
1099 1266 1391 1336 alloquitur
1420 1281 1662 1336 gregem,
1690 1264 1863 1334 potni-

267 1363 451 1420 tcntia:
485 1363 731 1417 indicens
757 1361 1022 1416 levamen.
1058 1358 1318 1414 Volumen
1348 1376 1534 1413 tttnun.

339 1456 675 1510 Undecimus
702 1454 980 1510 conclusio
1029 1462 1111 1509 est
1147 1453 1496 1509 deliberativa
1528 1453 1698 1526 (476),
1737 1468 1859 1508 sen-

273 1548 460 1604 tentiis
494 1564 710 1619 magna,
760 1549 1104 1604 sermonibus
1143 1563 1330 1619 parva.
1379 1547 1637 1602 Volumen
1673 1563 1857 1601 unum.

335 1642 709 1700 Duodecimus
754 1653 836 1696 est
893 1642 1139 1714 dialogus
1187 1643 1464 1712 cujusdam
1509 1658 1605 1711 pro
1641 1641 1856 1709 itcgotio

269 1734 472 1800 lactus,
502 1734 572 1790 ab
600 1733 718 1805 ipso
739 1742 919 1790 tamen
953 1750 1059 1790 non
1084 1736 1298 1805 penitus
1328 1735 1554 1789 alienus.
1590 1733 1852 1789 Volumen

270 1843 456 1882 Illlllﬂl.

334 1920 383 1974 7.
423 1917 545 1975 Non
576 1919 695 1977 haec
724 1935 850 1977 vero
901 1919 1021 1977 ideo
1052 1928 1133 1976 est
1171 1920 1438 1976 ordinatio
1479 1930 1761 1990 compacta
1796 1920 1856 1974 li-

271 2013 678 2084 brorum,quod
709 2015 849 2071 sicut
869 2014 920 2069 in
956 2015 1406 2086 bistoriograpbis
1438 2017 1850 2080 tractatoribus,

273 2108 468 2176 poetis,
495 2116 932 2178 caeterorumque
961 2109 1415 2178 composituribus
1453 2125 1696 2180 operum,
1729 2122 1856 2163 con-

270 2200 458 2254 tinuati
511 2200 578 2272 [ί.
613 2198 993 2271 continuatim]
1041 2201 1153 2255 sint
1202 2200 1289 2255 isti
1325 2200 1539 2264 ellectu,
1564 2211 1617 2255 et
1645 2202 1710 2255 ad
1743 2217 1859 2254 sen-

267 2309 379 2349 sum
409 2292 574 2364 225
597 2294 954 2364 pmcedentis
984 2310 1163 2349 sermo
1192 2297 1514 2364 respondeat
1541 2295 1850 2366 sequentis;

269 2383 352 2440 sed
399 2385 778 2456 unusquisque
824 2402 920 2456 per
953 2401 1011 2441 se
1042 2386 1253 2442 libellus
1286 2389 1448 2458 (477),
1489 2405 1593 2441 ιιοιι
1640 2396 1856 2441 servato

268 2478 628 2548 componendi
656 2481 898 2535 existens
919 2481 1142 2547 ordine;
1181 2498 1286 2536 una
1314 2490 1518 2535 tantum
1552 2481 1676 2551 quia
1699 2483 1764 2536 de
1797 2495 1854 2534 re

270 2581 389 2627 sunt
437 2588 665 2637 omnes,
717 2573 930 2629 diversa
979 2576 1071 2629 sed
1117 2575 1490 2640 continentes,
1547 2574 1853 2644 compositi,

277 2677 427 2716 suum
458 2664 686 2733 quisque
718 2663 930 2718 illorum
965 2676 1046 2721 est
1083 2665 1258 2720 locum
1290 2667 1550 2721 sortitus:
1589 2681 1725 2737 quos
1747 2681 1853 2720 non

271 2755 590 2810 continuitas
631 2757 917 2822 orationis,
952 2758 1042 2812 sed
1081 2757 1348 2828 cepulavit
1396 2758 1729 2811 continuitas
1768 2773 1857 2812 ra-

272 2845 447 2908 tionis,
501 2847 847 2901 tantumdem
899 2863 1110 2918 quoque
1151 2848 1332 2913 laturi,
1385 2849 1430 2903 si
1486 2849 1574 2918 qui
1624 2848 1852 2918 primus,

268 2946 404 2991 esset
437 2936 700 3003 ultimus;
736 2937 826 3008 qui
864 2948 1110 3009 quartus,
1161 2950 1302 2994 esset
1337 2948 1578 2994 octavus.
1614 2940 1768 3006 Quod
1803 2948 1857 2994 et

269 3029 644 3086 dissimilitudo
696 3032 959 3102 approbat
1010 3047 1198 3088 eorum
1243 3031 1501 3097 maxima,
1541 3033 1685 3102 quod
1737 3032 1854 3102 qui-

271 3121 382 3176 dam
408 3122 621 3178 scilicet
656 3124 871 3179 illorum
918 3125 990 3179 nil
1043 3124 1186 3180 aliud
1223 3127 1325 3181 nisi
1353 3126 1702 3199 congregatio
1729 3135 1856 3182 sunt

1967 521 2168 592 pellare
2194 522 2456 590 libellum,
2484 525 2564 580 vel
2603 543 2763 582 unam
2795 526 3046 599 quamvis
3075 545 3263 586 earum
3312 533 3394 588 sui
3427 549 3558 606 pro.

1963 617 2167 674 lixitate
2193 618 2332 672 idem
2357 620 2652 675 obtinuisse
2674 621 3027 691 vocabulum;
3056 625 3304 680 advertat
3349 625 3405 684 in
3446 627 3554 684 isto

1961 709 2176 781 quidem
2215 711 2645 768 Maehabmorum
2683 713 2877 770 librum
2927 716 3111 788 (478),
3162 733 3322 790 quem
3361 719 3555 776 dicunt

1962 805 2284 871 secundum,
2313 806 2364 860 in
2395 808 2606 863 cmteris
2635 809 3002 879 apostolorum
3034 812 3173 881 apud
3210 828 3331 878 nos,
3365 813 3553 883 Angu-

1963 897 2115 960 stiui,
2167 896 2502 969 Hieronymi,
2549 899 2816 970 Gregorii,
2868 901 3161 957 multorum
3211 915 3269 959 et
3322 904 3550 962 aliorum

1963 989 2280 1058 epistol-ares
2302 993 2608 1047 consideret
2635 993 2826 1060 libros;
2873 993 3013 1064 apud
3045 995 3226 1049 saeculi
3256 1013 3384 1052 vero
3411 997 3550 1052 scri-

1965 1093 2147 1153 ptores
2190 1083 2444 1151 Tullium,
2497 1084 2781 1151 Senecam,
2831 1087 3068 1142 Plinium
3126 1089 3298 1157 ipsum
3337 1106 3555 1162 quoque

2199 1217 2214 1231 .
2255 1179 2575 1248 epistolarcs
2603 1181 2909 1237 condidisse
2936 1191 2990 1238 et
3018 1182 3318 1252 appellasse
3361 1184 3550 1252 libros,

1964 1275 2016 1322 et
2058 1284 2272 1324 osornm
2304 1280 2358 1323 ut
2389 1270 2692 1326 latratibus.
2738 1313 2752 1326 .
2798 1311 2812 1326 .
2857 1313 2872 1328 .
2917 1312 2930 1326 .
2974 1313 2987 1324 .
3034 1312 3048 1327 .
3091 1283 3552 1346 contrapouamus

1967 1400 1981 1415 .
2027 1400 2041 1415 .
2087 1402 2098 1414 .
2144 1402 2157 1415 .
2202 1401 2214 1413 .
2255 1363 2658 1434 satyrograpltis
2682 1365 2932 1419 omnibus
2960 1364 3354 1435 praeferendum
3399 1364 3551 1421 Flac-

1966 1466 2088 1505 cum
2119 1451 2397 1507 lloratium
2426 1470 2440 1518 ;
2473 1454 2525 1507 in
2559 1454 2711 1508 libris
2758 1471 2993 1525 quoque,
3023 1456 3113 1526 qui
3153 1455 3556 1527 prmtitulantur

1965 1561 2031 1600 ex
2076 1545 2270 1610 Ponto,
2317 1546 2583 1602 Nasonem
2632 1545 2902 1604 Ovidium.
2943 1550 3238 1606 Potnerant
3284 1560 3543 1605 eteterum

1967 1636 2072 1690 dici
2110 1636 2224 1691 lore
2253 1635 2451 1707 (fuerat
2480 1639 2554 1692 uti
2593 1641 2874 1711 statutum)
2906 1641 3127 1712 viginti;
3161 1643 3256 1697 sed
3301 1643 3552 1712 aliquan-

1971 1729 2137 1783 tulnm
2181 1730 2458 1800 cujusdam
2513 1742 2759 1803 respectu
2823 1734 3020 1788 curtati
3074 1733 3124 1786 in
3177 1735 3458 1788 duodecim
3499 1743 3555 1790 et

1893 1813 2254 1889 Bcoarctati,
2306 1826 2380 1880 rei
2433 1835 2553 1880 sunt
2611 1827 2971 1881 :estimatione
3011 1827 3199 1888 unius,
3259 1827 3552 1881 locutionis

1963 1920 2222 1975 varietate
2252 1919 2533 1975 duodecim
2573 1919 2870 1990 appellandi
2895 1929 3057 1991 atque
3092 1921 3330 1974 tenendi.
3366 1920 3554 1975 Prolor

1960 2029 2059 2084 gns
2091 2013 2238 2084 (479)
2264 2028 2394 2066 vero
2429 2012 2528 2067 iste
2556 2013 2762 2083 primus
2799 2013 2903 2067 dici
2937 2024 2988 2066 et
3020 2012 3299 2068 ellicicndo
3329 2015 3554 2079 meruit,

1963 2121 2083 2159 cum
2119 2105 2187 2159 sit
2228 2104 2619 2174 cmnpositionc
2651 2104 2890 2170 ultimus,
2930 2104 3271 2178 aliorumque
3303 2106 3544 2175 instigati

1960 2198 2204 2251 convicio
2244 2208 2326 2251 est
2359 2197 2471 2265 ipse
2533 2196 2836 2265 responsio,
2880 2195 3262 2251 demonstrans
3296 2197 3348 2251 in
3391 2207 3556 2251 caete-

1961 2293 2077 2360 ris,
2135 2294 2299 2366 226
2348 2302 2610 2365 quantum
2665 2291 2880 2348 eluceat
2931 2291 3170 2346 auctoris
3233 2292 3552 2348 eorumdem

1959 2385 2273 2441 Phrenesis.

2031 2481 2083 2536 8.
2124 2479 2320 2535 Fertur
2360 2479 2520 2546 Nero,
2573 2497 2694 2536 cum
2740 2477 2954 2536 in'eum
3000 2478 3333 2552 generaliter
3371 2480 3554 2536 omnis

1957 2572 2322 2643 conspirasset
2358 2581 2600 2640 senatus,
2650 2572 2717 2625 ad
2760 2585 2948 2635 unum,
2994 2570 3096 2623 sibi
3129 2585 3288 2638 quem
3320 2569 3547 2640 putabat

1959 2668 2218 2732 amicum,
2279 2665 2615 2720 consulendre
2665 2664 2853 2720 salutis
2908 2663 3082 2733 gratia
3141 2663 3386 2730 misisse;
3436 2677 3546 2734 quo

1958 2763 2146 2817 venire
2179 2758 2414 2822 nolente,
2459 2773 2646 2813 rursus
2683 2758 2750 2812 ad
2793 2757 3082 2828 quemdam
3123 2754 3367 2824 ejusdem
3416 2771 3548 2810 con-

1957 2851 2274 2925 spirationis
2310 2851 2412 2906 sibi
2455 2849 2911 2915 inimicissimum,
2950 2857 3008 2903 ut
3035 2850 3260 2904 veniens
3284 2864 3407 2904 eum
3455 2862 3552 2904 ne-

1959 2958 2133 3014 caret,
2175 2945 2458 3010 direxisse,
2503 2945 2689 3000 nolens
2721 2946 2907 3015 utique
2947 2953 3230 3017 spectante
3263 2945 3398 3000 urbe
3428 2943 3548 2998 uni-

1958 3057 2136 3108 versa,
2167 3050 2388 3097 senatus
2427 3047 2486 3094 nt
2507 3047 2782 3106 sanxerat,
2808 3038 3168 3109 ignominioso
3197 3037 3406 3108 perire;
3438 3051 3549 3107 quo

1961 3137 2126 3193 etiam
2156 3142 2446 3191 cunctante
2487 3132 2681 3206 (διιεῖ.
2730 3133 2785 3186 in
2818 3131 3048 3198 Nerone,
3089 3149 3141 3185 ιι.
3187 3131 3304 3201 47.)
3343 3127 3548 3184 :Modo

266 3214 647 3290 epistularum;
692 3217 910 3288 quidam
955 3219 1289 3286 οοηιῖηιιυῐη»
1335 3229 1394 3276 ul
1423 3221 1678 3296 opuscula
1719 3237 1852 3291 quo‘
1884 3215 1928 3278 C
1960 3244 2050 3282 nec
2093 3227 2316 3281 anticum
2345 3224 2530 3289 habeo,
2573 3240 2664 3278 nec
2696 3223 2990 3289 inimicum,
3019 3222 3244 3280 dixisse.
3277 3221 3548 3293 Congruit

267 3310 534 3378 rumdam,
587 3311 836 3368 obtinent
881 3324 1109 3381 statum;
1161 3317 1376 3388 quidam
1423 3316 1634 3372 illorum
1688 3334 1848 3378 sensu

267 3410 419 3474 atque
475 3405 707 3460 materia
757 3405 1106 3463 eontinuante
1158 3407 1428 3464 dividuam
1483 3409 1733 3476 videatur
1767 3427 1854 3468 se-

266 3497 491 3554 ctionem
549 3498 790 3567 habere;
851 3501 1069 3572 quidam
1122 3516 1248 3558 vero
1301 3519 1395 3560 sev
1445 3503 1710 3566 linearum
1754 3522 1854 3584 per

265 3593 560 3650 sententias
601 3595 722 3650 ideo
753 3602 838 3650 est
866 3594 1128 3652 divisione
1165 3594 1450 3666 discretus,
1477 3598 1618 3672 quod
1664 3605 1855 3674 auctor

264 3687 497 3756 ejusdem
546 3691 792 3747 versibus
829 3707 951 3747 eum
995 3691 1352 3762 disposuerat,
1383 3692 1523 3748 utin
1559 3691 1851 3766 Martiano,

264 3777 543 3851 Fulgentio
580 3791 742 3854 atque
793 3782 979 3837 Boetio
1018 3781 1282 3838 cernitur.
1323 3819 1339 3836 .
1383 3822 1396 3838 .
1440 3821 1456 3838 .
1501 3821 1516 3838 .
1559 3785 1745 3839 eadem
1784 3800 1850 3840 ex

262 3876 477 3930 materia
516 3875 747 3947 sumptis
789 3859 1022 3948 pangere
1059 3873 1363 3932 sententiis.
1401 3873 1665 3945 lnjurium
1716 3890 1847 3932 sane

326 4049 474 4120 (474)
536 4050 841 4106 Ιηιιαεοηηι
892 4061 1052 4107 vocat
1100 4051 1404 4106 Baldricum
1437 4050 1730 4121 juniorem,
1760 4052 1851 4122 qni

263 4121 356 4194 sibi
389 4124 551 4192 pulso
578 4124 630 4177 in
657 4123 1045 4178 Leodicensem
1078 4125 1260 4177 sedem
1291 4123 1468 4177 fuerat
1487 4121 1811 4194 subrogatus
1836 4143 1848 4178 :

264 4193 517 4260 majorem
568 4204 773 4265 autem,
802 4193 1106 4249 Baldricum
1163 4194 1407 4249 nominat
1451 4194 1569 4265 ejus
1599 4193 1851 4264 patruum

263 4265 572 4388 ppgsqopum
611 4263 1040 4334 Ultrajectinum,
1070 4267 1160 4337 qui
1201 4266 1392 4321 eodem
1425 4263 1645 4322 nemine
1669 4267 1854 4338 appel-

345 4354 373 4388 ζὶ
406 4355 490 4388 111⁸.

282 4347 490 4392 abatnr.

327 4408 476 4478 (475)
513 4409 824 4476 Legendum
846 4409 1061 4464 videtur
1092 4409 1270 4473 Nono,
1315 4409 1502 4479 sicque
1530 4418 1852 4465 construen-

264 4475 419 4533 dum:
454 4475 618 4534 Nm
665 4480 844 4534 libello
871 4483 1117 4551 scriptor,
1163 4483 1252 4544 qui
1285 4475 1455 4550 fuerat
1480 4482 1609 4534 satis
1632 4497 1853 4549 propen-

263 4563 344 4623 sus
374 4551 638 4615 Brunoni,
669 4552 1037 4619 conqueritans
1067 4569 1305 4606 sermone
1328 4552 1556 4623 lugubri,
1585 4553 1846 4622 satisfecit

263 4619 519 4676 inrectiute
542 4623 638 4676 sub
669 4622 832 4691 pallio
864 4624 1202 4677 humilitatis.

328 4692 478 4763 (476)
511 4693 627 4754 Etsi
667 4695 831 4748 codex
869 4693 1184 4750 Laubicnsis
1227 4711 1292 4750 ex
1332 4696 1415 4750 bis
1445 4694 1724 4749 duodecim
1749 4710 1842 4750 vo-

265 4760 553 4820 luminibus
607 4767 710 4820 hoc
757 4766 809 4819 in
861 4767 1124 4833 prooemio
1169 4766 1422 4821 indicatis
1450 4766 1684 4836 primum
1724 4776 1842 4820 tan-

267 4841 369 4888 tum
415 4837 694 4901 exhibeat,
725 4852 790 4892 ac
837 4851 905 4890 ex
945 4837 1186 4893 secundo
1237 4838 1402 4892 solam
1455 4835 1708 4908 praferat
1755 4838 1838 4892 di-

265 4909 456 4962 ctantis
533 4908 726 4970 Iidem;
783 4909 885 4962 hoc
933 4917 1110 4963 tamen
1165 4907 1505 4964 undecimum
1563 4907 1832 4976 volumen,

266 4977 342 5030 cui
374 4979 560 5034 titulus
606 4978 887 5033 Conclusio
929 4978 1288 5043 deliberativa,
1334 4996 1399 5034 ex
1426 4981 1532 5034 alio
1565 4995 1662 5034 ms.
1695 4980 1824 5034 Lau-

267 5047 484 5122 dunensi
518 5051 792 5122 Vulgatnm
820 5060 976 5122 antea
1018 5053 1394 5118 prmmisimus.
1423 5050 1628 5106 Idcirco
1655 5061 1835 5106 autem

268 5115 315 5172 in
342 5115 684 5177 Laudnnensi
739 5121 927 5176 codice
957 5115 1285 5192 deseriptum
1331 5132 1386 5176 et
1427 5124 1702 5176 inventum
1739 5123 1838 5177 fuit

269 5203 567 5266 separatum
600 5209 628 5247 a
665 5194 898 5266 caeteris,
931 5195 1054 5263 quia
1086 5195 1135 5247 in
1163 5209 1226 5247 eo
1273 5193 1516 5249 ltatherii
1550 5209 1713 5266 opera
1739 5209 1839 5266 po-

269 5270 463 5335 stremo
509 5263 830 5320 Veronensis
871 5266 1213 5335 episcopatus
1261 5276 1504 5335 tempore
1534 5263 1600 5316 ab
1649 5263 1836 5320 eodem

1961 3320 2263 3392 exemplum
2311 3318 2426 3374 sive
2465 3317 2620 3383 mibi,
2647 3316 2763 3372 sive
2809 3316 2943 3372 meis
2970 3315 3106 3374 satis
3149 3314 3368 3371 libellis.
3405 3313 3545 3383 Quia

1958 3417 2101 3473 enim
2156 3423 2387 3471 testante
2420 3412 2700 3486 Scriptura
2732 3410 2878 3483 (480)
2913 3429 2926 3464 :
2956 3409 3168 3466 Invidia
3209 3408 3437 3468 hominis
3471 3408 3544 3462 ad

1957 3510 2184 3564 amicum
2226 3517 2273 3560 et
2301 3506 2598 3578 proximum
2645 3502 2778 3566 sibi;
2805 3500 2968 3573 (Vere
2997 3520 3008 3554 :
3037 3516 3143 3556 non
3185 3500 3329 3555 enim
3385 3499 3550 3556 ludus

1957 3603 2238 3670 Britanno,
2291 3607 2384 3653 aut
2433 3597 2679 3652 Francus
2724 3593 2928 3649 invidet
2985 3592 3276 3664 Parthoz)
3321 3591 3549 3649 sublatis

1957 3693 2225 3756 omnibus,
2276 3691 2460 3762 scripti
2501 3689 2694 3760 quibus
2739 3686 2974 3752 fuerant,
3017 3701 3156 3758 pene
3187 3683 3392 3754 judicio
3436 3683 3534 3739 Dei

1957 3785 2246 3844 contrariis
2292 3783 2464 3857 (481),
2513 3781 2628 3838 sola
2674 3780 2912 3849 miseria,
2949 3795 3070 3852 quae
3115 3786 3266 3834 caret
3307 3777 3532 3844 invidia,

1955 3876 2187 3946 residet;
2221 3885 2276 3934 et
2294 3875 2480 3932 videas
2501 3889 2644 3946 sazpe
2681 3913 2695 3929 .
2727 3912 2744 3928 .
2776 3912 2791 3928 .
2827 3911 2842 3927 .
2872 3912 2887 3927 .
2922 3910 2938 3926 .
2976 3910 2990 3926 .
3015 3886 3162 3937 eum,
3185 3869 3276 3926 oni
3307 3866 3542 3932 infortu-

1955 4050 2530 4124 epistolamcontinet,
2553 4048 2837 4124 advertere
2860 4046 2985 4102 licet
3006 4044 3303 4102 secundum
3330 4041 3550 4124 Macna-

1957 4114 2196 4180 bieorum
2244 4121 2462 4187 librum,
2495 4122 2585 4192 qui
2619 4119 2889 4192 similiter
2926 4134 2995 4174 ex
3041 4133 3146 4173 una
3178 4114 3551 4192 tantn_m_epi-

1957 4195 2095 4252 Stola
2127 4204 2438 4264 compactus
2465 4186 2565 4248 est.
2597 4191 2782 4258 Quoad
2813 4199 3037 4264 caeteros
3063 4204 3214 4251 vero,
3242 4188 3334 4258 qui
3365 4186 3547 4264 plures

1956 4265 2212 4338 epistolas
2233 4257 2688 4338 complectuntur,
2705 4262 2955 4338 exemplo
2977 4276 3098 4338 esse
3121 4257 3374 4338 poterunt
3399 4257 3542 4338 apud

1958 4330 2254 4394 catholicos
2297 4330 2683 4407 apostolorum,
2705 4330 3025 4407 Augustini,
3076 4340 3131 4385 et
3170 4330 3411 4407 aliorum
3437 4330 3545 4382 Pa-

1961 4418 2102 4463 trum
2127 4401 2370 4479 epistolfe
2404 4408 2468 4479 in,
2492 4407 2658 4479 libros
2663 4401 3012 4479 _dis_tribt_tt:e,
3051 4411 3106 4456 et
3133 4401 3544 4479 apudscriptoe

1958 4496 2046 4536 res
2076 4473 2362 4535 szeculares
2391 4473 2844 4549 epistolaa_'l‘ul|ii,
2885 4473 3130 4537 Senecae,
3163 4473 3345 4549 Pl_.nii,
3377 4482 3451 4549 et,
3483 4478 3545 4524 ut

1959 4566 2176 4606 osornm
2206 4543 2491 4604 latratibus
2525 4562 2586 4602 os
2619 4547 2953 4611 obstruatur,
2993 4556 3190 4616 satyros
3212 4543 3452 4616 Horatii,
3489 4549 3546 4596 et

1873 4598 1922 4659 Ῑ)
1948 4598 2073 4678 ﬁt};
2090 4598 2340 4677 nam;
2353 4598 2764 4687 agninam
2783 4598 3051 4687 sanans
3080 4598 3397 4687 praeferunt.

2015 4694 2164 4764 (479)
2201 4694 2472 4748 Construe
2503 4709 2514 4745 :
2542 4683 2804 4764 Prologus
2829 4683 2955 4764 inero
2986 4683 3102 4742 iste'
3121 4697 3168 4741 et
3204 4685 3391 4764 mei-nit
3432 4683 3539 4764 dici

1938 4757 2157 4837 primus
2183 4764 2485 4837 efficiendo,
2520 4779 2637 4837 cum
2683 4762 2748 4837 sit
2793 4760 3010 4837 ultimus
3065 4757 3456 4837 compositione,
3489 4762 3541 4807 et

1938 4827 2046 4906 ipse
2073 4845 2145 4892 est
2177 4827 2441 4905 responsio
2470 4833 2707 4905 instigati
2749 4833 2980 4888 convicio
3031 4829 3282 4890 aliorum,
3326 4827 3537 4878 demon-

1937 4920 2132 4971 SU'HRS,
2170 4919 2275 4963 (δίο.

2009 4965 2158 5050 (480)
2201 4979 2527 5050 Sequentem
2561 4985 2766 5050 textum
2812 4977 2864 5032 in
2909 4971 3378 5050 sacra_Scriptura
3416 4965 3539 5048 nul-

1940 5043 2029 5106 libi
2075 5043 2402 5107 invenimus.
2441 5049 2779 5116 Quandoque
2807 5062 2935 5102 vero
2979 5043 3281 5116 Scriptura:
3315 5043 3538 5116 nomine

1937 5125 2078 5178 dicta
2110 5122 2334 5190 alicujus
2368 5110 2630 5190 sapientis
2660 5110 2946 5190 scriptoris
2978 5113 3203 5190 allegari
3251 5110 3446 5190 solent,
3477 5115 3540 5190 ut

1939 5203 2087 5265 patet
2120 5179 2263 5249 inter
2300 5179 2496 5265 caetera
2546 5179 2847 5265 ex_regtil_a_
2887 5179 3542 5265 _S.‘_Benedieti,'eap.l7,

1943 5252 2098 5335 (ξι-ηδ.
2137 5266 2197 5330 ‘2,
2227 5263 2550 5320 humilitatis
2578 5279 2591 5315 :
2616 5252 2766 5313 Ideni
2793 5261 2918 5314 dicit
2947 5255 3260 5322 Scriptura:
3287 5252 3548 5328 Volunt’qs
