  <div class='ocr_page' id='page_1' title='image "/cluster/home/n/w/nwhite01/storage/ocr_20150623/136/hvd.32044015471766/191.png"; bbox 0 0 4032 5354; ppageno 0'>
   <div class='ocr_carea' id='block_1_1' title="bbox 547 354 654 413">
    <p class='ocr_par' dir='ltr' id='par_1_1' title="bbox 547 354 654 413">
     <span class='ocr_line' id='line_1_1' title="bbox 547 354 654 413; baseline 0.047 -5"><span class='ocrx_word' id='word_1_1' title='bbox 547 354 654 413; x_wconf 78' lang='lat'><strong>575</strong></span> 
     </span>
    </p>
   </div>
   <div class='ocr_carea' id='block_1_2' title="bbox 546 568 2132 644">
    <p class='ocr_par' dir='ltr' id='par_1_2' title="bbox 546 568 2132 644">
     <span class='ocr_line' id='line_1_2' title="bbox 546 568 2132 644; baseline 0.008 -20"><span class='ocrx_word' id='word_1_2' title='bbox 546 581 789 639; x_wconf 68' lang='lat' dir='ltr'><strong>persmpe</strong></span> <span class='ocrx_word' id='word_1_3' title='bbox 815 568 1082 628; x_wconf 79' lang='lat' dir='ltr'><strong>fortunas.</strong></span> <span class='ocrx_word' id='word_1_4' title='bbox 1115 572 1245 639; x_wconf 81' lang='lat' dir='ltr'><strong>Vos,</strong></span> <span class='ocrx_word' id='word_1_5' title='bbox 1275 590 1309 629; x_wconf 93' lang='grc' dir='ltr'><strong>ο</strong></span> <span class='ocrx_word' id='word_1_6' title='bbox 1338 576 1535 644; x_wconf 87' lang='lat' dir='ltr'><strong>neniae,</strong></span> <span class='ocrx_word' id='word_1_7' title='bbox 1570 578 1812 635; x_wconf 91' lang='lat' dir='ltr'><strong>omnium</strong></span> <span class='ocrx_word' id='word_1_8' title='bbox 1846 580 1971 637; x_wconf 91' lang='lat' dir='ltr'><strong>licet</strong></span> <span class='ocrx_word' id='word_1_9' title='bbox 2010 581 2132 637; x_wconf 63' lang='lat' dir='ltr'><strong>alie»</strong></span> 
     </span>
    </p>
   </div>
   <div class='ocr_carea' id='block_1_3' title="bbox 544 662 2130 740">
    <p class='ocr_par' dir='ltr' id='par_1_3' title="bbox 544 662 2130 740">
     <span class='ocr_line' id='line_1_3' title="bbox 544 662 2130 740; baseline 0.009 -23"><span class='ocrx_word' id='word_1_10' title='bbox 544 662 707 719; x_wconf 89' lang='lat' dir='ltr'><strong>ctetis</strong></span> <span class='ocrx_word' id='word_1_11' title='bbox 746 662 1010 731; x_wconf 79' lang='lat' dir='ltr'><strong>favorem,</strong></span> <span class='ocrx_word' id='word_1_12' title='bbox 1040 682 1143 723; x_wconf 91' lang='lat' dir='ltr'><strong>nec</strong></span> <span class='ocrx_word' id='word_1_13' title='bbox 1196 668 1313 739; x_wconf 89' lang='lat' dir='ltr'><strong>ipse</strong></span> <span class='ocrx_word' id='word_1_14' title='bbox 1354 668 1687 739; x_wconf 72' lang='lat' dir='ltr'><strong>dignabitur,</strong></span> <span class='ocrx_word' id='word_1_15' title='bbox 1726 672 1910 740; x_wconf 89' lang='lat' dir='ltr'><strong>credo,</strong></span> <span class='ocrx_word' id='word_1_16' title='bbox 1956 674 2130 731; x_wconf 90' lang='lat' dir='ltr'><strong>nostri</strong></span> 
     </span>
    </p>
   </div>
   <div class='ocr_carea' id='block_1_4' title="bbox 544 753 2130 838">
    <p class='ocr_par' dir='ltr' id='par_1_4' title="bbox 544 753 2130 838">
     <span class='ocr_line' id='line_1_4' title="bbox 544 753 2130 838; baseline 0.009 -30"><span class='ocrx_word' id='word_1_17' title='bbox 544 753 871 823; x_wconf 86' lang='lat' dir='ltr'><strong>perintimus</strong></span> <span class='ocrx_word' id='word_1_18' title='bbox 918 756 1047 813; x_wconf 90' lang='lat' dir='ltr'><strong>licet</strong></span> <span class='ocrx_word' id='word_1_19' title='bbox 1072 759 1139 813; x_wconf 86' lang='lat' dir='ltr'><strong>A.</strong></span> <span class='ocrx_word' id='word_1_20' title='bbox 1170 759 1231 814; x_wconf 92' lang='lat' dir='ltr'><strong>L.</strong></span> <span class='ocrx_word' id='word_1_21' title='bbox 1264 759 1328 815; x_wconf 85' lang='grc' dir='ltr'><strong>Ι).</strong></span> <span class='ocrx_word' id='word_1_22' title='bbox 1381 761 1574 817; x_wconf 88' lang='lat' dir='ltr'><strong>saltem</strong></span> <span class='ocrx_word' id='word_1_23' title='bbox 1634 765 1940 837; x_wconf 81' lang='lat' dir='ltr'><strong>attingere,</strong></span> <span class='ocrx_word' id='word_1_24' title='bbox 1996 767 2130 838; x_wconf 93' lang='lat' dir='ltr'><strong>quid</strong></span> 
     </span>
    </p>
   </div>
   <div class='ocr_carea' id='block_1_5' title="bbox 542 844 2132 933">
    <p class='ocr_par' dir='ltr' id='par_1_5' title="bbox 542 844 2132 933">
     <span class='ocr_line' id='line_1_5' title="bbox 542 844 2132 933; baseline 0.01 -32"><span class='ocrx_word' id='word_1_25' title='bbox 542 844 629 903; x_wconf 89' lang='lat' dir='ltr'><strong>vel</strong></span> <span class='ocrx_word' id='word_1_26' title='bbox 658 847 806 905; x_wconf 90' lang='lat' dir='ltr'><strong>intus</strong></span> <span class='ocrx_word' id='word_1_27' title='bbox 832 850 1051 920; x_wconf 86' lang='lat' dir='ltr'><strong>pretiosi</strong></span> <span class='ocrx_word' id='word_1_28' title='bbox 1076 853 1419 921; x_wconf 78' lang='lat' dir='ltr'><strong>continentis,</strong></span> <span class='ocrx_word' id='word_1_29' title='bbox 1463 856 1602 912; x_wconf 84' lang='lat' dir='ltr'><strong>tituli</strong></span> <span class='ocrx_word' id='word_1_30' title='bbox 1628 856 1867 916; x_wconf 80' lang='lat' dir='ltr'><strong>oﬂ‘ensus</strong></span> <span class='ocrx_word' id='word_1_31' title='bbox 1898 860 2132 933; x_wconf 89' lang='lat' dir='ltr'><strong>indigni-</strong></span> 
     </span>
    </p>
   </div>
   <div class='ocr_carea' id='block_1_6' title="bbox 544 940 2133 1022">
    <p class='ocr_par' dir='ltr' id='par_1_6' title="bbox 544 940 2133 1022">
     <span class='ocr_line' id='line_1_6' title="bbox 544 940 2133 1022; baseline 0.011 -29"><span class='ocrx_word' id='word_1_32' title='bbox 544 943 677 1006; x_wconf 89' lang='lat' dir='ltr'><strong>tate,</strong></span> <span class='ocrx_word' id='word_1_33' title='bbox 711 940 917 1007; x_wconf 90' lang='lat' dir='ltr'><strong>videre,</strong></span> <span class='ocrx_word' id='word_1_34' title='bbox 947 942 1176 999; x_wconf 89' lang='lat' dir='ltr'><strong>obscura</strong></span> <span class='ocrx_word' id='word_1_35' title='bbox 1205 954 1332 1001; x_wconf 82' lang='lat' dir='ltr'><strong>sunt</strong></span> <span class='ocrx_word' id='word_1_36' title='bbox 1377 947 1626 1014; x_wconf 90' lang='lat' dir='ltr'><strong>nimium,</strong></span> <span class='ocrx_word' id='word_1_37' title='bbox 1655 950 1934 1022; x_wconf 85' lang='lat' dir='ltr'><strong>inquiens;</strong></span> <span class='ocrx_word' id='word_1_38' title='bbox 1973 952 2133 1010; x_wconf 82' lang='lat' dir='ltr'><strong>aliter</strong></span> 
     </span>
    </p>
   </div>
   <div class='ocr_carea' id='block_1_7' title="bbox 543 1032 2127 1118">
    <p class='ocr_par' dir='ltr' id='par_1_7' title="bbox 543 1032 2127 1118">
     <span class='ocr_line' id='line_1_7' title="bbox 543 1032 2127 1118; baseline 0.01 -30"><span class='ocrx_word' id='word_1_39' title='bbox 543 1032 834 1103; x_wconf 86' lang='lat' dir='ltr'><strong>superbum</strong></span> <span class='ocrx_word' id='word_1_40' title='bbox 863 1045 1045 1091; x_wconf 89' lang='lat' dir='ltr'><strong>nostra</strong></span> <span class='ocrx_word' id='word_1_41' title='bbox 1083 1037 1336 1107; x_wconf 86' lang='lat' dir='ltr'><strong>judicans</strong></span> <span class='ocrx_word' id='word_1_42' title='bbox 1364 1040 1693 1112; x_wconf 84' lang='lat' dir='ltr'><strong>vituperare,</strong></span> <span class='ocrx_word' id='word_1_43' title='bbox 1725 1046 1879 1116; x_wconf 88' lang='lat' dir='ltr'><strong>quasi</strong></span> <span class='ocrx_word' id='word_1_44' title='bbox 1910 1046 2127 1118; x_wconf 88' lang='lat' dir='ltr'><strong>aliquis,</strong></span> 
     </span>
    </p>
   </div>
   <div class='ocr_carea' id='block_1_8' title="bbox 543 1126 2133 1209">
    <p class='ocr_par' dir='ltr' id='par_1_8' title="bbox 543 1126 2133 1209">
     <span class='ocr_line' id='line_1_8' title="bbox 543 1126 2133 1209; baseline 0.01 -31"><span class='ocrx_word' id='word_1_45' title='bbox 543 1130 684 1180; x_wconf 85' lang='lat' dir='ltr'><strong>teste</strong></span> <span class='ocrx_word' id='word_1_46' title='bbox 728 1126 1056 1199; x_wconf 78' lang='lat' dir='ltr'><strong>Augustino,</strong></span> <span class='ocrx_word' id='word_1_47' title='bbox 1098 1129 1331 1185; x_wconf 85' lang='lat' dir='ltr'><strong>inveniri</strong></span> <span class='ocrx_word' id='word_1_48' title='bbox 1353 1130 1586 1188; x_wconf 86' lang='lat' dir='ltr'><strong>valuerit</strong></span> <span class='ocrx_word' id='word_1_49' title='bbox 1627 1150 1867 1206; x_wconf 85' lang='lat' dir='ltr'><strong>unquam</strong></span> <span class='ocrx_word' id='word_1_50' title='bbox 1902 1138 2133 1209; x_wconf 91' lang='lat' dir='ltr'><strong>scripto-</strong></span> 
     </span>
    </p>
   </div>
   <div class='ocr_carea' id='block_1_9' title="bbox 543 1216 2133 1300">
    <p class='ocr_par' dir='ltr' id='par_1_9' title="bbox 543 1216 2133 1300">
     <span class='ocr_line' id='line_1_9' title="bbox 543 1216 2133 1300; baseline 0.013 -33"><span class='ocrx_word' id='word_1_51' title='bbox 543 1226 686 1280; x_wconf 89' lang='lat' dir='ltr'><strong>rum,</strong></span> <span class='ocrx_word' id='word_1_52' title='bbox 715 1216 807 1284; x_wconf 90' lang='lat' dir='ltr'><strong>qui</strong></span> <span class='ocrx_word' id='word_1_53' title='bbox 839 1216 913 1272; x_wconf 90' lang='lat' dir='ltr'><strong>ita</strong></span> <span class='ocrx_word' id='word_1_54' title='bbox 956 1220 1215 1288; x_wconf 86' lang='lat' dir='ltr'><strong>potuerit,</strong></span> <span class='ocrx_word' id='word_1_55' title='bbox 1258 1220 1426 1291; x_wconf 91' lang='lat' dir='ltr'><strong>loqui,</strong></span> <span class='ocrx_word' id='word_1_56' title='bbox 1464 1232 1524 1278; x_wconf 90' lang='lat' dir='ltr'><strong>ut</strong></span> <span class='ocrx_word' id='word_1_57' title='bbox 1573 1224 1643 1280; x_wconf 92' lang='lat' dir='ltr'><strong>ab</strong></span> <span class='ocrx_word' id='word_1_58' title='bbox 1678 1226 1932 1284; x_wconf 88' lang='lat' dir='ltr'><strong>omnibus</strong></span> <span class='ocrx_word' id='word_1_59' title='bbox 1975 1244 2133 1300; x_wconf 61' lang='lat' dir='ltr'><strong>atque</strong></span> 
     </span>
    </p>
   </div>
   <div class='ocr_carea' id='block_1_10' title="bbox 542 1306 2132 1398">
    <p class='ocr_par' dir='ltr' id='par_1_10' title="bbox 542 1306 2132 1398">
     <span class='ocr_line' id='line_1_10' title="bbox 542 1306 2132 1398; baseline 0.014 -37"><span class='ocrx_word' id='word_1_60' title='bbox 542 1306 756 1364; x_wconf 83' lang='lat' dir='ltr'><strong>valeret</strong></span> <span class='ocrx_word' id='word_1_61' title='bbox 803 1309 1401 1384; x_wconf 82' lang='lat' dir='ltr'><strong>intelligi;&#39;inl‘erente,</strong></span> <span class='ocrx_word' id='word_1_62' title='bbox 1448 1319 1592 1389; x_wconf 92' lang='lat' dir='ltr'><strong>quod</strong></span> <span class='ocrx_word' id='word_1_63' title='bbox 1634 1323 1923 1394; x_wconf 81' lang='lat' dir='ltr'><strong>magniﬁce</strong></span> <span class='ocrx_word' id='word_1_64' title='bbox 1966 1335 2132 1398; x_wconf 88' lang='lat' dir='ltr'><strong>atque</strong></span> 
     </span>
    </p>
   </div>
   <div class='ocr_carea' id='block_1_11' title="bbox 542 1405 2133 1489">
    <p class='ocr_par' dir='ltr' id='par_1_11' title="bbox 542 1405 2133 1489">
     <span class='ocr_line' id='line_1_11' title="bbox 542 1405 2133 1489; baseline 0.013 -27"><span class='ocrx_word' id='word_1_65' title='bbox 542 1405 837 1463; x_wconf 85' lang='lat' dir='ltr'><strong>salubriter</strong></span> <span class='ocrx_word' id='word_1_66' title='bbox 880 1408 1114 1488; x_wconf 80' lang='lat' dir='ltr'><strong>Spiritus</strong></span> <span class='ocrx_word' id='word_1_67' title='bbox 1142 1423 1365 1471; x_wconf 84' lang='lat' dir='ltr'><strong>sanctus</strong></span> <span class='ocrx_word' id='word_1_68' title='bbox 1396 1414 1471 1470; x_wconf 89' lang='lat' dir='ltr'><strong>ita</strong></span> <span class='ocrx_word' id='word_1_69' title='bbox 1511 1408 1823 1489; x_wconf 86' lang='lat' dir='ltr'><strong>Scripturas</strong></span> <span class='ocrx_word' id='word_1_70' title='bbox 1855 1424 2133 1481; x_wconf 83' lang='lat' dir='ltr'><strong>modifica-</strong></span> 
     </span>
    </p>
   </div>
   <div class='ocr_carea' id='block_1_12' title="bbox 539 1500 2129 1580">
    <p class='ocr_par' dir='ltr' id='par_1_12' title="bbox 539 1500 2129 1580">
     <span class='ocr_line' id='line_1_12' title="bbox 539 1500 2129 1580; baseline 0.01 -26"><span class='ocrx_word' id='word_1_71' title='bbox 539 1500 680 1555; x_wconf 87' lang='lat' dir='ltr'><strong>verit</strong></span> <span class='ocrx_word' id='word_1_72' title='bbox 723 1515 871 1567; x_wconf 87' lang='lat' dir='ltr'><strong>suas,</strong></span> <span class='ocrx_word' id='word_1_73' title='bbox 920 1510 979 1555; x_wconf 90' lang='lat' dir='ltr'><strong>ut</strong></span> <span class='ocrx_word' id='word_1_74' title='bbox 1024 1501 1160 1558; x_wconf 90' lang='lat' dir='ltr'><strong>locis</strong></span> <span class='ocrx_word' id='word_1_75' title='bbox 1207 1506 1571 1577; x_wconf 85' lang='lat' dir='ltr'><strong>apertioribus</strong></span> <span class='ocrx_word' id='word_1_76' title='bbox 1615 1509 1744 1565; x_wconf 79' lang='lat' dir='ltr'><strong>fami</strong></span> <span class='ocrx_word' id='word_1_77' title='bbox 1793 1523 2129 1580; x_wconf 80' lang='lat' dir='ltr'><strong>occurreret,</strong></span> 
     </span>
    </p>
   </div>
   <div class='ocr_carea' id='block_1_13' title="bbox 538 1589 2133 1673">
    <p class='ocr_par' dir='ltr' id='par_1_13' title="bbox 538 1589 2133 1673">
     <span class='ocr_line' id='line_1_13' title="bbox 538 1589 2133 1673; baseline 0.011 -29"><span class='ocrx_word' id='word_1_78' title='bbox 538 1589 954 1647; x_wconf 86' lang='lat' dir='ltr'><strong>obscurioribus</strong></span> <span class='ocrx_word' id='word_1_79' title='bbox 1000 1602 1181 1648; x_wconf 89' lang='lat' dir='ltr'><strong>autem</strong></span> <span class='ocrx_word' id='word_1_80' title='bbox 1231 1593 1447 1651; x_wconf 83' lang='lat' dir='ltr'><strong>fastidia</strong></span> <span class='ocrx_word' id='word_1_81' title='bbox 1482 1596 1809 1673; x_wconf 82' lang='lat' dir='ltr'><strong>detergeret.</strong></span> <span class='ocrx_word' id='word_1_82' title='bbox 1855 1603 1986 1671; x_wconf 84' lang='lat' dir='ltr'><strong>Quae</strong></span> <span class='ocrx_word' id='word_1_83' title='bbox 2026 1606 2133 1662; x_wconf 88' lang='lat' dir='ltr'><strong>uti-</strong></span> 
     </span>
    </p>
   </div>
   <div class='ocr_carea' id='block_1_14' title="bbox 538 1683 2129 1779">
    <p class='ocr_par' dir='ltr' id='par_1_14' title="bbox 538 1683 2129 1779">
     <span class='ocr_line' id='line_1_14' title="bbox 538 1683 2129 1779; baseline 0.011 -41"><span class='ocrx_word' id='word_1_84' title='bbox 538 1698 644 1754; x_wconf 86' lang='lat' dir='ltr'><strong>que</strong></span> <span class='ocrx_word' id='word_1_85' title='bbox 678 1683 1042 1742; x_wconf 87' lang='lat' dir='ltr'><strong>obscuritatcs</strong></span> <span class='ocrx_word' id='word_1_86' title='bbox 1086 1701 1154 1744; x_wconf 91' lang='lat' dir='ltr'><strong>co</strong></span> <span class='ocrx_word' id='word_1_87' title='bbox 1196 1687 1375 1745; x_wconf 91' lang='lat' dir='ltr'><strong>minus</strong></span> <span class='ocrx_word' id='word_1_88' title='bbox 1413 1699 1542 1746; x_wconf 91' lang='lat' dir='ltr'><strong>sunt</strong></span> <span class='ocrx_word' id='word_1_89' title='bbox 1592 1692 1822 1779; x_wconf 82' lang='lat' dir='ltr'><strong>oculatis</strong></span> <span class='ocrx_word' id='word_1_90' title='bbox 1865 1696 2129 1766; x_wconf 83' lang='lat' dir='ltr'><strong>adversae,</strong></span> 
     </span>
    </p>
   </div>
   <div class='ocr_carea' id='block_1_15' title="bbox 540 1775 2132 1858">
    <p class='ocr_par' dir='ltr' id='par_1_15' title="bbox 540 1775 2132 1858">
     <span class='ocr_line' id='line_1_15' title="bbox 540 1775 2132 1858; baseline 0.009 -29"><span class='ocrx_word' id='word_1_91' title='bbox 540 1783 668 1830; x_wconf 90' lang='lat' dir='ltr'><strong>sunt</strong></span> <span class='ocrx_word' id='word_1_92' title='bbox 695 1790 802 1845; x_wconf 92' lang='lat' dir='ltr'><strong>quo</strong></span> <span class='ocrx_word' id='word_1_93' title='bbox 830 1775 1003 1848; x_wconf 89' lang='lat' dir='ltr'><strong>magis</strong></span> <span class='ocrx_word' id='word_1_94' title='bbox 1045 1778 1229 1833; x_wconf 88' lang='lat' dir='ltr'><strong>arcani</strong></span> <span class='ocrx_word' id='word_1_95' title='bbox 1267 1778 1374 1835; x_wconf 82' lang='lat' dir='ltr'><strong>lida</strong></span> <span class='ocrx_word' id='word_1_96' title='bbox 1402 1780 1565 1852; x_wconf 90' lang='lat' dir='ltr'><strong>(teste</strong></span> <span class='ocrx_word' id='word_1_97' title='bbox 1594 1775 1810 1855; x_wconf 84' lang='lat' dir='ltr'><strong>Boetiu)</strong></span> <span class='ocrx_word' id='word_1_98' title='bbox 1846 1786 2132 1858; x_wconf 83' lang='lat' dir='ltr'><strong>dignisque</strong></span> 
     </span>
    </p>
   </div>
   <div class='ocr_carea' id='block_1_16' title="bbox 539 1867 3825 1993">
    <p class='ocr_par' dir='ltr' id='par_1_16' title="bbox 539 1867 3825 1993">
     <span class='ocr_line' id='line_1_16' title="bbox 539 1867 3825 1993; baseline 0.005 -69"><span class='ocrx_word' id='word_1_99' title='bbox 539 1869 881 1993; x_wconf 41' lang='lat' dir='ltr'><strong>solumamodo</strong></span> <span class='ocrx_word' id='word_1_100' title='bbox 909 1873 1226 1946; x_wconf 88' lang='lat' dir='ltr'><strong>colloquens</strong></span> <span class='ocrx_word' id='word_1_101' title='bbox 1257 1877 1504 1993; x_wconf 55' lang='lat' dir='ltr'><strong>clus&#39;todia</strong></span> <span class='ocrx_word' id='word_1_102' title='bbox 1532 1893 1547 1933; x_wconf 88' lang='lat'><strong>:</strong></span> <span class='ocrx_word' id='word_1_103' title='bbox 1576 1879 1699 1993; x_wconf 59' lang='lat' dir='ltr'><strong>lieri&#39;</strong></span> <span class='ocrx_word' id='word_1_104' title='bbox 1736 1881 1899 1936; x_wconf 90' lang='lat' dir='ltr'><strong>etiam</strong></span> <span class='ocrx_word' id='word_1_105' title='bbox 1941 1898 2122 1954; x_wconf 86' lang='lat' dir='ltr'><strong>posse,</strong></span> <span class='ocrx_word' id='word_1_106' title='bbox 2235 1912 2415 1983; x_wconf 60' lang='lat' dir='ltr'><strong>scirpo</strong></span> <span class='ocrx_word' id='word_1_107' title='bbox 2431 1867 2935 1988; x_wconf 49' lang='lat' dir='ltr'><strong>qum“;ns.pumm</strong></span> <span class='ocrx_word' id='word_1_108' title='bbox 2963 1918 3323 1989; x_wconf 50' lang='lat' dir='ltr'><strong>ignorantiam</strong></span> <span class='ocrx_word' id='word_1_109' title='bbox 3351 1867 3597 1993; x_wconf 55' lang='lat' dir='ltr'><strong>pgmpe</strong></span> <span class='ocrx_word' id='word_1_110' title='bbox 3618 1921 3825 1993; x_wconf 56' lang='lat' dir='ltr'><strong>ﬁngens</strong></span> 
     </span>
     <span class='ocr_line' id='line_1_17' title="bbox 542 1960 2117 1993; baseline 0 0"><span class='ocrx_word' id='word_1_111' title='bbox 542 1960 696 1993; x_wconf 69' lang='grc' dir='ltr'><strong>ἰηιηὲ</strong></span> <span class='ocrx_word' id='word_1_112' title='bbox 763 1979 978 1993; x_wconf 62' lang='grc' dir='ltr'><strong>οηηωη..</strong></span> <span class='ocrx_word' id='word_1_113' title='bbox 1004 1968 1249 1993; x_wconf 77' lang='lat' dir='ltr'><strong>......:.r......</strong></span> <span class='ocrx_word' id='word_1_114' title='bbox 1307 1968 1336 1993; x_wconf 72' lang='grc' dir='ltr'><strong>εΔ</strong></span> <span class='ocrx_word' id='word_1_115' title='bbox 1364 1984 1443 1993; x_wconf 55' lang='grc' dir='ltr'><strong>Α-.-</strong></span> <span class='ocrx_word' id='word_1_116' title='bbox 1483 1986 1587 1993; x_wconf 52' lang='grc' dir='ltr'><strong>..-μ</strong></span> <span class='ocrx_word' id='word_1_117' title='bbox 1638 1972 1677 1993; x_wconf 73' lang='lat'><strong>-2</strong></span> <span class='ocrx_word' id='word_1_118' title='bbox 1710 1981 1754 1993; x_wconf 76' lang='grc' dir='ltr'><strong>,ι</strong></span> <span class='ocrx_word' id='word_1_119' title='bbox 1800 1974 2017 1993; x_wconf 23' lang='lat' dir='ltr'><strong>suum-&quot;</strong></span> <span class='ocrx_word' id='word_1_120' title='bbox 2068 1992 2073 1993; x_wconf 65' lang='lat'><strong><em>,</em></strong></span> <span class='ocrx_word' id='word_1_121' title='bbox 2107 1991 2117 1993; x_wconf 72' lang='lat'><strong><em>_</em></strong></span> 
     </span>
    </p>
   </div>
   <div class='ocr_carea' id='block_1_17' title="bbox 542 1960 2128 2046">
    <p class='ocr_par' dir='ltr' id='par_1_17' title="bbox 542 1960 2128 2046">
     <span class='ocr_line' id='line_1_18' title="bbox 542 1960 2128 2046; baseline 0.011 -30"><span class='ocrx_word' id='word_1_122' title='bbox 542 1960 656 2017; x_wconf 91' lang='lat' dir='ltr'><strong>imo</strong></span> <span class='ocrx_word' id='word_1_123' title='bbox 683 1962 735 2017; x_wconf 91' lang='lat' dir='ltr'><strong>id</strong></span> <span class='ocrx_word' id='word_1_124' title='bbox 763 1979 978 2037; x_wconf 90' lang='lat' dir='ltr'><strong>semper</strong></span> <span class='ocrx_word' id='word_1_125' title='bbox 1003 1968 1252 2023; x_wconf 87' lang='lat' dir='ltr'><strong>accidere</strong></span> <span class='ocrx_word' id='word_1_126' title='bbox 1281 1968 1445 2041; x_wconf 86' lang='lat' dir='ltr'><strong>(idem</strong></span> <span class='ocrx_word' id='word_1_127' title='bbox 1483 1986 1589 2027; x_wconf 90' lang='lat' dir='ltr'><strong>non</strong></span> <span class='ocrx_word' id='word_1_128' title='bbox 1636 1971 1757 2027; x_wconf 88' lang='lat' dir='ltr'><strong>silet</strong></span> <span class='ocrx_word' id='word_1_129' title='bbox 1787 1974 2128 2046; x_wconf 73' lang='lat' dir='ltr'><strong>Augustinus</strong></span> 
     </span>
    </p>
   </div>
   <div class='ocr_carea' id='block_1_18' title="bbox 536 2049 2126 2141">
    <p class='ocr_par' dir='ltr' id='par_1_18' title="bbox 536 2049 2126 2141">
     <span class='ocr_line' id='line_1_19' title="bbox 536 2049 2126 2141; baseline 0.009 -32"><span class='ocrx_word' id='word_1_130' title='bbox 536 2049 595 2109; x_wconf 77' lang='lat' dir='ltr'><strong>in</strong></span> <span class='ocrx_word' id='word_1_131' title='bbox 644 2053 783 2111; x_wconf 91' lang='lat' dir='ltr'><strong>libro</strong></span> <span class='ocrx_word' id='word_1_132' title='bbox 827 2059 918 2127; x_wconf 84' lang='lat' dir='ltr'><strong>qui</strong></span> <span class='ocrx_word' id='word_1_133' title='bbox 963 2058 1031 2115; x_wconf 91' lang='lat' dir='ltr'><strong>de</strong></span> <span class='ocrx_word' id='word_1_134' title='bbox 1082 2059 1339 2118; x_wconf 86' lang='lat' dir='ltr'><strong>Ecclesiae</strong></span> <span class='ocrx_word' id='word_1_135' title='bbox 1394 2062 1641 2118; x_wconf 90' lang='lat' dir='ltr'><strong>titulatur</strong></span> <span class='ocrx_word' id='word_1_136' title='bbox 1686 2066 1928 2124; x_wconf 90' lang='lat' dir='ltr'><strong>moribus</strong></span> <span class='ocrx_word' id='word_1_137' title='bbox 1994 2069 2126 2141; x_wconf 73' lang='grc'><strong>(1.1,</strong></span> 
     </span>
    </p>
   </div>
   <div class='ocr_carea' id='block_1_19' title="bbox 538 2144 2128 2228">
    <p class='ocr_par' dir='ltr' id='par_1_19' title="bbox 538 2144 2128 2228">
     <span class='ocr_line' id='line_1_20' title="bbox 538 2144 2128 2228; baseline 0.01 -29"><span class='ocrx_word' id='word_1_138' title='bbox 538 2158 591 2199; x_wconf 88' lang='lat' dir='ltr'><strong>c.</strong></span> <span class='ocrx_word' id='word_1_139' title='bbox 626 2144 681 2216; x_wconf 85' lang='lat' dir='ltr'><strong>l)</strong></span> <span class='ocrx_word' id='word_1_140' title='bbox 714 2154 771 2200; x_wconf 92' lang='lat' dir='ltr'><strong>ut</strong></span> <span class='ocrx_word' id='word_1_141' title='bbox 798 2147 967 2204; x_wconf 91' lang='lat' dir='ltr'><strong>multa</strong></span> <span class='ocrx_word' id='word_1_142' title='bbox 992 2148 1227 2207; x_wconf 88' lang='lat' dir='ltr'><strong>indoctis</strong></span> <span class='ocrx_word' id='word_1_143' title='bbox 1250 2151 1537 2208; x_wconf 89' lang='lat' dir='ltr'><strong>videantur</strong></span> <span class='ocrx_word' id='word_1_144' title='bbox 1558 2154 1812 2223; x_wconf 88' lang='lat' dir='ltr'><strong>absurda,</strong></span> <span class='ocrx_word' id='word_1_145' title='bbox 1845 2173 1966 2228; x_wconf 76' lang='lat' dir='ltr'><strong>quae</strong></span> <span class='ocrx_word' id='word_1_146' title='bbox 1990 2174 2128 2223; x_wconf 67' lang='lat' dir='ltr'><strong>cum</strong></span> 
     </span>
    </p>
   </div>
   <div class='ocr_carea' id='block_1_20' title="bbox 540 2236 2129 2331">
    <p class='ocr_par' dir='ltr' id='par_1_20' title="bbox 540 2236 2129 2331">
     <span class='ocr_line' id='line_1_21' title="bbox 540 2236 2129 2331; baseline 0.013 -42"><span class='ocrx_word' id='word_1_147' title='bbox 540 2250 573 2290; x_wconf 91' lang='lat' dir='ltr'><strong>a</strong></span> <span class='ocrx_word' id='word_1_148' title='bbox 619 2236 952 2296; x_wconf 82' lang='lat' dir='ltr'><strong>doctioribus</strong></span> <span class='ocrx_word' id='word_1_149' title='bbox 993 2253 1362 2314; x_wconf 83' lang='lat' dir='ltr'><strong>exponuntur,</strong></span> <span class='ocrx_word' id='word_1_150' title='bbox 1428 2261 1493 2331; x_wconf 72' lang='lat' dir='ltr'><strong>eo</strong></span> <span class='ocrx_word' id='word_1_151' title='bbox 1540 2246 1808 2306; x_wconf 82' lang='lat' dir='ltr'><strong>laudanda</strong></span> <span class='ocrx_word' id='word_1_152' title='bbox 1840 2251 2129 2310; x_wconf 86' lang='lat' dir='ltr'><strong>videantur</strong></span> 
     </span>
    </p>
   </div>
   <div class='ocr_carea' id='block_1_21' title="bbox 537 2327 2132 2413">
    <p class='ocr_par' dir='ltr' id='par_1_21' title="bbox 537 2327 2132 2413">
     <span class='ocr_line' id='line_1_22' title="bbox 537 2327 2132 2413; baseline 0.012 -29"><span class='ocrx_word' id='word_1_153' title='bbox 537 2327 766 2400; x_wconf 84' lang='lat' dir='ltr'><strong>elatius,</strong></span> <span class='ocrx_word' id='word_1_154' title='bbox 819 2348 926 2404; x_wconf 91' lang='lat' dir='ltr'><strong>quo</strong></span> <span class='ocrx_word' id='word_1_155' title='bbox 977 2333 1240 2403; x_wconf 76' lang='lat' dir='ltr'><strong>abiectius</strong></span> <span class='ocrx_word' id='word_1_156' title='bbox 1284 2327 1629 2409; x_wconf 71' lang='lat' dir='ltr'><strong>aspernanda</strong></span> <span class='ocrx_word' id='word_1_157' title='bbox 1673 2342 2027 2413; x_wconf 80' lang='lat' dir='ltr'><strong>videbantur,</strong></span> <span class='ocrx_word' id='word_1_158' title='bbox 2054 2354 2132 2409; x_wconf 83' lang='lat' dir='ltr'><strong>.et</strong></span> 
     </span>
    </p>
   </div>
   <div class='ocr_carea' id='block_1_22' title="bbox 543 2422 2132 2505">
    <p class='ocr_par' dir='ltr' id='par_1_22' title="bbox 543 2422 2132 2505">
     <span class='ocr_line' id='line_1_23' title="bbox 543 2422 2132 2505; baseline 0.01 -27"><span class='ocrx_word' id='word_1_159' title='bbox 543 2422 707 2495; x_wconf 76' lang='grc'><strong>227</strong></span> <span class='ocrx_word' id='word_1_160' title='bbox 748 2439 816 2481; x_wconf 91' lang='lat' dir='ltr'><strong>eo</strong></span> <span class='ocrx_word' id='word_1_161' title='bbox 865 2426 1205 2498; x_wconf 89' lang='lat' dir='ltr'><strong>accipiantur</strong></span> <span class='ocrx_word' id='word_1_162' title='bbox 1244 2438 1432 2498; x_wconf 89' lang='lat' dir='ltr'><strong>aperta</strong></span> <span class='ocrx_word' id='word_1_163' title='bbox 1486 2431 1729 2498; x_wconf 89' lang='lat' dir='ltr'><strong>dulcius,</strong></span> <span class='ocrx_word' id='word_1_164' title='bbox 1776 2449 1885 2505; x_wconf 92' lang='lat' dir='ltr'><strong>quo</strong></span> <span class='ocrx_word' id='word_1_165' title='bbox 1943 2436 2132 2494; x_wconf 83' lang='lat' dir='ltr'><strong>clausa</strong></span> 
     </span>
    </p>
   </div>
   <div class='ocr_carea' id='block_1_23' title="bbox 543 2516 2132 2601">
    <p class='ocr_par' dir='ltr' id='par_1_23' title="bbox 543 2516 2132 2601">
     <span class='ocr_line' id='line_1_24' title="bbox 543 2516 2132 2601; baseline 0.01 -30"><span class='ocrx_word' id='word_1_166' title='bbox 543 2516 816 2575; x_wconf 83' lang='lat' dir='ltr'><strong>dillicilius</strong></span> <span class='ocrx_word' id='word_1_167' title='bbox 854 2521 1263 2591; x_wconf 86' lang='lat' dir='ltr'><strong>aperiebantur.</strong></span> <span class='ocrx_word' id='word_1_168' title='bbox 1299 2522 1476 2579; x_wconf 90' lang='lat' dir='ltr'><strong>Unum</strong></span> <span class='ocrx_word' id='word_1_169' title='bbox 1516 2524 1678 2597; x_wconf 88' lang='lat' dir='ltr'><strong>igitur</strong></span> <span class='ocrx_word' id='word_1_170' title='bbox 1715 2525 1887 2601; x_wconf 65' lang='lat' dir='ltr'><strong>(J82),</strong></span> <span class='ocrx_word' id='word_1_171' title='bbox 1915 2538 1974 2584; x_wconf 94' lang='lat' dir='ltr'><strong>ut</strong></span> <span class='ocrx_word' id='word_1_172' title='bbox 2009 2530 2132 2586; x_wconf 88' lang='lat' dir='ltr'><strong>inli-</strong></span> 
     </span>
    </p>
   </div>
   <div class='ocr_carea' id='block_1_24' title="bbox 536 2606 2173 2688">
    <p class='ocr_par' dir='ltr' id='par_1_24' title="bbox 536 2606 2173 2688">
     <span class='ocr_line' id='line_1_25' title="bbox 536 2606 2173 2688; baseline 0.011 -28"><span class='ocrx_word' id='word_1_173' title='bbox 536 2606 654 2661; x_wconf 86' lang='lat' dir='ltr'><strong>nita</strong></span> <span class='ocrx_word' id='word_1_174' title='bbox 681 2607 974 2674; x_wconf 89' lang='lat' dir='ltr'><strong>dimittam,</strong></span> <span class='ocrx_word' id='word_1_175' title='bbox 1006 2612 1100 2681; x_wconf 91' lang='lat' dir='ltr'><strong>qui</strong></span> <span class='ocrx_word' id='word_1_176' title='bbox 1125 2613 1195 2667; x_wconf 93' lang='lat' dir='ltr'><strong>ob</strong></span> <span class='ocrx_word' id='word_1_177' title='bbox 1226 2613 1473 2681; x_wconf 86' lang='lat' dir='ltr'><strong>quaedam</strong></span> <span class='ocrx_word' id='word_1_178' title='bbox 1508 2615 1690 2671; x_wconf 82' lang='lat' dir='ltr'><strong>minus</strong></span> <span class='ocrx_word' id='word_1_179' title='bbox 1709 2626 1896 2688; x_wconf 89' lang='lat' dir='ltr'><strong>aperta</strong></span> <span class='ocrx_word' id='word_1_180' title='bbox 1930 2629 2128 2678; x_wconf 54' lang='lat' dir='ltr'><strong>extera</strong></span> <span class='ocrx_word' id='word_1_181' title='bbox 2170 2622 2173 2625; x_wconf 82' lang='grc'><em>’</em></span> 
     </span>
    </p>
   </div>
   <div class='ocr_carea' id='block_1_25' title="bbox 532 2697 2130 2784">
    <p class='ocr_par' dir='ltr' id='par_1_25' title="bbox 532 2697 2130 2784">
     <span class='ocr_line' id='line_1_26' title="bbox 532 2697 2130 2784; baseline 0.011 -32"><span class='ocrx_word' id='word_1_182' title='bbox 532 2697 748 2769; x_wconf 86' lang='lat' dir='ltr'><strong>judicat</strong></span> <span class='ocrx_word' id='word_1_183' title='bbox 776 2701 1080 2769; x_wconf 85' lang='lat' dir='ltr'><strong>refutanda,</strong></span> <span class='ocrx_word' id='word_1_184' title='bbox 1123 2719 1212 2759; x_wconf 91' lang='lat' dir='ltr'><strong>me</strong></span> <span class='ocrx_word' id='word_1_185' title='bbox 1243 2704 1431 2760; x_wconf 78' lang='lat' dir='ltr'><strong>vellem</strong></span> <span class='ocrx_word' id='word_1_186' title='bbox 1460 2706 1653 2764; x_wconf 90' lang='lat' dir='ltr'><strong>saltem</strong></span> <span class='ocrx_word' id='word_1_187' title='bbox 1684 2709 1924 2777; x_wconf 90' lang='lat' dir='ltr'><strong>doceret,</strong></span> <span class='ocrx_word' id='word_1_188' title='bbox 1957 2728 2130 2784; x_wconf 86' lang='lat' dir='ltr'><strong>quare</strong></span> 
     </span>
    </p>
   </div>
   <div class='ocr_carea' id='block_1_26' title="bbox 539 2788 2132 2876">
    <p class='ocr_par' dir='ltr' id='par_1_26' title="bbox 539 2788 2132 2876">
     <span class='ocr_line' id='line_1_27' title="bbox 539 2788 2132 2876; baseline 0.013 -33"><span class='ocrx_word' id='word_1_189' title='bbox 539 2803 572 2843; x_wconf 90' lang='lat' dir='ltr'><strong>a</strong></span> <span class='ocrx_word' id='word_1_190' title='bbox 602 2788 835 2847; x_wconf 88' lang='lat' dir='ltr'><strong>Domino</strong></span> <span class='ocrx_word' id='word_1_191' title='bbox 862 2793 1080 2862; x_wconf 87' lang='lat' dir='ltr'><strong>quidam</strong></span> <span class='ocrx_word' id='word_1_192' title='bbox 1108 2795 1162 2850; x_wconf 93' lang='lat' dir='ltr'><strong>in</strong></span> <span class='ocrx_word' id='word_1_193' title='bbox 1194 2796 1485 2868; x_wconf 80' lang='lat' dir='ltr'><strong>Evangelio</strong></span> <span class='ocrx_word' id='word_1_194' title='bbox 1512 2799 1726 2872; x_wconf 82' lang='lat' dir='ltr'><strong>legatur</strong></span> <span class='ocrx_word' id='word_1_195' title='bbox 1756 2802 2007 2873; x_wconf 88' lang='lat' dir='ltr'><strong>dilectus,</strong></span> <span class='ocrx_word' id='word_1_196' title='bbox 2037 2806 2132 2876; x_wconf 91' lang='lat' dir='ltr'><strong>qui</strong></span> 
     </span>
    </p>
   </div>
   <div class='ocr_carea' id='block_1_27' title="bbox 539 2881 2125 2969">
    <p class='ocr_par' dir='ltr' id='par_1_27' title="bbox 539 2881 2125 2969">
     <span class='ocr_line' id='line_1_28' title="bbox 539 2881 2125 2969; baseline 0.01 -33"><span class='ocrx_word' id='word_1_197' title='bbox 539 2896 648 2937; x_wconf 87' lang='lat' dir='ltr'><strong>non</strong></span> <span class='ocrx_word' id='word_1_198' title='bbox 687 2881 791 2938; x_wconf 86' lang='lat' dir='ltr'><strong>fuit</strong></span> <span class='ocrx_word' id='word_1_199' title='bbox 835 2884 903 2940; x_wconf 91' lang='lat' dir='ltr'><strong>ad</strong></span> <span class='ocrx_word' id='word_1_200' title='bbox 951 2886 1286 2956; x_wconf 87' lang='lat' dir='ltr'><strong>sequendum</strong></span> <span class='ocrx_word' id='word_1_201' title='bbox 1329 2889 1535 2947; x_wconf 89' lang='lat' dir='ltr'><strong>electus</strong></span> <span class='ocrx_word' id='word_1_202' title='bbox 1567 2891 1763 2963; x_wconf 73' lang='lat' dir='ltr'><strong>(Marc.</strong></span> <span class='ocrx_word' id='word_1_203' title='bbox 1796 2895 1965 2961; x_wconf 72' lang='lat' dir='ltr'><strong>x,21,</strong></span> <span class='ocrx_word' id='word_1_204' title='bbox 1997 2895 2125 2969; x_wconf 74' lang='lat'><strong>2‘2);</strong></span> 
     </span>
    </p>
   </div>
   <div class='ocr_carea' id='block_1_28' title="bbox 538 2972 2133 3052">
    <p class='ocr_par' dir='ltr' id='par_1_28' title="bbox 538 2972 2133 3052">
     <span class='ocr_line' id='line_1_29' title="bbox 538 2972 2133 3052; baseline 0.01 -23"><span class='ocrx_word' id='word_1_205' title='bbox 538 2983 635 3029; x_wconf 90' lang='lat' dir='ltr'><strong>aut</strong></span> <span class='ocrx_word' id='word_1_206' title='bbox 660 2975 791 3045; x_wconf 88' lang='lat' dir='ltr'><strong>quid</strong></span> <span class='ocrx_word' id='word_1_207' title='bbox 825 2972 1213 3050; x_wconf 86' lang='lat' dir='ltr'><strong>evangelistam</strong></span> <span class='ocrx_word' id='word_1_208' title='bbox 1242 2980 1347 3037; x_wconf 91' lang='lat' dir='ltr'><strong>hoc</strong></span> <span class='ocrx_word' id='word_1_209' title='bbox 1374 2984 1700 3052; x_wconf 89' lang='lat' dir='ltr'><strong>pertinuerit</strong></span> <span class='ocrx_word' id='word_1_210' title='bbox 1745 2994 1853 3041; x_wconf 88' lang='lat' dir='ltr'><strong>tarn</strong></span> <span class='ocrx_word' id='word_1_211' title='bbox 1890 2988 2133 3045; x_wconf 83' lang='lat' dir='ltr'><strong>studiose</strong></span> 
     </span>
    </p>
   </div>
   <div class='ocr_carea' id='block_1_29' title="bbox 538 3065 2132 3147">
    <p class='ocr_par' dir='ltr' id='par_1_29' title="bbox 538 3065 2132 3147">
     <span class='ocr_line' id='line_1_30' title="bbox 538 3065 2132 3147; baseline 0.011 -28"><span class='ocrx_word' id='word_1_212' title='bbox 538 3070 748 3122; x_wconf 85' lang='lat' dir='ltr'><strong>notare.</strong></span> <span class='ocrx_word' id='word_1_213' title='bbox 776 3065 917 3135; x_wconf 85' lang='lat' dir='ltr'><strong>Quid</strong></span> <span class='ocrx_word' id='word_1_214' title='bbox 963 3077 1143 3125; x_wconf 87' lang='lat' dir='ltr'><strong>autem</strong></span> <span class='ocrx_word' id='word_1_215' title='bbox 1199 3087 1265 3127; x_wconf 82' lang='lat' dir='ltr'><strong>ex</strong></span> <span class='ocrx_word' id='word_1_216' title='bbox 1318 3074 1522 3131; x_wconf 89' lang='lat' dir='ltr'><strong>nostris</strong></span> <span class='ocrx_word' id='word_1_217' title='bbox 1564 3085 1762 3147; x_wconf 63' lang='lat' dir='ltr'><strong>praeter</strong></span> <span class='ocrx_word' id='word_1_218' title='bbox 1803 3087 2003 3136; x_wconf 60' lang='lat' dir='ltr'><strong>caetera</strong></span> <span class='ocrx_word' id='word_1_219' title='bbox 2062 3081 2132 3137; x_wconf 86' lang='lat' dir='ltr'><strong>ad</strong></span> 
     </span>
    </p>
   </div>
   <div class='ocr_carea' id='block_1_30' title="bbox 539 3158 2133 3240">
    <p class='ocr_par' dir='ltr' id='par_1_30' title="bbox 539 3158 2133 3240">
     <span class='ocr_line' id='line_1_31' title="bbox 539 3158 2133 3240; baseline 0.011 -28"><span class='ocrx_word' id='word_1_220' title='bbox 539 3158 927 3233; x_wconf 77' lang='lat' dir='ltr'><strong>obscuritatem</strong></span> <span class='ocrx_word' id='word_1_221' title='bbox 956 3177 1173 3234; x_wconf 86' lang='lat' dir='ltr'><strong>quoque</strong></span> <span class='ocrx_word' id='word_1_222' title='bbox 1211 3166 1356 3232; x_wconf 78' lang='lat' dir='ltr'><strong>huic,</strong></span> <span class='ocrx_word' id='word_1_223' title='bbox 1389 3168 1529 3239; x_wconf 86' lang='lat' dir='ltr'><strong>quod</strong></span> <span class='ocrx_word' id='word_1_224' title='bbox 1571 3186 1683 3240; x_wconf 79' lang='lat' dir='ltr'><strong>prae</strong></span> <span class='ocrx_word' id='word_1_225' title='bbox 1727 3172 1979 3229; x_wconf 91' lang='lat' dir='ltr'><strong>manibus</strong></span> <span class='ocrx_word' id='word_1_226' title='bbox 2034 3174 2133 3230; x_wconf 85' lang='lat' dir='ltr'><strong>ha-</strong></span> 
     </span>
    </p>
   </div>
   <div class='ocr_carea' id='block_1_31' title="bbox 540 3236 2205 3334">
    <p class='ocr_par' dir='ltr' id='par_1_31' title="bbox 540 3236 2205 3334">
     <span class='ocr_line' id='line_1_32' title="bbox 540 3236 2205 3334; baseline 0.01 -29"><span class='ocrx_word' id='word_1_227' title='bbox 540 3249 720 3316; x_wconf 91' lang='lat' dir='ltr'><strong>betur,</strong></span> <span class='ocrx_word' id='word_1_228' title='bbox 775 3250 1166 3333; x_wconf 83' lang='lat' dir='ltr'><strong>conferendum</strong></span> <span class='ocrx_word' id='word_1_229' title='bbox 1212 3236 1617 3326; x_wconf 27' lang='lat' dir='ltr'><strong>potest&#39;vider—i,</strong></span> <span class='ocrx_word' id='word_1_230' title='bbox 1665 3261 1768 3317; x_wconf 87' lang='lat' dir='ltr'><strong>hoc</strong></span> <span class='ocrx_word' id='word_1_231' title='bbox 1809 3270 1894 3318; x_wconf 88' lang='lat' dir='ltr'><strong>est</strong></span> <span class='ocrx_word' id='word_1_232' title='bbox 1937 3236 2205 3334; x_wconf 65' lang='lat' dir='ltr'><strong>praefat--c</strong></span> 
     </span>
    </p>
   </div>
   <div class='ocr_carea' id='block_1_32' title="bbox 543 3341 1995 3427">
    <p class='ocr_par' dir='ltr' id='par_1_32' title="bbox 543 3341 1995 3427">
     <span class='ocr_line' id='line_1_33' title="bbox 543 3341 1995 3427; baseline 0.012 -32"><span class='ocrx_word' id='word_1_233' title='bbox 543 3341 677 3399; x_wconf 89' lang='lat' dir='ltr'><strong>tioni</strong></span> <span class='ocrx_word' id='word_1_234' title='bbox 702 3358 864 3416; x_wconf 90' lang='lat' dir='ltr'><strong>super</strong></span> <span class='ocrx_word' id='word_1_235' title='bbox 894 3346 1295 3405; x_wconf 89' lang='lat' dir='ltr'><strong>arithmeticam</strong></span> <span class='ocrx_word' id='word_1_236' title='bbox 1325 3352 1496 3418; x_wconf 79' lang='lat' dir='ltr'><strong>nostri</strong></span> <span class='ocrx_word' id='word_1_237' title='bbox 1518 3351 1631 3427; x_wconf 86' lang='lat' dir='ltr'><strong>jam</strong></span> <span class='ocrx_word' id='word_1_238' title='bbox 1655 3352 1751 3409; x_wconf 85' lang='lat' dir='ltr'><strong>fati</strong></span> <span class='ocrx_word' id='word_1_239' title='bbox 1781 3354 1995 3412; x_wconf 84' lang='lat' dir='ltr'><strong>Boetii?</strong></span> 
     </span>
    </p>
   </div>
   <div class='ocr_carea' id='block_1_33' title="bbox 618 3438 2131 3521">
    <p class='ocr_par' dir='ltr' id='par_1_33' title="bbox 618 3438 2131 3521">
     <span class='ocr_line' id='line_1_34' title="bbox 618 3438 2131 3521; baseline 0.007 -25"><span class='ocrx_word' id='word_1_240' title='bbox 618 3438 673 3496; x_wconf 90' lang='lat'><strong>9.</strong></span> <span class='ocrx_word' id='word_1_241' title='bbox 715 3439 761 3497; x_wconf 90' lang='grc' dir='ltr'>Ο</span> <span class='ocrx_word' id='word_1_242' title='bbox 786 3439 1108 3499; x_wconf 88' lang='lat' dir='ltr'><strong>detrahendi</strong></span> <span class='ocrx_word' id='word_1_243' title='bbox 1129 3444 1405 3501; x_wconf 70' lang='lat' dir='ltr'><strong>aemulatio</strong></span> <span class='ocrx_word' id='word_1_244' title='bbox 1432 3461 1648 3519; x_wconf 89' lang='lat' dir='ltr'><strong>semper</strong></span> <span class='ocrx_word' id='word_1_245' title='bbox 1674 3447 1828 3504; x_wconf 86' lang='lat' dir='ltr'><strong>avida</strong></span> <span class='ocrx_word' id='word_1_246' title='bbox 1854 3448 2024 3521; x_wconf 73' lang='lat'><strong>(485),</strong></span> <span class='ocrx_word' id='word_1_247' title='bbox 2055 3459 2131 3520; x_wconf 87' lang='lat' dir='ltr'><strong>et,</strong></span> 
     </span>
    </p>
   </div>
   <div class='ocr_carea' id='block_1_34' title="bbox 546 3530 2132 3607">
    <p class='ocr_par' dir='ltr' id='par_1_34' title="bbox 546 3530 2132 3607">
     <span class='ocr_line' id='line_1_35' title="bbox 546 3530 2132 3607; baseline 0.009 -22"><span class='ocrx_word' id='word_1_248' title='bbox 546 3530 597 3586; x_wconf 90' lang='lat' dir='ltr'><strong>si</strong></span> <span class='ocrx_word' id='word_1_249' title='bbox 648 3531 802 3589; x_wconf 88' lang='lat' dir='ltr'><strong>deest</strong></span> <span class='ocrx_word' id='word_1_250' title='bbox 833 3532 1083 3600; x_wconf 81' lang='lat' dir='ltr'><strong>facultas,</strong></span> <span class='ocrx_word' id='word_1_251' title='bbox 1141 3552 1248 3592; x_wconf 92' lang='lat' dir='ltr'><strong>non</strong></span> <span class='ocrx_word' id='word_1_252' title='bbox 1281 3538 1511 3593; x_wconf 84' lang='lat' dir='ltr'><strong>vacandi</strong></span> <span class='ocrx_word' id='word_1_253' title='bbox 1554 3538 1768 3607; x_wconf 88' lang='lat' dir='ltr'><strong>saltem,</strong></span> <span class='ocrx_word' id='word_1_254' title='bbox 1806 3549 1900 3596; x_wconf 88' lang='lat' dir='ltr'><strong>aut</strong></span> <span class='ocrx_word' id='word_1_255' title='bbox 1952 3541 2132 3600; x_wconf 88' lang='lat' dir='ltr'><strong>minus</strong></span> 
     </span>
    </p>
   </div>
   <div class='ocr_carea' id='block_1_35' title="bbox 478 3623 2132 3702">
    <p class='ocr_par' dir='ltr' id='par_1_35' title="bbox 478 3623 2132 3702">
     <span class='ocr_line' id='line_1_36' title="bbox 478 3623 2132 3702; baseline 0.009 -24"><span class='ocrx_word' id='word_1_256' title='bbox 478 3628 483 3633; x_wconf 84' lang='lat'><strong>&#39;</strong></span> <span class='ocrx_word' id='word_1_257' title='bbox 542 3623 945 3696; x_wconf 72' lang='lat' dir='ltr'><strong>valendi,?qu:e</strong></span> <span class='ocrx_word' id='word_1_258' title='bbox 986 3639 1382 3699; x_wconf 88' lang='lat' dir='ltr'><strong>monstrantur,</strong></span> <span class='ocrx_word' id='word_1_259' title='bbox 1414 3631 1714 3702; x_wconf 88' lang='lat' dir='ltr'><strong>intendere,</strong></span> <span class='ocrx_word' id='word_1_260' title='bbox 1753 3648 1948 3692; x_wconf 90' lang='lat' dir='ltr'><strong>causas</strong></span> <span class='ocrx_word' id='word_1_261' title='bbox 1981 3634 2132 3693; x_wconf 91' lang='lat' dir='ltr'><strong>inde-</strong></span> 
     </span>
    </p>
   </div>
   <div class='ocr_carea' id='block_1_36' title="bbox 541 3702 1721 3794">
    <p class='ocr_par' dir='ltr' id='par_1_36' title="bbox 541 3702 1721 3794">
     <span class='ocr_line' id='line_1_37' title="bbox 541 3702 1721 3794; baseline -0.001 -20"><span class='ocrx_word' id='word_1_262' title='bbox 541 3717 786 3776; x_wconf 87' lang='lat' dir='ltr'><strong>sinenter</strong></span> <span class='ocrx_word' id='word_1_263' title='bbox 813 3702 1006 3778; x_wconf 76' lang='lat' dir='ltr'><strong>alTet&#39;re</strong></span> <span class='ocrx_word' id='word_1_264' title='bbox 1035 3725 1252 3794; x_wconf 85' lang='lat' dir='ltr'><strong>parata!</strong></span> <span class='ocrx_word' id='word_1_265' title='bbox 1496 3757 1501 3763; x_wconf 65' lang='grc' dir='ltr'><strong>ς</strong></span> <span class='ocrx_word' id='word_1_266' title='bbox 1632 3716 1643 3722; x_wconf 87' lang='grc'><strong>’</strong></span> <span class='ocrx_word' id='word_1_267' title='bbox 1718 3720 1721 3727; x_wconf 76' lang='grc'><em>’</em></span> 
     </span>
    </p>
   </div>
   <div class='ocr_carea' id='block_1_37' title="bbox 496 3832 2132 3913">
    <p class='ocr_par' dir='ltr' id='par_1_37' title="bbox 496 3832 2132 3913">
     <span class='ocr_line' id='line_1_38' title="bbox 496 3832 2132 3913; baseline 0.005 -22"><span class='ocrx_word' id='word_1_268' title='bbox 496 3838 503 3849; x_wconf 96' lang='grc'><em>’</em></span> <span class='ocrx_word' id='word_1_269' title='bbox 540 3835 968 3913; x_wconf 74' lang='lat' dir='ltr'><strong>subaudiendum</strong></span> <span class='ocrx_word' id='word_1_270' title='bbox 999 3848 1090 3913; x_wconf 81' lang='lat' dir='ltr'><strong>est</strong></span> <span class='ocrx_word' id='word_1_271' title='bbox 1118 3832 1374 3913; x_wconf 53' lang='lat' dir='ltr'><strong>&#39;miserjar,</strong></span> <span class='ocrx_word' id='word_1_272' title='bbox 1405 3850 1464 3897; x_wconf 91' lang='lat' dir='ltr'><strong>ut</strong></span> <span class='ocrx_word' id='word_1_273' title='bbox 1513 3857 1706 3899; x_wconf 87' lang='lat' dir='ltr'><strong>sensus</strong></span> <span class='ocrx_word' id='word_1_274' title='bbox 1745 3858 1868 3898; x_wconf 91' lang='lat' dir='ltr'><strong>cum</strong></span> <span class='ocrx_word' id='word_1_275' title='bbox 1900 3856 2132 3913; x_wconf 86' lang='lat' dir='ltr'><strong>sequen-</strong></span> 
     </span>
    </p>
   </div>
   <div class='ocr_carea' id='block_1_38' title="bbox 486 3906 2130 3977">
    <p class='ocr_par' dir='ltr' id='par_1_38' title="bbox 486 3906 2130 3977">
     <span class='ocr_line' id='line_1_39' title="bbox 486 3906 2130 3977; baseline 0.007 -19"><span class='ocrx_word' id='word_1_276' title='bbox 486 3912 493 3921; x_wconf 85' lang='lat'><strong><em>&#39;</em></strong></span> <span class='ocrx_word' id='word_1_277' title='bbox 541 3906 690 3977; x_wconf 87' lang='lat' dir='ltr'><strong>tibus</strong></span> <span class='ocrx_word' id='word_1_278' title='bbox 722 3908 890 3977; x_wconf 89' lang='lat' dir='ltr'><strong>probe</strong></span> <span class='ocrx_word' id='word_1_279' title='bbox 928 3910 1243 3965; x_wconf 55' lang='lat' dir='ltr'><strong>cohaereat.</strong></span> <span class='ocrx_word' id='word_1_280' title='bbox 1266 3911 1525 3967; x_wconf 81' lang='lat' dir='ltr'><strong>Batherio</strong></span> <span class='ocrx_word' id='word_1_281' title='bbox 1553 3914 1697 3968; x_wconf 90' lang='lat' dir='ltr'><strong>enim</strong></span> <span class='ocrx_word' id='word_1_282' title='bbox 1741 3928 1772 3968; x_wconf 92' lang='lat' dir='ltr'><strong>e</strong></span> <span class='ocrx_word' id='word_1_283' title='bbox 1813 3906 2130 3970; x_wconf 77' lang='lat' dir='ltr'><strong>Leodicensi</strong></span> 
     </span>
    </p>
   </div>
   <div class='ocr_carea' id='block_1_39' title="bbox 545 3976 2131 4047">
    <p class='ocr_par' dir='ltr' id='par_1_39' title="bbox 545 3976 2131 4047">
     <span class='ocr_line' id='line_1_40' title="bbox 545 3976 2131 4047; baseline 0.006 -17"><span class='ocrx_word' id='word_1_284' title='bbox 545 3976 674 4032; x_wconf 89' lang='lat' dir='ltr'><strong>sede</strong></span> <span class='ocrx_word' id='word_1_285' title='bbox 693 3976 918 4047; x_wconf 82' lang='lat' dir='ltr'><strong>expulso</strong></span> <span class='ocrx_word' id='word_1_286' title='bbox 938 3978 1150 4034; x_wconf 88' lang='lat' dir='ltr'><strong>sublata</strong></span> <span class='ocrx_word' id='word_1_287' title='bbox 1176 3980 1485 4036; x_wconf 89' lang='lat' dir='ltr'><strong>indicantur</strong></span> <span class='ocrx_word' id='word_1_288' title='bbox 1515 3983 1650 4039; x_wconf 88' lang='lat' dir='ltr'><strong>bona</strong></span> <span class='ocrx_word' id='word_1_289' title='bbox 1682 3986 1949 4039; x_wconf 85' lang='lat' dir='ltr'><strong>contraria</strong></span> <span class='ocrx_word' id='word_1_290' title='bbox 1973 3986 2131 4039; x_wconf 86' lang='lat' dir='ltr'><strong>mise-</strong></span> 
     </span>
    </p>
   </div>
   <div class='ocr_carea' id='block_1_40' title="bbox 543 4048 2187 4125">
    <p class='ocr_par' dir='ltr' id='par_1_40' title="bbox 543 4048 2187 4125">
     <span class='ocr_line' id='line_1_41' title="bbox 543 4048 2187 4125; baseline 0.005 -24"><span class='ocrx_word' id='word_1_291' title='bbox 543 4048 658 4109; x_wconf 70' lang='grc' dir='ltr'><strong>τίω,</strong></span> <span class='ocrx_word' id='word_1_292' title='bbox 721 4048 771 4102; x_wconf 91' lang='lat' dir='ltr'><strong>id</strong></span> <span class='ocrx_word' id='word_1_293' title='bbox 819 4058 904 4105; x_wconf 89' lang='lat' dir='ltr'><strong>est</strong></span> <span class='ocrx_word' id='word_1_294' title='bbox 950 4049 1286 4125; x_wconf 74' lang='lat' dir='ltr'><strong>dignitatem,</strong></span> <span class='ocrx_word' id='word_1_295' title='bbox 1334 4053 1594 4125; x_wconf 83' lang='lat' dir='ltr'><strong>redditus,</strong></span> <span class='ocrx_word' id='word_1_296' title='bbox 1645 4054 1885 4125; x_wconf 78' lang='lat' dir='ltr'><strong>favorem</strong></span> <span class='ocrx_word' id='word_1_297' title='bbox 1936 4055 2136 4125; x_wconf 90' lang='lat' dir='ltr'><strong>princi—</strong></span> <span class='ocrx_word' id='word_1_298' title='bbox 2181 4057 2187 4063; x_wconf 89' lang='grc'><em>’</em></span> 
     </span>
    </p>
   </div>
   <div class='ocr_carea' id='block_1_41' title="bbox 543 4121 2132 4195">
    <p class='ocr_par' dir='ltr' id='par_1_41' title="bbox 543 4121 2132 4195">
     <span class='ocr_line' id='line_1_42' title="bbox 543 4121 2132 4195; baseline 0.006 -24"><span class='ocrx_word' id='word_1_299' title='bbox 543 4130 690 4195; x_wconf 84' lang='lat' dir='ltr'><strong>pum,</strong></span> <span class='ocrx_word' id='word_1_300' title='bbox 718 4126 847 4184; x_wconf 79' lang='lat' dir='ltr'><strong>etc.;</strong></span> <span class='ocrx_word' id='word_1_301' title='bbox 877 4134 979 4195; x_wconf 72' lang='lat' dir='ltr'><strong>pro</strong></span> <span class='ocrx_word' id='word_1_302' title='bbox 1004 4121 1567 4195; x_wconf 77' lang='lat' dir='ltr'><strong>quibusvindicamlis</strong></span> <span class='ocrx_word' id='word_1_303' title='bbox 1614 4124 1824 4180; x_wconf 90' lang='lat' dir='ltr'><strong>libellos</strong></span> <span class='ocrx_word' id='word_1_304' title='bbox 1862 4121 2132 4195; x_wconf 82' lang='lat' dir='ltr'><strong>ejusmodi</strong></span> 
     </span>
    </p>
   </div>
   <div class='ocr_carea' id='block_1_42' title="bbox 545 4188 2136 4278">
    <p class='ocr_par' dir='ltr' id='par_1_42' title="bbox 545 4188 2136 4278">
     <span class='ocr_line' id='line_1_43' title="bbox 545 4188 2136 4278; baseline 0.003 -33"><span class='ocrx_word' id='word_1_305' title='bbox 545 4190 859 4278; x_wconf 58' lang='lat' dir='ltr'><strong>scripserat.</strong></span> <span class='ocrx_word' id='word_1_306' title='bbox 889 4188 1185 4278; x_wconf 37' lang='lat' dir='ltr'><strong>Haec—bona.</strong></span> <span class='ocrx_word' id='word_1_307' title='bbox 1205 4191 1465 4278; x_wconf 61' lang='lat' dir='ltr'><strong>invidiam</strong></span> <span class='ocrx_word' id='word_1_308' title='bbox 1488 4188 1940 4278; x_wconf 49' lang='lat' dir='ltr'><strong>euinimicos‘ip&#39;si</strong></span> <span class='ocrx_word' id='word_1_309' title='bbox 1970 4210 2136 4278; x_wconf 78' lang='lat' dir='ltr'><strong>pepe-</strong></span> 
     </span>
    </p>
   </div>
   <div class='ocr_carea' id='block_1_43' title="bbox 548 4259 2134 4332">
    <p class='ocr_par' dir='ltr' id='par_1_43' title="bbox 548 4259 2134 4332">
     <span class='ocr_line' id='line_1_44' title="bbox 548 4259 2134 4332; baseline 0.006 -19"><span class='ocrx_word' id='word_1_310' title='bbox 548 4274 685 4332; x_wconf 67' lang='lat' dir='ltr'><strong>ram.</strong></span> <span class='ocrx_word' id='word_1_311' title='bbox 730 4259 884 4316; x_wconf 83' lang='lat' dir='ltr'><strong>Nunc</strong></span> <span class='ocrx_word' id='word_1_312' title='bbox 911 4271 1093 4317; x_wconf 90' lang='lat' dir='ltr'><strong>autem</strong></span> <span class='ocrx_word' id='word_1_313' title='bbox 1133 4262 1219 4318; x_wconf 91' lang='lat' dir='ltr'><strong>his</strong></span> <span class='ocrx_word' id='word_1_314' title='bbox 1256 4264 1413 4319; x_wconf 86' lang='lat' dir='ltr'><strong>bonis</strong></span> <span class='ocrx_word' id='word_1_315' title='bbox 1442 4265 1704 4332; x_wconf 88' lang='lat' dir='ltr'><strong>spoliatus</strong></span> <span class='ocrx_word' id='word_1_316' title='bbox 1749 4259 1877 4321; x_wconf 64' lang='lat' dir='ltr'><strong>sola&#39;</strong></span> <span class='ocrx_word' id='word_1_317' title='bbox 1910 4259 2134 4322; x_wconf 80' lang='lat' dir='ltr'><strong>miseria</strong></span> 
     </span>
    </p>
   </div>
   <div class='ocr_carea' id='block_1_44' title="bbox 545 4329 2130 4403">
    <p class='ocr_par' dir='ltr' id='par_1_44' title="bbox 545 4329 2130 4403">
     <span class='ocr_line' id='line_1_45' title="bbox 545 4329 2130 4403; baseline 0.004 -19"><span class='ocrx_word' id='word_1_318' title='bbox 545 4329 622 4403; x_wconf 80' lang='lat' dir='ltr'><strong>illi</strong></span> <span class='ocrx_word' id='word_1_319' title='bbox 652 4341 957 4401; x_wconf 88' lang='lat' dir='ltr'><strong>supererat,</strong></span> <span class='ocrx_word' id='word_1_320' title='bbox 992 4347 1057 4389; x_wconf 88' lang='lat' dir='ltr'><strong>ex</strong></span> <span class='ocrx_word' id='word_1_321' title='bbox 1090 4349 1194 4403; x_wconf 89' lang='lat' dir='ltr'><strong>qua</strong></span> <span class='ocrx_word' id='word_1_322' title='bbox 1228 4335 1373 4389; x_wconf 90' lang='lat' dir='ltr'><strong>sicut</strong></span> <span class='ocrx_word' id='word_1_323' title='bbox 1412 4329 1547 4390; x_wconf 88' lang='lat' dir='ltr'><strong>nihil</strong></span> <span class='ocrx_word' id='word_1_324' title='bbox 1590 4335 1865 4392; x_wconf 87' lang='lat' dir='ltr'><strong>metuebat</strong></span> <span class='ocrx_word' id='word_1_325' title='bbox 1894 4336 2130 4402; x_wconf 66' lang='lat' dir='ltr'><strong>invidiae,</strong></span> 
     </span>
    </p>
   </div>
   <div class='ocr_carea' id='block_1_45' title="bbox 544 4401 2134 4478">
    <p class='ocr_par' dir='ltr' id='par_1_45' title="bbox 544 4401 2134 4478">
     <span class='ocr_line' id='line_1_46' title="bbox 544 4401 2134 4478; baseline 0.004 -22"><span class='ocrx_word' id='word_1_326' title='bbox 544 4401 620 4457; x_wconf 83' lang='lat' dir='ltr'><strong>ita</strong></span> <span class='ocrx_word' id='word_1_327' title='bbox 657 4417 757 4457; x_wconf 89' lang='lat' dir='ltr'><strong>nec</strong></span> <span class='ocrx_word' id='word_1_328' title='bbox 782 4404 1030 4473; x_wconf 82' lang='lat' dir='ltr'><strong>inimicos</strong></span> <span class='ocrx_word' id='word_1_329' title='bbox 1055 4401 1367 4478; x_wconf 79' lang='lat' dir='ltr'><strong>verebatur.</strong></span> <span class='ocrx_word' id='word_1_330' title='bbox 1409 4405 1548 4461; x_wconf 83' lang='lat' dir='ltr'><strong>Hinc</strong></span> <span class='ocrx_word' id='word_1_331' title='bbox 1582 4407 1845 4476; x_wconf 83' lang='lat' dir='ltr'><strong>explicari</strong></span> <span class='ocrx_word' id='word_1_332' title='bbox 1869 4401 2134 4478; x_wconf 85' lang='lat' dir='ltr'><strong>aliquate-</strong></span> 
     </span>
    </p>
   </div>
   <div class='ocr_carea' id='block_1_46' title="bbox 544 4473 2135 4560">
    <p class='ocr_par' dir='ltr' id='par_1_46' title="bbox 544 4473 2135 4560">
     <span class='ocr_line' id='line_1_47' title="bbox 544 4473 2135 4560; baseline 0.004 -32"><span class='ocrx_word' id='word_1_333' title='bbox 544 4482 885 4560; x_wconf 44' lang='lat' dir='ltr'><strong>nus&#39;potest,</strong></span> <span class='ocrx_word' id='word_1_334' title='bbox 914 4490 1017 4560; x_wconf 65' lang='lat' dir='ltr'><strong>qua</strong></span> <span class='ocrx_word' id='word_1_335' title='bbox 1043 4477 1256 4560; x_wconf 57' lang='lat' dir='ltr'><strong>ratione</strong></span> <span class='ocrx_word' id='word_1_336' title='bbox 1298 4473 1529 4560; x_wconf 43' lang='lat' dir='ltr'><strong>ﬁerenis</strong></span> <span class='ocrx_word' id='word_1_337' title='bbox 1557 4473 2135 4560; x_wconf 50' lang='lat' dir='ltr'><strong>dictum_,nquud&#39;pra3-</strong></span> 
     </span>
    </p>
   </div>
   <div class='ocr_carea' id='block_1_47' title="bbox 547 4544 2128 4619">
    <p class='ocr_par' dir='ltr' id='par_1_47' title="bbox 547 4544 2128 4619">
     <span class='ocr_line' id='line_1_48' title="bbox 547 4544 2128 4619; baseline 0.003 -20"><span class='ocrx_word' id='word_1_338' title='bbox 547 4544 744 4619; x_wconf 61' lang='lat' dir='ltr'><strong>misit,</strong></span> <span class='ocrx_word' id='word_1_339' title='bbox 771 4544 873 4599; x_wconf 90' lang='lat' dir='ltr'><strong>sibi</strong></span> <span class='ocrx_word' id='word_1_340' title='bbox 906 4546 997 4605; x_wconf 64' lang='lat' dir='ltr'><strong>vel</strong></span> <span class='ocrx_word' id='word_1_341' title='bbox 1026 4547 1150 4619; x_wconf 78' lang='lat' dir='ltr'><strong>suis</strong></span> <span class='ocrx_word' id='word_1_342' title='bbox 1181 4545 1380 4619; x_wconf 82' lang='lat' dir='ltr'><strong>libellis</strong></span> <span class='ocrx_word' id='word_1_343' title='bbox 1419 4557 1700 4619; x_wconf 85' lang='lat' dir='ltr'><strong>congruat.</strong></span> <span class='ocrx_word' id='word_1_344' title='bbox 1752 4544 1853 4604; x_wconf 50' lang='lat' dir='ltr'><strong>Hi’</strong></span> <span class='ocrx_word' id='word_1_345' title='bbox 1875 4544 2128 4604; x_wconf 87' lang='lat' dir='ltr'><strong>nimirum</strong></span> 
     </span>
    </p>
   </div>
   <div class='ocr_carea' id='block_1_48' title="bbox 1491 367 2847 447">
    <p class='ocr_par' dir='ltr' id='par_1_48' title="bbox 1491 367 2847 447">
     <span class='ocr_line' id='line_1_49' title="bbox 1491 367 2847 447; baseline 0.017 -22"><span class='ocrx_word' id='word_1_346' title='bbox 1491 367 1822 429; x_wconf 78' lang='lat' dir='ltr'><strong>RATHERII</strong></span> <span class='ocrx_word' id='word_1_347' title='bbox 1859 369 2075 432; x_wconf 84' lang='lat' dir='ltr'><strong>EPISC.</strong></span> <span class='ocrx_word' id='word_1_348' title='bbox 2116 375 2368 440; x_wconf 79' lang='lat' dir='ltr'><strong>VERON.</strong></span> <span class='ocrx_word' id='word_1_349' title='bbox 2402 383 2554 443; x_wconf 87' lang='lat' dir='ltr'><strong>OPP.</strong></span> <span class='ocrx_word' id='word_1_350' title='bbox 2594 387 2775 447; x_wconf 81' lang='lat' dir='ltr'><strong>PARS</strong></span> <span class='ocrx_word' id='word_1_351' title='bbox 2808 391 2847 447; x_wconf 80' lang='grc' dir='ltr'><strong>Ι.</strong></span> 
     </span>
    </p>
   </div>
   <div class='ocr_carea' id='block_1_49' title="bbox 543 471 2208 555">
    <p class='ocr_par' dir='ltr' id='par_1_49' title="bbox 543 471 2208 555">
     <span class='ocr_line' id='line_1_50' title="bbox 543 471 2208 555; baseline 0.011 -28"><span class='ocrx_word' id='word_1_352' title='bbox 543 471 652 529; x_wconf 86' lang='lat' dir='ltr'><strong>niis</strong></span> <span class='ocrx_word' id='word_1_353' title='bbox 690 473 946 532; x_wconf 88' lang='lat' dir='ltr'><strong>condolet</strong></span> <span class='ocrx_word' id='word_1_354' title='bbox 997 478 1377 549; x_wconf 88' lang='lat' dir='ltr'><strong>quorumdam,</strong></span> <span class='ocrx_word' id='word_1_355' title='bbox 1423 496 1612 540; x_wconf 89' lang='lat' dir='ltr'><strong>eorum</strong></span> <span class='ocrx_word' id='word_1_356' title='bbox 1667 486 1846 542; x_wconf 88' lang='lat' dir='ltr'><strong>minus</strong></span> <span class='ocrx_word' id='word_1_357' title='bbox 1880 485 2128 553; x_wconf 59' lang='lat' dir='ltr'><strong>:tolerare</strong></span> <span class='ocrx_word' id='word_1_358' title='bbox 2154 494 2208 555; x_wconf 82' lang='grc' dir='ltr'><strong>Α</strong></span> 
     </span>
    </p>
   </div>
   <div class='ocr_carea' id='block_1_50' title="bbox 3714 403 3820 463">
    <p class='ocr_par' dir='ltr' id='par_1_50' title="bbox 3714 403 3820 463">
     <span class='ocr_line' id='line_1_51' title="bbox 3714 403 3820 463; baseline 0.019 -2"><span class='ocrx_word' id='word_1_359' title='bbox 3714 403 3820 463; x_wconf 70' lang='lat'><strong>57‘</strong></span> 
     </span>
    </p>
   </div>
   <div class='ocr_carea' id='block_1_51' title="bbox 2387 496 3540 571">
    <p class='ocr_par' dir='ltr' id='par_1_51' title="bbox 2387 496 3540 571">
     <span class='ocr_line' id='line_1_52' title="bbox 2387 496 3540 571; baseline 0.017 -26"><span class='ocrx_word' id='word_1_360' title='bbox 2387 496 2520 571; x_wconf 63' lang='lat' dir='ltr'><strong>lii-lt,</strong></span> <span class='ocrx_word' id='word_1_361' title='bbox 2548 503 2637 561; x_wconf 81' lang='lat' dir='ltr'><strong>alt,</strong></span> <span class='ocrx_word' id='word_1_362' title='bbox 2658 502 2847 571; x_wconf 81' lang='lat' dir='ltr'><strong>fulgore</strong></span> <span class='ocrx_word' id='word_1_363' title='bbox 2866 517 2975 571; x_wconf 81' lang='lat' dir='ltr'><strong>suo,</strong></span> <span class='ocrx_word' id='word_1_364' title='bbox 2999 508 3084 571; x_wconf 85' lang='lat' dir='ltr'><strong>qui</strong></span> <span class='ocrx_word' id='word_1_365' title='bbox 3114 516 3386 571; x_wconf 65' lang='lat' dir='ltr'><strong>pragravat</strong></span> <span class='ocrx_word' id='word_1_366' title='bbox 3406 519 3540 564; x_wconf 77' lang='lat' dir='ltr'><strong>artes</strong></span> 
     </span>
    </p>
   </div>
   <div class='ocr_carea' id='block_1_52' title="bbox 2393 559 3568 629">
    <p class='ocr_par' dir='ltr' id='par_1_52' title="bbox 2393 559 3568 629">
     <span class='ocr_line' id='line_1_53' title="bbox 2393 559 3568 629; baseline 0.014 -19"><span class='ocrx_word' id='word_1_367' title='bbox 2393 559 2522 612; x_wconf 85' lang='lat' dir='ltr'><strong>infra</strong></span> <span class='ocrx_word' id='word_1_368' title='bbox 2543 575 2602 615; x_wconf 90' lang='lat' dir='ltr'><strong>se</strong></span> <span class='ocrx_word' id='word_1_369' title='bbox 2623 559 2827 629; x_wconf 62' lang='lat' dir='ltr'><strong>postia,</strong></span> <span class='ocrx_word' id='word_1_370' title='bbox 2852 559 3127 621; x_wconf 72' lang='lat' dir='ltr'><strong>exstin&#39;ctus&#39;</strong></span> <span class='ocrx_word' id='word_1_371' title='bbox 3153 559 3392 625; x_wconf 63' lang='lat' dir='ltr'><strong>amabitur</strong></span> <span class='ocrx_word' id='word_1_372' title='bbox 3408 559 3568 627; x_wconf 57' lang='lat' dir='ltr'><strong>idem.</strong></span> 
     </span>
    </p>
   </div>
   <div class='ocr_carea' id='block_1_53' title="bbox 2560 628 3525 699">
    <p class='ocr_par' dir='ltr' id='par_1_53' title="bbox 2560 628 3525 699">
     <span class='ocr_line' id='line_1_54' title="bbox 2560 628 3525 699; baseline 0.005 -16"><span class='ocrx_word' id='word_1_373' title='bbox 2560 656 2565 661; x_wconf 60' lang='grc' dir='ltr'>ε</span> <span class='ocrx_word' id='word_1_374' title='bbox 2630 628 2635 629; x_wconf 26' lang='grc' dir='ltr'>ί</span> <span class='ocrx_word' id='word_1_375' title='bbox 2786 628 3015 693; x_wconf 59' lang='lat' dir='ltr'><strong>(Bonan,</strong></span> <span class='ocrx_word' id='word_1_376' title='bbox 3041 631 3076 685; x_wconf 88' lang='grc' dir='ltr'><strong>Ι.</strong></span> <span class='ocrx_word' id='word_1_377' title='bbox 3109 647 3156 692; x_wconf 89' lang='grc' dir='ltr'><strong>ιι,</strong></span> <span class='ocrx_word' id='word_1_378' title='bbox 3175 647 3253 698; x_wconf 91' lang='lat' dir='ltr'><strong>ep.</strong></span> <span class='ocrx_word' id='word_1_379' title='bbox 3278 635 3329 699; x_wconf 83' lang='grc'><strong>1,</strong></span> <span class='ocrx_word' id='word_1_380' title='bbox 3352 649 3402 687; x_wconf 88' lang='lat' dir='ltr'><strong>v.</strong></span> <span class='ocrx_word' id='word_1_381' title='bbox 3432 635 3525 688; x_wconf 56' lang='lat' dir='ltr'><strong>l3.‘</strong></span> 
     </span>
    </p>
   </div>
   <div class='ocr_carea' id='block_1_54' title="bbox 2234 705 3820 796">
    <p class='ocr_par' dir='ltr' id='par_1_54' title="bbox 2234 705 3820 796">
     <span class='ocr_line' id='line_1_55' title="bbox 2234 705 3820 796; baseline 0.014 -35"><span class='ocrx_word' id='word_1_382' title='bbox 2234 705 2454 765; x_wconf 86' lang='lat' dir='ltr'><strong>Noverit</strong></span> <span class='ocrx_word' id='word_1_383' title='bbox 2484 726 2613 768; x_wconf 91' lang='lat' dir='ltr'><strong>sane</strong></span> <span class='ocrx_word' id='word_1_384' title='bbox 2657 727 2846 770; x_wconf 90' lang='lat' dir='ltr'><strong>eorum</strong></span> <span class='ocrx_word' id='word_1_385' title='bbox 2881 725 2992 772; x_wconf 90' lang='lat' dir='ltr'><strong>tam</strong></span> <span class='ocrx_word' id='word_1_386' title='bbox 3034 718 3395 790; x_wconf 87' lang='lat' dir='ltr'><strong>improbator,</strong></span> <span class='ocrx_word' id='word_1_387' title='bbox 3423 738 3589 794; x_wconf 92' lang='lat' dir='ltr'><strong>quam</strong></span> <span class='ocrx_word' id='word_1_388' title='bbox 3622 722 3820 796; x_wconf 83' lang='lat' dir='ltr'><strong>factor,</strong></span> 
     </span>
    </p>
   </div>
   <div class='ocr_carea' id='block_1_55' title="bbox 2232 801 3821 889">
    <p class='ocr_par' dir='ltr' id='par_1_55' title="bbox 2232 801 3821 889">
     <span class='ocr_line' id='line_1_56' title="bbox 2232 801 3821 889; baseline 0.012 -34"><span class='ocrx_word' id='word_1_389' title='bbox 2232 801 2532 873; x_wconf 85' lang='lat' dir='ltr'><strong>neglector,</strong></span> <span class='ocrx_word' id='word_1_390' title='bbox 2563 820 2724 877; x_wconf 88' lang='lat' dir='ltr'><strong>quam</strong></span> <span class='ocrx_word' id='word_1_391' title='bbox 2758 806 2948 876; x_wconf 86' lang='lat' dir='ltr'><strong>lector,</strong></span> <span class='ocrx_word' id='word_1_392' title='bbox 2981 810 3156 867; x_wconf 90' lang='lat' dir='ltr'><strong>nullos</strong></span> <span class='ocrx_word' id='word_1_393' title='bbox 3184 812 3238 868; x_wconf 93' lang='lat' dir='ltr'><strong>in</strong></span> <span class='ocrx_word' id='word_1_394' title='bbox 3276 828 3357 877; x_wconf 88' lang='lat' dir='ltr'><strong>re,</strong></span> <span class='ocrx_word' id='word_1_395' title='bbox 3387 829 3554 886; x_wconf 88' lang='lat' dir='ltr'><strong>quam</strong></span> <span class='ocrx_word' id='word_1_396' title='bbox 3582 819 3821 889; x_wconf 82' lang='lat' dir='ltr'><strong>sumpsi-</strong></span> 
     </span>
    </p>
   </div>
   <div class='ocr_carea' id='block_1_56' title="bbox 2233 896 3824 980">
    <p class='ocr_par' dir='ltr' id='par_1_56' title="bbox 2233 896 3824 980">
     <span class='ocr_line' id='line_1_57' title="bbox 2233 896 3824 980; baseline 0.013 -33"><span class='ocrx_word' id='word_1_397' title='bbox 2233 908 2376 960; x_wconf 90' lang='lat' dir='ltr'><strong>mus,</strong></span> <span class='ocrx_word' id='word_1_398' title='bbox 2425 896 2633 966; x_wconf 87' lang='lat' dir='ltr'><strong>agenda</strong></span> <span class='ocrx_word' id='word_1_399' title='bbox 2673 897 2923 956; x_wconf 90' lang='lat' dir='ltr'><strong>invenire</strong></span> <span class='ocrx_word' id='word_1_400' title='bbox 2970 901 3218 960; x_wconf 90' lang='lat' dir='ltr'><strong>moderni</strong></span> <span class='ocrx_word' id='word_1_401' title='bbox 3261 906 3521 977; x_wconf 90' lang='lat' dir='ltr'><strong>temporis</strong></span> <span class='ocrx_word' id='word_1_402' title='bbox 3557 921 3617 963; x_wconf 87' lang='lat' dir='ltr'><strong>se</strong></span> <span class='ocrx_word' id='word_1_403' title='bbox 3664 923 3824 980; x_wconf 80' lang='lat' dir='ltr'><strong>posse</strong></span> 
     </span>
    </p>
   </div>
   <div class='ocr_carea' id='block_1_57' title="bbox 2233 985 3823 1065">
    <p class='ocr_par' dir='ltr' id='par_1_57' title="bbox 2233 985 3823 1065">
     <span class='ocr_line' id='line_1_58' title="bbox 2233 985 3823 1065; baseline 0.011 -25"><span class='ocrx_word' id='word_1_404' title='bbox 2233 985 2568 1045; x_wconf 83' lang='lat' dir='ltr'><strong>calamitosis</strong></span> <span class='ocrx_word' id='word_1_405' title='bbox 2609 989 2858 1047; x_wconf 90' lang='lat' dir='ltr'><strong>utiliores</strong></span> <span class='ocrx_word' id='word_1_406' title='bbox 2914 992 3183 1065; x_wconf 81' lang='lat' dir='ltr'><strong>episcopis</strong></span> <span class='ocrx_word' id='word_1_407' title='bbox 3229 994 3474 1065; x_wconf 88' lang='lat' dir='ltr'><strong>libellos;</strong></span> <span class='ocrx_word' id='word_1_408' title='bbox 3525 1013 3630 1055; x_wconf 89' lang='lat' dir='ltr'><strong>nec</strong></span> <span class='ocrx_word' id='word_1_409' title='bbox 3686 1000 3823 1058; x_wconf 91' lang='lat' dir='ltr'><strong>adeo</strong></span> 
     </span>
    </p>
   </div>
   <div class='ocr_carea' id='block_1_58' title="bbox 2236 1081 3824 1159">
    <p class='ocr_par' dir='ltr' id='par_1_58' title="bbox 2236 1081 3824 1159">
     <span class='ocr_line' id='line_1_59' title="bbox 2236 1081 3824 1159; baseline 0.009 -25"><span class='ocrx_word' id='word_1_410' title='bbox 2236 1087 2413 1136; x_wconf 88' lang='lat' dir='ltr'><strong>tamen</strong></span> <span class='ocrx_word' id='word_1_411' title='bbox 2468 1081 2684 1137; x_wconf 83' lang='lat' dir='ltr'><strong>caeteris</strong></span> <span class='ocrx_word' id='word_1_412' title='bbox 2750 1098 2968 1154; x_wconf 88' lang='lat' dir='ltr'><strong>quoque</strong></span> <span class='ocrx_word' id='word_1_413' title='bbox 3020 1087 3230 1143; x_wconf 90' lang='lat' dir='ltr'><strong>artibus</strong></span> <span class='ocrx_word' id='word_1_414' title='bbox 3278 1096 3441 1159; x_wconf 90' lang='lat' dir='ltr'><strong>atque</strong></span> <span class='ocrx_word' id='word_1_415' title='bbox 3495 1092 3824 1149; x_wconf 82' lang='lat' dir='ltr'><strong>utilitatibus</strong></span> 
     </span>
    </p>
   </div>
   <div class='ocr_carea' id='block_1_59' title="bbox 2233 1174 3826 1249">
    <p class='ocr_par' dir='ltr' id='par_1_59' title="bbox 2233 1174 3826 1249">
     <span class='ocr_line' id='line_1_60' title="bbox 2233 1174 3826 1249; baseline 0.011 -24"><span class='ocrx_word' id='word_1_416' title='bbox 2233 1180 2506 1240; x_wconf 82' lang='lat' dir='ltr'><strong>expertes,</strong></span> <span class='ocrx_word' id='word_1_417' title='bbox 2559 1180 2619 1227; x_wconf 89' lang='lat' dir='ltr'><strong>ut</strong></span> <span class='ocrx_word' id='word_1_418' title='bbox 2663 1187 2768 1229; x_wconf 89' lang='lat' dir='ltr'><strong>non</strong></span> <span class='ocrx_word' id='word_1_419' title='bbox 2808 1174 2986 1231; x_wconf 91' lang='lat' dir='ltr'><strong>valeat</strong></span> <span class='ocrx_word' id='word_1_420' title='bbox 3027 1177 3093 1233; x_wconf 91' lang='lat' dir='ltr'><strong>de</strong></span> <span class='ocrx_word' id='word_1_421' title='bbox 3135 1178 3462 1249; x_wconf 88' lang='lat' dir='ltr'><strong>quibusdam</strong></span> <span class='ocrx_word' id='word_1_422' title='bbox 3505 1182 3826 1242; x_wconf 75' lang='lat' dir='ltr'><strong>diﬁicillime</strong></span> 
     </span>
    </p>
   </div>
   <div class='ocr_carea' id='block_1_60' title="bbox 2234 1260 3827 1339">
    <p class='ocr_par' dir='ltr' id='par_1_60' title="bbox 2234 1260 3827 1339">
     <span class='ocr_line' id='line_1_61' title="bbox 2234 1260 3827 1339; baseline 0.011 -24"><span class='ocrx_word' id='word_1_423' title='bbox 2234 1260 2340 1317; x_wconf 90' lang='lat' dir='ltr'><strong>alio</strong></span> <span class='ocrx_word' id='word_1_424' title='bbox 2392 1261 2731 1320; x_wconf 88' lang='lat' dir='ltr'><strong>inveniendis</strong></span> <span class='ocrx_word' id='word_1_425' title='bbox 2781 1267 3187 1337; x_wconf 88' lang='lat' dir='ltr'><strong>promptissima</strong></span> <span class='ocrx_word' id='word_1_426' title='bbox 3241 1269 3296 1324; x_wconf 92' lang='lat' dir='ltr'><strong>in</strong></span> <span class='ocrx_word' id='word_1_427' title='bbox 3351 1272 3467 1339; x_wconf 88' lang='lat' dir='ltr'><strong>eis,</strong></span> <span class='ocrx_word' id='word_1_428' title='bbox 3533 1273 3641 1330; x_wconf 88' lang='lat' dir='ltr'><strong>nisi</strong></span> <span class='ocrx_word' id='word_1_429' title='bbox 3686 1274 3827 1332; x_wconf 85' lang='lat' dir='ltr'><strong>desit</strong></span> 
     </span>
    </p>
   </div>
   <div class='ocr_carea' id='block_1_61' title="bbox 2235 1357 3826 1439">
    <p class='ocr_par' dir='ltr' id='par_1_61' title="bbox 2235 1357 3826 1439">
     <span class='ocr_line' id='line_1_62' title="bbox 2235 1357 3826 1439; baseline 0.006 -27"><span class='ocrx_word' id='word_1_430' title='bbox 2235 1357 2498 1425; x_wconf 88' lang='lat' dir='ltr'><strong>studium,</strong></span> <span class='ocrx_word' id='word_1_431' title='bbox 2533 1374 2751 1431; x_wconf 88' lang='lat' dir='ltr'><strong>quoque</strong></span> <span class='ocrx_word' id='word_1_432' title='bbox 2798 1361 3034 1418; x_wconf 90' lang='lat' dir='ltr'><strong>inveniri</strong></span> <span class='ocrx_word' id='word_1_433' title='bbox 3062 1363 3330 1419; x_wconf 89' lang='lat' dir='ltr'><strong>doctrina.</strong></span> <span class='ocrx_word' id='word_1_434' title='bbox 3377 1363 3477 1420; x_wconf 86' lang='lat' dir='ltr'><strong>Cui</strong></span> <span class='ocrx_word' id='word_1_435' title='bbox 3525 1365 3677 1420; x_wconf 85' lang='lat' dir='ltr'><strong>enim</strong></span> <span class='ocrx_word' id='word_1_436' title='bbox 3712 1366 3826 1439; x_wconf 86' lang='lat' dir='ltr'><strong>epi-</strong></span> 
     </span>
    </p>
   </div>
   <div class='ocr_carea' id='block_1_62' title="bbox 2234 1455 3825 1522">
    <p class='ocr_par' dir='ltr' id='par_1_62' title="bbox 2234 1455 3825 1522">
     <span class='ocr_line' id='line_1_63' title="bbox 2234 1455 3825 1522; baseline 0.007 -18"><span class='ocrx_word' id='word_1_437' title='bbox 2234 1463 2523 1521; x_wconf 88' lang='lat' dir='ltr'><strong>scoporum</strong></span> <span class='ocrx_word' id='word_1_438' title='bbox 2555 1455 2905 1522; x_wconf 87' lang='lat' dir='ltr'><strong>capessendae</strong></span> <span class='ocrx_word' id='word_1_439' title='bbox 2947 1455 3192 1511; x_wconf 64' lang='lat' dir='ltr'><strong>victoriae</strong></span> <span class='ocrx_word' id='word_1_440' title='bbox 3239 1457 3504 1513; x_wconf 87' lang='lat' dir='ltr'><strong>canonico</strong></span> <span class='ocrx_word' id='word_1_441' title='bbox 3542 1458 3600 1513; x_wconf 92' lang='lat' dir='ltr'><strong>in</strong></span> <span class='ocrx_word' id='word_1_442' title='bbox 3652 1469 3825 1515; x_wconf 85' lang='lat' dir='ltr'><strong>certa-</strong></span> 
     </span>
    </p>
   </div>
   <div class='ocr_carea' id='block_1_63' title="bbox 2236 1542 3824 1622">
    <p class='ocr_par' dir='ltr' id='par_1_63' title="bbox 2236 1542 3824 1622">
     <span class='ocr_line' id='line_1_64' title="bbox 2236 1542 3824 1622; baseline 0.008 -26"><span class='ocrx_word' id='word_1_443' title='bbox 2236 1542 2385 1597; x_wconf 87' lang='lat' dir='ltr'><strong>mine</strong></span> <span class='ocrx_word' id='word_1_444' title='bbox 2409 1544 2602 1613; x_wconf 86' lang='lat' dir='ltr'><strong>quovis</strong></span> <span class='ocrx_word' id='word_1_445' title='bbox 2630 1553 2819 1601; x_wconf 89' lang='lat' dir='ltr'><strong>contra</strong></span> <span class='ocrx_word' id='word_1_446' title='bbox 2856 1547 3201 1605; x_wconf 84' lang='lat' dir='ltr'><strong>adversarios</strong></span> <span class='ocrx_word' id='word_1_447' title='bbox 3233 1549 3453 1622; x_wconf 86' lang='lat' dir='ltr'><strong>copiose</strong></span> <span class='ocrx_word' id='word_1_448' title='bbox 3498 1566 3608 1607; x_wconf 88' lang='lat' dir='ltr'><strong>non</strong></span> <span class='ocrx_word' id='word_1_449' title='bbox 3642 1551 3824 1609; x_wconf 84' lang='lat' dir='ltr'><strong>ferunt</strong></span> 
     </span>
    </p>
   </div>
   <div class='ocr_carea' id='block_1_64' title="bbox 2235 1633 3823 1715">
    <p class='ocr_par' dir='ltr' id='par_1_64' title="bbox 2235 1633 3823 1715">
     <span class='ocr_line' id='line_1_65' title="bbox 2235 1633 3823 1715; baseline 0.008 -27"><span class='ocrx_word' id='word_1_450' title='bbox 2235 1633 2342 1689; x_wconf 88' lang='lat' dir='ltr'><strong>ista</strong></span> <span class='ocrx_word' id='word_1_451' title='bbox 2367 1633 2724 1707; x_wconf 76' lang='lat' dir='ltr'><strong>suﬁ&#39;ragium?</strong></span> <span class='ocrx_word' id='word_1_452' title='bbox 2750 1636 2865 1694; x_wconf 85' lang='lat' dir='ltr'><strong>Non</strong></span> <span class='ocrx_word' id='word_1_453' title='bbox 2896 1638 3104 1707; x_wconf 85' lang='lat' dir='ltr'><strong>tulisse,</strong></span> <span class='ocrx_word' id='word_1_454' title='bbox 3131 1638 3329 1709; x_wconf 88' lang='lat' dir='ltr'><strong>fateor,</strong></span> <span class='ocrx_word' id='word_1_455' title='bbox 3360 1640 3567 1699; x_wconf 88' lang='lat' dir='ltr'><strong>valebit</strong></span> <span class='ocrx_word' id='word_1_456' title='bbox 3594 1659 3823 1715; x_wconf 87' lang='lat' dir='ltr'><strong>usquam</strong></span> 
     </span>
    </p>
   </div>
   <div class='ocr_carea' id='block_1_65' title="bbox 2235 1726 3825 1801">
    <p class='ocr_par' dir='ltr' id='par_1_65' title="bbox 2235 1726 3825 1801">
     <span class='ocr_line' id='line_1_66' title="bbox 2235 1726 3825 1801; baseline 0.008 -21"><span class='ocrx_word' id='word_1_457' title='bbox 2235 1726 2476 1797; x_wconf 81' lang='lat' dir='ltr'><strong>gentium</strong></span> <span class='ocrx_word' id='word_1_458' title='bbox 2517 1728 2662 1798; x_wconf 91' lang='lat' dir='ltr'><strong>quod</strong></span> <span class='ocrx_word' id='word_1_459' title='bbox 2701 1738 2807 1796; x_wconf 90' lang='lat' dir='ltr'><strong>est,</strong></span> <span class='ocrx_word' id='word_1_460' title='bbox 2858 1730 2904 1787; x_wconf 90' lang='lat' dir='ltr'><strong>si</strong></span> <span class='ocrx_word' id='word_1_461' title='bbox 2945 1732 3119 1789; x_wconf 90' lang='lat' dir='ltr'><strong>aderit</strong></span> <span class='ocrx_word' id='word_1_462' title='bbox 3160 1742 3330 1801; x_wconf 90' lang='lat' dir='ltr'><strong>certe,</strong></span> <span class='ocrx_word' id='word_1_463' title='bbox 3373 1734 3478 1791; x_wconf 92' lang='lat' dir='ltr'><strong>hoc</strong></span> <span class='ocrx_word' id='word_1_464' title='bbox 3526 1736 3609 1791; x_wconf 93' lang='lat' dir='ltr'><strong>uti</strong></span> <span class='ocrx_word' id='word_1_465' title='bbox 3648 1745 3708 1792; x_wconf 89' lang='lat' dir='ltr'><strong>et</strong></span> <span class='ocrx_word' id='word_1_466' title='bbox 3732 1739 3825 1793; x_wconf 91' lang='lat' dir='ltr'><strong>ob-</strong></span> 
     </span>
    </p>
   </div>
   <div class='ocr_carea' id='block_1_66' title="bbox 2234 1819 3823 1898">
    <p class='ocr_par' dir='ltr' id='par_1_66' title="bbox 2234 1819 3823 1898">
     <span class='ocr_line' id='line_1_67' title="bbox 2234 1819 3823 1898; baseline 0.006 -23"><span class='ocrx_word' id='word_1_467' title='bbox 2234 1834 2393 1875; x_wconf 89' lang='lat' dir='ltr'><strong>scure</strong></span> <span class='ocrx_word' id='word_1_468' title='bbox 2449 1819 2646 1886; x_wconf 91' lang='lat' dir='ltr'><strong>dicam,</strong></span> <span class='ocrx_word' id='word_1_469' title='bbox 2696 1821 2983 1879; x_wconf 85' lang='lat' dir='ltr'><strong>librorum.</strong></span> <span class='ocrx_word' id='word_1_470' title='bbox 3035 1823 3291 1883; x_wconf 86' lang='lat' dir='ltr'><strong>Facessat</strong></span> <span class='ocrx_word' id='word_1_471' title='bbox 3332 1840 3464 1898; x_wconf 87' lang='lat' dir='ltr'><strong>ergo</strong></span> <span class='ocrx_word' id='word_1_472' title='bbox 3524 1828 3731 1883; x_wconf 89' lang='lat' dir='ltr'><strong>nodum</strong></span> <span class='ocrx_word' id='word_1_473' title='bbox 3774 1829 3823 1884; x_wconf 92' lang='lat' dir='ltr'><strong>in</strong></span> 
     </span>
    </p>
   </div>
   <div class='ocr_carea' id='block_1_67' title="bbox 2233 2005 3827 2085">
    <p class='ocr_par' dir='ltr' id='par_1_67' title="bbox 2233 2005 3827 2085">
     <span class='ocr_line' id='line_1_68' title="bbox 2233 2005 3827 2085; baseline 0.007 -24"><span class='ocrx_word' id='word_1_474' title='bbox 2233 2005 2434 2062; x_wconf 89' lang='lat' dir='ltr'><strong>invidia</strong></span> <span class='ocrx_word' id='word_1_475' title='bbox 2459 2047 2475 2074; x_wconf 93' lang='lat'><strong>,</strong></span> <span class='ocrx_word' id='word_1_476' title='bbox 2524 2022 2731 2080; x_wconf 91' lang='lat' dir='ltr'><strong>nosque</strong></span> <span class='ocrx_word' id='word_1_477' title='bbox 2781 2021 3076 2084; x_wconf 86' lang='lat' dir='ltr'><strong>cognoscat</strong></span> <span class='ocrx_word' id='word_1_478' title='bbox 3120 2013 3354 2069; x_wconf 90' lang='lat' dir='ltr'><strong>obscure</strong></span> <span class='ocrx_word' id='word_1_479' title='bbox 3391 2016 3647 2085; x_wconf 86' lang='lat' dir='ltr'><strong>quaedam</strong></span> <span class='ocrx_word' id='word_1_480' title='bbox 3695 2017 3827 2072; x_wconf 87' lang='lat' dir='ltr'><strong>meis</strong></span> 
     </span>
    </p>
   </div>
   <div class='ocr_carea' id='block_1_68' title="bbox 2231 2096 3824 2171">
    <p class='ocr_par' dir='ltr' id='par_1_68' title="bbox 2231 2096 3824 2171">
     <span class='ocr_line' id='line_1_69' title="bbox 2231 2096 3824 2171; baseline 0.008 -20"><span class='ocrx_word' id='word_1_481' title='bbox 2231 2096 2380 2153; x_wconf 88' lang='lat' dir='ltr'><strong>serio</strong></span> <span class='ocrx_word' id='word_1_482' title='bbox 2406 2098 2677 2169; x_wconf 89' lang='lat' dir='ltr'><strong>posuisse,</strong></span> <span class='ocrx_word' id='word_1_483' title='bbox 2718 2111 3053 2171; x_wconf 57' lang='lat' dir='ltr'><strong>quaedamen</strong></span> <span class='ocrx_word' id='word_1_484' title='bbox 3077 2104 3376 2162; x_wconf 84' lang='lat' dir='ltr'><strong>dilueidare</strong></span> <span class='ocrx_word' id='word_1_485' title='bbox 3401 2115 3649 2161; x_wconf 87' lang='lat' dir='ltr'><strong>actutum</strong></span> <span class='ocrx_word' id='word_1_486' title='bbox 3681 2111 3824 2163; x_wconf 86' lang='lat' dir='ltr'><strong>vale-</strong></span> 
     </span>
    </p>
   </div>
   <div class='ocr_carea' id='block_1_69' title="bbox 2231 2187 3827 2255">
    <p class='ocr_par' dir='ltr' id='par_1_69' title="bbox 2231 2187 3827 2255">
     <span class='ocr_line' id='line_1_70' title="bbox 2231 2187 3827 2255; baseline 0.006 -10"><span class='ocrx_word' id='word_1_487' title='bbox 2231 2187 2336 2255; x_wconf 91' lang='lat' dir='ltr'><strong>bit,</strong></span> <span class='ocrx_word' id='word_1_488' title='bbox 2386 2189 2431 2245; x_wconf 88' lang='lat' dir='ltr'><strong>si</strong></span> <span class='ocrx_word' id='word_1_489' title='bbox 2459 2200 2890 2248; x_wconf 89' lang='lat' dir='ltr'><strong>constructorem</strong></span> <span class='ocrx_word' id='word_1_490' title='bbox 2940 2194 3266 2252; x_wconf 87' lang='lat' dir='ltr'><strong>industrium</strong></span> <span class='ocrx_word' id='word_1_491' title='bbox 3303 2211 3369 2253; x_wconf 90' lang='lat' dir='ltr'><strong>ac</strong></span> <span class='ocrx_word' id='word_1_492' title='bbox 3394 2198 3701 2253; x_wconf 89' lang='lat' dir='ltr'><strong>studiosum</strong></span> <span class='ocrx_word' id='word_1_493' title='bbox 3731 2200 3827 2255; x_wconf 86' lang='lat' dir='ltr'><strong>ba-</strong></span> 
     </span>
    </p>
   </div>
   <div class='ocr_carea' id='block_1_70' title="bbox 2232 2281 3829 2363">
    <p class='ocr_par' dir='ltr' id='par_1_70' title="bbox 2232 2281 3829 2363">
     <span class='ocr_line' id='line_1_71' title="bbox 2232 2281 3829 2363; baseline 0.005 -25"><span class='ocrx_word' id='word_1_494' title='bbox 2232 2281 2404 2339; x_wconf 91' lang='lat' dir='ltr'><strong>bebit.</strong></span> <span class='ocrx_word' id='word_1_495' title='bbox 2435 2283 2679 2355; x_wconf 82' lang='lat' dir='ltr'><strong>Excepto</strong></span> <span class='ocrx_word' id='word_1_496' title='bbox 2703 2286 2902 2359; x_wconf 90' lang='lat' dir='ltr'><strong>quippe</strong></span> <span class='ocrx_word' id='word_1_497' title='bbox 2926 2289 3070 2359; x_wconf 89' lang='lat' dir='ltr'><strong>quod</strong></span> <span class='ocrx_word' id='word_1_498' title='bbox 3111 2289 3357 2351; x_wconf 81' lang='lat' dir='ltr'><strong>materia:</strong></span> <span class='ocrx_word' id='word_1_499' title='bbox 3383 2289 3696 2362; x_wconf 85' lang='lat' dir='ltr'><strong>ignorantia</strong></span> <span class='ocrx_word' id='word_1_500' title='bbox 3723 2291 3829 2363; x_wconf 86' lang='lat' dir='ltr'><strong>ple-</strong></span> 
     </span>
    </p>
   </div>
   <div class='ocr_carea' id='block_1_71' title="bbox 2233 2377 3831 2453">
    <p class='ocr_par' dir='ltr' id='par_1_71' title="bbox 2233 2377 3831 2453">
     <span class='ocr_line' id='line_1_72' title="bbox 2233 2377 3831 2453; baseline 0.006 -25"><span class='ocrx_word' id='word_1_501' title='bbox 2233 2389 2487 2445; x_wconf 87' lang='lat' dir='ltr'><strong>rumque,</strong></span> <span class='ocrx_word' id='word_1_502' title='bbox 2519 2384 2577 2432; x_wconf 91' lang='lat' dir='ltr'><strong>ut</strong></span> <span class='ocrx_word' id='word_1_503' title='bbox 2608 2377 2663 2432; x_wconf 92' lang='lat' dir='ltr'><strong>in</strong></span> <span class='ocrx_word' id='word_1_504' title='bbox 2701 2379 2915 2434; x_wconf 60' lang='lat' dir='ltr'><strong>caeteris</strong></span> <span class='ocrx_word' id='word_1_505' title='bbox 2963 2379 3139 2446; x_wconf 88' lang='lat' dir='ltr'><strong>libris,</strong></span> <span class='ocrx_word' id='word_1_506' title='bbox 3172 2380 3262 2435; x_wconf 92' lang='lat' dir='ltr'><strong>hic</strong></span> <span class='ocrx_word' id='word_1_507' title='bbox 3306 2380 3487 2435; x_wconf 88' lang='lat' dir='ltr'><strong>reddit</strong></span> <span class='ocrx_word' id='word_1_508' title='bbox 3524 2381 3831 2453; x_wconf 83' lang='lat' dir='ltr'><strong>intelligen-</strong></span> 
     </span>
    </p>
   </div>
   <div class='ocr_carea' id='block_1_72' title="bbox 2234 2456 3830 2542">
    <p class='ocr_par' dir='ltr' id='par_1_72' title="bbox 2234 2456 3830 2542">
     <span class='ocr_line' id='line_1_73' title="bbox 2234 2456 3830 2542; baseline 0.005 -22"><span class='ocrx_word' id='word_1_509' title='bbox 2234 2463 2323 2520; x_wconf 74' lang='lat' dir='ltr'><strong>tiae</strong></span> <span class='ocrx_word' id='word_1_510' title='bbox 2345 2456 2743 2535; x_wconf 75' lang='lat' dir='ltr'><strong>diﬂlcultatein;</strong></span> <span class='ocrx_word' id='word_1_511' title='bbox 2771 2477 2986 2537; x_wconf 87' lang='lat' dir='ltr'><strong>constat</strong></span> <span class='ocrx_word' id='word_1_512' title='bbox 3006 2485 3130 2527; x_wconf 91' lang='lat' dir='ltr'><strong>eum</strong></span> <span class='ocrx_word' id='word_1_513' title='bbox 3153 2471 3318 2542; x_wconf 72' lang='lat'><strong>228</strong></span> <span class='ocrx_word' id='word_1_514' title='bbox 3337 2473 3696 2528; x_wconf 86' lang='lat' dir='ltr'><strong>construendi</strong></span> <span class='ocrx_word' id='word_1_515' title='bbox 3716 2471 3830 2529; x_wconf 90' lang='lat' dir='ltr'><strong>fore</strong></span> 
     </span>
    </p>
   </div>
   <div class='ocr_carea' id='block_1_73' title="bbox 2232 2560 3831 2634">
    <p class='ocr_par' dir='ltr' id='par_1_73' title="bbox 2232 2560 3831 2634">
     <span class='ocr_line' id='line_1_74' title="bbox 2232 2560 3831 2634; baseline 0.006 -21"><span class='ocrx_word' id='word_1_516' title='bbox 2232 2570 2459 2628; x_wconf 90' lang='lat' dir='ltr'><strong>prorsus</strong></span> <span class='ocrx_word' id='word_1_517' title='bbox 2486 2560 2758 2632; x_wconf 88' lang='lat' dir='ltr'><strong>ignarum.</strong></span> <span class='ocrx_word' id='word_1_518' title='bbox 2793 2571 3041 2620; x_wconf 91' lang='lat' dir='ltr'><strong>nostrum</strong></span> <span class='ocrx_word' id='word_1_519' title='bbox 3079 2563 3339 2622; x_wconf 86' lang='lat' dir='ltr'><strong>diﬂitetur</strong></span> <span class='ocrx_word' id='word_1_520' title='bbox 3379 2565 3474 2634; x_wconf 87' lang='lat' dir='ltr'><strong>qui</strong></span> <span class='ocrx_word' id='word_1_521' title='bbox 3526 2582 3587 2623; x_wconf 89' lang='lat' dir='ltr'><strong>se</strong></span> <span class='ocrx_word' id='word_1_522' title='bbox 3629 2566 3831 2622; x_wconf 86' lang='lat' dir='ltr'><strong>intelli-</strong></span> 
     </span>
    </p>
   </div>
   <div class='ocr_carea' id='block_1_74' title="bbox 2233 2651 3828 2731">
    <p class='ocr_par' dir='ltr' id='par_1_74' title="bbox 2233 2651 3828 2731">
     <span class='ocr_line' id='line_1_75' title="bbox 2233 2651 3828 2731; baseline 0.004 -26"><span class='ocrx_word' id='word_1_523' title='bbox 2233 2663 2383 2720; x_wconf 89' lang='lat' dir='ltr'><strong>gere.</strong></span> <span class='ocrx_word' id='word_1_524' title='bbox 2422 2691 2435 2706; x_wconf 94' lang='lat'><strong>.</strong></span> <span class='ocrx_word' id='word_1_525' title='bbox 2481 2690 2498 2706; x_wconf 91' lang='lat'><strong>.</strong></span> <span class='ocrx_word' id='word_1_526' title='bbox 2542 2689 2558 2705; x_wconf 93' lang='lat'><strong>.</strong></span> <span class='ocrx_word' id='word_1_527' title='bbox 2598 2666 2612 2706; x_wconf 87' lang='lat'><strong>&#39;.</strong></span> <span class='ocrx_word' id='word_1_528' title='bbox 2653 2651 2951 2721; x_wconf 90' lang='lat' dir='ltr'><strong>dictatum;</strong></span> <span class='ocrx_word' id='word_1_529' title='bbox 2978 2653 3326 2726; x_wconf 64' lang='lat' dir='ltr'><strong>ignorare&#39;se</strong></span> <span class='ocrx_word' id='word_1_530' title='bbox 3357 2672 3577 2731; x_wconf 89' lang='lat' dir='ltr'><strong>quoque</strong></span> <span class='ocrx_word' id='word_1_531' title='bbox 3604 2655 3828 2727; x_wconf 78' lang='lat' dir='ltr'><strong>fatetur,</strong></span> 
     </span>
    </p>
   </div>
   <div class='ocr_carea' id='block_1_75' title="bbox 2234 2740 3833 2820">
    <p class='ocr_par' dir='ltr' id='par_1_75' title="bbox 2234 2740 3833 2820">
     <span class='ocr_line' id='line_1_76' title="bbox 2234 2740 3833 2820; baseline 0.005 -24"><span class='ocrx_word' id='word_1_532' title='bbox 2234 2740 2364 2811; x_wconf 91' lang='lat' dir='ltr'><strong>quid</strong></span> <span class='ocrx_word' id='word_1_533' title='bbox 2388 2747 2515 2797; x_wconf 90' lang='lat' dir='ltr'><strong>sunt</strong></span> <span class='ocrx_word' id='word_1_534' title='bbox 2537 2741 2754 2811; x_wconf 88' lang='lat' dir='ltr'><strong>penitus</strong></span> <span class='ocrx_word' id='word_1_535' title='bbox 2775 2742 2974 2800; x_wconf 81' lang='lat' dir='ltr'><strong>climax</strong></span> <span class='ocrx_word' id='word_1_536' title='bbox 3007 2744 3182 2819; x_wconf 61' lang='grc' dir='ltr'><strong>(ὀδό),</strong></span> <span class='ocrx_word' id='word_1_537' title='bbox 3208 2762 3412 2820; x_wconf 87' lang='lat' dir='ltr'><strong>syrma,</strong></span> <span class='ocrx_word' id='word_1_538' title='bbox 3445 2759 3500 2803; x_wconf 91' lang='lat' dir='ltr'><strong>et</strong></span> <span class='ocrx_word' id='word_1_539' title='bbox 3536 2747 3833 2818; x_wconf 87' lang='lat' dir='ltr'><strong>parenthe-</strong></span> 
     </span>
    </p>
   </div>
   <div class='ocr_carea' id='block_1_76' title="bbox 2236 2832 3830 2906">
    <p class='ocr_par' dir='ltr' id='par_1_76' title="bbox 2236 2832 3830 2906">
     <span class='ocr_line' id='line_1_77' title="bbox 2236 2832 3830 2906; baseline 0.003 -16"><span class='ocrx_word' id='word_1_540' title='bbox 2236 2832 2333 2902; x_wconf 89' lang='lat' dir='ltr'><strong>sis,</strong></span> <span class='ocrx_word' id='word_1_541' title='bbox 2364 2834 2459 2906; x_wconf 93' lang='lat' dir='ltr'><strong>qui</strong></span> <span class='ocrx_word' id='word_1_542' title='bbox 2484 2834 2602 2891; x_wconf 74' lang='lat' dir='ltr'><strong>hzec</strong></span> <span class='ocrx_word' id='word_1_543' title='bbox 2627 2834 2922 2897; x_wconf 88' lang='lat' dir='ltr'><strong>observare</strong></span> <span class='ocrx_word' id='word_1_544' title='bbox 2949 2838 3152 2896; x_wconf 88' lang='lat' dir='ltr'><strong>nostris</strong></span> <span class='ocrx_word' id='word_1_545' title='bbox 3182 2841 3361 2897; x_wconf 87' lang='lat' dir='ltr'><strong>nescit</strong></span> <span class='ocrx_word' id='word_1_546' title='bbox 3387 2841 3445 2896; x_wconf 89' lang='lat' dir='ltr'><strong>in</strong></span> <span class='ocrx_word' id='word_1_547' title='bbox 3481 2841 3678 2905; x_wconf 87' lang='lat' dir='ltr'><strong>libris;</strong></span> <span class='ocrx_word' id='word_1_548' title='bbox 3715 2839 3830 2895; x_wconf 56' lang='lat' dir='ltr'><strong>fruc</strong></span> 
     </span>
    </p>
   </div>
   <div class='ocr_carea' id='block_1_77' title="bbox 2239 2926 3833 3005">
    <p class='ocr_par' dir='ltr' id='par_1_77' title="bbox 2239 2926 3833 3005">
     <span class='ocr_line' id='line_1_78' title="bbox 2239 2926 3833 3005; baseline 0.005 -23"><span class='ocrx_word' id='word_1_549' title='bbox 2239 2934 2356 2982; x_wconf 89' lang='lat' dir='ltr'><strong>stra</strong></span> <span class='ocrx_word' id='word_1_550' title='bbox 2390 2926 2556 2984; x_wconf 90' lang='lat' dir='ltr'><strong>etiam</strong></span> <span class='ocrx_word' id='word_1_551' title='bbox 2580 2926 2685 2985; x_wconf 85' lang='lat' dir='ltr'><strong>sibi</strong></span> <span class='ocrx_word' id='word_1_552' title='bbox 2716 2938 2933 3003; x_wconf 85' lang='lat' dir='ltr'><strong>arrogat</strong></span> <span class='ocrx_word' id='word_1_553' title='bbox 2974 2929 3320 2999; x_wconf 86' lang='lat' dir='ltr'><strong>latinitatem,</strong></span> <span class='ocrx_word' id='word_1_554' title='bbox 3346 2932 3413 2987; x_wconf 89' lang='lat' dir='ltr'><strong>ad</strong></span> <span class='ocrx_word' id='word_1_555' title='bbox 3459 2932 3590 2989; x_wconf 87' lang='lat' dir='ltr'><strong>talia</strong></span> <span class='ocrx_word' id='word_1_556' title='bbox 3621 2933 3717 3005; x_wconf 85' lang='lat' dir='ltr'><strong>qui</strong></span> <span class='ocrx_word' id='word_1_557' title='bbox 3746 2947 3833 2990; x_wconf 82' lang='lat' dir='ltr'><strong>ca-</strong></span> 
     </span>
    </p>
   </div>
   <div class='ocr_carea' id='block_1_78' title="bbox 2234 3018 3539 3096">
    <p class='ocr_par' dir='ltr' id='par_1_78' title="bbox 2234 3018 3539 3096">
     <span class='ocr_line' id='line_1_79' title="bbox 2234 3018 3539 3096; baseline 0.005 -20"><span class='ocrx_word' id='word_1_558' title='bbox 2234 3019 2431 3092; x_wconf 88' lang='lat' dir='ltr'><strong>pienda</strong></span> <span class='ocrx_word' id='word_1_559' title='bbox 2455 3018 2649 3080; x_wconf 86' lang='lat' dir='ltr'><strong>deesse</strong></span> <span class='ocrx_word' id='word_1_560' title='bbox 2677 3022 2781 3080; x_wconf 89' lang='lat' dir='ltr'><strong>sibi</strong></span> <span class='ocrx_word' id='word_1_561' title='bbox 2815 3024 3170 3096; x_wconf 89' lang='lat' dir='ltr'><strong>conqueritur</strong></span> <span class='ocrx_word' id='word_1_562' title='bbox 3199 3024 3539 3084; x_wconf 86' lang='lat' dir='ltr'><strong>facultatem.</strong></span> 
     </span>
    </p>
   </div>
   <div class='ocr_carea' id='block_1_79' title="bbox 2719 3129 3316 3174">
    <p class='ocr_par' dir='ltr' id='par_1_79' title="bbox 2719 3129 3316 3174">
     <span class='ocr_line' id='line_1_80' title="bbox 2719 3129 3316 3174; baseline 0.002 -2"><span class='ocrx_word' id='word_1_563' title='bbox 2719 3129 2970 3173; x_wconf 74' lang='lat' dir='ltr'><strong>EXPLICIT</strong></span> <span class='ocrx_word' id='word_1_564' title='bbox 2996 3132 3316 3174; x_wconf 70' lang='grc' dir='ltr'><strong>Ρκοωιιιυιί.</strong></span> 
     </span>
    </p>
   </div>
   <div class='ocr_carea' id='block_1_80' title="bbox 2328 3260 3835 3332">
    <p class='ocr_par' dir='ltr' id='par_1_80' title="bbox 2328 3260 3835 3332">
     <span class='ocr_line' id='line_1_81' title="bbox 2328 3260 3835 3332; baseline 0.006 -14"><span class='ocrx_word' id='word_1_565' title='bbox 2328 3260 2579 3320; x_wconf 84' lang='lat' dir='ltr'><strong>INCIPIT</strong></span> <span class='ocrx_word' id='word_1_566' title='bbox 2614 3262 2817 3319; x_wconf 80' lang='lat' dir='ltr'><strong>LIBER</strong></span> <span class='ocrx_word' id='word_1_567' title='bbox 2855 3262 2974 3332; x_wconf 81' lang='lat' dir='ltr'><strong>QUI</strong></span> <span class='ocrx_word' id='word_1_568' title='bbox 3011 3263 3398 3320; x_wconf 80' lang='lat' dir='ltr'><strong>PHRENESIS</strong></span> <span class='ocrx_word' id='word_1_569' title='bbox 3435 3262 3743 3321; x_wconf 76' lang='lat' dir='ltr'><strong>DlClTUR.</strong></span> <span class='ocrx_word' id='word_1_570' title='bbox 3818 3316 3835 3327; x_wconf 89' lang='lat'><strong>.</strong></span> 
     </span>
    </p>
   </div>
   <div class='ocr_carea' id='block_1_81' title="bbox 2309 3354 3833 3427">
    <p class='ocr_par' dir='ltr' id='par_1_81' title="bbox 2309 3354 3833 3427">
     <span class='ocr_line' id='line_1_82' title="bbox 2309 3354 3833 3427; baseline 0.001 -16"><span class='ocrx_word' id='word_1_571' title='bbox 2309 3354 2399 3411; x_wconf 76' lang='grc'><strong>10.</strong></span> <span class='ocrx_word' id='word_1_572' title='bbox 2436 3354 2746 3419; x_wconf 87' lang='lat' dir='ltr'><strong>Phrenesis,</strong></span> <span class='ocrx_word' id='word_1_573' title='bbox 2775 3369 2937 3426; x_wconf 90' lang='lat' dir='ltr'><strong>quam</strong></span> <span class='ocrx_word' id='word_1_574' title='bbox 2961 3354 3042 3411; x_wconf 91' lang='lat' dir='ltr'><strong>sic</strong></span> <span class='ocrx_word' id='word_1_575' title='bbox 3064 3364 3120 3412; x_wconf 90' lang='lat' dir='ltr'><strong>et</strong></span> <span class='ocrx_word' id='word_1_576' title='bbox 3145 3355 3438 3427; x_wconf 84' lang='lat' dir='ltr'><strong>appellare,</strong></span> <span class='ocrx_word' id='word_1_577' title='bbox 3471 3364 3530 3413; x_wconf 91' lang='lat' dir='ltr'><strong>et</strong></span> <span class='ocrx_word' id='word_1_578' title='bbox 3554 3354 3833 3426; x_wconf 73' lang='lat' dir='ltr'><strong>appellan-</strong></span> 
     </span>
    </p>
   </div>
   <div class='ocr_carea' id='block_1_82' title="bbox 2193 3446 3826 3519">
    <p class='ocr_par' dir='ltr' id='par_1_82' title="bbox 2193 3446 3826 3519">
     <span class='ocr_line' id='line_1_83' title="bbox 2193 3446 3826 3519; baseline 0.001 -16"><span class='ocrx_word' id='word_1_579' title='bbox 2193 3500 2203 3511; x_wconf 84' lang='grc'><em>,</em></span> <span class='ocrx_word' id='word_1_580' title='bbox 2237 3446 2362 3503; x_wconf 90' lang='lat' dir='ltr'><strong>dam</strong></span> <span class='ocrx_word' id='word_1_581' title='bbox 2394 3446 2606 3503; x_wconf 65' lang='lat' dir='ltr'><strong>caeteris</strong></span> <span class='ocrx_word' id='word_1_582' title='bbox 2648 3446 2945 3514; x_wconf 88' lang='lat' dir='ltr'><strong>insinuare,</strong></span> <span class='ocrx_word' id='word_1_583' title='bbox 2978 3447 3133 3503; x_wconf 85' lang='lat' dir='ltr'><strong>vobis</strong></span> <span class='ocrx_word' id='word_1_584' title='bbox 3160 3463 3287 3503; x_wconf 90' lang='lat' dir='ltr'><strong>cum</strong></span> <span class='ocrx_word' id='word_1_585' title='bbox 3317 3447 3622 3504; x_wconf 86' lang='lat' dir='ltr'><strong>reverendo</strong></span> <span class='ocrx_word' id='word_1_586' title='bbox 3651 3461 3826 3519; x_wconf 88' lang='lat' dir='ltr'><strong>eoque</strong></span> 
     </span>
    </p>
   </div>
   <div class='ocr_carea' id='block_1_83' title="bbox 2236 3539 3829 3613">
    <p class='ocr_par' dir='ltr' id='par_1_83' title="bbox 2236 3539 3829 3613">
     <span class='ocr_line' id='line_1_84' title="bbox 2236 3539 3829 3613; baseline 0.001 -18"><span class='ocrx_word' id='word_1_587' title='bbox 2236 3539 2561 3613; x_wconf 89' lang='lat' dir='ltr'><strong>perimmuni</strong></span> <span class='ocrx_word' id='word_1_588' title='bbox 2591 3555 2623 3595; x_wconf 90' lang='lat' dir='ltr'><strong>a</strong></span> <span class='ocrx_word' id='word_1_589' title='bbox 2650 3540 2782 3595; x_wconf 93' lang='lat' dir='ltr'><strong>vitio</strong></span> <span class='ocrx_word' id='word_1_590' title='bbox 2809 3540 3015 3611; x_wconf 90' lang='lat' dir='ltr'><strong>placuit</strong></span> <span class='ocrx_word' id='word_1_591' title='bbox 3038 3548 3233 3596; x_wconf 87' lang='lat' dir='ltr'><strong>vestrae</strong></span> <span class='ocrx_word' id='word_1_592' title='bbox 3259 3539 3548 3597; x_wconf 88' lang='lat' dir='ltr'><strong>adversum</strong></span> <span class='ocrx_word' id='word_1_593' title='bbox 3582 3556 3671 3598; x_wconf 89' lang='lat' dir='ltr'><strong>me</strong></span> <span class='ocrx_word' id='word_1_594' title='bbox 3701 3556 3829 3613; x_wconf 86' lang='lat' dir='ltr'><strong>par-</strong></span> 
     </span>
    </p>
   </div>
   <div class='ocr_carea' id='block_1_84' title="bbox 2235 3622 3827 3701">
    <p class='ocr_par' dir='ltr' id='par_1_84' title="bbox 2235 3622 3827 3701">
     <span class='ocr_line' id='line_1_85' title="bbox 2235 3622 3827 3701; baseline 0 -16"><span class='ocrx_word' id='word_1_595' title='bbox 2235 3630 2307 3685; x_wconf 87' lang='lat' dir='ltr'><strong>tis</strong></span> <span class='ocrx_word' id='word_1_596' title='bbox 2326 3644 2432 3685; x_wconf 91' lang='lat' dir='ltr'><strong>non</strong></span> <span class='ocrx_word' id='word_1_597' title='bbox 2461 3622 2619 3685; x_wconf 79' lang='lat' dir='ltr'><strong>modo</strong></span> <span class='ocrx_word' id='word_1_598' title='bbox 2634 3626 2866 3696; x_wconf 90' lang='lat' dir='ltr'><strong>fautore,</strong></span> <span class='ocrx_word' id='word_1_599' title='bbox 2893 3627 2989 3685; x_wconf 90' lang='lat' dir='ltr'><strong>sed</strong></span> <span class='ocrx_word' id='word_1_600' title='bbox 3008 3636 3063 3685; x_wconf 89' lang='lat' dir='ltr'><strong>et</strong></span> <span class='ocrx_word' id='word_1_601' title='bbox 3086 3627 3456 3699; x_wconf 89' lang='lat' dir='ltr'><strong>consignifero</strong></span> <span class='ocrx_word' id='word_1_602' title='bbox 3487 3629 3664 3701; x_wconf 70' lang='lat'><strong>(485),</strong></span> <span class='ocrx_word' id='word_1_603' title='bbox 3711 3630 3827 3686; x_wconf 88' lang='lat' dir='ltr'><strong>acie</strong></span> 
     </span>
    </p>
   </div>
   <div class='ocr_carea' id='block_1_85' title="bbox 2236 3719 3831 3795">
    <p class='ocr_par' dir='ltr' id='par_1_85' title="bbox 2236 3719 3831 3795">
     <span class='ocr_line' id='line_1_86' title="bbox 2236 3719 3831 3795; baseline 0.001 -19"><span class='ocrx_word' id='word_1_604' title='bbox 2236 3719 2483 3792; x_wconf 89' lang='lat' dir='ltr'><strong>quamvis</strong></span> <span class='ocrx_word' id='word_1_605' title='bbox 2504 3719 2743 3787; x_wconf 84' lang='lat' dir='ltr'><strong>diversa,</strong></span> <span class='ocrx_word' id='word_1_606' title='bbox 2790 3719 3058 3786; x_wconf 88' lang='lat' dir='ltr'><strong>Baldrico,</strong></span> <span class='ocrx_word' id='word_1_607' title='bbox 3111 3721 3368 3789; x_wconf 87' lang='lat' dir='ltr'><strong>Domine,</strong></span> <span class='ocrx_word' id='word_1_608' title='bbox 3415 3722 3719 3795; x_wconf 81' lang='lat' dir='ltr'><strong>pauxillum</strong></span> <span class='ocrx_word' id='word_1_609' title='bbox 3748 3723 3831 3778; x_wconf 81' lang='lat' dir='ltr'><strong>di-</strong></span> 
     </span>
    </p>
   </div>
   <div class='ocr_carea' id='block_1_86' title="bbox 2236 3826 3834 3915">
    <p class='ocr_par' dir='ltr' id='par_1_86' title="bbox 2236 3826 3834 3915">
     <span class='ocr_line' id='line_1_87' title="bbox 2236 3826 3834 3915; baseline 0.003 -31"><span class='ocrx_word' id='word_1_610' title='bbox 2236 3831 2369 3915; x_wconf 71' lang='lat' dir='ltr'><strong>gelio</strong></span> <span class='ocrx_word' id='word_1_611' title='bbox 2396 3826 2602 3915; x_wconf 60' lang='lat' dir='ltr'><strong>legatur</strong></span> <span class='ocrx_word' id='word_1_612' title='bbox 2626 3830 2843 3915; x_wconf 74' lang='lat' dir='ltr'><strong>quidam</strong></span> <span class='ocrx_word' id='word_1_613' title='bbox 2871 3830 3092 3915; x_wconf 70' lang='lat' dir='ltr'><strong>dilectus</strong></span> <span class='ocrx_word' id='word_1_614' title='bbox 3113 3849 3162 3915; x_wconf 48' lang='grc' dir='ltr'><strong>ἀ.</strong></span> <span class='ocrx_word' id='word_1_615' title='bbox 3194 3832 3438 3915; x_wconf 79' lang='lat' dir='ltr'><strong>Domina,</strong></span> <span class='ocrx_word' id='word_1_616' title='bbox 3470 3835 3704 3915; x_wconf 55' lang='lat' dir='ltr'><strong>quinn&#39;on</strong></span> <span class='ocrx_word' id='word_1_617' title='bbox 3734 3832 3834 3915; x_wconf 66' lang='lat' dir='ltr'><strong>fuit</strong></span> 
     </span>
    </p>
   </div>
   <div class='ocr_carea' id='block_1_87' title="bbox 2236 3901 3835 3975">
    <p class='ocr_par' dir='ltr' id='par_1_87' title="bbox 2236 3901 3835 3975">
     <span class='ocr_line' id='line_1_88' title="bbox 2236 3901 3835 3975; baseline 0.001 -18"><span class='ocrx_word' id='word_1_618' title='bbox 2236 3901 2429 3957; x_wconf 76' lang='lat' dir='ltr'><strong>electus</strong></span> <span class='ocrx_word' id='word_1_619' title='bbox 2448 3901 2521 3957; x_wconf 84' lang='lat' dir='ltr'><strong>ad</strong></span> <span class='ocrx_word' id='word_1_620' title='bbox 2543 3901 2885 3975; x_wconf 64' lang='lat' dir='ltr'><strong>sequendum,</strong></span> <span class='ocrx_word' id='word_1_621' title='bbox 2917 3912 3009 3975; x_wconf 83' lang='lat' dir='ltr'><strong>aut</strong></span> <span class='ocrx_word' id='word_1_622' title='bbox 3037 3903 3162 3974; x_wconf 82' lang='lat' dir='ltr'><strong>quid</strong></span> <span class='ocrx_word' id='word_1_623' title='bbox 3208 3901 3514 3975; x_wconf 78' lang='lat' dir='ltr'><strong>pertinuerit</strong></span> <span class='ocrx_word' id='word_1_624' title='bbox 3545 3901 3835 3975; x_wconf 75' lang='lat' dir='ltr'><strong>Evangeli-</strong></span> 
     </span>
    </p>
   </div>
   <div class='ocr_carea' id='block_1_88' title="bbox 2237 3972 3834 4040">
    <p class='ocr_par' dir='ltr' id='par_1_88' title="bbox 2237 3972 3834 4040">
     <span class='ocr_line' id='line_1_89' title="bbox 2237 3972 3834 4040; baseline 0.001 -12"><span class='ocrx_word' id='word_1_625' title='bbox 2237 3983 2373 4028; x_wconf 86' lang='lat' dir='ltr'><strong>stam</strong></span> <span class='ocrx_word' id='word_1_626' title='bbox 2406 3982 2591 4027; x_wconf 87' lang='lat' dir='ltr'><strong>notare</strong></span> <span class='ocrx_word' id='word_1_627' title='bbox 2611 3972 2716 4026; x_wconf 78' lang='lat' dir='ltr'><strong>hoc</strong></span> <span class='ocrx_word' id='word_1_628' title='bbox 2741 3982 2849 4026; x_wconf 85' lang='lat' dir='ltr'><strong>tant</strong></span> <span class='ocrx_word' id='word_1_629' title='bbox 2871 3972 3122 4028; x_wconf 73' lang='lat' dir='ltr'><strong>studiose.</strong></span> <span class='ocrx_word' id='word_1_630' title='bbox 3163 3974 3305 4040; x_wconf 82' lang='lat' dir='ltr'><strong>Quid</strong></span> <span class='ocrx_word' id='word_1_631' title='bbox 3332 3984 3511 4028; x_wconf 82' lang='lat' dir='ltr'><strong>autem</strong></span> <span class='ocrx_word' id='word_1_632' title='bbox 3540 3990 3609 4028; x_wconf 78' lang='lat' dir='ltr'><strong>ea:</strong></span> <span class='ocrx_word' id='word_1_633' title='bbox 3639 3972 3834 4031; x_wconf 64' lang='lat' dir='ltr'><strong>nostris</strong></span> 
     </span>
    </p>
   </div>
   <div class='ocr_carea' id='block_1_89' title="bbox 2237 4044 3834 4115">
    <p class='ocr_par' dir='ltr' id='par_1_89' title="bbox 2237 4044 3834 4115">
     <span class='ocr_line' id='line_1_90' title="bbox 2237 4044 3834 4115; baseline 0.001 -18"><span class='ocrx_word' id='word_1_634' title='bbox 2237 4044 2554 4115; x_wconf 86' lang='lat' dir='ltr'><strong>auctoribus</strong></span> <span class='ocrx_word' id='word_1_635' title='bbox 2583 4044 2652 4097; x_wconf 89' lang='lat' dir='ltr'><strong>ad</strong></span> <span class='ocrx_word' id='word_1_636' title='bbox 2684 4044 3060 4115; x_wconf 27' lang='lat' dir='ltr'><strong>Aobscnritatem</strong></span> <span class='ocrx_word' id='word_1_637' title='bbox 3085 4060 3289 4115; x_wconf 82' lang='lat' dir='ltr'><strong>quoque</strong></span> <span class='ocrx_word' id='word_1_638' title='bbox 3316 4055 3509 4113; x_wconf 68' lang='lat' dir='ltr'><strong>praeter</strong></span> <span class='ocrx_word' id='word_1_639' title='bbox 3536 4046 3735 4100; x_wconf 76' lang='lat' dir='ltr'><strong>emtera</strong></span> <span class='ocrx_word' id='word_1_640' title='bbox 3764 4047 3834 4102; x_wconf 74' lang='lat' dir='ltr'><strong>ei-</strong></span> 
     </span>
    </p>
   </div>
   <div class='ocr_carea' id='block_1_90' title="bbox 2237 4111 3836 4184">
    <p class='ocr_par' dir='ltr' id='par_1_90' title="bbox 2237 4111 3836 4184">
     <span class='ocr_line' id='line_1_91' title="bbox 2237 4111 3836 4184; baseline 0.001 -15"><span class='ocrx_word' id='word_1_641' title='bbox 2237 4114 2352 4170; x_wconf 87' lang='lat' dir='ltr'><strong>deri</strong></span> <span class='ocrx_word' id='word_1_642' title='bbox 2380 4123 2538 4184; x_wconf 84' lang='lat' dir='ltr'><strong>potest</strong></span> <span class='ocrx_word' id='word_1_643' title='bbox 2571 4111 2943 4182; x_wconf 73' lang='lat' dir='ltr'><strong>conferendum</strong></span> <span class='ocrx_word' id='word_1_644' title='bbox 2967 4111 3282 4184; x_wconf 45' lang='lat' dir='ltr'><strong>huic’operi,</strong></span> <span class='ocrx_word' id='word_1_645' title='bbox 3303 4111 3442 4184; x_wconf 75' lang='lat' dir='ltr'><strong>quod</strong></span> <span class='ocrx_word' id='word_1_646' title='bbox 3475 4116 3707 4170; x_wconf 76' lang='lat' dir='ltr'><strong>habetur</strong></span> <span class='ocrx_word' id='word_1_647' title='bbox 3728 4134 3836 4184; x_wconf 75' lang='lat' dir='ltr'><strong>pra!</strong></span> 
     </span>
    </p>
   </div>
   <div class='ocr_carea' id='block_1_91' title="bbox 2237 4184 3834 4256">
    <p class='ocr_par' dir='ltr' id='par_1_91' title="bbox 2237 4184 3834 4256">
     <span class='ocr_line' id='line_1_92' title="bbox 2237 4184 3834 4256; baseline 0.001 -15"><span class='ocrx_word' id='word_1_648' title='bbox 2237 4184 2503 4248; x_wconf 80' lang='lat' dir='ltr'><strong>manibus,</strong></span> <span class='ocrx_word' id='word_1_649' title='bbox 2540 4185 2653 4256; x_wconf 15' lang='lat' dir='ltr'><strong>rhoc</strong></span> <span class='ocrx_word' id='word_1_650' title='bbox 2696 4194 2769 4239; x_wconf 84' lang='lat' dir='ltr'><strong>est</strong></span> <span class='ocrx_word' id='word_1_651' title='bbox 2811 4184 3114 4256; x_wconf 76' lang='lat' dir='ltr'><strong>prwfationi</strong></span> <span class='ocrx_word' id='word_1_652' title='bbox 3172 4187 3336 4239; x_wconf 81' lang='lat' dir='ltr'><strong>nostri</strong></span> <span class='ocrx_word' id='word_1_653' title='bbox 3363 4185 3482 4256; x_wconf 87' lang='lat' dir='ltr'><strong>jam</strong></span> <span class='ocrx_word' id='word_1_654' title='bbox 3513 4186 3616 4255; x_wconf 76' lang='lat' dir='ltr'><strong>fati</strong></span> <span class='ocrx_word' id='word_1_655' title='bbox 3660 4186 3834 4242; x_wconf 83' lang='lat' dir='ltr'><strong>Boetii</strong></span> 
     </span>
    </p>
   </div>
   <div class='ocr_carea' id='block_1_92' title="bbox 2237 4254 2997 4326">
    <p class='ocr_par' dir='ltr' id='par_1_92' title="bbox 2237 4254 2997 4326">
     <span class='ocr_line' id='line_1_93' title="bbox 2237 4254 2997 4326; baseline 0 -15"><span class='ocrx_word' id='word_1_656' title='bbox 2237 4272 2396 4326; x_wconf 83' lang='lat' dir='ltr'><strong>super</strong></span> <span class='ocrx_word' id='word_1_657' title='bbox 2423 4254 2846 4326; x_wconf 72' lang='lat' dir='ltr'><strong>arithmeticam?</strong></span> <span class='ocrx_word' id='word_1_658' title='bbox 2994 4308 2997 4311; x_wconf 77' lang='lat'><strong>.</strong></span> 
     </span>
    </p>
   </div>
   <div class='ocr_carea' id='block_1_93' title="bbox 2309 4324 3835 4398">
    <p class='ocr_par' dir='ltr' id='par_1_93' title="bbox 2309 4324 3835 4398">
     <span class='ocr_line' id='line_1_94' title="bbox 2309 4324 3835 4398; baseline 0.001 -19"><span class='ocrx_word' id='word_1_659' title='bbox 2309 4325 2459 4398; x_wconf 71' lang='grc'>(485)</span> <span class='ocrx_word' id='word_1_660' title='bbox 2500 4324 2545 4381; x_wconf 91' lang='lat'><em>0</em></span> <span class='ocrx_word' id='word_1_661' title='bbox 2566 4325 2835 4381; x_wconf 73' lang='lat' dir='ltr'><strong>wmulatio</strong></span> <span class='ocrx_word' id='word_1_662' title='bbox 2863 4340 3065 4393; x_wconf 80' lang='lat' dir='ltr'><strong>semper</strong></span> <span class='ocrx_word' id='word_1_663' title='bbox 3091 4325 3260 4398; x_wconf 12' lang='lat' dir='ltr'><strong>avida;</strong></span> <span class='ocrx_word' id='word_1_664' title='bbox 3298 4325 3635 4391; x_wconf 81' lang='lat' dir='ltr'><strong>detrahendi,</strong></span> <span class='ocrx_word' id='word_1_665' title='bbox 3671 4336 3746 4394; x_wconf 84' lang='lat' dir='ltr'><strong>et,</strong></span> <span class='ocrx_word' id='word_1_666' title='bbox 3789 4327 3835 4381; x_wconf 84' lang='lat' dir='ltr'><strong>si</strong></span> 
     </span>
    </p>
   </div>
   <div class='ocr_carea' id='block_1_94' title="bbox 2239 4395 3833 4470">
    <p class='ocr_par' dir='ltr' id='par_1_94' title="bbox 2239 4395 3833 4470">
     <span class='ocr_line' id='line_1_95' title="bbox 2239 4395 3833 4470; baseline -0.001 -17"><span class='ocrx_word' id='word_1_667' title='bbox 2239 4395 2467 4470; x_wconf 73' lang='lat' dir='ltr'><strong>facultas</strong></span> <span class='ocrx_word' id='word_1_668' title='bbox 2514 4397 2666 4470; x_wconf 76' lang='lat' dir='ltr'><strong>desit,</strong></span> <span class='ocrx_word' id='word_1_669' title='bbox 2697 4405 2897 4470; x_wconf 77' lang='lat' dir='ltr'><strong>parata</strong></span> <span class='ocrx_word' id='word_1_670' title='bbox 2924 4411 3127 4470; x_wconf 71' lang='lat' dir='ltr'><strong>semper</strong></span> <span class='ocrx_word' id='word_1_671' title='bbox 3174 4395 3369 4470; x_wconf 51' lang='lat' dir='ltr'><strong>(inferre</strong></span> <span class='ocrx_word' id='word_1_672' title='bbox 3410 4412 3604 4470; x_wconf 72' lang='lat' dir='ltr'><strong>causas</strong></span> <span class='ocrx_word' id='word_1_673' title='bbox 3644 4399 3833 4451; x_wconf 77' lang='lat' dir='ltr'><strong>saltem</strong></span> 
     </span>
    </p>
   </div>
   <div class='ocr_carea' id='block_1_95' title="bbox 2240 4466 3839 4534">
    <p class='ocr_par' dir='ltr' id='par_1_95' title="bbox 2240 4466 3839 4534">
     <span class='ocr_line' id='line_1_96' title="bbox 2240 4466 3839 4534; baseline 0 -11"><span class='ocrx_word' id='word_1_674' title='bbox 2240 4466 2346 4523; x_wconf 70' lang='lat' dir='ltr'><strong>non</strong></span> <span class='ocrx_word' id='word_1_675' title='bbox 2378 4467 2619 4534; x_wconf 73' lang='lat' dir='ltr'><strong>necandi,</strong></span> <span class='ocrx_word' id='word_1_676' title='bbox 2647 4466 2738 4521; x_wconf 77' lang='lat' dir='ltr'><strong>aut</strong></span> <span class='ocrx_word' id='word_1_677' title='bbox 2775 4466 2951 4521; x_wconf 85' lang='lat' dir='ltr'><strong>minus</strong></span> <span class='ocrx_word' id='word_1_678' title='bbox 2984 4466 3195 4521; x_wconf 79' lang='lat' dir='ltr'><strong>valendi</strong></span> <span class='ocrx_word' id='word_1_679' title='bbox 3240 4466 3508 4523; x_wconf 79' lang='lat' dir='ltr'><strong>intendere</strong></span> <span class='ocrx_word' id='word_1_680' title='bbox 3534 4484 3655 4522; x_wconf 73' lang='lat' dir='ltr'><strong>aure</strong></span> <span class='ocrx_word' id='word_1_681' title='bbox 3691 4484 3839 4523; x_wconf 75' lang='lat' dir='ltr'><strong>mon-</strong></span> 
     </span>
    </p>
   </div>
   <div class='ocr_carea' id='block_1_96' title="bbox 2240 4538 2519 4594">
    <p class='ocr_par' dir='ltr' id='par_1_96' title="bbox 2240 4538 2519 4594">
     <span class='ocr_line' id='line_1_97' title="bbox 2240 4538 2519 4594; baseline -0.011 0"><span class='ocrx_word' id='word_1_682' title='bbox 2240 4548 2477 4594; x_wconf 83' lang='lat' dir='ltr'><strong>strantur</strong></span> <span class='ocrx_word' id='word_1_683' title='bbox 2497 4538 2519 4592; x_wconf 86' lang='lat'><strong>.&#39;</strong></span> 
     </span>
    </p>
   </div>
   <div class='ocr_carea' id='block_1_97' title="bbox 546 4597 2137 4694">
    <p class='ocr_par' dir='ltr' id='par_1_97' title="bbox 546 4597 2128 4694">
     <span class='ocr_line' id='line_1_98' title="bbox 546 4597 2128 4694; baseline 0.002 -23"><span class='ocrx_word' id='word_1_684' title='bbox 546 4597 1148 4694; x_wconf 44' lang='lat' dir='ltr'><strong>ii.iinii:b§;-_&quot;a‘libabit;</strong></span> <span class='ocrx_word' id='word_1_685' title='bbox 1180 4597 1448 4694; x_wconf 68' lang='lat' dir='ltr'><strong>legantur,</strong></span> <span class='ocrx_word' id='word_1_686' title='bbox 1505 4597 1611 4694; x_wconf 65' lang='grc' dir='ltr'><strong>εἶ’ρη</strong></span> <span class='ocrx_word' id='word_1_687' title='bbox 1640 4620 1954 4694; x_wconf 79' lang='lat' dir='ltr'><strong>invenient,</strong></span> <span class='ocrx_word' id='word_1_688' title='bbox 2003 4635 2128 4694; x_wconf 83' lang='lat' dir='ltr'><strong>cum</strong></span> 
     </span>
    </p>
   </div>
   <div class='ocr_carea' id='block_1_98' title="bbox 2239 4597 3827 4694">
    <p class='ocr_par' dir='ltr' id='par_1_98' title="bbox 2271 4606 3827 4694">
     <span class='ocr_line' id='line_1_99' title="bbox 2271 4606 3827 4694; baseline 0.001 -31"><span class='ocrx_word' id='word_1_689' title='bbox 2271 4682 2282 4694; x_wconf 40' lang='lat'><em>.</em></span> <span class='ocrx_word' id='word_1_690' title='bbox 2309 4608 2456 4677; x_wconf 70' lang='grc'><strong>(484)</strong></span> <span class='ocrx_word' id='word_1_691' title='bbox 2496 4606 2704 4694; x_wconf 77' lang='lat' dir='ltr'><strong>Climaa:</strong></span> <span class='ocrx_word' id='word_1_692' title='bbox 2727 4609 2832 4694; x_wconf 72' lang='lat' dir='ltr'><strong>_ho_c</strong></span> <span class='ocrx_word' id='word_1_693' title='bbox 2856 4608 2975 4664; x_wconf 90' lang='lat' dir='ltr'><strong>loco</strong></span> <span class='ocrx_word' id='word_1_694' title='bbox 2998 4609 3203 4694; x_wconf 80' lang='lat' dir='ltr'><strong>tropice</strong></span> <span class='ocrx_word' id='word_1_695' title='bbox 3222 4608 3586 4694; x_wconf 59' lang='lat' dir='ltr'><strong>gradationeut</strong></span> <span class='ocrx_word' id='word_1_696' title='bbox 3615 4609 3827 4664; x_wconf 83' lang='lat' dir='ltr'><strong>innuit:</strong></span> 
     </span>
    </p>
   </div>
   <div class='ocr_carea' id='block_1_99' title="bbox 547 4676 2137 4757">
    <p class='ocr_par' dir='ltr' id='par_1_99' title="bbox 547 4676 2128 4757">
     <span class='ocr_line' id='line_1_100' title="bbox 547 4676 2128 4757; baseline 0.004 -16"><span class='ocrx_word' id='word_1_697' title='bbox 547 4696 738 4743; x_wconf 89' lang='lat' dir='ltr'><strong>auctor</strong></span> <span class='ocrx_word' id='word_1_698' title='bbox 766 4676 983 4742; x_wconf 76' lang='lat' dir='ltr'><strong>miseria</strong></span> <span class='ocrx_word' id='word_1_699' title='bbox 1005 4676 1296 4757; x_wconf 68' lang='lat' dir='ltr'><strong>oppressus</strong></span> <span class='ocrx_word' id='word_1_700' title='bbox 1332 4676 1506 4745; x_wconf 84' lang='lat' dir='ltr'><strong>nullos</strong></span> <span class='ocrx_word' id='word_1_701' title='bbox 1543 4690 1756 4746; x_wconf 90' lang='lat' dir='ltr'><strong>invidos</strong></span> <span class='ocrx_word' id='word_1_702' title='bbox 1781 4699 1836 4745; x_wconf 92' lang='lat' dir='ltr'><strong>et</strong></span> <span class='ocrx_word' id='word_1_703' title='bbox 1877 4676 2128 4747; x_wconf 84' lang='lat' dir='ltr'><strong>inimicos</strong></span> 
     </span>
    </p>
   </div>
   <div class='ocr_carea' id='block_1_100' title="bbox 2239 4676 3836 4757">
    <p class='ocr_par' dir='ltr' id='par_1_100' title="bbox 2239 4676 3836 4757">
     <span class='ocr_line' id='line_1_101' title="bbox 2239 4676 3836 4757; baseline -0.002 -20"><span class='ocrx_word' id='word_1_704' title='bbox 2239 4682 2399 4738; x_wconf 85' lang='lat' dir='ltr'><strong>sirma</strong></span> <span class='ocrx_word' id='word_1_705' title='bbox 2424 4676 2745 4757; x_wconf 55' lang='lat' dir='ltr'><strong>vero,un</strong></span> <span class='ocrx_word' id='word_1_706' title='bbox 2772 4679 2839 4733; x_wconf 89' lang='lat' dir='ltr'><strong>de</strong></span> <span class='ocrx_word' id='word_1_707' title='bbox 2863 4676 3122 4757; x_wconf 76' lang='lat' dir='ltr'><strong>sermone</strong></span> <span class='ocrx_word' id='word_1_708' title='bbox 3150 4676 3357 4757; x_wconf 73' lang='lat' dir='ltr'><strong>tragico</strong></span> <span class='ocrx_word' id='word_1_709' title='bbox 3383 4681 3713 4757; x_wconf 89' lang='lat' dir='ltr'><strong>quandoque</strong></span> <span class='ocrx_word' id='word_1_710' title='bbox 3743 4695 3836 4735; x_wconf 86' lang='lat' dir='ltr'><strong>ac-</strong></span> 
     </span>
    </p>
   </div>
   <div class='ocr_carea' id='block_1_101' title="bbox 547 4757 2126 4832">
    <p class='ocr_par' dir='ltr' id='par_1_101' title="bbox 547 4757 2126 4832">
     <span class='ocr_line' id='line_1_102' title="bbox 547 4757 2126 4832; baseline 0.001 -20"><span class='ocrx_word' id='word_1_711' title='bbox 547 4757 795 4832; x_wconf 83' lang='lat' dir='ltr'><strong>haberet.</strong></span> <span class='ocrx_word' id='word_1_712' title='bbox 828 4758 903 4814; x_wconf 91' lang='lat' dir='ltr'><strong>De</strong></span> <span class='ocrx_word' id='word_1_713' title='bbox 941 4759 1131 4832; x_wconf 87' lang='lat' dir='ltr'><strong>amicis</strong></span> <span class='ocrx_word' id='word_1_714' title='bbox 1160 4767 1341 4821; x_wconf 81' lang='lat' dir='ltr'><strong>autem</strong></span> <span class='ocrx_word' id='word_1_715' title='bbox 1370 4760 1423 4832; x_wconf 84' lang='lat' dir='ltr'><strong>i_u</strong></span> <span class='ocrx_word' id='word_1_716' title='bbox 1470 4762 1824 4832; x_wconf 85' lang='lat' dir='ltr'><strong>sequentibus</strong></span> <span class='ocrx_word' id='word_1_717' title='bbox 1864 4762 2126 4832; x_wconf 81' lang='lat' dir='ltr'><strong>loquitur,</strong></span> 
     </span>
    </p>
   </div>
   <div class='ocr_carea' id='block_1_102' title="bbox 2234 4750 3835 4823">
    <p class='ocr_par' dir='ltr' id='par_1_102' title="bbox 2234 4750 3835 4823">
     <span class='ocr_line' id='line_1_103' title="bbox 2234 4750 3835 4823; baseline -0.001 -16"><span class='ocrx_word' id='word_1_718' title='bbox 2234 4760 2451 4821; x_wconf 86' lang='lat' dir='ltr'><strong>ceptum</strong></span> <span class='ocrx_word' id='word_1_719' title='bbox 2493 4750 2709 4821; x_wconf 88' lang='lat' dir='ltr'><strong>legitur,</strong></span> <span class='ocrx_word' id='word_1_720' title='bbox 2737 4750 3042 4823; x_wconf 76' lang='lat' dir='ltr'><strong>orationem</strong></span> <span class='ocrx_word' id='word_1_721' title='bbox 3080 4751 3492 4823; x_wconf 13' lang='lat' dir='ltr'><strong>Amagniloquam</strong></span> <span class='ocrx_word' id='word_1_722' title='bbox 3532 4750 3682 4823; x_wconf 86' lang='lat' dir='ltr'><strong>apud</strong></span> <span class='ocrx_word' id='word_1_723' title='bbox 3727 4760 3835 4806; x_wconf 86' lang='lat' dir='ltr'><strong>tra-</strong></span> 
     </span>
    </p>
   </div>
   <div class='ocr_carea' id='block_1_103' title="bbox 549 4819 3274 4902">
    <p class='ocr_par' dir='ltr' id='par_1_103' title="bbox 549 4819 3274 4902">
     <span class='ocr_line' id='line_1_104' title="bbox 549 4819 3274 4902; baseline 0.004 -20"><span class='ocrx_word' id='word_1_724' title='bbox 549 4844 671 4902; x_wconf 67' lang='lat' dir='ltr'><strong>quae</strong></span> <span class='ocrx_word' id='word_1_725' title='bbox 693 4829 1169 4902; x_wconf 12' lang='lat' dir='ltr'><strong>sicriconstruenda</strong></span> <span class='ocrx_word' id='word_1_726' title='bbox 1195 4839 1320 4885; x_wconf 88' lang='lat' dir='ltr'><strong>sunt</strong></span> <span class='ocrx_word' id='word_1_727' title='bbox 1341 4849 1359 4902; x_wconf 17' lang='grc' dir='ltr'><strong>εγ</strong></span> <span class='ocrx_word' id='word_1_728' title='bbox 1379 4829 1505 4899; x_wconf 85' lang='lat' dir='ltr'><strong>Vos,</strong></span> <span class='ocrx_word' id='word_1_729' title='bbox 1544 4819 1573 4887; x_wconf 81' lang='grc' dir='ltr'><strong>ὁ</strong></span> <span class='ocrx_word' id='word_1_730' title='bbox 1603 4832 1771 4887; x_wconf 75' lang='lat' dir='ltr'><strong>uenite</strong></span> <span class='ocrx_word' id='word_1_731' title='bbox 1802 4819 1950 4902; x_wconf 67' lang='grc' dir='ltr'>(διιοὲ</span> <span class='ocrx_word' id='word_1_732' title='bbox 1980 4819 2130 4887; x_wconf 64' lang='grc' dir='ltr'><strong>ιὶὺθιὶ</strong></span> <span class='ocrx_word' id='word_1_733' title='bbox 2200 4870 2205 4873; x_wconf 52' lang='grc' dir='ltr'>μ</span> <span class='ocrx_word' id='word_1_734' title='bbox 2236 4819 2677 4902; x_wconf 49' lang='grc' dir='ltr'><strong>εἰρρερεὶιέιδεῐι</strong></span> <span class='ocrx_word' id='word_1_735' title='bbox 2707 4819 3274 4902; x_wconf 63' lang='grc' dir='ltr'><strong>δίεηίθθθνθ,ἵίάίῖιῖ¹ι“ο</strong></span> 
     </span>
    </p>
   </div>
   <div class='ocr_carea' id='block_1_104' title="bbox 548 4899 2211 4982">
    <p class='ocr_par' dir='ltr' id='par_1_104' title="bbox 548 4899 2211 4982">
     <span class='ocr_line' id='line_1_105' title="bbox 548 4899 2211 4982; baseline 0.001 -29"><span class='ocrx_word' id='word_1_736' title='bbox 548 4899 631 4982; x_wconf 78' lang='lat' dir='ltr'><strong>los</strong></span> <span class='ocrx_word' id='word_1_737' title='bbox 657 4900 932 4982; x_wconf 64' lang='lat' dir='ltr'><strong>intelligit)</strong></span> <span class='ocrx_word' id='word_1_738' title='bbox 957 4901 1081 4982; x_wconf 57' lang='lat' dir='ltr'><strong>licet</strong></span> <span class='ocrx_word' id='word_1_739' title='bbox 1095 4901 1304 4982; x_wconf 44' lang='lat' dir='ltr'><strong>a/fectis.</strong></span> <span class='ocrx_word' id='word_1_740' title='bbox 1334 4901 1567 4982; x_wconf 73' lang='lat' dir='ltr'><strong>favorem</strong></span> <span class='ocrx_word' id='word_1_741' title='bbox 1594 4899 1855 4982; x_wconf 58' lang='lat' dir='ltr'><strong>unanima,</strong></span> <span class='ocrx_word' id='word_1_742' title='bbox 1890 4918 1982 4982; x_wconf 59' lang='lat' dir='ltr'><strong>nec</strong></span> <span class='ocrx_word' id='word_1_743' title='bbox 2008 4902 2127 4982; x_wconf 66' lang='lat' dir='ltr'><strong>ipse</strong></span> <span class='ocrx_word' id='word_1_744' title='bbox 2208 4954 2211 4955; x_wconf 30' lang='grc' dir='ltr'><em>ν</em></span> 
     </span>
    </p>
   </div>
   <div class='ocr_carea' id='block_1_105' title="bbox 548 4969 2130 5043">
    <p class='ocr_par' dir='ltr' id='par_1_105' title="bbox 548 4969 2130 5043">
     <span class='ocr_line' id='line_1_106' title="bbox 548 4969 2130 5043; baseline 0.001 -19"><span class='ocrx_word' id='word_1_745' title='bbox 548 4971 613 5043; x_wconf 72' lang='grc' dir='ltr'><strong>Α.</strong></span> <span class='ocrx_word' id='word_1_746' title='bbox 829 4969 1161 5043; x_wconf 69' lang='lat' dir='ltr'><strong>&quot;nostrilicet</strong></span> <span class='ocrx_word' id='word_1_747' title='bbox 1192 4969 1523 5042; x_wconf 75' lang='lat' dir='ltr'><strong>perintimns,</strong></span> <span class='ocrx_word' id='word_1_748' title='bbox 1548 4973 1778 5042; x_wconf 73' lang='lat' dir='ltr'><strong>o/fensus</strong></span> <span class='ocrx_word' id='word_1_749' title='bbox 1816 4969 2130 5043; x_wconf 78' lang='lat' dir='ltr'><strong>indignitate</strong></span> 
     </span>
    </p>
   </div>
   <div class='ocr_carea' id='block_1_106' title="bbox 549 5040 2137 5124">
    <p class='ocr_par' dir='ltr' id='par_1_106' title="bbox 549 5040 2137 5124">
     <span class='ocr_line' id='line_1_107' title="bbox 549 5040 2137 5124; baseline 0.001 -30"><span class='ocrx_word' id='word_1_750' title='bbox 549 5040 690 5124; x_wconf 75' lang='lat' dir='ltr'><strong>tituli</strong></span> <span class='ocrx_word' id='word_1_751' title='bbox 714 5041 1048 5124; x_wconf 65' lang='lat' dir='ltr'><strong>(Phrenesis)</strong></span> <span class='ocrx_word' id='word_1_752' title='bbox 1082 5040 1393 5124; x_wconf 70' lang='lat' dir='ltr'><strong>dignabitur</strong></span> <span class='ocrx_word' id='word_1_753' title='bbox 1429 5040 1614 5124; x_wconf 56' lang='lat' dir='ltr'><strong>saltent</strong></span> <span class='ocrx_word' id='word_1_754' title='bbox 1644 5040 2041 5124; x_wconf 42' lang='lat' dir='ltr'><strong>attinge-mret</strong></span> <span class='ocrx_word' id='word_1_755' title='bbox 2068 5043 2137 5124; x_wconf 52' lang='grc' dir='ltr'><strong>υἱέ</strong></span> 
     </span>
    </p>
   </div>
   <div class='ocr_carea' id='block_1_107' title="bbox 551 5108 2136 5152">
    <p class='ocr_par' dir='ltr' id='par_1_107' title="bbox 551 5108 2136 5152">
     <span class='ocr_line' id='line_1_108' title="bbox 551 5108 2136 5152; baseline 0 0"><span class='ocrx_word' id='word_1_756' title='bbox 551 5112 672 5152; x_wconf 63' lang='lat' dir='ltr'><strong>liora</strong></span> <span class='ocrx_word' id='word_1_757' title='bbox 722 5108 852 5152; x_wconf 61' lang='grc' dir='ltr'><strong>ἠυῖιΙ</strong></span> <span class='ocrx_word' id='word_1_758' title='bbox 884 5108 1093 5152; x_wconf 69' lang='grc' dir='ltr'><strong>τηνοήὴεῖ</strong></span> <span class='ocrx_word' id='word_1_759' title='bbox 1136 5108 1274 5152; x_wconf 44' lang='lat' dir='ltr'><strong>{splen</strong></span> <span class='ocrx_word' id='word_1_760' title='bbox 1321 5113 1630 5152; x_wconf 65' lang='lat' dir='ltr'><strong>rnnlinanh&#39;e</strong></span> <span class='ocrx_word' id='word_1_761' title='bbox 1691 5113 1929 5152; x_wconf 71' lang='grc' dir='ltr'><strong>ὅηηηῖρηι</strong></span> <span class='ocrx_word' id='word_1_762' title='bbox 1959 5130 1970 5142; x_wconf 72' lang='grc' dir='ltr'><strong>υ</strong></span> <span class='ocrx_word' id='word_1_763' title='bbox 2004 5108 2136 5152; x_wconf 53' lang='lat' dir='ltr'><strong><em>Sunt</em></strong></span> 
     </span>
    </p>
   </div>
   <div class='ocr_carea' id='block_1_108' title="bbox 2310 4890 3837 4965">
    <p class='ocr_par' dir='ltr' id='par_1_108' title="bbox 2310 4890 3837 4965">
     <span class='ocr_line' id='line_1_109' title="bbox 2310 4890 3837 4965; baseline -0.001 -18"><span class='ocrx_word' id='word_1_764' title='bbox 2310 4891 2460 4965; x_wconf 67' lang='lat'><strong>(485)</strong></span> <span class='ocrx_word' id='word_1_765' title='bbox 2525 4890 2856 4965; x_wconf 76' lang='lat' dir='ltr'><strong>Rodbertum</strong></span> <span class='ocrx_word' id='word_1_766' title='bbox 2903 4891 3409 4965; x_wconf 70' lang='lat' dir='ltr'><strong>archiepiscopum</strong></span> <span class='ocrx_word' id='word_1_767' title='bbox 3451 4892 3837 4965; x_wconf 68' lang='lat' dir='ltr'><strong>Trevirensem</strong></span> 
     </span>
    </p>
   </div>
   <div class='ocr_carea' id='block_1_109' title="bbox 2246 4961 3836 5043">
    <p class='ocr_par' dir='ltr' id='par_1_109' title="bbox 2246 4961 3836 5043">
     <span class='ocr_line' id='line_1_110' title="bbox 2246 4961 3836 5043; baseline -0.002 -22"><span class='ocrx_word' id='word_1_768' title='bbox 2246 4961 2543 5043; x_wconf 58' lang='lat' dir='ltr'><strong>alloquitur</strong></span> <span class='ocrx_word' id='word_1_769' title='bbox 2559 5002 2595 5043; x_wconf 82' lang='lat'><strong>,_</strong></span> <span class='ocrx_word' id='word_1_770' title='bbox 2618 4961 2719 5043; x_wconf 78' lang='lat' dir='ltr'><strong>_ct_1i</strong></span> <span class='ocrx_word' id='word_1_771' title='bbox 2750 4961 3275 5043; x_wconf 5' lang='lat' dir='ltr'><strong>gconsigniferunthin</strong></span> <span class='ocrx_word' id='word_1_772' title='bbox 3315 4964 3436 5043; x_wconf 40' lang='lat' dir='ltr'><strong>.sui_</strong></span> <span class='ocrx_word' id='word_1_773' title='bbox 3469 4964 3836 5043; x_wconf 77' lang='lat' dir='ltr'><strong>debellatioue</strong></span> 
     </span>
    </p>
   </div>
   <div class='ocr_carea' id='block_1_110' title="bbox 2246 5031 3837 5107">
    <p class='ocr_par' dir='ltr' id='par_1_110' title="bbox 2246 5031 3837 5107">
     <span class='ocr_line' id='line_1_111' title="bbox 2246 5031 3837 5107; baseline -0.001 -16"><span class='ocrx_word' id='word_1_774' title='bbox 2246 5031 2476 5107; x_wconf 80' lang='lat' dir='ltr'><strong>appellat</strong></span> <span class='ocrx_word' id='word_1_775' title='bbox 2504 5031 2812 5088; x_wconf 88' lang='lat' dir='ltr'><strong>Baldricum</strong></span> <span class='ocrx_word' id='word_1_776' title='bbox 2856 5031 3129 5107; x_wconf 73' lang='lat' dir='ltr'><strong>seniOrem</strong></span> <span class='ocrx_word' id='word_1_777' title='bbox 3157 5032 3574 5107; x_wconf 81' lang='lat' dir='ltr'><strong>Ultrajeetinum</strong></span> <span class='ocrx_word' id='word_1_778' title='bbox 3612 5036 3837 5107; x_wconf 50' lang='lat' dir='ltr'><strong>episcuf</strong></span> 
     </span>
    </p>
   </div>
   <div class='ocr_carea' id='block_1_111' title="bbox 2244 5103 3831 5152">
    <p class='ocr_par' dir='ltr' id='par_1_111' title="bbox 2244 5103 3831 5152">
     <span class='ocr_line' id='line_1_112' title="bbox 2244 5103 3831 5152; baseline 0 0"><span class='ocrx_word' id='word_1_779' title='bbox 2244 5103 2393 5152; x_wconf 77' lang='lat' dir='ltr'><strong>nirin-</strong></span> <span class='ocrx_word' id='word_1_780' title='bbox 2435 5113 2497 5152; x_wconf 78' lang='lat' dir='ltr'><strong>nt</strong></span> <span class='ocrx_word' id='word_1_781' title='bbox 2536 5119 2604 5152; x_wconf 77' lang='lat' dir='ltr'><strong>ex</strong></span> <span class='ocrx_word' id='word_1_782' title='bbox 2654 5118 2804 5152; x_wconf 85' lang='lat' dir='ltr'><strong>num.</strong></span> <span class='ocrx_word' id='word_1_783' title='bbox 2849 5103 2903 5152; x_wconf 72' lang='grc'><strong>2.</strong></span> <span class='ocrx_word' id='word_1_784' title='bbox 2955 5106 3203 5152; x_wconf 69' lang='grc' dir='ltr'><strong>ιὶνῡαῃιιίἰ</strong></span> <span class='ocrx_word' id='word_1_785' title='bbox 3248 5103 3596 5152; x_wconf 65' lang='lat' dir='ltr'><strong>manifestum</strong></span> <span class='ocrx_word' id='word_1_786' title='bbox 3647 5103 3728 5152; x_wconf 75' lang='lat' dir='ltr'><strong>fit-</strong></span> <span class='ocrx_word' id='word_1_787' title='bbox 3768 5104 3831 5152; x_wconf 86' lang='lat' dir='ltr'><strong>Hi</strong></span> 
     </span>
    </p>
   </div>
  </div>
