4032 5354
246 374 356 435 377

248 588 426 659 ipsius
448 600 649 657 magno
678 585 982 641 derivatum
1010 587 1163 655 quasi
1195 588 1382 658 pelago
1415 588 1667 655 rivulum,
1690 591 1846 650 vobis

248 688 311 735 ut
368 678 673 740 videretur.
722 677 768 733 si
813 678 1050 733 crevisse
1094 680 1332 735 daretur.
1378 679 1640 736 lneditum
1691 681 1843 757 (£86)

248 788 385 829 sane
434 770 693 826 nonnulla
722 780 778 827 et
826 771 1027 837 minus,
1060 773 1308 844 quaedam
1356 775 1521 833 etiam
1564 781 1845 850 rusticius,

248 875 535 923 correctus
565 881 729 936 quam
760 881 859 921 suo
889 866 1029 921 idem
1055 867 1336 928 contineat
1379 868 1519 939 loco,
1548 889 1709 944 quem
1744 876 1849 931 bac

249 958 575 1030 praefatione
607 959 787 1014 taliter
816 960 1155 1029 commendo,
1198 960 1436 1033 libellus,
1468 967 1755 1023 habentem
1784 985 1849 1025 ea

247 1050 415 1122 dirigi
470 1050 788 1107 festinantia
836 1050 985 1121 fecit,
1037 1056 1182 1127 quod
1228 1059 1457 1124 creber,
1515 1058 1681 1115 falsus
1727 1060 1852 1116 licet

248 1146 476 1217 (praeter
519 1145 572 1202 id
605 1162 823 1221 quoque
879 1152 1025 1220 quod
1078 1150 1344 1221 disparari
1398 1152 1740 1207 inimicorum
1782 1155 1850 1209 ab

249 1238 530 1299 insectatu
561 1242 731 1299 citato
759 1243 874 1313 ipse
913 1250 1232 1312 putaveram
1280 1244 1587 1310 absentatu,
1626 1261 1850 1300 excessu

249 1334 544 1400 revelatos,
577 1343 781 1400 vestro,
830 1335 1211 1407 Opprimuntur
1241 1335 1333 1405 qui
1385 1334 1549 1405 fasce)
1599 1338 1854 1393 nuntiare

250 1440 362 1480 non
391 1426 685 1482 destiterat
715 1428 1028 1497 nuperrime
1058 1443 1266 1492 rumor,
1293 1429 1474 1483 omine
1500 1427 1724 1483 forsitan
1758 1445 1853 1485 ne-

251 1535 360 1591 que
407 1522 630 1591 penitus
685 1536 854 1589 vano;
889 1538 1075 1578 verum
1130 1522 1176 1578 si
1231 1531 1315 1578 est
1356 1538 1535 1587 omen,
1590 1523 1852 1579 divinanti

252 1613 400 1683 quod
436 1613 685 1668 tribuunt
711 1614 928 1684 populo.
959 1614 1201 1683 Quorum
1231 1623 1413 1685 tangat
1441 1625 1698 1675 caeterum
1728 1630 1852 1684 spe-

252 1705 452 1760 cialius
481 1714 686 1761 actum.
722 1706 917 1763 Vestro
948 1708 1176 1764 credens
1202 1707 1441 1763 examini
1476 1716 1665 1763 taxare
1699 1706 1854 1763 facil-

253 1796 473 1864 limum,
499 1798 722 1869 justane
748 1815 882 1855 cum
929 1816 1114 1868 causa,
1141 1818 1208 1856 an
1254 1802 1435 1873 aliqua
1467 1803 1700 1867 invidiai,
1726 1820 1855 1859 coa-

1693 381 2097 444 PHRENESIS.

248 461 711 566 rigateujusdam,
760 489 815 547 id
860 499 944 547 est
990 504 1057 547 ex
1109 494 1341 564 quodam
1381 495 1844 565 querimoniarum
1873 512 1918 570 Α
1946 499 2170 568 mirum,
2218 508 2416 572 quotus
2456 496 2504 557 si
2532 500 2763 575 quisque
2798 501 3077 559 vesaniam
3126 504 3407 563 vobiscum
3429 507 3538 578 ,ἁθ-

3428 397 3536 460 378

1948 602 2100 664 putet
2127 591 2279 665 (Luc.
2312 609 2424 659 xvi,
2454 592 2532 663 8).

2022 690 2110 743 il.
2148 687 2442 744 Clementia
2494 703 2671 757 regis,
2719 690 3025 745 interventu
3072 689 3226 761 cujus
3271 694 3542 764 praecipue

1951 783 2213 839 intererat
2265 784 2680 854 arcbiprzesulis,
2740 784 3006 841 electione
3061 786 3191 841 cleri
3243 796 3297 841 et
3346 788 3539 859 plebis,

1950 874 2327 931 convenientia
2355 874 2719 940 decretorum,
2743 876 3003 948 exemplis
3039 892 3138 933 nec
3171 878 3396 934 modicis
3424 895 3541 934 me-

1952 966 2167 1029 liorum,
2213 981 2481 1022 consensu
2528 981 2817 1034 canonum,
2859 966 3062 1035 judicio
3106 977 3267 1038 atque
3314 970 3543 1027 consilio

1952 1058 2504 1130 comprovincialium,
2532 1061 2802 1129 praeconio
2827 1059 2975 1131 (489)
3006 1069 3113 1115 tam
3143 1060 3434 1129 splendida:
3456 1078 3546 1116 ar-

1954 1152 2119 1206 duum
2163 1150 2417 1206 Ecclesia:
2465 1166 2627 1221 super
2672 1162 3000 1225 suggestum,
3049 1154 3212 1208 celari
3258 1170 3366 1225 quo
3414 1154 3543 1211 nulli

1954 1246 2161 1300 valeret
2208 1245 2395 1316 utique
2442 1244 2676 1311 factmn,
2731 1256 2894 1302 tanta:
2945 1247 3268 1313 dicacitatis,
3320 1264 3417 1305 vos
3469 1248 3548 1304 uti

1955 1334 2153 1403 fuistis,
2207 1337 2627 1401 concionatoris,
2678 1346 2895 1409 tamque
2944 1339 3282 1395 suadibiliter
3328 1341 3550 1396 concio-

1956 1432 2159 1496 nantis,
2192 1430 2379 1487 favore
2410 1439 2520 1484 tam
2552 1432 2753 1504 egregii
2785 1432 2937 1497 cieri,
2969 1441 3078 1486 tam
3107 1433 3338 1503 copiosa:
3370 1433 3552 1489 multi-

1958 1523 2181 1589 tudinis,
2212 1521 2465 1594 clangore
2490 1524 2768 1594 signorum
2795 1541 2917 1580 cum
2962 1524 3192 1580 melodia
3224 1526 3551 1597 bymnorum

1958 1612 2230 1679 laudatus,
2261 1615 2613 1680 constitutus,
2661 1614 3055 1681 incardinatus,
3099 1631 3298 1671 vacans
3336 1618 3554 1675 vacanti

1958 1704 2215 1761 Ecclesiae
2238 1708 2545 1777 episcopus,
2573 1722 2670 1761 cur
2696 1715 2815 1776 post
2838 1707 3019 1761 omnia
3051 1706 3151 1763 ista
3177 1708 3433 1780 expulsus
3459 1710 3550 1774 sit,

1959 1797 2205 1852 invenire
2242 1812 2433 1853 vecors
2475 1796 2634 1869 (ejus)
2684 1807 2742 1851 ut
2776 1796 2875 1851 fuit
2920 1798 3152 1854 assertio
3191 1799 3413 1855 minime
3459 1815 3557 1855 va-

251 1899 482 1944 cervata
528 1898 610 1945 est
661 1901 722 1947 ut
760 1894 1116 1963 quorumdam
1168 1894 1500 1965 malignitas,
1549 1894 1816 1950 calumnia
1839 1937 1855 1961 ,
1884 1905 1933 1966 Β
1962 1889 2079 1944 luit.
2114 1890 2195 1944 Ab
2225 1890 2416 1945 amicis
2447 1890 2621 1963 (490),
2659 1890 2769 1946 imo
2811 1890 2879 1946 ab
2905 1892 3094 1947 eodem
3137 1907 3236 1948 suo
3264 1892 3427 1963 (quod
3455 1892 3558 1949 fuit
3640 1894 3646 1901 ’

252 1981 403 2036 nulla
442 1998 801 2053 personarum
833 1986 1019 2041 indere
1044 1988 1227 2041 curavi
1276 1987 1556 2043 vocabula.
1593 1987 1725 2043 Nam
1762 2005 1857 2043 ne-

252 2089 361 2144 que
391 2074 565 2130 latere
592 2076 761 2147 229
788 2078 1064 2133 conscium
1094 2078 1355 2134 facinoris
1386 2080 1555 2135 valuit
1591 2082 1855 2147 animum,

253 2166 305 2221 ei
360 2165 467 2221 tale
518 2176 577 2221 ut
628 2168 758 2237 quid
806 2169 1137 2225 indidissetis
1175 2171 1517 2237 vocabulum,
1568 2174 1659 2244 qui
1705 2175 1858 2228 vide-

252 2258 385 2314 licet
416 2259 506 2315 tali
556 2269 814 2331 tantoque
860 2263 911 2317 in
960 2264 1295 2331 discrimine,
1326 2266 1452 2320 dum
1489 2282 1606 2322 mos
1631 2268 1703 2322 sit
1725 2284 1860 2338 quo-

256 2355 509 2409 rumdam
530 2355 598 2409 ad
620 2367 876 2427 aggerem
900 2355 1161 2414 festinare
1186 2374 1550 2423 nummorum,
1581 2360 1861 2430 phreneti-

255 2462 355 2503 cus
382 2446 532 2518 (487)
563 2457 745 2504 vester
765 2451 831 2505 ad
863 2450 1122 2505 auxilium
1150 2450 1314 2521 elegit
1349 2451 1659 2524 confugisse
1696 2454 1863 2509 libro-

255 2555 416 2606 rum;
459 2540 587 2595 dum
616 2541 694 2596 illi
724 2543 790 2597 ad
816 2559 988 2609 arma,
1017 2545 1120 2599 iste
1151 2544 1218 2600 ad
1246 2547 1515 2613 armaria;
1549 2546 1621 2601 illi
1665 2548 1733 2603 ad
1763 2564 1858 2603 co-

260 2634 411 2703 piam
451 2636 775 2702 amicorum,
801 2638 901 2692 iste
928 2637 994 2692 ad
1030 2637 1296 2707 judicium
1338 2654 1579 2711 prmceps
1614 2641 1723 2695 ruit
1750 2642 1863 2711 pri-

263 2742 507 2782 scorum.
538 2727 645 2784 Nec
672 2726 869 2798 injuria
903 2729 1052 2800 (488)
1084 2732 1369 2802 phrenesis
1392 2732 1485 2798 sit,
1513 2740 1570 2786 ut
1591 2732 1858 2798 asseritis,

262 2835 350 2883 ea,
384 2836 490 2874 non
521 2821 701 2875 omnia
743 2838 1020 2890 possumus
1047 2840 1223 2878 omnes
1280 2824 1611 2895 respondere
1651 2841 1682 2879 a
1726 2840 1862 2894 quo-

260 2910 410 2975 dam,
468 2925 632 2980 quem
676 2913 822 2968 baud
867 2913 1083 2983 penitus
1130 2915 1406 2986 ignoratis,
1464 2914 1653 2984 utique
1696 2915 1857 2970 dicta.

258 3000 393 3057 Nam
440 3017 545 3058 nec
594 3002 833 3060 defuisse
877 3004 981 3060 sibi
1021 3006 1233 3076 copiam
1275 3006 1582 3061 attenderat
1628 3006 1861 3075 praevio-

260 3110 400 3161 rum,
442 3110 681 3165 quorum
728 3096 971 3152 aemulari
1015 3097 1242 3168 (Comici
1294 3098 1393 3153 boc
1444 3110 1501 3152 ut
1530 3113 1666 3167 pene
1708 3114 1860 3154 asse-

260 3202 375 3242 ram
407 3189 591 3244 verbis
620 3188 887 3260 [TERENT.
918 3189 1127 3262 prolog.
1160 3190 1411 3263 Amlri.])
1453 3191 1858 3262 negligentiam,

1961 1991 2090 2038 tunc
2118 1982 2408 2053 silendum)
2433 1985 2745 2039 ordinatore
2774 2000 3085 2055 persuasus,
3120 1986 3289 2043 fidens
3308 1985 3555 2056 iustitiae,

1961 2081 2125 2143 atque
2155 2073 2554 2129 instituentium
2594 2075 2845 2131 videlicet
2875 2078 3224 2144 auctoritati,
3264 2076 3559 2149 ﬂagitando

1961 2165 2221 2219 auxilium
2255 2166 2382 2236 quid
2412 2167 2640 2233 diceret,
2674 2166 2762 2222 ille
2790 2169 3060 2239 praacipue
3093 2170 3176 2241 (ut
3202 2172 3437 2225 asseruit
3465 2186 3560 2225 vo-

1962 2258 2090 2331 bis),
2118 2256 2273 2329 cujus
2298 2260 2590 2330 praedicata
2620 2268 2815 2317 cuncto
2844 2262 3041 2317 saeculo
3072 2262 3335 2333 sapientia
3367 2272 3560 2334 gnato-

1962 2353 2087 2408 nico
2117 2354 2363 2408 cernitur
2389 2354 2622 2424 quodam
2647 2363 2947 2419 assentatu,
2979 2355 3142 2426 230
3169 2371 3329 2427 quam
3358 2356 3561 2411 verita-

1964 2447 2036 2503 tis
2061 2446 2230 2502 relatu
2269 2462 2431 2514 vero;
2478 2447 2679 2503 dixisse
2722 2449 3092 2518 suppeditaret
3134 2457 3190 2504 et
3233 2447 3559 2504 firmissime

1963 2540 2233 2597 stabilitas
2258 2542 2561 2607 ebaritatis,
2589 2549 2644 2596 et
2670 2542 2913 2596 ebaritas
2941 2541 3326 2597 robustissima:
3351 2540 3562 2596 stabili-

1965 2632 2109 2698 tatis,
2148 2632 2252 2687 nisi
2292 2628 2618 2688 siforsitan
2658 2641 2834 2686 actum
2860 2631 3063 2702 aliquid
3093 2640 3237 2687 esset
3266 2640 3452 2686 contra
3494 2630 3563 2685 li-

1963 2723 2135 2779 bitum
2164 2733 2407 2779 vestrum
2434 2722 2599 2778 verbo
2628 2732 2720 2778 aut
2745 2722 2888 2778 facto
2914 2724 2980 2779 ab
3008 2723 3144 2794 ipso,
3177 2723 3267 2793 qui
3296 2738 3414 2778 sum
3444 2722 3562 2779 haec

1963 2816 2145 2871 omnia
2184 2816 2419 2871 recitans
2466 2816 2602 2887 ego?
2647 2815 2968 2887 Negligenti,
3014 2816 3204 2871 crebro
3254 2824 3313 2870 ut
3358 2815 3560 2886 agitur,

1965 2907 2194 2975 simplici
2246 2915 2428 2961 tamen
2474 2914 2653 2962 mente
2694 2917 2980 2977 peccatum
3016 2923 3141 2962 nam
3176 2906 3474 2962 voluntatis
3506 2907 3563 2962 in

1965 2998 2145 3067 aliquo
2188 2997 2445 3063 sinistrae,
2482 3012 2747 3054 excusare
2776 2998 2920 3068 quod
2964 2998 3172 3054 valeret
3208 2997 3561 3064 omnimodis,

1965 3100 2050 3145 est
2095 3087 2273 3145 fassus
2304 3097 2489 3156 reatu;
2538 3088 2594 3145 id
2637 3097 2697 3145 ut
2737 3089 2988 3145 vindictae
3030 3089 3319 3144 severioris
3357 3087 3565 3157 judicio

1968 3192 2152 3238 vestro
2173 3181 2417 3238 cauterio
2443 3189 2721 3252 perustqu
2751 3180 2955 3237 deleret
2978 3181 3045 3236 ad
3080 3196 3306 3252 purum;
3330 3179 3563 3250 jureque

260 3297 425 3353 quam
454 3284 688 3339 istorum
714 3294 947 3341 astutam
973 3285 1165 3341 maluit
1194 3285 1550 3356 diligentiam.
1575 3285 1699 3341 Filii
1727 3300 1860 3341 sane

1968 3287 2089 3347 post
2128 3286 2187 3333 ut
2222 3277 2499 3348 singulare
2525 3291 2621 3331 vos
2661 3274 3020 3345 patrocinium
3053 3274 3279 3339 coleret,
3311 3272 3565 3329 colendo-

262 3376 444 3432 saculi
476 3378 661 3449 hujus,
694 3377 958 3434 Dominus
985 3389 1043 3433 ut
1071 3379 1270 3435 asserit
1299 3379 1437 3450 ipse,
1473 3394 1595 3433 cum
1620 3379 1860 3449 pruden-

266 3470 433 3526 tiores
486 3470 613 3528 filiis
672 3471 813 3528 lucis
866 3472 922 3527 in
987 3472 1336 3544 generatione
1400 3488 1497 3528 sua
1548 3471 1694 3538 sint;
1755 3486 1863 3527 non

263 3626 399 3697 fero,
424 3630 666 3695 quamvis
706 3629 822 3683 acie
861 3629 1089 3684 diversa.
1123 3627 1429 3684 Concinunt
1469 3626 1584 3681 brec
1614 3641 1735 3681 cum
1774 3626 1863 3693 iis,

266 3713 389 3770 quae
420 3700 473 3752 in
512 3701 704 3770 eodem
730 3700 980 3770 prooemii
1010 3700 1129 3755 loco
1161 3703 1467 3754 traduntur.

335 3769 490 3840 (486)
531 3769 802 3826 lneditum
838 3771 1078 3826 libellum
1111 3786 1306 3825 vocare
1351 3770 1565 3823 videtur
1593 3782 1691 3838 pro
1735 3784 1867 3821 non-

264 3840 392 3895 dum
434 3840 723 3909 perfectum
771 3843 866 3905 ita,
900 3853 957 3896 ut
1012 3842 1097 3897 edi
1151 3843 1202 3896 in
1248 3841 1519 3910 publicum
1564 3849 1860 3894 mereatur.

265 3910 533 3966 Construe
563 3922 616 3967 et
643 3913 851 3982 explica
888 3928 901 3967 :
940 3913 1019 3967 Ea
1054 3930 1181 3967 sane
1211 3912 1515 3982 festinantia
1558 3912 1680 3980 fecit
1723 3910 1868 3964 hunc

266 3982 507 4055 libellum
549 3984 708 4055 ilirigi
755 3984 1028 4043 iueditum,
1079 3992 1125 4037 et
1183 3987 1355 4036 minus
1408 3982 1680 4055 habentem
1732 3998 1864 4055 non-

267 4054 435 4117 nulla,
463 4051 711 4123 qua’datn
739 4056 896 4109 etiam
935 4056 1203 4108 habentem
1234 4054 1500 4117 rusticius,
1541 4068 1695 4123 quam
1730 4051 1866 4105 idem

266 4122 483 4179 libellus
514 4137 806 4188 correctus,
828 4143 978 4196 quem
1007 4126 1185 4179 taliter
1213 4124 1517 4178 commendo
1543 4122 1867 4196 iprwfatione

265 4196 385 4267 (iac,
429 4197 697 4251 contineat
742 4193 860 4267 loco
889 4214 983 4250 suo
1010 4211 1027 4249 :
1057 4197 1202 4267 fecit,
1236 4197 1476 4267 inquam,
1514 4194 1672 4262 dirigi
1713 4193 1866 4267 libelf

267 4265 377 4339 lum
422 4266 504 4321 sic
551 4266 951 4336 imperfectum,
978 4264 1118 4339 quod
1150 4264 1362 4337 (praeter
1399 4266 1453 4319 id
1491 4282 1693 4339 quoque
1727 4264 1867 4339 quod

268 4337 377 4403 ipse
425 4348 737 4405 putaverant
778 4336 1063 4408 dispara'ri,
1094 4339 1147 4393 id
1174 4336 1272 4392 est
1320 4336 1585 4406 separari,
1633 4336 1697 4389 ab
1728 4336 1868 4408 inse-

269 4417 414 4463 ctata
444 4410 784 4464 inimicorum
826 4405 1102 4463 absentatu
1132 4409 1327 4473 citato;
1354 4408 1682 4478 Moguntiam
1719 4405 1866 4461 enim

270 4482 521 4544 secessit,
551 4491 610 4535 ut
640 4496 670 4534 a
700 4481 976 4535 seditiosis
1017 4496 1136 4536 sese
1168 4476 1516 4545 subduceret)
1549 4476 1727 4531 creber
1776 4492 1868 4528 ru-

269 4568 405 4615 mor,
435 4551 557 4605 licet
589 4550 784 4622 falsus,
832 4568 934 4604 non
972 4552 1241 4605 destiterat
1281 4549 1578 4622 nuperritrte
1622 4546 1868 4622 nuntiare

270 4622 443 4676 omine
483 4617 714 4691 forsitan
758 4638 922 4692 neque
958 4623 1164 4692 penitus
1208 4617 1365 4685 vano,
1407 4618 1658 4673 revelatus
1701 4617 1868 4692 fuisse

271 4689 491 4748 excessu
522 4693 598 4764 (id
635 4703 720 4747 est
746 4689 917 4764 obitu)
957 4689 1149 4757 castra,
1178 4692 1287 4764 qui
1310 4692 1677 4764 opprimuntur
1699 4689 1864 4764 fasce,

276 4778 365 4818 seu
403 4760 697 4834 potestate.
744 4760 1061 4817 Nuntiatum
1113 4760 1383 4833 siquidem
1411 4761 1587 4834 fuerat
1618 4760 1865 4834 Radber-

278 4831 466 4890 tum'e
516 4837 656 4891 vivis
709 4834 1042 4900 excessisse,
1107 4831 1269 4889 ut'in
1324 4832 1590 4905 prommio
1638 4831 1869 4886 traditur

276 4922 421 4961 num.
454 4907 508 4961 5.
539 4904 749 4972 Omine,
778 4906 873 4971 ait,
907 4922 1069 4975 neque
1093 4905 1299 4976 penitus
1322 4903 1472 4965 uano,
1504 4903 1560 4976 si
1580 4919 1754 4956 verum
1776 4913 1869 4976 est

276 4994 443 5050 omen,
492 4978 636 5050 quod
690 4977 925 5032 tribuunt
974 4974 1472 5050 populotliuinauti.
1530 4974 1863 5050 Sequentia:

279 5044 515 5114 Quorum
552 5059 736 5119 tangat
771 5044 1016 5103 crateram
1042 5044 1339 5118 specialius
1369 5057 1567 5111 actum,
1610 5045 1699 5099 alii
1742 5044 1865 5101 feli-

277 5121 386 5175 cius
415 5121 502 5175 vel
530 5121 830 5190 corrigam,
864 5120 947 5175 vel
988 5120 1438 5189 interpretentur.

341 5192 490 5263 ($87)
530 5187 965 5263 Appellationem
1002 5187 1214 5263 scilicet
1250 5188 1554 5263 phrenetici,
1578 5187 1871 5263 _qua3'ideo

278 5280 305 5342 ξι
328 5260 815 5342 βοάϋθιίζίίιιιιὶιίι
844 5263 945 5342 fuit
968 5261 1475 5342 Ratberio,‘quippe
1498 5260 1591 5329 qui
1618 5262 1871 5341 pbrenesi

1897 4655 1948 4716 D

1968 3386 2073 3440 que
2100 3370 2202 3424 frui
2233 3370 2497 3440 perpetim
2529 3380 2703 3438 neque
2731 3366 3024 3432 desineret,
3048 3365 3122 3420 ita
3152 3374 3331 3421 tamen
3358 3373 3417 3418 ut
3442 3379 3567 3435 gra-

1972 3466 2128 3531 tuita,
2156 3480 2275 3535 quae
2306 3461 2673 3535 plurispendia
2703 3460 2857 3516 vobis
2886 3458 3280 3516 alternantibus
3308 3458 3476 3514 sciret
3510 3456 3567 3513 in

1968 3628 2161 3691 citatis,
2193 3627 2271 3680 uti
2300 3642 2384 3679 vos
2413 3625 2610 3694 fuistis,
2636 3632 2684 3678 et
2711 3622 3070 3694 cgncionantis
3098 3630 3210 3694 tarn
3234 3618 3569 3694 suadibiliter
3594 3640 3599 3647 ο

1969 3714 2125 3768 super
2149 3689 2449 3768 suggestum
2471 3696 2698 3768 arduum
2723 3691 2974 3768 Ecclesia:
2987 3702 3114 3768 tarn
3130 3689 3441 3768 splendidaz,
3464 3705 3567 3768 quo

1970 3759 2169 3838 factum
2214 3759 2321 3820 $an
2368 3764 2556 3838 valeret
2609 3763 2771 3818 celari
2809 3762 2929 3838 (ulli.
2983 3759 3244 3838 Ilodberti
3294 3759 3565 3838 archiepi-

1970 3832 2118 3908 scopi
2162 3838 2477 3893 concionem
2510 3837 2564 3908 in
2613 3851 2724 3908 sua
2757 3834 2822 3908 ad
2869 3832 3569 3908 Leodieensemepiscopa-

1971 3902 2083 3963 tum
2134 3908 2475 3980 promotioue
2522 3907 2576 3961 in
2625 3904 3275 3980 catliedrali__(_lolonie_nsi
3327 3902 3571 3980 habitam

1972 3970 2197 4043 indicat,
2229 3982 2294 4033 de
2324 3996 2427 4049 qua
2462 3979 2514 4032 in
2540 3976 2804 4048 prooemio
2832 3975 3030 4029 similia
3066 3976 3244 4044 prodit
3275 3990 3328 4027 ιι.
3360 3973 3408 4027 1.
3449 3970 3568 4026 Cir-

1972 4051 2330 4106 cumstantias
2368 4049 2672 4104 communis
2715 4062 3010 4102 consensus
3052 4059 3398 4107 enumerans,
3431 4057 3570 4112 quas

1971 4122 2026 4176 in
2058 4122 2420 4196 Conclusioue
2457 4118 2796 4196 deliberativa
2836 4116 3006 4171 fusius
3031 4117 3299 4196 explicat,
3321 4113 3571 4196 affirmat

1971 4209 2030 4248 se
2064 4212 2171 4250 non
2219 4206 2378 4264 posse
2409 4192 2672 4257 invenire,
2716 4204 2814 4245 cur
2860 4198 2982 4261 post
3031 4184 3146 4245 haec
3188 4188 3371 4243 omnia
3400 4184 3570 4242 fuerit

1970 4267 2245 4322 exnulsus.

2042 4283 2547 4413 Eblbilfisbifficiliora
2572 4342 2715 4413 sunt
2753 4332 2882 4413 litae
2893 4339 3065 4413 atque
3103 4331 3381 4413 sequentia
3401 4371 3427 4413 ,_
3449 4342 3572 4413 quas

1974 4402 2101 4464 num
2138 4402 2217 4463 sic
2261 4405 2620 4461 construenda
2672 4405 2800 4468 sint,
2836 4402 3064 4457 aliorum
3111 4402 3318 4472 judicio
3347 4402 3574 4470 subjici-

1971 4495 2096 4535 mus
2124 4497 2136 4532 :
2172 4477 2465 4532 Persuasus
2494 4477 2558 4531 ab
2583 4477 2792 4540 amicis,
2823 4475 2927 4527 imo
2958 4473 3023 4527 ab
3051 4473 3231 4527 eodem
3264 4473 3572 4526 ordinatore

1972 4567 2067 4605 suo
2101 4546 2395 4619 (Brunone)
2425 4548 2564 4617 quod
2608 4557 2733 4600 tunc
2754 4545 3018 4619 silendum
3061 4545 3186 4619 (ait,
3219 4544 3573 4619 ﬁdensuvide-

1974 4622 2093 4675 licet
2110 4613 2342 4691 iustitia:
2378 4613 2761 4691 et'auctoritati
2787 4616 3192 4691 instituentium,
3220 4613 3351 4691 quid
3377 4613 3572 4691 diceret

1972 4685 2263 4763 ﬂagiiando
2294 4687 2581 4763 autcilium,
2607 4687 2697 4742 ille
2737 4689 3019 4763 prwcipuc,
3064 4696 3121 4740 ut
3151 4685 3373 4763 asseruit
3404 4685 3570 4750 vobis,

1974 4758 2126 4831 cujus
2158 4759 2414 4828 sapientia
2442 4761 2675 4814 cernitur
2708 4769 2816 4813 toto
2851 4758 3042 4813 swculo
3073 4758 3360 4831 prtedicata
3381 4771 3575 4831 assen-

1973 4826 2096 4906 tatu
2125 4826 2354 4906 quodam
2394 4832 2695 4906 gnatonico,
2736 4846 2893 4906 quant
2931 4826 3253 4906 ver_o_'relatu
3284 4826 3518 4906 veritatis
3551 4840 3573 4881 :

1972 4905 2119 4976 quid,
2138 4896 2638 4976 'inquamftliceret,
2664 4896 2711 4957 et
2730 4896 2863 4976 quid
2891 4896 3451 4976 stabilitas_ch_aritatis
3478 4896 3576 4963 fir-

1975 4970 2248 5039 missimaf,
2291 4985 2337 5029 et
2373 4974 2605 5029 charitas
2636 4970 2941 5043 stabilitatis
2975 4970 3351 5043 robustissimi?
3389 4982 3578 5043 suppef

1977 5048 2169 5102 ditaret
2195 5035 2410 5119 dixisse,
2459 5045 2558 5098 nisi
2590 5045 2633 5097 si
2666 5043 2889 5113 forsitan
2930 5035 3340 5119 [msxformam]
3371 5036 3574 5119 aliquid

1978 5119 2129 5175 verbo
2158 5127 2247 5171 aut
2283 5109 2423 5188 facta
2451 5125 2624 5169 actum
2647 5109 2780 5188 esset
2804 5109 2986 5169 contra
3016 5109 3225 5188 libitum
3238 5109 3479 5188 restrain
3509 5109 3573 5162 ab

1980 5193 2114 5261 ipso,
2145 5188 2233 5259 qui
2256 5178 2380 5261 sum
2426 5203 2518 5261 ego
2560 5187 2786 5261 recitans
2817 5187 2928 5261 Ιιᾳέ
2956 5181 3177 5261 quinia?
3226 5178 3364 5261 Nam
3410 5190 3580 5261 mente

1983 5248 2369 5341 negligentiam
2397 5248 2573 5342 crebro
2602 5259 2801 5326 agitur,
2825 5248 3050 5342 simplici.
3064 5250 3481 5342 _tam.en,‘fassus
3501 5248 3583 5342 est
