4032 5354
552 200 661 261 57'.)

1525 200 1854 266 RATHERH
1894 201 2112 259 EPISC.
2155 199 2408 258 VERON.
2449 197 2601 258 OPP.
2643 200 2823 260 PARS
2864 203 2903 261 l.

3748 214 3849 272 380

466 360 481 375 .
548 316 656 375 hoc
687 314 988 389 praesertim
1030 311 1272 386 negotio,
1316 318 1458 391 quod
1503 326 1671 373 totum
1718 315 1814 371 Dei
1856 314 2023 371 solius
2060 330 2149 370 re-
2177 320 2227 382 Α
2256 315 2357 371 hoc
2385 316 2568 387 utique
2589 317 2658 373 ad
2685 333 2854 389 aquas
2879 318 3323 378 contradictionis
3347 319 3528 395 (Deut.
3559 316 3841 398 minus;

466 460 477 471 .
547 418 736 483 specu!
774 417 830 465 οι
871 408 1047 473 fasci
1082 423 1314 470 necesse
1342 421 1487 470 esset
1516 412 1757 476 actitsri,
1791 411 2015 469 minime
2049 411 2150 479 mi-

548 512 736 564 sceret
750 502 815 577 [Ῑ.
828 544 843 570 ,
864 492 1164 580 nosceret}.
1191 505 1443 578 Subiecta
1467 505 1613 561 enim
1630 504 1796 577 (491),
1815 504 1915 569 ait,
1931 512 2152 559 vestrae-

466 640 473 667 ,
547 610 654 669 que
694 594 1074 653 disertissimam
1127 596 1441 668 paternitati
1497 612 1604 653 non
1654 595 2007 668 cognitionis,
2056 597 2152 651 sed

550 685 939 757 recognitionis
962 688 1131 745 e'ausa
1162 690 1337 745 delata
1369 697 1678 744 sanctorum
1709 686 1932 743 Patrum
1961 700 2150 744 exem-

548 780 659 852 pla,
691 778 808 834 fore
834 792 1298 848 supervacaneum
1325 797 1418 837 sua
1457 780 1870 852 perspicacitate
1900 779 1989 853 Ui,
2026 794 2151 850 per—

468 920 471 927 .
552 872 867 949 Spicuitate]
923 878 1196 941 fatentur,
1243 877 1466 933 cuilibet
1513 877 1574 950 [ι.
1626 875 1936 949 cujuslibet]
1982 877 2151 932 vestri

552 964 833 1031 εἰιιιίιίιιιιι,
864 978 921 1025 et
952 970 1042 1038 qui
1074 972 1382 1038 recogttilor
1408 980 1571 1039 atque
1607 980 1855 1025 servator
1881 969 1949 1024 sil
1988 970 2147 1040 aequi,

552 1072 711 1113 aures
755 1057 996 1116 inaniter
1027 1061 1290 1132 fatigare:
1323 1063 1517 1132 quibus
1547 1061 1871 1118 dilucidatur
1906 1062 2152 1134 legaliter

551 1149 914 1225 undecunque
955 1164 1311 1225 assumptum,
1357 1154 1601 1227 legaliter
1638 1155 1863 1218 locatus,
1909 1172 2085 1227 neque
2118 1174 2150 1213 a

552 1251 847 1317 semetipso
890 1250 1133 1313 veniens,
1164 1250 1258 1304 sed
1299 1250 1367 1304 ab
1408 1265 1498 1315 eo,
1542 1250 1626 1306 cui
1657 1259 1741 1305 est
1776 1250 2023 1305 mittendi
2055 1267 2149 1305 au-

553 1340 804 1407 ctoritas,
852 1342 1071 1403 missus,
1107 1339 1364 1396 collatum
1400 1341 1719 1411 praesidendi
1746 1357 1962 1411 quoquo
1990 1342 2150 1397 modo

464 1480 469 1501 ,
556 1433 756 1489 alicubi
785 1432 1174 1503 pontiticaliter
1199 1433 1437 1502 suscepit
1469 1434 1590 1500 quis
1620 1432 1663 1487 si
1697 1433 1862 1488 semel
1893 1431 2147 1499 cilicium,

462 1574 469 1593 ε
558 1525 839 1597 indignum
887 1526 1041 1589 licet,
1088 1525 1240 1580 salvo
1282 1525 1548 1581 mittentis
1593 1525 1904 1594 pariterque
1947 1538 2146 1579 conve-

466 1676 495 1689 ε,
557 1616 841 1680 tuentium,
882 1625 940 1671 ιιι
977 1616 1049 1670 ita
1084 1615 1187 1672 fari
1218 1616 1467 1679 audeam,
1501 1625 1648 1672 statu
1680 1615 1937 1687 (malivoli
1972 1632 2147 1686 quan-

2253 405 2404 462 l’sol.
2433 423 2598 473 ωαχ,
2630 409 2707 481 8),
2755 409 2845 465 ubi
2889 410 3109 481 probari
3152 422 3348 470 vestra!
3394 416 3575 473 valeat
3623 417 3846 479 firmitas

2249 497 2572 554 devotionis.
2609 497 2779 568 Hujus
2818 501 2932 573 spei
2972 501 3166 557 ﬁducia
3198 505 3396 577 oppido
3422 508 3704 564 animatus
3730 525 3847 582 per-

2248 591 2603 664 incongruum
2666 593 2856 674 judico
2920 596 3277 671 suasionibus
3318 598 3553 672 fatigare
3612 601 3846 673 aliquem

2251 693 2527 752 vestrum,
2574 699 2700 740 cum
2751 685 3219 743 mordacissimam
3274 704 3371 745 vos
3421 692 3675 746 noverim
3722 693 3841 749 Ale-

2251 777 2446 835 xaudri
2478 792 2628 849 papa:
2656 778 2791 834 satis
2833 794 2994 835 nosse
3035 782 3362 837 sententiam
3398 783 3636 839 dicentis
3665 802 3678 839 :
3715 784 3845 854 Quia

2250 869 2298 926 si
2324 871 2446 941 quis
2473 886 2533 928 se
2567 872 2634 927 ab
2661 871 2865 928 auxilio
2896 873 3082 929 talium
3121 876 3473 941 subtraxerit,
3514 892 3625 932 non
3665 894 3846 934 sacer-

2251 965 2367 1031 dos,
2397 968 2490 1022 sed
2518 967 2899 1025 schismaticus
2920 966 3271 1036 iudicabitur.
3304 971 3668 1027 lnstitutionis
3701 972 3845 1043 (493)

2250 1060 2449 1131 quippe
2476 1060 2841 1132 indignitatis,
2880 1077 2987 1117 non
3032 1078 3090 1118 se
3138 1071 3315 1121 tamen
3349 1065 3493 1121 ttltro
3527 1064 3847 1136 ingerentis,

2250 1154 2345 1209 sed
2374 1153 2708 1225 praecipienti
2736 1154 3038 1209 obetlieutis
3078 1156 3180 1211 ista
3226 1166 3353 1211 sunt
3394 1155 3658 1228 suﬂ'ragia
3696 1174 3848 1222 nocte,

2251 1265 2371 1320 qua:
2418 1249 2805 1305 sacratissimis
2853 1252 3101 1307 manibus
3154 1252 3386 1306 taxanda
3427 1253 3721 1308 committo
3764 1269 3849 1309 ve-

2250 1344 2397 1406 stris,
2431 1359 2527 1401 vos
2565 1353 2626 1398 ut
2650 1344 2923 1399 neminem
2956 1346 3369 1416 episcoporum,
3404 1345 3496 1417 qui
3540 1362 3731 1402 causa:
3756 1348 3848 1402 ad-

2252 1439 2433 1505 fuerit,
2482 1454 2579 1510 per
2620 1439 2903 1495 Dominum
2941 1449 3257 1496 contestans
3296 1452 3486 1494 eorum
3535 1439 3847 1511 cognitione

2248 1534 2536 1600 fraudatis,
2582 1535 2698 1599 sed,
2750 1549 2927 1605 nequa
2968 1534 3185 1589 occasio
3231 1548 3337 1589 non
3386 1547 3488 1608 me
3518 1531 3846 1588 defendendi

2254 1627 2445 1684 adesse
2490 1624 2687 1690 valeat,
2731 1626 3065 1680 ostendendo
3099 1624 3352 1680 omnibus
3382 1623 3704 1695 propaletis.
3754 1622 3847 1677 llic

559 1723 719 1778 quam
761 1723 931 1779 usque
969 1710 1036 1763 ad
1080 1724 1266 1764 necem
1297 1707 1610 1780 desaeviant)
1654 1708 1772 1763 loco
1800 1724 1958 1779 posse
2002 1708 2138 1779 lega-

2243 1730 2564 1776 sanctorum
2611 1719 2833 1775 insanus
2875 1718 3118 1783 Patrum,
3165 1717 3394 1773 Autbcrl
3436 1716 3713 1782 videlicet,
3745 1717 3847 1772 Ca-

558 1798 682 1854 liter
728 1815 967 1868 rursum,
997 1800 1204 1857 ordinis
1237 1808 1489 1855 manente
1533 1799 1800 1865 custodia,
1845 1800 2150 1857 nullatenus

559 1892 788 1955 moveri,
832 1899 887 1947 ni
934 1892 1116 1961 forsan
1150 1892 1323 1962 magis
1352 1893 1470 1963 iura
1500 1892 1792 1962 praevalent
1835 1890 1955 1953 fori,
1985 1908 2147 1962 quam

462 2036 465 2045 ,
558 1992 895 2047 sanctorum,
925 1985 1204 2056 exempla;
1260 1994 1355 2040 aut
1406 1983 1627 2053 majoris
1674 1984 2014 2039 auctoritatis
2065 1993 2152 2040 est

556 2073 948 2140 molendiuum,
976 2091 1140 2145 quam
1183 2074 1492 2146 pontiﬁcale
1534 2073 1789 2129 cilicium.
1821 2073 1968 2129 Illius
1994 2089 2149 2128 nam-

552 2181 659 2238 que
701 2170 950 2239 provisor
979 2169 1101 2240 pelli
1148 2170 1337 2240 nequit
1375 2169 1443 2225 de
1484 2168 1648 2223 semel
1695 2177 1914 2235 accepta
1960 2167 2148 2237 provi:

460 2312 465 2317 _
550 2262 724 2328 sione,
756 2263 809 2319 ni
834 2264 1108 2321 audientia
1134 2262 1497 2334 praecedente,
1524 2262 1825 2317 vicinorum
1855 2261 1973 2315 sine
1998 2276 2147 2316 mur-

551 2370 724 2413 mure.
762 2357 843 2411 Ad
867 2356 1179 2427 episcopum
1205 2356 1598 2429 detrudendum
1625 2356 1729 2409 hoc
1754 2352 2002 2423 exemplo
2029 2352 2163 2407 uul-.

444 2488 453 2493 -
551 2450 661 2505 lum
690 2448 925 2523 [nullum
952 2436 1223 2504 abundare
1251 2447 1503 2522 videtur],
1534 2449 1617 2504 vis
1643 2447 1787 2503 nulla
1814 2449 2141 2517 requiritur;

552 2542 714 2608 ratio,
739 2541 857 2597 laus
906 2549 961 2597 et
986 2542 1334 2610 vituperatio,
1361 2541 1518 2612 231
1556 2540 1726 2611 plebis
1751 2554 2066 2607 consensus,
2092 2550 2163 2597 et.

547 2635 842 2706 prohibitio
882 2635 1015 2707 legis
1046 2635 1291 2706 partibus
1318 2636 1650 2693 eortveuiunt
1679 2637 1870 2708 aquis,
1898 2638 2144 2709 paribus-

464 2790 471 2797 _
550 2742 656 2799 que
681 2729 973 2799 proﬁciunt
1002 2731 1199 2787 modis.
1882 2754 1889 2755 ν
2046 2774 2051 2780 ι

624 2823 710 2880 12.
755 2822 931 2895 Super
964 2840 1073 2897 quo
1110 2825 1259 2898 μεθ)
1299 2826 1466 2882 Deum
1508 2826 1791 2890 timentes,
1833 2826 2142 2883 hominum-

547 2931 655 2988 que
694 2917 976 2974 infamiam
1020 2928 1330 2975 reverentes
1376 2933 1587 2984 omnes,
1633 2933 1844 2984 omnes,
1896 2920 2138 2989 inquam,

546 3006 645 3080 (ait
680 3009 1057 3080 prosequens),
1079 3024 1291 3074 omnes,
1337 3008 1479 3065 idem
1522 3009 1801 3066 simultate
1828 3011 2139 3065 onmimoda

2251 1810 2391 1877 lixti,
2424 1817 2585 1880 atque
2617 1807 2866 1881 Gregorii
2902 1823 2971 1864 ex
2997 1808 3253 1875 decretis,
3281 1816 3715 1879 sanctorumque
3745 1822 3848 1862 non

2248 1917 2543 1975 paucorum
2594 1918 2653 1957 se
2701 1900 2948 1974 legaliter
2995 1901 3208 1957 vacanti
3263 1901 3694 1955 intbronizatum
3745 1900 3846 1954 Ec-

2247 1995 2427 2050 clesiae
2481 2002 2728 2049 astruere
2783 1993 3037 2047 laborans
3087 1991 3384 2063 exemplis,
3438 2007 3501 2047 ea
3559 2001 3849 2061 postquam

2248 2086 2436 2143 subter
2482 2087 2818 2151 inseruerat,
2874 2083 3071 2154 adjecit
3117 2103 3130 2138 :
3185 2083 3313 2140 Esto
3356 2083 3557 2155 aliquis
3604 2083 3849 2153 legaliter

2246 2179 2448 2233 factum
2482 2178 2714 2233 inliciari
2742 2176 2887 2231 nullo
2932 2177 3090 2231 modo
3114 2176 3337 2241 valens,‘
3360 2177 3623 2230 infectum
3657 2190 3850 2230 rursus

2246 2271 2364 2326 fore
2396 2270 2641 2327 criminis
2668 2270 2897 2338 alicujus
2924 2268 3265 2340 oppositione
3289 2268 3418 2325 velit
3442 2283 3571 2324 vera
3604 2267 3844 2334 falsove;

2246 2364 2363 2418 iure
2387 2373 2534 2431 sunt,
2562 2363 2761 2433 quibus
2792 2361 3016 2427 innitor,
3045 2361 3157 2416 Deo
3180 2361 3405 2431 gratias,
3431 2362 3631 2415 iterum
3665 2368 3850 2429 patro-

2245 2456 2420 2522 cinia;
2473 2456 2568 2511 sed
2614 2456 2824 2525 ignoro,
2872 2456 2982 2510 sint
3017 2464 3197 2510 utrum
3245 2454 3449 2523 aliquid
3492 2452 3781 2524 profutura
3829 2468 3843 2505 :

2244 2562 2373 2607 sunt
2398 2549 2542 2605 enim
2580 2559 2824 2619 tempora
2855 2548 3012 2620 (proh
3045 2548 3253 2621 nefas!)
3295 2548 3463 2619 legem
3496 2562 3604 2601 non
3650 2545 3849 2600 admit-

2244 2644 2429 2699 tentia.
2497 2641 2744 2713 Cumque
2807 2652 3118 2701 sanctornm
3178 2640 3402 2696 Patrum
3467 2638 3845 2696 sanctionibus

2243 2736 2405 2808 232
2439 2752 2500 2792 se
2535 2736 2964 2802 incardinatum,
2995 2735 3163 2790 vestri
3204 2734 3475 2805 praecipue
3511 2732 3661 2806 (49L)
3702 2747 3844 2804 pm-

2242 2828 2418 2893 conio,
2469 2826 2846 2899 innegabiliter
2894 2826 3264 2898 probavisset;
3313 2835 3477 2894 atque
3524 2832 3846 2878 constructo

2243 2922 2311 2977 ab
2340 2916 2567 2986 eisdem,
2610 2934 2749 2992 papa
2791 2929 2854 2975 ut
2896 2920 2973 2975 ait
3014 2918 3399 2989 Telesphorus,
3446 2932 3504 2972 se
3544 2917 3705 2987 quasi
3737 2916 3846 2972 cir-

2243 3014 2623 3071 cumvallasset
2645 3014 2740 3087 (ita
2768 3013 3135 3086 prosequitur)
3158 3028 3336 3077 muro,
3361 3012 3534 3104 vestri
3554 3026 3690 3067 vero
3708 3011 3843 3066 item

546 3102 824 3159 conlidens
849 3104 1181 3175 posthabita,
1223 3118 1322 3175 pro
1358 3104 1416 3159 se
1437 3104 1560 3175 quis
1582 3104 1711 3159 dum
1747 3102 1898 3170 facit,
1928 3106 2138 3177 sibique
2164 3093 2211 3157 C
2242 3108 2502 3164 iuchoans
2542 3120 2574 3161 a
2620 3105 2929 3178 praeconio;
2977 3111 3103 3160 sunt
3131 3102 3213 3176 (ut
3247 3103 3430 3159 doceri
3457 3093 3584 3157 'non
3635 3102 3847 3172 indiget

460 3227 467 3233 ε
545 3199 927 3270 prospiciendo
956 3199 1219 3266 consulit,
1259 3213 1535 3266 sensuros,
1570 3207 1686 3255 tum
1721 3200 1992 3271 praecipue
2020 3216 2135 3268 vos,

460 3320 467 3327 ο
545 3290 635 3351 cui
678 3301 735 3347 et
777 3291 951 3360 major
992 3308 1179 3349 verum
1225 3294 1491 3366 sapiendi,
1534 3304 1609 3363 et,
1663 3311 1732 3352 ne
1778 3298 1909 3368 quid
1947 3308 2137 3353 contra

546 3383 690 3441 idem
723 3383 1043 3452 moliamini,
1078 3386 1257 3457 potior
1283 3395 1368 3442 est
1410 3387 1566 3459 copia
1606 3403 1863 3447 concessa
1911 3390 2137 3446 cavendi

545 3490 697 3531 more
731 3477 1106 3544 usitatissimo,
1142 3494 1257 3544 ore,
1299 3495 1481 3546 manu,
1521 3482 1685 3537 corde
1714 3499 1726 3536 :
1762 3479 1921 3538 Zelus
1950 3484 2136 3540 domus

542 3566 651 3625 tua:
676 3570 895 3626 comedit
924 3589 1003 3653 me
1033 3570 1209 3645 (Psal,
1240 3588 1424 3651 tsvut,
1466 3573 1570 3648 l0),
1616 3589 1720 3630 non
1745 3588 2137 3634 rememoratu—
2165 3588 2173 3601 ‘

545 3678 666 3719 rum
701 3664 902 3732 dicere,
941 3680 1404 3737 ascensurumqne
1450 3684 1516 3723 ex
1562 3669 1815 3735 adverso,
1860 3670 2169 3741 oppositu-.

542 3769 774 3825 rumque
800 3772 1012 3812 murum
1045 3768 1252 3814 vosmet
1278 3758 1607 3814 defensionis
1634 3775 1733 3830 pro
1764 3762 1925 3817 domo
1946 3762 2135 3831 Israel,

541 3853 605 3901 ut
628 3846 785 3904 stetis
814 3847 867 3903 in
896 3849 1082 3921 prmlio
1109 3850 1162 3905 in
1198 3850 1286 3906 die
1328 3850 1536 3908 Domini
1571 3851 1785 3925 (Ezech.
1816 3871 1939 3925 xm,
1966 3857 2045 3930 5),
2083 3863 2140 3914 et

612 4026 761 4106 (49])
800 4029 1067 4106 Construe
1099 4050 1115 4106 _:
1156 4029 1365 4087 Etenim
1391 4033 1627 4106 subjecta
1657 4033 1894 4106 exempla
1924 4045 2137 4091 sancto-

464 4152 469 4157 ,
542 4096 660 4159 tutu
683 4096 931 4167 Patrum,
954 4112 1001 4159 et
1024 4102 1200 4158 delata
1220 4113 1406 4159 vestrm
1426 4096 1788 4159 disertissima:
1805 4096 2133 4174 'paternitati,

542 4186 645 4248 non
674 4188 833 4248 causa
874 4174 1205 4248 cognitionis,
1245 4174 1334 4228 sed
1377 4176 1765 4245 recognitionis,
1798 4194 1894 4231 sua
1933 4180 2136 4248 perspi-

462 4278 467 4285 .
541 4242 734 4309 cuitate
762 4242 994 4317 fatentur
1024 4244 1134 4317 (ore
1169 4242 1611 4317 supervacaneum
1646 4247 1875 4301 inaniter
1910 4242 2136 4317 fatigare

462 4352 471 4359 .
541 4327 695 4367 aures
736 4314 1012 4389 cujuslibet
1055 4315 1306 4371 similium
1339 4317 1514 4389 vestri.
1546 4327 1593 4371 et
1623 4314 1918 4385 cujuslibet,
1947 4314 2035 4389 qui
2069 4323 2136 4375 sit

541 4385 833 4459 recognitor
866 4395 912 4440 et
953 4398 1191 4443 servator
1224 4388 1361 4459 tequi
1392 4402 1411 4440 :
1438 4388 1627 4455 quibus
1668 4388 1916 4459 exemplis
1942 4385 2135 4446 diluci-

2244 3201 2495 3258 antistitii
2535 3201 2704 3257 vestri
2754 3215 2910 3256 sacra
2952 3198 3263 3272 prudentia)
3307 3198 3687 3270 hujuscemodi
3718 3213 3845 3269 per-

2238 3296 2396 3367 plura
2434 3309 2535 3365 per
2564 3293 2966 3350 sacratissimas
2991 3291 3163 3347 divini
3192 3291 3466 3363 dogmatis
3505 3304 3732 3363 oattipos
3760 3290 3845 3345 di-

2237 3402 2448 3460 spersa,
2488 3396 2546 3443 et
2586 3386 2864 3453 lacillime,
2905 3385 2954 3441 si
2992 3398 3220 3441 necesse
3246 3384 3428 3450 fuerit,
3461 3382 3786 3439 invenienda
3820 3399 3836 3437 :

2239 3481 2333 3540 sed
2362 3479 2609 3539 sulﬁcere
2634 3480 2905 3537 credimus
2930 3479 3055 3546 ista,
3080 3494 3181 3536 nec
3202 3479 3684 3563 commemoranda
3709 3492 3842 3549 qno~

2238 3594 2344 3651 que
2369 3578 2486 3648 ipse
2510 3575 2614 3633 nisi
2643 3576 2726 3631 cui
2769 3590 2866 3632 rex
2890 3573 3178 3646 Babylonis
3204 3573 3389 3630 oculos
3414 3573 3664 3633 Sedecite
3694 3572 3839 3644 regis

2236 3669 2535 3730 Jerusalem
2562 3668 2708 3725 eruit
2734 3668 2787 3724 in
2816 3666 3079 3723 Reblatha
3104 3665 3240 3737 (λεν.
3269 3682 3461 3732 xxxix,
3490 3666 3575 3737 6),
3604 3680 3730 3736 quia
3756 3664 3839 3718 in-

2236 3770 2568 3833 terpretatur
2585 3761 2755 3817 multa
2778 3760 2914 3827 haec,
2933 3774 3099 3830 quam
3120 3774 3246 3815 esse
3266 3752 3563 3831 (Gregorio
3584 3759 3839 3825 novimus

2238 3855 2465 3914 docente
2486 3855 2564 3912 lin
2589 3854 2689 3913 Job
2716 3854 2752 3909 ι.
2775 3869 2851 3920 v1,
2879 3868 2932 3909 ιι.
2960 3851 3086 3912 57η
3122 3838 3559 3920 immoderatam,
3588 3850 3838 3925 Stygium

2311 4036 2457 4109 (495)
2494 4036 2760 4109 Construe
2786 4052 2799 4088 :
2832 4032 2944 4089 Ista
2971 4048 3161 4105 quippe
3181 4042 3302 4088 sunt
3332 4033 3593 4109 suffragia
3617 4033 3837 4109 institu-

2239 4104 2395 4164 tionis
2417 4104 2746 4177 indignitatis
2767 4121 2918 4167 mete,
2943 4104 3047 4177 non
3066 4121 3128 4159 se
3152 4115 3329 4177 tamen
3355 4104 3493 4177 ultro
3518 4106 3829 4177 inger-eruis,

2237 4180 2327 4236 sed
2347 4174 2633 4233 obedientis
2660 4176 3001 4247 pra'cipienti,
3023 4192 3142 4242 qua:
3170 4174 3427 4245 suﬁ'ragia
3456 4176 3730 4230 committo
3759 4187 3838 4228 ta-

2235 4251 2413 4306 xanda
2450 4248 2823 4303 sacratissimis
2862 4248 3107 4301 manibus
3149 4247 3362 4308 vestris,
3403 4255 3709 4300 contestans
3746 4263 3835 4300 vos

2235 4339 2326 4392 per
2352 4320 2651 4392 Dominum,
2678 4329 2731 4373 ut
2763 4334 2867 4372 non
2889 4317 3215 4392 defraudatis
3237 4317 3827 4392 eoruntsuﬁ'rogiorum

2237 4386 2524 4462 cognitione
2564 4389 2790 4462 aliquem
2829 4386 3330 4462 episcoiwrum,_qui
3369 4386 3605 4455 adfuerit
3622 4403 3832 4462 caussa,

538 4452 720 4517 datur,
748 4457 795 4538 si
832 4460 945 4528 quis
984 4460 1184 4514 locatus
1214 4452 1555 4529 leg'alitcr'ﬁn
1597 4459 1778 4516 oflicio
1814 4452 2132 4536 episcopali)
2168 4480 2213 4541 [)
2240 4452 2327 4519 ιςεᾶ
2355 4452 2671 4517 ostendendo
2700 4476 2761 4514 ea
2791 4452 3032 4514 omnibus
3035 4452 3360 4583 fropalétis,
3393 4452 3458 4539 ne
3482 4473 3589 4527 qua
3625 4452 3834 4539 occasio

539 4540 633 4580 uec
664 4542 869 4583 vemens
898 4547 930 4583 a
956 4532 1248 4583 semetipso.
1278 4530 1368 4583 sed
1394 4531 1585 4583 missus
1615 4532 1681 4583 ab
1713 4549 1792 4583 eo.
1822 4534 1908 4583 cui
1928 4545 2002 4583 est
2037 4552 2138 4583 au—
2170 4558 2175 4565 -
2240 4551 2343 4583 non
2369 4533 2533 4583 valeat
2561 4532 2744 4583 adesse
2776 4531 3031 4583 defenden
3074 4547 3089 4582 ι
3128 4545 3230 4583 mc.
3262 4527 3365 4582 Htc
3392 4542 3614 4581 insanus
3642 4528 3721 4583 (td
3750 4536 3834 4583 est

464 4576 477 4585 κ
539 4540 633 4580 uec
660 4528 869 4599 veniens
898 4547 930 4583 a
956 4532 1248 4598 semetipso,
1268 4528 1368 4585 sed
1394 4531 1585 4586 missus
1615 4532 1681 4587 ab
1713 4549 1792 4599 eo,
1822 4528 1908 4587 cui
1928 4528 2016 4588 esti
2037 4528 2138 4590 au;-
2168 4528 2175 4565 τ

466 4656 475 4668 ι
538 4597 753 4675 ctorith
775 4597 1453 4675 mittendi,_semel_susccpit
1478 4601 1725 4656 collatum
1752 4597 1974 4674 ofﬁciunt
1995 4622 2133 4675 prm-

462 4710 469 4717 .
535 4667 743 4742 εἰάθηάί
782 4670 1151 4742 poutiﬁculiter
1177 4667 1607 4742 alicubiquoquo
1651 4667 1825 4736 modo,
1871 4667 2133 4730 dilucida-

464 4770 475 4801 -_
537 4747 644 4814 tur,
680 4740 921 4810 inquam,
949 4758 1067 4814 eum
1104 4741 1221 4794 licet
1248 4740 1523 4810 indignum
1544 4754 1870 4813 assumptum
1896 4745 2132 4814 legaliter

535 4809 896 4885 undecunque,
933 4811 1229 4867 nullatenus
1255 4809 1403 4880 posse
1429 4831 1639 4869 rursum
1674 4809 1912 4885 legaliter
1938 4809 2131 4872 moveri

534 4876 669 4951 loco,
718 4876 960 4939 manente
1008 4876 1264 4938 custodia"
1291 4884 1515 4947 ordinis,
1562 4876 1921 4951 salvavstatu,
1958 4899 2010 4940 ut
2052 4889 2128 4943 ita

535 4950 643 5020 fari
664 4955 912 5027 audeant,
932 4954 1186 5027 (mittentis
1208 4964 1258 5010 et
1282 4956 1481 5025 pariter
1499 4958 1931 5019 convenientium,
1957 4975 2125 5027 I/t-‘(m-

531 5038 691 5092 quam
730 5024 957 5081 malivoli
985 5024 1458 5098 desa'viautusque
1491 5026 1561 5081 ad
1597 5043 1804 5099 necem;
1836 5028 1890 5082 ni
1918 5024 2120 5098 forsan,

532 5103 641 5151 CIC.

605 5164 753 5237 (492)
794 5168 926 5241 Item
967 5178 1225 5227 construe
1253 5188 1268 5225 :
1296 5168 1469 5240 Super
1490 5186 1596 5241 quo
1624 5169 1914 5237 conﬁdens,
1945 5188 2122 5227 omnes

533 5236 770 5292 timentes
817 5239 1012 5305 Deum,
1063 5251 1111 5296 et
1165 5236 1450 5296 reverenies
1500 5236 1776 5311 infamiam
1827 5243 2118 5310 hominum,

534 5322 731 5354 omnes-
762 5310 970 5354 inmmm
995 5314 1092 5354 Ιηὶι
1125 5313 1456 5354 ηηιυηυρηὸ
1481 5310 1656 5354 nisini):
1684 5328 1927 5354 sanguine
1955 5314 2091 5354 idm:

2240 4551 2343 4589 nou
2369 4533 2533 4587 valeat
2561 4532 2744 4586 adesse
2776 4527 3089 4600 defendendi
3128 4545 3230 4584 mc.
3262 4527 3365 4600 Hic
3392 4528 3614 4600 insanus
3642 4528 3721 4599 (id
3750 4536 3835 4583 est

2235 4604 2612 4676 phreneticus,
2626 4604 2701 4656 nti
2721 4602 2795 4676 ab
2817 4597 3145 4676 adversariis
3167 4597 3562 4676 appellabatur)
3581 4597 3835 4676 laborans

2234 4666 2469 4730 astruere
2510 4691 2564 4728 se
2598 4671 2831 4743 legaliter
2866 4666 3280 4743 int/tronizatum
3309 4666 3835 4743 _vacantincclcs_itc

2233 4764 2298 4802 ea:
2322 4747 2540 4799 decretis
2571 4739 2873 4798 sanctorum
2910 4741 3151 4801 Patrum,
3182 4741 3417 4797 videlicet
3447 4740 3692 4802 Antheri,
3727 4739 3834 4794 Ca-

2232 4818 2373 4880 lixti,
2400 4832 2552 4889 atque
2575 4816 2857 4889 Gregorii,_
2877 4822 2924 4868 et
2965 4812 3212 4889 exemplis
3242 4829 3344 4865 non
3382 4828 3678 4889 paucorum
3705 4826 3828 4864 sau-

2232 4881 2756 4957 ctorumfpostquam
2775 4884 2960 4957 saltem
2981 4881 3157 4957 subter
3181 4888 3476 4957 inseruerat
3500 4898 3561 4936 ea
3575 4881 3829 4957 (decreta

2232 4973 2289 5015 et
2316 4951 2580 5029 exetttpln)
2609 4951 2805 5029 adjecit
2838 4971 2858 5009 :
2900 4955 3026 5008 Esto
3054 4956 3246 5029 aliquis
3276 4951 3620 5029 nulloAmodo
3646 4951 3829 5029 valens

2233 5023 2739 5101 inﬁciuri'legalitcr
2769 5027 2986 5101 factum,
3030 5023 3162 5101 velit
3192 5041 3374 5101 rursus
3415 5023 3531 5101 fore
3574 5023 3825 5101 infectum

2230 5093 2714 5174 oppositionevvera,
2739 5093 2815 5153 vel
2832 5097 2984 5174 falsa
3014 5098 3248 5174 crintinis
3278 5094 3534 5174 alicujus,
3557 5093 3677 5174 iure
3702 5102 3823 5174 sunt

2228 5163 2541 5245 pairocinia,
2586 5170 2771 5245 quibus
2820 5163 3177 5245 [geogratias
3216 5168 3406 5219 iterum
3456 5166 3702 5245 innitar;
3728 5163 3823 5217 sed

2227 5235 2430 5316 ignoro,
2454 5235 2632 5297 utrum
2665 5242 2767 5296 sint
2793 5238 2991 5310 aliquid
3020 5237 3299 5309 profutura
3322 5249 3342 5288 :
3369 5247 3491 5289 sunt
3521 5235 3660 5289 enim
3684 5242 3821 5287 tent-

2223 5333 2353 5354 nnrn
2404 5324 2505 5354 pln.
