4032 5354
127 167 223 224 381

1583 152 1987 212 PHRENESIS.

3323 151 3430 216 382

125 273 549 351 Phlegethontis
574 288 696 348 quae
736 272 902 329 trahit
941 284 1050 328 non
1091 270 1348 328 fabulose
1377 219 1618 325 irretitus
1662 269 1730 325 ad
1755 276 1801 336 Α
1833 264 2229 325 recordationis
2279 259 2484 323 Aurelii
2532 266 2708 339 lepida
2758 265 2890 323 satis
2943 265 3193 323 inductus
3246 233 3433 338 hujus:

126 372 480 437 barathrum,
505 367 668 438 hujus
679 366 859 432 saeculi
884 380 1102 431 curam;
1127 373 1180 421 et
1201 363 1498 436 ideo,(proh
1522 362 1731 434 nefas!)

128 461 464 537 quibusdam
494 459 811 534 contigisse,
843 464 902 512 ut
928 455 1154 511 videntes
1177 473 1281 510 non
1307 455 1534 520 rideant,
1562 464 1610 508 et
1635 469 1734 508 au-

127 558 336 614 dientes
371 572 477 610 non
505 553 825 626 intelligant,
866 559 926 606 ut
954 551 1150 606 merito
1181 549 1356 604 valeat
1394 549 1526 618 ipsis
1557 547 1734 618 aptari

129 649 280 722 quod
313 648 379 702 de
409 646 517 702 illis
551 645 758 701 dictum
786 651 888 709 est,
915 643 1005 713 qui
1041 650 1336 696 averterunt
1376 639 1552 694 oculos
1580 655 1736 706 suos,

132 754 189 797 ut
235 758 344 795 non
385 739 621 795 viderent
647 735 850 802 cazlum,
880 752 1042 808 neque
1087 736 1486 790 recordurentur
1514 731 1738 799 iudicio-

133 852 256 890 rum
272 834 550 903 justorum
587 831 748 904 (Dan.
788 847 909 895 xm,
942 830 1017 902 9).
1052 830 1199 898 Quos
1224 844 1319 900 per
1350 837 1587 882 vestram
1612 841 1741 881 con-

135 925 316 981 veniri
345 924 418 979 ita
444 932 703 994 optamus
732 921 1174 986 sollicitudinem,
1215 930 1273 975 ut
1313 937 1420 976 non
1467 920 1744 987 indigeant

137 1018 549 1091 psalmograpbi
583 1031 715 1072 voce
761 1025 868 1070 tam
922 1015 1234 1070 terribiliter
1281 1013 1361 1068 eis
1406 1023 1464 1068 ut
1511 1013 1742 1075 dicatur,

137 1112 356 1169 moneri
408 1130 424 1166 :
473 1109 757 1182 lntelligile
807 1109 918 1163 licet:
973 1109 1063 1180 qui
1117 1107 1482 1162 obliviscimini
1533 1105 1745 1170 Deum,

83 1197 85 1202 ’
141 1203 423 1276 nequando
456 1203 654 1273 rapiat,
700 1211 748 1257 et
779 1216 882 1258 non
910 1201 976 1256 sit
1003 1202 1093 1274 qui
1137 1202 1326 1272 eripiat
1375 1197 1550 1272 (Psal.
1597 1216 1744 1267 xux,

138 1300 257 1373 es).

218 1395 307 1451 15.
349 1393 396 1450 0
438 1409 642 1450 vesana
685 1393 999 1464 phrenesis!
1051 1407 1086 1448 o
1128 1392 1442 1462 pbrenetica
1468 1389 1752 1463 prudentis

140 1485 297 1560 juxta
328 1487 618 1542 arbitrium
653 1486 909 1542 vesania!
949 1494 1070 1540 tuas
1108 1484 1392 1555 deplorare
1432 1500 1541 1538 non
1593 1482 1754 1540 sull'e-

147 1582 292 1637 eeris
323 1580 597 1643 miserias,
629 1589 684 1635 et
715 1577 955 1634 Sedeciae
984 1578 1127 1649 regis
1157 1587 1282 1633 ante
1306 1577 1605 1647 annosjam
1636 1578 1756 1648 plus

150 1672 298 1728 mille
337 1672 488 1743 juste
532 1669 766 1726 inﬂictas
816 1670 1088 1742 planxisse
1134 1687 1240 1726 non
1288 1670 1523 1742 pudebat
1565 1687 1752 1727 socors
1780 1649 1830 1712 Β

145 1780 442 1821 :erumuas.
494 1763 601 1820 Sed
630 1766 745 1820 visa
785 1774 869 1820 est
913 1765 1139 1832 forsitan
1179 1766 1296 1832 tibi,
1336 1782 1511 1837 neque
1554 1767 1604 1822 in
1651 1767 1752 1824 hoc

148 1859 468 1930 pbrenetica
511 1859 749 1928 penitus,
781 1856 1082 1928 desipnisse
1121 1858 1342 1914 lascivia
1373 1876 1387 1913 :
1423 1860 1516 1917 sed
1554 1859 1753 1917 multos

150 1965 274 2006 cum
301 1949 568 2020 Gregorio
592 1948 840 2005 hodierni
866 1950 1124 2020 temporis
1149 1948 1423 2014 Sedecias,
1451 1966 1557 2005 non
1590 1951 1753 2006 istum

154 2041 533 2121 tantummodo
565 2040 964 2112 deploravisse;
1019 2042 1160 2097 unde
1190 2050 1242 2096 et
1272 2041 1593 2112 quibusdam
1639 2042 1755 2113 ejus

154 2132 403 2205 exemplo
433 2134 750 2203 (prosecuta
792 2133 872 2203 es)
905 2133 1102 2190 misere
1138 2135 1452 2205 contigisse,
1484 2148 1543 2189 ut
1571 2135 1756 2189 viden-

156 2233 236 2278 tes
268 2238 377 2278 non
415 2223 657 2290 videant,
702 2232 756 2278 et
798 2224 1082 2280 audientes
1123 2239 1229 2280 non
1274 2226 1592 2297 intelligant,
1624 2243 1758 2297 quo-

155 2332 276 2371 rum
329 2303 574 2388 profectu
622 2318 908 2376 cacumine
948 2319 1124 2374 visum
1176 2320 1270 2376 tibi
1314 2330 1399 2376 est
1442 2323 1758 2394 contingere

155 2411 420 2483 quivisse,
451 2423 511 2479 ut
543 2420 654 2468 tam
687 2414 977 2485 perspicuo
1007 2414 1157 2486 (495)
1190 2416 1383 2471 divina;
1413 2417 1546 2488 legis
1577 2418 1759 2472 renisu

157 2511 269 2558 tam
301 2505 549 2574 nequiter
574 2506 862 2576 expulsus,
893 2507 1211 2563 soletnniter
1240 2508 1637 2564 inthronizatus
1666 2509 1759 2580 qui

158 2596 366 2663 fuerat,
391 2608 566 2652 etnon
596 2599 667 2654 ab
697 2599 838 2663 aliis,
873 2599 964 2655 sed
995 2601 1064 2656 ab
1092 2601 1292 2657 eisdem
1319 2602 1432 2657 suis
1460 2601 1762 2658 iucardiua-

160 2688 393 2756 toribus,
421 2689 522 2760 sibi
553 2689 804 2760 legaliter
830 2690 1057 2757 credito,
1085 2692 1426 2763 deplanxisse
1452 2707 1612 2763 quem
1644 2702 1762 2749 tan-

165 2790 349 2852 tepere
397 2797 670 2853 cmperas,
725 2782 891 2840 fuerit
936 2785 1247 2855 praesulatu.
1298 2786 1459 2857 233
1508 2785 1613 2841 Sed
1663 2787 1764 2841 mi-

166 2873 355 2940 randa,
379 2875 465 2929 cui
488 2874 823 2944 loquebaris,
847 2876 890 2932 si
917 2885 1094 2932 tamen
1120 2878 1405 2948 probitatis
1425 2879 1472 2933 ei
1498 2879 1765 2948 quidlibet

169 2965 363 3031 inerat,
396 2965 599 3028 talibus
629 2966 832 3022 molliri
858 2982 964 3024 non
990 2967 1178 3024 valens
1219 2967 1440 3024 duritia.
1485 2969 1762 3024 Mirandus

1832 363 1980 420 modi
2023 361 2295 417 sententia
2341 379 2356 416 :
2408 361 2560 433 Saepe
2593 361 2807 434 quilibet
2859 359 3022 416 bonus
3071 360 3286 429 dicitur,
3329 377 3433 417 non

1831 457 1957 529 quia
1985 457 2072 521 sit,
2115 456 2204 510 sed
2231 465 2288 509 ut
2313 455 2662 509 admoneatur
2693 464 2746 509 ut
2772 456 2858 521 sit,
2894 470 3046 510 more
3073 453 3314 518 illorum,
3341 454 3434 525 qui

1833 550 2208 606 fraudulentos
2236 564 2333 606 sua
2362 550 2427 604 de
2459 549 2722 604 industria
2747 551 3151 616 commendant,
3187 564 3293 616 quo
3325 549 3431 604 sci-

1837 645 1964 698 licet
1991 645 2118 697 dum
2163 643 2263 698 sibi
2296 643 2647 697 considerant
2692 643 2846 697 lidem
2878 643 2945 697 ab
2991 644 3071 698 eis
3107 643 3316 706 haberi,
3350 659 3435 697 ve-

1800 781 1806 787 .
1838 747 2060 794 reantur
2087 736 2293 792 fraudis
2325 736 2545 791 infamia
2580 737 2678 807 ipsi
2705 737 2899 791 notari.
2933 738 3066 790 Dum
3093 737 3180 808 ΗΖ,
3205 736 3266 790 ad
3293 735 3434 810 illos]

1840 830 1988 886 illum
2020 829 2329 885 destinabas
2355 829 2527 899 ($96),
2561 801 2846 882 Dominum
2878 827 3028 882 obliti
3062 801 3151 898 qui
3203 801 3438 893 fuerant,
3477 801 3487 817 Χ

1841 928 2097 1000 legatum,
2125 926 2366 980 oblivisci
2401 926 2513 994 ipse
2543 923 2761 978 sedulus
2804 922 2898 977 Dei
2940 930 3204 976 metueret
3235 936 3438 990 pra-ce-

1845 1029 2082 1092 ptorum,
2132 1035 2298 1090 seque
2335 1016 2646 1088 improviso,
2681 1016 2755 1069 uti
2789 1026 2842 1069 et
2873 1015 3012 1077 illos,
3051 1027 3210 1082 posse
3249 1013 3440 1066 adver-

1803 1153 1808 1156 -
1847 1123 1985 1170 teret
2015 1113 2150 1184 rapi,
2185 1129 2212 1166 a
2246 1111 2479 1174 nemine,
2530 1109 2583 1164 ni
2630 1108 2884 1172 cavisset,
2918 1105 3119 1160 valeret
3153 1104 3293 1158 unde
3325 1103 3444 1157 nulo

1847 1209 2059 1264 latenus
2083 1206 2240 1276 eripi.

1921 1302 2009 1357 14.
2048 1299 2242 1355 Videre
2268 1299 2362 1353 sed
2405 1295 2560 1351 facile
2583 1293 2905 1365 pernimium
2953 1300 3035 1345 est
3061 1288 3244 1361 (497),
3277 1287 3432 1343 calli-

1853 1394 2043 1449 dorum
2087 1399 2298 1445 tantum
2339 1387 2480 1442 unde
2525 1393 2716 1440 contra
2783 1392 2836 1437 te
2870 1382 3177 1452 conceperit
3217 1380 3439 1444 odium;

1853 1485 2079 1540 latentia
2127 1499 2249 1539 nam
2282 1472 2500 1546 rimari,
2538 1481 2715 1536 minus
2764 1477 2961 1533 idonei.
2991 1475 3064 1531 Ut
3093 1485 3142 1530 te
3170 1475 3332 1538 illius,
3368 1473 3441 1527 ita

1858 1579 2006 1636 illum
2046 1589 2194 1634 tuam
2225 1577 2278 1632 in
2307 1586 2391 1641 te,
2425 1589 2586 1646 quam
2627 1583 2680 1630 te
2707 1573 2886 1628 odisse
2917 1572 3096 1642 potius
3141 1576 3446 1633 autumant,

1858 1689 1982 1729 cum
2029 1671 2317 1727 insolentia
2361 1669 2789 1739 loquacitatem:
2836 1674 3000 1735 utque
3029 1663 3443 1719 Demosthenem
3524 1726 3541 1742 ο

1865 1771 2041 1828 ΤιιΙΙίο
2069 1767 2440 1842 [Demostheni
2467 1764 2700 1820 Tullium
2721 1802 2736 1828 ,
2781 1772 2834 1817 et
2862 1761 3042 1830 supple
3065 1754 3452 1830 eloquentiam]

1859 1861 2204 1933 praeripuisse
2251 1857 2473 1927 quidam
2508 1854 2786 1918 asseruit,
2832 1869 2900 1907 ne
2951 1852 3158 1922 primus
3191 1851 3304 1920 ipse
3327 1890 3341 1913 ,
3384 1863 3453 1902 ne

1860 1954 2012 2009 solus
2060 1959 2206 2008 esset
2246 1960 2464 2014 orator;
2516 1962 2608 2002 vos
2644 1959 2872 2002 ventoso
2913 1946 3044 1999 satis
3091 1942 3457 2019 decertat-isse

1859 2061 1968 2101 non
1995 2045 2198 2114 absque
2225 2043 2422 2097 invidia
2454 2080 2470 2096 .
2513 2080 2530 2098 .
2576 2082 2588 2095 .
2627 2040 2878 2095 elationis
2907 2039 3098 2093 ultrice
3120 2035 3442 2105 justissima,

1861 2139 2215 2208 stttltititeque
2261 2136 2595 2192 accusatrice
2646 2134 2929 2190 verissima
2984 2131 3144 2186 bello.
3191 2129 3337 2185 Inter
3367 2145 3460 2184 su-

1861 2234 2061 2304 perbos
2082 2231 2226 2285 enim
2255 2239 2384 2285 sunt
2412 2229 2537 2300 quia
2555 2227 2737 2299 jurgia
2763 2239 2998 2296 semper,
3032 2238 3089 2277 re
3116 2223 3160 2278 si
3189 2221 3453 2288 fuissetis,

1864 2336 1925 2382 ut
1958 2334 2201 2381 vestrum
2233 2324 2452 2395 quidam
2484 2322 2586 2377 dici
2617 2320 2878 2384 ambibat,
2913 2317 3201 2374 dissentire
3222 2317 3289 2370 ab
3315 2316 3455 2370 invi-

1866 2434 1983 2474 cem
2008 2419 2225 2490 (natura
2259 2416 2386 2486 quia
2413 2412 2683 2471 similibus
2705 2411 2998 2466 divortium
3029 2408 3280 2479 denegat)
3313 2407 3462 2462 nullo

1868 2515 2030 2568 modo
2065 2509 2346 2583 poteratis.
2375 2509 2429 2562 ln
2457 2523 2563 2578 quo
2592 2515 2770 2561 tamen
2799 2505 2870 2559 ita
2900 2503 2987 2558 ille
3013 2503 3161 2557 visus
3181 2511 3284 2565 est,
3319 2507 3376 2555 ιιι
3403 2501 3459 2556 in

1869 2605 2142 2668 omnibus,
2179 2601 2410 2666 vicisse,
2435 2601 2575 2670 quod
2602 2614 2724 2654 cum
2759 2607 2810 2652 te
2836 2595 3121 2651 inl'ulatum
3157 2593 3465 2648 desiderato

1869 2700 1959 2754 ditt
1980 2739 1994 2765 ,
2026 2707 2084 2751 ut
2110 2697 2286 2766 ipsum
2314 2693 2484 2748 latere
2513 2691 2790 2762 nequivit,
2823 2705 2932 2760 quo
2965 2687 3242 2751 tumebas,
3276 2685 3463 2740 detur-

1869 2792 2054 2847 basset
2097 2787 2358 2860 episeopii
2397 2786 2533 2842 solio
2561 2827 2576 2852 ,
2623 2784 2986 2839 reverentiam
3035 2780 3134 2836 tibi
3170 2778 3466 2835 venerandi

1869 2884 2122 2940 omnibus
2165 2882 2334 2953 ipsius
2372 2879 2660 2936 detrahere
2687 2885 2979 2932 conaretur
3005 2888 3222 2947 quoque
3272 2872 3457 2927 ollicii.

1875 2976 2010 3030 Nam
2037 2973 2252 3043 publico
2277 2981 2329 3026 te
2353 2971 2641 3041 quemdam
2665 2967 3098 3038 resipiscentiam
3126 2963 3292 3018 etiam
3313 2959 3466 3018 dedi-

167 3055 368 3127 potius,
415 3057 758 3128 phrenetice,
797 3059 892 3128 qui
943 3057 1066 3114 talia
1119 3058 1210 3114 tali
1256 3059 1498 3127 dicebas,
1546 3054 1766 3133 ignarus
1791 3042 1844 3109 α
1871 3077 2124 3142 gnantem
2153 3065 2278 3119 dum
2307 3062 2816 3120 exeommunicasse
2863 3076 2962 3131 pro
2995 3053 3280 3126 sacrilegio
3306 3097 3320 3122 ,
3353 3055 3469 3126 ipso

167 3150 376 3225 utique,
423 3149 568 3224 quod
602 3149 769 3206 surdo
817 3150 892 3206 illi
938 3152 1176 3208 fabulam
1225 3169 1498 3220 narrares,
1529 3153 1802 3226 elegerat‘

169 3241 257 3314 qui
303 3241 485 3318 potius
534 3242 623 3314 (de
669 3242 866 3312 cupido
913 3251 968 3299 et
1009 3244 1190 3302 invido
1219 3254 1406 3302 noster
1454 3248 1534 3303 uti
1583 3256 1771 3304 narrat

171 3336 592 3407 mytograpbus)
621 3337 899 3408 propriam
925 3337 978 3392 in
1009 3337 1127 3394 loco
1151 3356 1258 3395 non
1282 3339 1452 3396 solum
1476 3341 1770 3411 negligere,

172 3429 282 3490 sed,
318 3437 381 3482 ut
413 3428 508 3482 tibi
541 3427 852 3494 videbatur,
883 3430 1101 3499 penitus
1127 3433 1479 3502 pessumdare
1509 3431 1767 3499 aniinam,

173 3533 335 3590 quam
396 3519 798 3575 restitutionem
854 3519 1144 3589 tolerasse,
1196 3524 1390 3580 nedum
1443 3523 1771 3590 elaborasse,

172 3610 347 3680 ipsius
389 3609 545 3682 juxta
581 3626 822 3678 sensum,
855 3611 1222 3682 insanissime,
1261 3625 1442 3680 tuam;
1495 3615 1599 3670 nisi
1631 3614 1773 3671 forte

175 3703 427 3762 inescare
467 3705 757 3777 praeconiis
786 3720 1008 3764 avarum
1040 3709 1276 3766 vestiens
1303 3708 1498 3777 laudis,
1532 3717 1776 3782 augusta:

249 3909 402 3982 (ωδ)
427 3907 696 3982 Construe
725 3927 738 3963 :
773 3909 843 3982 Ut
874 3919 981 3965 tam
1010 3911 1286 3982 perspicuo
1311 3910 1487 3964 renisu
1524 3910 1654 3980 legis
1683 3909 1777 3964 tle-

176 3979 311 4039 ciate
339 3980 452 4043 ille,
473 3983 561 4051 qui
591 3979 894 4036 solemniter
923 3979 1094 4051 fuerat
1119 3979 1527 4047 intltronizatus,
1556 3979 1663 4034 tam
1691 3997 1781 4035 ne-

177 4056 353 4126 quiter
376 4052 536 4121 fuerit
567 4069 644 4116 ex,
671 4051 818 4106 ulsus
843 4053 1131 4126 prtcsulatu
1157 4052 1255 4126 sibi
1291 4052 1777 4126 legalitereredito,

176 4123 332 4197 quem
367 4138 594 4197 coeperas
613 4133 894 4197 tantopere
923 4123 1253 4197 deplanxisse
1270 4140 1288 4188 ;
1311 4135 1364 4197 et
1396 4125 1641 4193 expulsus
1667 4124 1782 4197 [ue-

179 4193 272 4259 rit,
301 4212 405 4250 non
436 4193 500 4248 ab
526 4193 672 4257 aliis,
705 4195 796 4249 sed
820 4196 884 4249 ab
913 4193 1107 4250 eisdem
1131 4196 1616 4249 incardinatoribus
1647 4196 1777 4248 suis.

180 4267 287 4324 Sed
313 4265 562 4320 miranda
591 4266 789 4320 duritia
824 4283 926 4320 non
956 4265 1131 4321 valens
1161 4266 1354 4320 molliri
1386 4265 1597 4328 talibus,
1625 4266 1669 4319 si
1702 4277 1782 4320 ta-

182 4356 299 4393 men
324 4336 577 4409 quidlibet
607 4336 882 4406 probitatis
908 4339 1076 4392 inerat
1103 4339 1170 4402 ei,
1197 4338 1292 4390 'cui
1317 4336 1635 4409 loquebaris.
1677 4336 1731 4409 Μ
1739 4338 1782 4389 i-

1871 3177 2054 3218 coram
2074 3200 2089 3225 ,
2123 3158 2267 3214 fama
2290 3164 2566 3212 narrasset
2592 3171 2608 3222 ;
2639 3153 2712 3209 nil
2742 3154 3042 3209 curandum
3071 3160 3161 3208 tua
3199 3151 3468 3205 audacter

1873 3256 1940 3311 de
1967 3251 2536 3311 excommunicatione
2578 3249 2836 3306 clamavit
2875 3249 3060 3304 alieni.
3094 3247 3248 3317 Quod
3282 3248 3469 3317 utique

1871 3363 1996 3406 eum
2031 3348 2252 3411 dixisse,
2287 3346 2332 3400 si
2359 3353 2487 3410 tuae,
2515 3343 2596 3398 uti
2626 3351 2682 3398 tu
2710 3341 2832 3408 tibi,
2863 3344 3113 3399 conscius
3144 3339 3307 3413 234
3338 3355 3472 3410 qua-

1873 3440 2044 3496 litatis
2091 3437 2296 3501 fuisset,
2334 3435 2526 3492 mirari
2567 3432 2701 3488 adeo
2736 3433 2962 3488 valeret.
3016 3433 3334 3490 Dealbatum
3376 3430 3474 3486 sed

1878 3535 2014 3592 l‘oris
2045 3548 2152 3589 non
2190 3531 2372 3588 minus
2406 3545 2566 3600 quam
2600 3527 2875 3584 intuentes
2918 3525 3108 3580 fallere
3148 3524 3471 3592 consuevit;

1885 3634 1944 3682 tu
1976 3639 2099 3681 eum
2127 3623 2339 3679 lutebas
2359 3619 2667 3692 sepulcrum
2699 3617 2967 3673 introrsus
2995 3633 3010 3675 :
3042 3633 3103 3672 ac
3134 3618 3324 3687 turpis,
3353 3630 3476 3685 spe-

1877 3716 2059 3773 ciosus
2089 3713 2233 3788 pelle
2271 3711 2470 3768 decora
2503 3708 2808 3780 (cujusdam
2866 3717 2928 3764 ut
2978 3708 3218 3764 continet
3268 3705 3472 3777 satyra)

1881 3914 2069 3970 rimari
2103 3913 2342 3967 latentia.
2378 3908 2447 3965 Ut
2469 3917 2748 3966 autumant
2773 3917 2820 3964 te
2841 3908 3015 3963 odisse
3035 3924 3152 3962 cum
3199 3901 3477 3963 insolentia

1881 3987 2250 4056 loquacitatem
2286 3981 2434 4056 illius
2461 4023 2475 4047 ,
2522 3983 2598 4035 ita
2649 3991 2924 4034 autumant
2956 3979 3106 4033 illum
3141 3979 3312 4056 odisse
3343 3981 3396 4032 in
3428 3989 3476 4032 te

1885 4051 2480 4129 potittsioquacitatem‘
2507 4063 2652 4129 luant
2692 4068 2865 4129 quam
2887 4065 2935 4105 te
2957 4065 2980 4129 :_
3005 4061 3053 4105 et
3079 4051 3375 4129 ut_quidam
3400 4068 3480 4129 as-

1885 4121 2048 4184 seruit
2070 4121 2300 4180 Tullium
2324 4125 2657 4193 prmripuisse
2686 4121 3099 4194 (eloquentiam)
3119 4121 3477 4185 Demostheni,

1884 4216 1948 4254 ne
1976 4200 2086 4268 ipse
2105 4207 2234 4251 esset
2258 4197 2459 4268 primus
2487 4236 2501 4260 ,
2531 4205 2621 4248 aut
2648 4194 2998 4268 solusorator
3033 4199 3366 4268 {autumant
3393 4208 3480 4247 vos

1886 4265 2361 4341 (de'eloqueutia)
2384 4337 2393 4341 Α
2415 4267 2761 4341 decertarisse
2801 4265 2932 4341 bello
2972 4267 3102 4341 satis
3127 4275 3336 4319 ventoso
3368 4280 3482 4341 non

1886 4335 2080 4412 absque
2107 4335 2305 4412 invidia
2338 4335 2522 4412 altrice
2536 4337 2834 4412 justissima
2865 4335 3110 4412 elationis
3140 4377 3154 4399 ,
3187 4345 3243 4412 _et
3273 4336 3484 4389 verissi-

182 4406 382 4463 randus
427 4409 603 4477 potius
647 4424 701 4461 es
747 4409 1061 4477 phrenetice,
1148 4409 1200 4462 ui
1231 4406 1437 4463 dicebas
1481 4408 1611 4461 talia
1660 4408 1778 4471 Mli.
1806 4406 2339 4470 Dma'accusatrice
2398 4408 2654 4462 stultitim.
2701 4406 2839 4472 Quia
2869 4408 3006 4459 enim
3049 4407 3232 4477 jurgia
3277 4421 3482 4474 semper

183 4483 398 4550 ignarus
434 4479 615 4548 utique
647 4478 788 4548 quod
827 4495 1072 4534 narrares
1109 4426 1342 4550 ﬁbulam
1371 4478 1450 4550 illi
1477 4480 1661 4542 surdo,
1687 4482 1776 4548 qui
1819 4499 1824 4504 '
1880 4493 2001 4541 sunt
2025 4483 2163 4536 inter
2181 4481 2449 4550 superbos,
2472 4480 2518 4533 si
2540 4496 2594 4532 re
2617 4477 2850 4547 fuissetis
2873 4476 3224 4550 [subauditur
3249 4477 3481 4550 forsitan

183 4483 398 4551 ignarus
434 4479 615 4548 utique
647 4478 788 4548 quod
827 4495 1072 4534 narrares

185 4549 260 4620 (ut
307 4551 686 4620 mgtographus
718 4559 892 4604 noster
931 4560 1114 4605 narrat
1156 4552 1222 4604 de
1259 4549 1448 4618 cupido
1488 4559 1537 4602 et
1577 4550 1776 4620 invido)

184 4619 406 4692 elegerat
429 4619 536 4674 non
558 4619 734 4674 solum
764 4620 1019 4692 negligere
1043 4621 1097 4674 in
1123 4621 1256 4685 loco,
1281 4621 1391 4686 sed,
1418 4629 1474 4673 ut
1507 4619 1780 4675 videbatur

186 4691 296 4757 tibi,
347 4692 554 4762 penitus
608 4691 948 4759 pessumdare
998 4694 1230 4746 animant
1269 4693 1540 4760 proiiriam
1584 4695 1776 4762 potius,

185 4761 640 4836 quatittolerasse,
668 4762 858 4816 nedum
881 4762 1178 4836 elaborasse
1206 4761 1590 4836 restitutionem
1608 4776 1775 4830 tuam,

187 4834 519 4890 insanissime
547 4834 714 4902 juxta
756 4849 964 4889 sensum
1008 4835 1206 4903 ipsius;
1252 4835 1352 4889 nisi
1397 4836 1532 4904 forte
1560 4838 1780 4905 gestiens

191 4907 417 4961 inescare
462 4906 750 4974 praeconiis
798 4921 1014 4960 avarum
1063 4905 1258 4971 laudis,
1307 4906 1553 4960 inductus
1597 4907 1782 4975 hujus-

191 4978 324 5031 modi
359 4977 626 5030 sententia
664 4977 795 5048 satis
834 4977 1010 5047 lepipa
1045 4976 1246 5032 Aurelii
1274 4985 1510 5048 augusta:
1540 4979 1783 5032 recorda-

191 5050 338 5102 tionis
363 5065 382 5102 :
411 5063 552 5117 strpe
579 5047 817 5117 quilibet,
845 5061 954 5104 etc.

257 5119 406 5192 (496)
447 5115 599 5192 ltetn‘
619 5127 876 5192 construe
907 5139 926 5192 ε
962 5117 1096 5192 Dum
1119 5121 1416 5175 destinabas
1451 5119 1678 5192 legatum
1713 5121 1783 5175 ad

189 5189 326 5257 illos,
365 5190 456 5262 qui
480 5189 698 5262 [iterant
725 5190 868 5245 obliti
895 5191 1201 5262 Dominum,
1223 5195 1332 5262 ipse
1353 5190 1568 5246 sedulus
1591 5203 1785 5247 metue-

189 5259 527 5354 ret’p'blicisei
557 5272 946 5354 praceptorum
969 5261 1102 5343 .Dei,
1137 5273 1195 5354 etj
1215 5259 1501 5354 adverteret
1527 5303 1542 5326 ,
1595 5282 1679 5354 se,
1707 5265 1784 5319 uti

1131 4477 1342 4533 abulam
1371 4478 1450 4532 illi
1477 4480 1661 4542 surdo,
1687 4482 1776 4548 qui
1819 4499 1824 4504 ·

1880 4493 2001 4541 sunt
2025 4483 2163 4536 inter
2181 4481 2449 4550 superbos,
2472 4480 2518 4533 si
2540 4496 2594 4532 re
2617 4477 2850 4547 fuissetis
2873 4476 3224 4550 [subauditur
3249 4477 3481 4550 forsitan

1880 4548 2305 4625 eloquentes],ut
2331 4551 2546 4625 quidam
2591 4553 2816 4625 vestrum
2844 4550 3058 4625 ambitio
3087 4549 3193 4625 dici
3233 4548 3484 4625 (“other-

1883 4618 2282 4682 tus'allecta'sse
2315 4618 2527 4677 dicendi
2565 4622 2816 4692 peritiam
2851 4623 3086 4674 traditur
3117 4621 3169 4674 in
3211 4618 3481 4692 protentio

1881 4712 2043 4766 supra
2081 4710 2230 4749 num.
2258 4694 2375 4765 2.);
2406 4687 2750 4747 nullo-modo
2792 4693 3044 4766 poteratis
3087 4687 3363 4766 dissentire
3419 4687 3482 4766 (ψ

1883 4757 2125 4830 inuicem,
2152 4767 2274 4837 quia
2299 4757 2488 4820 natura
2521 4766 2738 4837 denegat
2767 4757 3051 4837 divortium
3083 4763 3362 4837 similibus.
3417 4757 3484 4837 I-n

1921 4856 1988 4894 uo
2013 4829 2186 4893 tamen
2224 4837 2408 4908 (bello)
2441 4837 2514 4890 ita
2545 4835 2634 4908 ille
2661 4836 2800 4908 visus
2834 4843 2907 4888 est
2925 4835 3208 4908 vicisse,_ut
3235 4833 3286 4883 itt
3313 4829 3483 4908 omni.-

1921 4859 1988 4894 llO
2013 4859 2186 4893 tutnen
2224 4859 2408 4908 (neno;
2441 4859 2514 4890 ua
2545 4859 2634 4888 ult:
2661 4859 2800 4888 visus
2834 4859 2904 4888 eat
2925 4859 3124 4898 musae,
3156 4859 3205 4886 tu
3236 4859 3286 4883 ιη
3313 4859 3480 4883 tumu-

1885 4859 1982 4965 ths
2023 4909 2176 4974 vicit,
2207 4909 2346 4980 quod
2393 4925 2510 4962 cum
2539 4906 2859 4980 deturbasset
2902 4916 2972 4980 te
3012 4904 3298 4980 infulatum
3327 4899 3480 4980 ‘solio

1887 4982 2133 5053 episcopii
2164 4973 2255 5034 diu
2287 4980 2578 5035 desiderato
2603 4977 2678 5047 (ut
2709 4977 2931 5053 nequiuit
2954 4975 3124 5053 ipsum
3160 4973 3341 5053 latere)
3377 4977 3478 5039 quo

1887 5046 2018 5109 solio
2039 5046 2302 5115 tumebas,
2328 5059 2605 5106 conaretur
2624 5046 2827 5118 quoque
2850 5047 3120 5118 detrahere
3141 5046 3232 5118 tibi
3257 5059 3488 5118 reveren-

1889 5125 2017 5179 tiam
2044 5123 2211 5188 ipsius
2243 5113 2394 5195 ofﬁcii
2420 5113 2701 5195 venerandi.
2733 5113 3164 5195 erunibus-ﬂant
3190 5116 3316 5195 dum
3346 5113 3486 5195 [ama

1890 5184 2187 5259 narrasset,
2216 5184 2774 5249 te'excommunicasse
2814 5184 3090 5261 quemdam
3132 5189 3291 5261 etiam
3341 5184 3492 5260 dedi-

1893 5277 2136 5347 gnantem
2176 5257 2589 5343 resipiscentiarn
2633 5277 2727 5330 pro
2772 5257 3490 5354 sagi-ilpgio'publieq;quit:-
