4032 5354
542 176 549 184 ⁹
590 90 698 153 383

1561 93 1898 178 ttA'l‘llERil
1930 96 2148 160 EPISC.
2187 98 2635 176 vesano».
2674 105 2857 167 psus
2890 106 2934 167 t.

3804 120 3925 182 384

587 206 807 304 animus
848 201 927 260 illi
953 209 1011 281 et
1042 203 1277 278 qualitas
1306 204 1484 304 fuerat
1525 209 1863 297 tua._Mirum
1907 211 2188 271 enimvero
2211 216 2267 280 Α
2290 215 2425 274 ritas
2459 218 2702 290 quaedam
2737 231 3030 294 sequatur,
3060 239 3224 297 quam
3263 240 3792 304 eaconsequentur
3822 250 3928 291 va.

595 309 707 358 tam
736 298 1027 369 abruptum
1059 306 1112 356 te
1139 308 1330 357 contra
1356 300 1526 372 intus,
1559 311 1618 359 ut
1641 287 1776 371 Etsi,
1817 321 1938 376 quae
1960 306 2189 365 nullate-

590 408 699 452 nus
717 392 952 457 viderat,
982 392 1129 464 quod
1150 402 1236 450 est
1264 408 1431 453 ausus
1468 396 2021 471 proferrejudicium',
2051 415 2186 457 con-

590 494 677 544 tra
698 485 846 543 intus
886 485 1154 542 dicentem
1199 503 1417 560 quoque
1444 492 1775 550 auctoritate
1808 493 2012 551 Christi
2043 494 2190 567 Apo-

587 580 788 638 stolum
824 578 886 654 [l.
912 579 1277 651 Psalmist]
1305 601 1319 638 :
1344 581 1659 658 Sedensque
1671 586 1932 643 adversus
1961 585 2188 645 fratrem

470 746 485 759 ‘
590 673 767 745 loqui,
789 681 846 731 et
873 675 1136 731 adversus
1166 675 1335 732 tilium
1356 679 1548 735 matris
1576 694 1688 736 suae
1713 680 2181 753 (circumstantem

590 769 778 838 utique
793 766 1071 841 populum)
1086 769 1457 841 hujuscemodi
1471 786 1673 844 ponere
1684 773 2000 831 scandalum
2012 774 2188 847 (Psal.

590 873 743 926 xux,
764 858 880 932 20);
905 868 1066 932 teque
1088 862 1207 918 ideo
1229 878 1336 919 non
1359 878 1481 921 esse
1508 866 1820 937 eipscopum
1840 907 1857 935 ,
1899 868 2026 939 quia
2076 867 2192 940 epi-

588 951 1000 1023 scopio‘pulsum
1020 970 1035 1021 ;
1060 954 1183 1009 dum
1201 955 1412 1026 culpam
1426 954 1585 1026 juxta
1597 957 1877 1013 Aurelium
1899 973 2005 1015 non
2026 957 2191 1016 faciat

589 1041 829 1099 vindicta
857 1083 873 1109 ,
903 1044 999 1100 sed
1026 1059 1220 1113 causa;
1256 1059 1525 1119 ptenaque
1565 1063 1749 1104 rerum
1776 1070 1779 1073 λ
1809 1048 2078 1107 absolutio
2117 1050 2189 1108 sit

587 1135 833 1207 quaedam
868 1136 1141 1209 ipsorum;
1167 1155 1292 1195 natu
1315 1180 1331 1206 ,
1353 1143 1413 1196 ut
1441 1140 1635 1197 festive
1664 1141 1799 1198 satis
1821 1143 1897 1198 ait
1921 1143 2181 1211 Isidorus,

587 1241 696 1283 non
731 1229 823 1300 qui
844 1239 1157 1299 accusatur,
1177 1231 1273 1289 sed
1294 1231 1553 1305 quijuste
1596 1242 1651 1291 et
1679 1232 1927 1307 legaliter
1962 1236 2186 1293 convin-

590 1319 754 1387 citur,
777 1337 903 1378 reus
929 1332 1033 1380 est.
1586 1336 1595 1341 ’

619 1468 623 1473 ~
669 1440 759 1497 15.
801 1438 862 1495 Si
903 1437 1277 1510 dereliquerint
1319 1440 1421 1511 ﬁlii
1467 1443 1566 1509 tui,
1615 1444 1886 1514 promittit
1927 1440 2185 1503 Dominus

590 1532 782 1598 David,
806 1540 861 1589 et
889 1532 1076 1602 utique
1096 1547 1259 1589 manu
1273 1532 1429 1602 forti,
1447 1533 1611 1606 legem
1643 1551 1849 1603 meam;
1877 1537 2096 1593 visitabo
2127 1539 2185 1594 in

585 1624 731 1695 virga
774 1622 1076 1695 iniquitates
1101 1639 1304 1692 eorum,
1335 1634 1382 1681 et
1428 1624 1485 1680 in
1504 1627 1800 1683 verberibus
1844 1638 2057 1700 peccata
2109 1647 2189 1684 eo-

590 1726 752 1786 rum:
786 1713 1205 1769 misericordiam
1248 1726 1423 1771 autem
1455 1732 1625 1772 meam
1665 1734 1769 1774 non
1797 1718 2095 1792 dispergant
2123 1721 2189 1776 ab

584 1819 645 1859 eo
671 1801 845 1877 (Psal.
872 1819 1133 1873 Lxssvm,
1158 1804 1375 1878 51-54).
1400 1805 1547 1863 Idem
1576 1816 1631 1864 et
1655 1808 1939 1866 Malachim
1964 1826 2190 1869 numero

584 1898 679 1954 sed
723 1900 971 1975 continet
991 1899 1281 1972 singulari,
1323 1898 1386 1956 Si
1420 1902 1619 1974 inique,
1666 1904 1938 1975 inquiens,
1983 1905 2188 1978 aliquid

584 1991 799 2062 gesserit
823 2008 999 2047 semen
1034 2000 1207 2058 tuum,
1239 2007 1463 2064 arguam
1492 2009 1610 2049 eum
1642 1994 1698 2050 in
1744 2000 1892 2072 virga
1932 1995 2187 2063 virorum,

585 2094 634 2139 et
670 2084 725 2140 in
748 2084 920 2157 plagis
940 2084 1176 2156 ﬁliorum
1205 2085 1478 2142 hominum
1500 2104 1520 2153 ;
1566 2087 1984 2144 misericordiam
2012 2099 2189 2146 autem

588 2189 761 2229 meam
801 2192 907 2231 non
947 2175 1191 2247 auferam
1248 2177 1314 2232 ab
1362 2194 1462 2243 eo,
1516 2179 1655 2234 sicut
1699 2179 1897 2234 abstuli
1937 2197 1971 2235 a
2019 2179 2185 2249 Saul,

590 2282 745 2338 quem
786 2267 958 2323 amovi
985 2285 1035 2331 at
1066 2268 1204 2338 facie
1246 2286 1363 2325 mea
1385 2268 1472 2340 (II
1502 2269 1631 2342 Reg.
1661 2285 1762 2337 vit,
1790 2270 1881 2344 14)
1922 2280 2022 2328 :ut
2045 2271 2188 2328 inter

591 2359 868 2414 ordinaria
909 2359 1225 2429 reipublicae
1264 2359 1446 2434 (498),
1474 2370 1531 2437 et
1572 2370 1787 2419 sacrata
1818 2361 2089 2433 intelligas
2115 2362 2189 2420 sit

556 2494 557 2497 η
585 2458 790 2521 quanta
819 2450 1081 2507 distantia
1108 2450 1384 2519 Ecclesiae,
1416 2461 1473 2510 et
1493 2468 1655 2525 quam
1682 2454 1828 2511 inter
1852 2469 1912 2511 se
1933 2452 2187 2511 differant

587 2539 753 2607 Deus,
781 2541 874 2612 qui
905 2541 1096 2599 tribuit
1124 2542 1260 2615 ipse,
1291 2552 1347 2601 et
1375 2559 1511 2616 quos
1536 2546 1726 2603 miseri
1755 2561 1900 2620 saepe
1928 2545 2185 2605 conferre

554 2628 772 2703 gvalent
796 2630 891 2705 «id
925 2640 1011 2689 est
1045 2633 1136 2692 ubi
1179 2634 1295 2705 ipse
1324 2636 1615 2709 permittit)
1646 2638 1918 2705 honores;
1948 2638 2067 2707 vel,
2124 2648 2186 2696 ut

585 2723 692 2781 hoc
721 2724 903 2782 verbis
939 2725 1220 2794 pulchrius
1266 2725 1500 2784 referam
1527 2730 1812 2804 Augunini
1836 2773 1851 2798 ,
1882 2745 2047 2803 quam
2065 2724 2199 2788 om?

556 2815 680 2879 ‘nia
734 2823 955 2874 terrena
997 2819 1282 2875 cacumina
1323 2821 1606 2892 temporali
1646 2821 1949 2880 mobilitate
1979 2830 2182 2880 nutan-

588 2910 698 2975 tia,
730 2924 838 2967 non
865 2911 1105 2970 humano
1130 2922 1390 2985 usurpata
1429 2914 1595 2984 fastu,
1643 2917 1740 2974 sed
1780 2916 1962 2974 divina
2006 2917 2182 2990 gratia

2246 335 2253 343 -
2289 308 2454 367 lentia
2476 353 2492 380 ,
2519 328 2681 384 quam
2710 316 2883 388 magis
2909 314 3125 386 eﬂ‘erat,‘
3154 335 3318 391 quam
3339 325 3618 396 opprimat
3656 308 3922 386 terrena:

2287 403 2447 460 molis
2490 405 2688 477 inopia.
2734 405 2960 464 Psallite
2988 409 3235 479 Domino,
3268 413 3346 470 ait
3378 424 3435 471 et
3462 416 3615 485 alibi,
3654 419 3717 473 in
3761 423 3919 478 tubis

2247 536 2255 549 .
2287 495 2602 563 ductilibus;
2623 498 2676 554 id
2696 507 2781 555 est
2816 500 2883 556 de
2917 500 3558 574 ﬂagellorum'attritione
3578 511 3915 581 productis:

2290 589 2508 648 laudate
2542 591 2862 661 Dominum,
2905 592 3189 653 animabus
3218 598 3304 655 vel
3332 600 3434 671 ipsi
3463 601 3614 675 (499)
3656 601 3915 676 ﬂagellis

2288 681 2519 737 correcti
2594 698 2790 739 nomen
2818 699 2973 739 cum-
3015 686 3202 743 electis
3268 688 3574 747 benedicite
3627 692 3905 762 Domini.

2288 771 2449 845 235
2479 772 2595 829 Non
2645 774 3093 832 dissimulandum
3139 763 3349 848 “tamen,
3399 783 3544 851 quod
3573 783 3712 839 dum
3744 785 3906 851 tuba

2286 868 2621 938 producitur,
2658 861 2891 926 malleus
2916 864 3225 953 hebetatur,
3251 883 3314 953 ut
3335 873 3687 953 inferentem,
3725 892 3906 949 quam

2242 1000 2255 1013 .
2285 958 2549 1020 ferentem
2578 965 2696 1037 ejus
2726 964 2873 1021 illata
2910 951 3104 1022 noceat
3128 949 3341 1040 magis,
3378 961 3671 1041 credamus
3701 1011 3719 1036 ,
3748 971 3919 1043 inju—.

2248 1100 2255 1111 .
2286 1056 2388 1111 ria.
2411 1054 2629 1113 Aurulaa
2652 1048 2868 1128 quoque
2894 1056 3125 1113 filiorum
3148 1057 3287 1114 Levi
3303 1058 3398 1114 Dei
3431 1070 3712 1131 pracepta
3757 1060 3901 1131 ipsis

2286 1154 2514 1203 servatae
2535 1146 2803 1203 damnatis
2825 1147 2956 1218 quid
2980 1148 3323 1203 monuerint:
3347 1146 3416 1203 Et
3437 1149 3654 1204 movebo
3688 1151 3896 1204 cande-

2286 1237 2493 1293 labrum
2514 1249 2664 1294 tuum
2682 1239 2748 1295 de
2767 1239 2880 1295 loco
2895 1238 3191 1311 suo'(Apoc.
3217 1232 3263 1308 t,
3278 1240 3357 1314 6),
3375 1255 3481 1297 non
3498 1241 3722 1313 penitus
3744 1241 3896 1297 evel-

2240 1368 2249 1373 -
2286 1332 2393 1389 lam
2421 1332 2569 1407 (500)
2590 1334 2799 1405 utquid
2819 1334 2986 1390 fuerit
3005 1335 3237 1402 dictum,
3259 1336 3520 1407 sapientis
3547 1338 3897 1408 perpendere

2286 1424 2464 1483 fuerat
2478 1442 2545 1484 ne
2564 1428 2774 1484 intlnita
2791 1427 3066 1500 replicem,
3089 1420 3387 1499 proprium.
3406 1429 3609 1501 Lepida
3626 1431 3727 1485 sed
3741 1429 3893 1503 (501)

2287 1533 2453 1590 quam
2497 1521 2605 1586 sit,
2636 1527 2834 1591 praeter
2884 1520 2940 1576 id
2981 1520 3128 1592 quod
3175 1528 3259 1577 est
3314 1522 3479 1577 etiam
3526 1522 3894 1577 veracissima

2214 1594 2265 1655 Β
2295 1609 2502 1681 tibique
2542 1625 2882 1683 percongrua
2931 1609 3214 1681 cujusdam
3258 1613 3454 1669 urbani
3499 1629 3609 1669 non
3658 1614 3894 1669 multum

2291 1702 2461 1774 ignoti
2486 1718 2667 1774 operae
2691 1703 2925 1775 pretium
2945 1712 3032 1761 est
3055 1703 3358 1761 istiusmodi
3386 1706 3746 1763 considerare
3770 1721 3895 1762 seu-

2290 1798 2460 1853 tcntia
2484 1813 2498 1852 :
2520 1796 2621 1853 Hic
2641 1797 2805 1853 etiam
2828 1796 3052 1862 nostris,
3075 1796 3174 1865 ait,
3199 1797 3449 1855 cumulus
3471 1799 3632 1855 malis
3654 1798 3890 1864 accedit,

2289 1892 2430 1961 quod
2458 1890 2747 1947 aestimatio
2775 1888 3158 1962 plurimorum,
3186 1906 3294 1948 non
3319 1906 3503 1948 rerum
3524 1891 3765 1962 (merita,
3796 1888 3892 1946 sed

2288 1980 2521 2039 fortuna:
2548 1990 2763 2054 spectat
2788 1991 3046 2038 eventum
3065 2024 3081 2052 ,
3106 1998 3282 2055 eaque
3308 1991 3519 2061 tantum
3534 1984 3893 2055 judicatesse

2287 2077 2509 2148 praemia
2531 2116 2548 2144 ,
2593 2091 2716 2146 qua:
2745 2075 2980 2134 felicitas
3008 2070 3510 2145 commen‘daverit;
3539 2092 3652 2148 quo
3681 2076 3745 2131 fit
3766 2116 3782 2141 ,
3830 2082 3893 2131 ut

2286 2168 2576 2225 aestimatio
2618 2168 2761 2225 bona
2800 2169 2977 2241 prima
3023 2170 3268 2227 omnium
3317 2170 3535 2228 deserat
3584 2169 3886 2237 infelices,

2286 2261 2526 2332 itemque
2550 2261 2655 2318 hoc
2686 2270 2896 2317 tantum
2926 2261 3184 2331 dixerim,
3214 2261 3463 2318 ultimam
3492 2276 3614 2319 esse
3637 2261 3886 2317 adversa

2285 2355 2516 2413 fortunae
2542 2357 2840 2424 sarcinam,
2856 2358 3020 2429 quod,
3040 2355 3167 2413 dum
3189 2356 3403 2414 miseris
3421 2354 3643 2428 aliquod
3666 2354 3878 2418 crimen

2284 2449 2523 2520 atligitur
2540 2452 2561 2516 ',
2588 2466 2710 2521 quae
2750 2448 3034 2523 perferunt
3057 2450 3325 2507 mei-uisse
3349 2450 3667 2506 creduntur.

2254 2576 2265 2585 ι
2332 2541 2419 2599 16.
2444 2542 2549 2599 Sed
2571 2541 2721 2615 (502)
2742 2550 2804 2597 ut
2833 2541 2902 2598 ad
2942 2550 3179 2628 vestrum
3195 2542 3310 2628 jam
3329 2538 3885 2597 redireliheliimatn-

2286 2642 2370 2691 ret
2404 2633 2693 2706 garrulitas
2714 2633 2885 2690 nostri
2908 2626 3281 2703 phreneticum
3304 2673 3322 2700 ,
3373 2630 3499 2703 quis
3524 2645 3633 2687 non
3664 2644 3883 2685 omnem

2254 2728 2549 2783 excedere
2589 2726 2795 2798 judicet
2850 2726 3160 2794 insaniam,
3207 2724 3352 2796 quod
3411 2724 3706 2795 episcopus
3754 2720 3885 2777 licet

2284 2817 2477 2884 fuerit,
2519 2832 2793 2890 causaque
2836 2834 2945 2874 non
2983 2816 3247 2884 defuerit,
3282 2817 3756 2888 archiepiscopum
3786 2830 3883 2872 ex-

2286 2909 2690 2966 communicare
2723 2910 2970 2981 quamvis
2988 2902 3313 2982 ‘praeinvasis
3342 2909 3509 2989 etiam
3539 2908 3612 2964 ab
3637 2907 3882 2979 Evange-

587 3001 789 3060 donata
812 3003 1078 3062 celsitudo
1123 2971 1490 3065 transcendat.
1533 2971 1618 3066 Sit
1644 3010 1790 3082 quod
1829 2971 2038 3083 potestu
2050 3026 2180 3071 cett.-

2285 3001 2359 3059 lio
2398 3002 2696 3060 Dominicis
2738 3017 2905 3059 ausus
2949 2992 3353 3061 fuerit'verbis.
3408 2984 3613 3071 Quinto
3671 3001 3880 3057 decimo

587 3109 711 3153 sere
754 3097 933 3169 quivis
962 3096 1111 3173 [ms.,
1153 3099 1393 3177 cuivis],
1442 3102 1624 3160 inanis
1652 3112 1834 3161 utrum
1862 3103 2183 3177 praesulatus

584 3202 706 3248 esse
730 3190 928 3249 debeat
949 3194 1164 3264 umbra,
1195 3203 1251 3253 et
1270 3194 1390 3253 sine
1418 3195 1626 3255 honore
1655 3211 1876 3264 nomen,
1904 3212 1974 3254 an
1995 3207 2184 3256 aucto-

558 3346 561 3357 ί
594 3396 607 3409 ο
654 3325 809 3409 (498)
835 3326 1075 3409 ‘lflxplica
1101 3327 1541 3409 :_Ut_intelligas,
1585 3332 2082 3409 quanta_dis_tantia
2114 3333 2184 3387 sit

556 3399 723 3461 ,inter
750 3399 1026 3473 ordinaria
1066 3401 1362 3473 reipublicat
1385 3399 1494 3469 ,'et
1529 3399 1740 3458 sacrata
1788 3400 2040 3458 Ecclest
2063 3443 2077 3468 ,
2133 3412 2184 3459 et

583 3485 742 3539 quam
783 3469 1201 3545 di/ferantinter
1227 3490 1283 3529 se
1306 3471 1470 3540 Deus,
1504 3474 1593 3545 qui
1627 3473 1738 3545 ipse
1765 3473 1948 3545 tribuit
1972 3514 1987 3539 ,
2021 3482 2067 3527 et
2088 3474 2184 3545 Ito-

584 3554 736 3615 nores
758 3580 773 3604 ,
803 3557 941 3615 quos
989 3544 1168 3615 miseri
1210 3561 1348 3615 stupe
1378 3543 1564 3615 valent
1598 3544 1857 3615 conferre,
1895 3543 1949 3597 id
1971 3553 2046 3615 est
2095 3544 2184 3615 ubi

581 3609 691 3685 ipse
713 3609 1006 3685 permittit;
1056 3612 1138 3668 vel
1174 3616 1253 3685 (ut
1286 3609 1523 3685 'referam
1563 3615 1659 3669 hoc
1697 3609 1977 3685 pulchrius
2019 3614 2183 3670 verbls

587 3679 911 3755 Augustini?)
937 3700 1094 3752 quam
1122 3679 1376 3755 celsitudo
1403 3701 1505 3739 non
1535 3679 1791 3755 usurpata
1821 3683 1965 3755 fastu
1995 3684 2184 3755 imma-

585 3764 652 3803 no
678 3790 693 3815 ,
732 3752 825 3806 sed
853 3752 1051 3808 denata
1093 3756 1266 3825 gratia
1293 3752 1830 3810 divinatranscendat
1861 3752 2040 3825 omnia
2080 3765 2187 3810 ter-

594 3825 1022 3895 renacacumina
1042 3823 1286 3881 nutantia
1312 3825 1598 3880 mobilitate
1642 3823 1938 3895 temporali.

658 3889 807 3964 (499)
828 3891 901 3967 _ld
930 3903 1055 3967 est):
1088 3895 1165 3951 vel
1209 3897 1318 3966 ipse
1364 3894 1583 3967 ﬂagellis
1627 3889 1849 3950 correcti
1902 3894 2185 3952 benediclte

598 3963 795 4017 nomen
820 3963 1035 4020 Domini
1068 3982 1187 4022 cum
1211 3963 1489 4021 animabus
1506 3966 1703 4021 electis.

657 4032 805 4109 (500)
835 4033 1137 4109 Construe:
1167 4034 1253 4093 Ne
1275 4037 1515 4109 replicem
1536 4037 1772 4107 inﬁnita,
1791 4035 1962 4105 fuerat
1981 4054 2185 4109 quoque

586 4106 857 4180 proprium
869 4106 1140 4180 sapientis
1179 4106 1517 4179 perpendere,
1536 4108 1663 4180 quid
1680 4106 2185 4180 rmonuerint‘arula:

584 4175 818 4251 ﬁliorum
846 4175 979 4251 ‘Levi
1008 4178 1109 4235 Dei
1141 4175 1400 4251 pra’cepto
1425 4175 1646 4251 servata:
1671 4179 1796 4248 ipsis
1824 4179 2112 4245 damnatis,
2134 4190 2184 4234 et

585 4257 643 4319 ut
676 4247 800 4319 quid
829 4248 987 4318 fuerit
1013 4247 1252 4307 dictum:
1275 4247 1502 4306 Movebo
1529 4247 1914 4306 candelabrum
1942 4258 2093 4305 tuutu
2116 4251 2183 4307 de

571 4317 707 4391 10cc
732 4317 836 4391 suo
848 4362 869 4391 ,ν
892 4338 996 4377 non
1017 4324 1224 4391 penitus
1249 4320 1489 4376 evellam.
1688 4344 1689 4347 η

658 4390 808 4465 (SOI)
849 4390 951 4447 Sed
980 4390 1134 4465 opere
1163 4394 1387 4464 pretium
1419 4403 1494 4447 est
1524 4393 1856 4447 considerare
1875 4433 1890 4459 ,
1919 4409 2077 4463 quam
2097 4390 2177 4465 (cf

584 4462 708 4533 pida
739 4463 836 4528 sit,
871 4462 1065 4537 printer
1080 4464 1134 4518 id
1161 4462 1299 4537 quod
1327 4475 1400 4519 est
1431 4464 1588 4519 etiam
1615 4464 1944 4537 veracissima
1964 4504 1979 4526 ,
2012 4471 2060 4537 et
2082 4462 2177 4517 tibi

585 4534 932 4606 percongru’a,
964 4534 1262 4590 istiusmodi
1281 4537 1538 4591 sententia
1560 4534 1838 4605 cujusdam
1859 4535 2047 4589 urbani
2070 4548 2177 4588 non

586 4603 813 4694 multum
841 4608 1027 4694 ignoti,
1066 4616 1172 4663 etc.

659 4675 809 4750 (502)
838 4674 1107 4733 Construc
1133 4686 1188 4733 et
1215 4677 1429 4747 explica
1455 4695 1478 4750 :A
1492 4674 1597 4732 Sed
1624 4685 1678 4731 ut
1704 4675 2173 4750 garrulitaslibelli

588 4748 755 4802 nostri
772 4748 891 4818 jam
932 4759 1156 4803 maturet
1186 4750 1357 4804 redire
1410 4748 1479 4803 ad
1506 4759 1729 4803 vestrum
1769 4748 2126 4817 pltreneticum
2154 4786 2170 4811 ,

585 4819 705 4888 quis
749 4817 853 4889 non
888 4819 1092 4889 judicet
1135 4823 1381 4875 excedere
1432 4835 1635 4874 omnem
1684 4817 1981 4889 insaniam,
2036 4819 2174 4888 quod

587 4887 707 4944 licet
738 4887 900 4958 fuerit
927 4892 1198 4961 episcopus
1221 4932 1236 4955 ,
1283 4900 1330 4946 et
1381 4908 1543 4946 causa
1589 4906 1693 4945 non
1719 4887 1976 4958 defuerit,
2012 4887 2177 4944 ausus

589 4961 749 5032 fuerit
786 4963 1238 5018 excommunicare
1265 4962 1753 5030 archiepiscopum,
1801 4962 2038 5032 quamvis
2085 4975 2180 5015 ex-

589 5031 1075 5105 communicaverit
1106 5034 1435 5105 prwinvasis,
1475 5049 1568 5089 seu
1597 5031 1905 5105 pnereptis,
1927 5031 2083 5085 etiam
2110 5032 2175 5105 ab

591 5101 879 5175 Evangelia
905 5104 1071 5161 verbis
1106 5101 1402 5160 Dominicis
1428 5147 1443 5173 ,
1473 5105 1576 5160 illis
1599 5101 1884 5175 nimiruml
1917 5110 1975 5156 ut
2000 5102 2178 5157 credi-

590 5189 712 5230 mus
730 5171 763 5239 ,⁷
793 5175 976 5249 verbis
1006 5187 1128 5247 post
1154 5193 1324 5249 pauca
1375 5171 1636 5247 subjectis
1661 5214 1679 5242 ,
1713 5171 1775 5227 Si
1804 5171 1961 5241 o/fers
1990 5188 2178 5249 munus

590 5255 741 5320 tuum
769 5246 839 5301 ad
873 5241 1061 5312 altare,
1110 5241 1240 5316 et'c.,
1263 5264 1384 5320 qua:
1407 5241 1680 5320 quatenus
1734 5241 2176 5320 excommunicaf

592 5314 795 5354 ﬁnnnsn
824 5332 928 5354 nnn
954 5322 1169 5354 ηνηυιιῖιι
1213 5312 1306 5354 tam]
1330 5312 1442 5354 Ion;
1464 5326 1733 5354 asin-niam
1762 5314 2041 5354 manli-mra
2071 5312 2173 5354 (lini

2285 3096 2438 3170 (505)
2478 3112 2605 3153 nam
2651 3097 2936 3169 phrenesis
2968 3094 3123 3167 juxta
3163 3112 3260 3153 vos
3306 3096 3385 3152 uti
3434 3094 3596 3152 istius
3647 3094 3880 3150 habetur

2256 3242 2260 3247 .
2286 3190 2485 3259 libello,
2518 3207 2645 3248 cum
2667 3191 2721 3248 in
2750 3205 2927 3248 creua:
2954 3190 3170 3248 Domini
3199 3190 3362 3259 festo,
3393 3188 3647 3248 festivius
3666 3203 3776 3261 quo
3803 3189 3878 3245 nil

2284 3328 2454 3384 fuisse
2482 3327 2719 3401 vigenti,
2751 3328 3060 3401 quipostca
3100 3329 3169 3384 ad
3191 3327 3493 3401 duodecim
3516 3326 3727 3401 redacti
3756 3325 3875 3401 fue-

2258 3422 2261 3429 ι
2287 3408 2455 3465 runt,
2480 3397 2706 3454 inferius
2738 3397 2970 3455 traditur
2995 3416 3145 3455 num.
3173 3400 3259 3456 18.
3294 3399 3430 3454 llinc
3458 3399 3700 3453 decimus
3727 3398 3879 3468 quin-

2286 3480 2407 3536 tus,
2456 3471 2547 3540 qui
2584 3469 2784 3526 factum
2805 3471 2895 3526 hic
2919 3470 3214 3527 indicatum
3254 3471 3589 3541 exponebat,
3626 3468 3693 3523 ad
3739 3468 3882 3539 prio-

2287 3556 2401 3598 rem
2450 3541 2770 3598 divisionem
2823 3543 3076 3612 pertinet.
3129 3542 3263 3599 (lum
3311 3556 3443 3612 vero
3473 3548 3699 3612 prazter
3741 3542 3879 3612 hunc

2286 3615 2542 3684 primum,
2577 3622 2631 3669 et
2661 3612 3007 3668 undecimum
3034 3613 3221 3684 caeteri
3247 3611 3434 3675 libelli,
3458 3611 3754 3684 inquibus
3781 3611 3880 3665 hoc

2290 3682 2490 3740 factum
2525 3684 2737 3752 plenius
2782 3683 3209 3750 describebatur,
3238 3682 3662 3753 interciderint;
3716 3696 3877 3752 pecu-

2288 3754 2451 3809 liares
2476 3753 2716 3823 ejnsdem
2744 3754 2872 3810 facti
2903 3755 3381 3819 circumstanstiaa,
3410 3753 3609 3824 quibus
3656 3769 3746 3808 res
3774 3753 3877 3807 cla-

2290 3825 2404 3881 rior
2432 3824 2606 3891 fieret,
2642 3827 2980 3898 ignorantur.
3016 3826 3402 3898 lndicaturhic
3438 3834 3760 3898 memorante
3786 3840 3878 3880 ex-

2289 3894 2796 3953 communicationis
2830 3905 3040 3967 tempus
3076 3907 3133 3953 et
3176 3897 3389 3953 modus.
3450 3894 3588 3967 cum
3622 3896 3874 3967 nimirum

2291 3968 2345 4023 in
2374 3968 2462 4022 die
2489 3967 2671 4024 Omna:
2700 3967 2910 4024 Domini
2943 3965 3383 4039 archiepiscopus
3414 3966 3708 4039 mulierum
3734 3965 3875 4021 obla-

2290 4038 2467 4095 tiones
2493 4040 2780 4109 reciperet,
2814 4037 3160 4107 phreneticus
3182 4037 3302 4102 itle,
3346 4039 3396 4093 id
3422 4047 3507 4093 est
3538 4037 3832 4094 Ratherius
3854 4077 3871 4103 ,

2289 4110 2411 4182 fecit
2441 4110 2489 4166 ei
2520 4108 2727 4182 inferri,
2762 4126 2855 4182 seu
2880 4110 3116 4182 suggeri,
3158 4110 3305 4182 forte
3326 4109 3617 4182 perialium
3633 4108 3869 4182 aliquem

2316 4197 2489 4250 neque
2515 4184 2658 4235 enim
2692 4180 3003 4245 Ratherius,
3032 4181 3122 4250 qni
3160 4181 3387 4250 degebat
3424 4180 3668 4245 Leodici,
3697 4180 3750 4234 in
3789 4180 3870 4235 die

2337 4251 2587 4334 ominicae
2614 4252 2798 4307 (laenae
2840 4250 3121 4334 .ibi'fuisse
3163 4250 3410 4334 videtur,
3437 4252 3554 4334 .ubi.
3604 4250 3867 4334 archiepi:

2208 4344 2258 4405 ι)
2284 4322 2562 4405 scopusin
2584 4338 2703 4405 sua
2743 4320 2968 4405 ecclesia
2990 4316 3322 4405 celebrabat)
3351 4320 3477 4377 fecit
3496 4362 3511 4385 ,
3540 4322 3761 4405 inquam
3783 4316 3864 4405 {ei

2293 4391 2505 4466 suggeri
2528 4393 2668 4466 istud
2687 4392 3084 4466 evangelicum:
3104 4391 3358 4466 Sic/fers
3402 4408 3595 4446 munus
3626 4403 3773 4446 tuum
3796 4392 3863 4446 ad

2285 4462 2475 4527 altare,
2501 4475 2605 4519 etc.
2631 4465 2762 4531 Quae
2791 4464 2953 4519 verba
2975 4478 3100 4519 cum
3120 4462 3436 4519 offerentem
3463 4471 3719 4518 arcerent
3740 4478 3867 4532 quo-

2284 4534 2571 4596 dammodo
2622 4552 2653 4590 a
2702 4535 2866 4590 missa
2928 4534 3344 4605 prosequenda,
3388 4533 3494 4589 nisi
3546 4535 3701 4604 prius
3747 4549 3863 4588 cum

2281 4609 2450 4666 fratre
2478 4606 2956 4671 reconciliaretur;
2988 4606 3042 4660 id
3067 4615 3322 4675 tanquam
3348 4606 3863 4675 excommunicatio-

2282 4682 2368 4738 nis
2394 4677 2675 4747 cujusdam
2702 4676 2941 4748 speciem
2971 4686 3162 4748 auctor
3180 4674 3295 4748 hoc
3321 4675 3444 4732 loco
3474 4676 3742 4748 praetulit.»
3760 4674 3860 4748 Es-

2283 4745 2705 4809 communicatio
2734 4745 3022 4818 'ejusmodi
3075 4747 3146 4801 ab
3198 4745 3558 4818 episc0po’in
3601 4746 3859 4817 archiepi-

2285 4818 2711 4890 scopuminferri
2738 4819 2933 4890 potuit.
2952 4817 3002 4890 Is
3028 4833 3157 4890 vero
3177 4817 3623 4890 archiepiscopus
3648 4818 3858 4890 B_otber-

2282 4888 2927 4949 tusVTrevirensis‘fuisse
2950 4888 3186 4960 videtur,
3219 4889 3311 4959 qui
3339 4889 3645 4960 expulsioni
3670 4888 3857 4944 Ruthe-

2280 4966 2348 5022 rii
2379 4963 2620 5019 favorem
2671 4960 2941 5030 praestitit.
2969 4958 3104 5015 Cum
3132 4958 3280 5015 enim
3319 4960 3390 5013 ad
3412 4958 3586 5014 'hnnc
3634 4961 3854 5015 directus

2279 5034 2443 5093 fuerit
2491 5046 2730 5102 praesens
2757 5031 2999 5095 libellus,
3052 5031 3415 5100 eumdemqne
3464 5039 3658 5086 auctor
3681 5046 3856 5101 perpe-

2284 5119 2375 5163 tuo
2416 5101 2755 5173 alloquatur;
2800 5103 2974 5171 ipsum
3017 5101 3315 5173 respiciunt
3360 5102 3530 5157 verba
3578 5103 3853 5172 reciperetis

2282 5177 2459 5234 oblata
2479 5216 2493 5242 ,
2544 5172 2617 5228 et.
2646 5174 2789 5228 istud
2817 5173 3009 5243 inferri
3031 5175 3195 5227 vobis.
3226 5172 3498 5229 Construe
3528 5174 3810 5243 antemisic
3836 5186 3852 5227 :

2286 5247 2428 5303 Nam
2464 5245 2541 5300 uti
2566 5243 2786 5299 habetur
2813 5242 3062 5297 in’libello
3091 5245 3269 5313 quinto
3297 5243 3504 5298 decimo
3527 5244 3681 5298 istius
3704 5242 3854 5297 Phre-

2284 5320 2420 5354 θηρὶ.
2446 5318 2592 5354 ὅιιτιη
2616 5330 2702 5354 sm:
2731 5315 2877 5354 latim
2900 5313 3106 5354 cnilinnl
3132 5330 3193 5354 At
3219 5324 3401 5354 vocis-91
3436 5315 3708 5354 cnntnntin
3735 5314 3846 5354 dini.
