4032 5354
49 151 186 211 .585

1536 142 1944 204 PHRENESIS.

3277 144 3389 206 386

53 284 208 325 mea
270 264 555 323 invenitur
602 251 868 322 sententia
893 303 907 330 ,
986 261 1151 337 236
1212 261 1651 321 muliercularum
1677 306 1692 332 ,
1723 272 1771 332 Α
1801 265 1983 322 Facile
2011 262 2415 336 prudentissimi
2453 268 2513 317 ut
2547 259 2678 317 estis
2709 258 2910 333 ingenii
2938 300 2953 327 ,
2985 261 3269 320 advertere
3293 277 3394 322 va-

59 363 262 418 moris
296 352 368 416 ut'
396 367 512 424 est,
547 358 864 430 reciperetis
895 355 1105 422 oblata;
1148 356 1290 412 istud
1325 357 1509 411 inferri
1537 358 1690 413 vobis

61 453 418 525 phrenetica
452 450 571 519 ejus
597 450 802 520 pariter
833 449 961 504 fecit
999 449 1221 504 audacia
1254 450 1393 519 (rata
1425 448 1651 504 forsitan
1676 488 1692 513 ,

61 547 203 617 ejus
227 547 379 617 quod
411 535 681 616 pulsione,
707 542 846 596 fama
873 551 932 596 ut
961 541 1168 606 fuerat,
1201 549 1358 596 nacta
1393 539 1412 612 [
1429 541 1496 610 ι’..
1515 538 1696 612 pacta]

66 641 173 693 die
208 649 327 692 tam
383 635 658 698 solemni,
703 632 976 687 anxietate
1019 646 1180 702 quem
1231 631 1516 685 omittebat
1555 630 1697 685 baud

67 731 357 801 plangere
385 725 634 798 querula,
662 723 837 778 induti
864 722 1104 778 fuissetis
1128 723 1342 794 planeta
1367 741 1378 776 :
1405 722 1425 795 ]
1453 721 1515 777 Si
1539 722 1696 791 oﬂ‘ers

70 839 286 876 manus
312 831 467 874 tuum
497 818 567 872 ad
595 819 783 884 altare,
809 826 854 872 et
895 818 968 872 ibi
995 818 1299 872 recordatus
1339 817 1507 887 fueris
1529 857 1544 881 ,
1572 819 1697 887 quia

73 917 262 986 frater
291 926 420 969 tuus
465 913 617 968 habet
657 912 857 982 aliquid
885 912 1187 966 'adversum
1228 921 1315 976 te;
1356 910 1585 981 relinque
1626 909 1697 962 ibi

71 1024 282 1061 manus
331 1016 482 1059 tuum
527 1014 648 1057 ante
683 1002 878 1070 altare,
932 1011 980 1056 et
1010 1003 1138 1057 vade
1174 1003 1319 1072 prius
1370 999 1699 1056 reconciliari

59 1098 249 1168 fratri
317 1107 450 1160 tuo;
507 1104 554 1148 et
605 1088 755 1147 tunc
794 1094 998 1148 veniens
1057 1093 1242 1162 offeres
1304 1108 1492 1153 munus
1547 1101 1696 1145 tuum

79 1191 317 1258 (Matth.
341 1206 396 1252 v,
419 1187 639 1258 23,15).
657 1187 775 1253 llic,
794 1187 1041 1254 Domine,
1058 1177 1291 1255 ambigo,
1311 1183 1547 1254 cujusvis
1571 1183 1697 1239 duo-

79 1298 212 1337 rum
265 1282 459 1336 mirari
493 1281 720 1335 debeam
751 1279 982 1350 amplius
1011 1279 1345 1350 pltrenesim.
1379 1278 1508 1333 Esto
1548 1277 1695 1331 enim

81 1379 176 1434 ille
205 1378 402 1432 dolore
429 1385 583 1432 actus
611 1375 923 1431 insanibat?
949 1373 1165 1440 Vestra,
1191 1390 1346 1446 rogo,
1369 1372 1459 1428 ubi
1491 1373 1698 1427 sanitas

83 1472 294 1538 fuerit;
353 1481 411 1528 et
442 1472 534 1526 ubi
575 1486 845 1541 praesens,
878 1470 970 1540 qui
1001 1479 1108 1524 tam
1137 1469 1291 1524 vobis
1332 1467 1560 1521 fueratis
1584 1465 1654 1520 ibi
1678 1506 1692 1528 ,

84 1566 350 1630 Domine,
389 1564 605 1620 absens.
639 1562 880 1617 Viluerat
910 1562 1105 1617 merito
1136 1559 1399 1614 mittentis
1420 1557 1514 1614 sed
1545 1557 1696 1613 testi-

1797 361 1918 417 letis
1943 401 1958 428 ,
2007 361 2051 416 si
2110 362 2321 417 dicente
2353 358 2635 429 Scriptura
2668 357 2949 429 :lntellige
2988 359 3287 428 proximum
3326 377 3394 418 es

1797 452 2065 518 temetipso
2096 449 2284 523 (Eccli.
2327 465 2454 504 xxxi
2476 490 2490 514 ,
2521 448 2634 519 18),
2664 448 2747 503 vir
2775 447 2877 520 [{.,
2910 447 3082 521 vigor]
3115 465 3219 505 non
3251 450 3395 507 desit

1800 543 1990 598 anima:
2013 541 2137 612 jure
2175 541 2460 596 dominans
2500 525 2693 596 vestra:
2718 581 2733 606 ,
2776 540 2868 610 qui
2912 539 3054 596 forte
3105 540 3392 610 defuerat,

1799 652 1922 691 cum
1964 635 2249 706 Intelligite
2293 635 2402 690 Ilaec
2452 635 2542 707 qui
2597 634 2964 690 obliviscimini
2991 633 3158 690 Deum
3207 634 3386 708 (Psal.

1798 746 1949 796 xmx,
1978 729 2091 801 22),
2125 729 2471 801 quibusdam,
2495 729 2584 799 qui
2615 728 2824 784 scilicet
2865 738 3176 784 averterant
3203 730 3390 787 oculos

1799 837 1960 889 suos,
1992 831 2049 876 ut
2079 839 2185 879 non
2231 823 2474 878 viderent
2502 821 2730 887 coelum,
2761 837 2936 892 neque
2976 823 3395 878 recordarentur

1793 916 2119 988 judiciorum
2151 916 2420 986 iustorum
2449 915 2610 988 (Dan.
2636 931 2757 980 xm,
2780 915 2836 988 9)
2858 930 2954 986 per
2979 930 3167 972 verum
3197 932 3395 990 sugge-

1801 1025 1923 1066 rere
1967 1010 2153 1065 censui
2184 1009 2531 1064 antistitium.
2564 1007 2870 1079 Absitergo
2900 1006 3071 1079 (506),
3105 1009 3247 1064 absit
3286 1008 3396 1065 hoc

1800 1101 2169 1158 indesinenter
2197 1117 2380 1172 agere,
2410 1101 2587 1156 adhuc
2615 1101 2709 1171 qui
2756 1115 2862 1156 non
2895 1101 3113 1167 desinit,
3146 1103 3291 1172 quod
3317 1103 3389 1159 ab

1800 1195 1957 1251 initio
1986 1195 2156 1251 verbo
2199 1195 2387 1264 utique
2411 1234 2428 1260 ,
2462 1194 2528 1248 de
2574 1192 2829 1248 cordibus
2858 1192 3138 1248 hominum
3163 1193 3396 1251 moliens

1800 1289 2049 1356 evellere,
2081 1288 2224 1360 quod
2249 1288 2486 1343 minatur
2507 1295 2761 1358 satagens
2791 1287 3026 1358 levigare
3047 1302 3272 1360 serpens
3299 1287 3391 1344 ille
3419 1276 3426 1288 ’

1800 1383 2076 1453 anﬁquus.

1872 1475 1960 1530 l7.
1987 1473 2145 1529 Absit
2183 1487 2214 1530 e
2237 1473 2454 1528 diverso
2497 1486 2810 1543 persuasor,
2844 1471 3006 1529 hodie
3035 1472 3128 1545 qui
3154 1471 3378 1545 legitur,

1800 1567 2026 1624 idoneus
2045 1583 2225 1624 sermo
2256 1567 2444 1636 utique
2464 1567 2808 1637 apostolicus.
2838 1567 3132 1623 Ascendite
3169 1567 3389 1638 pontiﬁ-

82 1665 260 1714 matio
289 1677 303 1712 :
334 1657 555 1729 pensari
584 1665 641 1711 at
665 1655 850 1711 debuit
875 1654 1204 1710 dominantis
1227 1651 1537 1724 praeceptio.
1579 1649 1688 1705 Ob-
1718 1649 1766 1710 B
1794 1656 1928 1723 cale,
1969 1671 2170 1729 quaeso,
2205 1657 2343 1727 atqui
2368 1664 2557 1712 contra
2579 1671 2674 1712 vos
2690 1655 2882 1726 judicii
2914 1657 3241 1715 tribunal....
3274 1657 3396 1714 Stet

86 1753 269 1807 linere
327 1760 604 1821 petentem
635 1746 956 1818 prohibebat
987 1746 1320 1819 indignitas:
1349 1743 1568 1800 obedire
1598 1743 1692 1798 sed

84 1845 192 1899 sibi
221 1842 509 1898 tremenda
544 1839 758 1895 cunctis
797 1837 1156 1907 compellebat
1183 1836 1462 1908 majestas.
1487 1833 1693 1889 Facere

83 1935 186 1989 sed
213 1933 449 1988 l'ortisan
474 1931 619 2002 quod
649 1929 975 2000 petebamini
1005 1927 1079 2000 [l.
1112 1925 1418 1998 petebatur]
1447 1925 1694 1982 defuerat

83 2025 348 2080 facultas.
380 2023 530 2078 Habe
555 2040 637 2077 me
659 2032 962 2076 excusatum
985 2021 1312 2092 respondere
1338 2059 1352 2073 .
1375 2059 1390 2074 .
1421 2061 1434 2074 .
1455 2027 1513 2074 ut
1540 2019 1690 2090 quid,

83 2132 248 2186 rogo,
275 2115 523 2185 nequivit
550 2113 848 2170 humilitas.
875 2113 957 2168 Ad
985 2112 1263 2168 cumulum
1295 2127 1511 2183 quoque
1543 2112 1691 2167 insa-

82 2210 298 2265 nientis
331 2208 487 2263 vobis
516 2215 575 2262 ut
602 2221 809 2263 morem
844 2205 947 2278 [f.,
987 2220 1053 2261 ex
1085 2204 1266 2278 more]
1306 2206 1379 2260 ita
1406 2219 1547 2275 saepe
1574 2220 1695 2276 gar—

85 2302 268 2368 riens,
304 2316 507 2372 genera
529 2300 765 2355 vesania:
798 2300 951 2370 quasi
981 2299 1261 2355 atl‘ectatus
1277 2298 1443 2354 multa
1463 2297 1573 2367 jam
1599 2312 1698 2368 per

83 2412 369 2452 annorum
411 2395 718 2461 curricula,
764 2394 1068 2450 dicacitatis
1112 2393 1186 2448 ita
1219 2393 1374 2448 favor
1425 2392 1698 2462 desiperet

81 2498 299 2545 vestrae
335 2485 360 2560 [
377 2488 444 2558 f.,
474 2485 703 2560 nostrae]
728 2529 742 2553 ,
772 2494 832 2541 ut
851 2485 1221 2556 evangelicum
1251 2483 1380 2540 illud
1406 2493 1513 2539 tam
1541 2481 1698 2539 terri-

83 2582 200 2638 bile
235 2582 537 2636 tonitruum
576 2579 924 2636 intellectuali
975 2579 1301 2649 nequissctis
1341 2578 1529 2634 auditu
1567 2593 1697 2633 sen-
1757 2592 1764 2596 ·

85 2676 219 2740 tire,
246 2687 304 2730 et
341 2676 485 2746 quod
535 2675 811 2752 seipsum,
844 2672 1005 2728 lmsus
1036 2689 1067 2728 a
1119 2673 1274 2728 vobis
1330 2673 1424 2742 qui
1477 2671 1694 2740 fuerat,

89 2778 366 2832 moneret,
395 2770 685 2824 adversum
715 2781 812 2822 vos
849 2767 1051 2822 habere
1070 2808 1084 2834 ,
1115 2775 1170 2822 et
1199 2766 1326 2837 quia
1373 2764 1496 2834 jure
1522 2807 1537 2833 ,
1591 2781 1698 2836 quo

93 2861 206 2932 ipsi
235 2861 510 2917 deberetis
537 2869 811 2930 praecepto
833 2859 1044 2915 Domini
1095 2853 1462 2926 reconciliari,
1493 2858 1695 2914 valuis-

95 2953 236 3008 setis
264 2951 427 3022 237
464 2966 530 3006 eo
574 2950 681 3005 nisi
728 2949 1053 3020 explanante
1091 2948 1424 3019 intelligere,
1475 2949 1617 3004 istud
1666 2964 1697 3004 e

91 3041 328 3112 vestigio
359 3041 659 3096 maturavit
683 3040 981 3111 porrigere.
1026 3039 1266 3094 Securus
1294 3039 1442 3111 (504)
1476 3038 1612 3092 alter
1641 3049 1700 3094 ut
1726 3031 1772 3094 C

93 3144 257 3206 queat
284 3149 410 3190 esse
431 3132 644 3197 salutis,
672 3132 805 3186 mihi
837 3133 1107 3202 quondam
1134 3132 1487 3187 dilectissime
1510 3129 1695 3194 Pater,

93 3225 268 3280 morbi
300 3222 527 3278 latentis
554 3220 858 3292 perieulum
899 3238 1005 3276 non
1044 3219 1222 3276 celare
1254 3220 1472 3290 quidem
1505 3220 1698 3286 alicui,

94 3319 395 3374 remedium
439 3325 622 3372 tamen
662 3305 770 3371 non
816 3317 1059 3386 przebere
1109 3314 1362 3382 consilii,
1400 3329 1579 3369 meum
1633 3329 1700 3369 ne

94 3410 267 3464 valeat
302 3423 478 3473 esse,
525 3407 760 3478 pristina
825 3407 990 3462 vestri
1052 3405 1362 3460 dominatus
1429 3405 1703 3460 interdicit

93 3501 478 3559 beneficentia.
527 3500 612 3556 Me
661 3500 791 3555 laeso
831 3501 1044 3570 potius,
1081 3513 1243 3569 quem
1281 3498 1531 3568 quamvis
1563 3496 1697 3569 [ms.
1731 3531 1746 3574 η

90 3593 363 3668 quamve]
406 3593 645 3664 graviter
688 3592 975 3659 laessi-itis,
1019 3590 1361 3646 reconciliari
1416 3599 1698 3660 oportere,

91 3690 270 3744 delata
309 3688 472 3744 vobis
496 3687 656 3742 modo
702 3685 1012 3756 evangelica
1043 3692 1229 3738 monet
1278 3683 1474 3752 legatio
1529 3682 1698 3754 (505).

92 3822 329 3893 fuissetis
368 3817 993 3893 planeta_pro_puisione
1030 3817 1145 3887 ejus
1177 3825 1333 3893 nacta
1361 3817 1446 3870 die
1485 3825 1591 3870 tam
1617 3834 1704 3893 so-

92 3888 272 3956 lemni,
296 3888 613 3962 quamhaud
631 3888 900 3962 omittebat
914 3889 1438 3962 plangereanafietate
1459 3888 1701 3962 querula)

92 3981 174 4030 ea,
199 3958 456 4034 inquam,
484 3961 713 4034 audacia
737 3959 855 4034 fecit
881 3959 1066 4029 inferri
1094 3960 1231 4034 voltis
1257 3958 1400 4034 istud
1423 3975 1441 4012 .'
1466 3959 1524 4034 Si
1545 3959 1701 4028 o/fers

93 4029 488 4098 munus'tuum,
511 4041 616 4087 etc.
644 4032 776 4097 ρυω
799 4032 936 4084 intra
960 4030 1329 4100 parenthesitn
1354 4029 1700 4094 clauduntur,

92 4109 158 4160 ob
213 4121 404 4160 rerum
438 4113 718 4174 gestorum
753 4102 1147 4173 ignorationem
1196 4100 1524 4174 perobscura
1555 4109 1700 4167 sunt,

92 4186 148 4232 et
173 4172 627 4232 fortassis'etiam
662 4172 919 4228 mendosa
941 4212 956 4238 ,
989 4187 1199 4228 necnon
1248 4172 1705 4242 interpunctionis

97 4248 348 4304 incertae.
374 4246 539 4300 Forte
568 4260 668 4314 pro
694 4254 881 4310 nacta,
913 4245 959 4299 si
995 4245 1097 4299 hoc
1125 4243 1467 4312 participium
1498 4242 1704 4298 refera-

96 4327 184 4372 tur
215 4319 283 4372 ad
331 4317 633 4372 ablativum
669 4315 930 4384 pulsione,
959 4315 1243 4383 legendum
1272 4325 1448 4384 pacta,
1500 4315 1564 4368 de
1595 4329 1699 4384 qua
1757 4325 1760 4328 '

97 4390 310 4446 scilicet
333 4389 585 4463 pulsione
630 4383 871 4463 pectunt,
904 4402 997 4439 seu
1024 4385 1375 4463 deliberatum
1405 4383 1572 4463 fuerit
1611 4383 1700 4440 die
1725 4401 1779 4463 D

97 4470 209 4515 tam
235 4456 469 4514 solemni
496 4477 509 4512 :
545 4472 727 4527 neque
763 4459 907 4511 enim
939 4469 1058 4510 acta
1103 4457 1205 4525 legi
1243 4469 1401 4525 posse
1431 4456 1654 4527 ,videtur
1678 4497 1694 4524 ,

98 4548 223 4587 cum
251 4533 300 4587 si
329 4548 394 4586 eo
426 4530 514 4585 die
545 4526 702 4600 pulso
727 4527 969 4583 Ratherii
1007 4536 1128 4582 acta
1157 4529 1377 4592 fuisset,
1425 4526 1478 4580 id
1511 4537 1594 4582 est
1619 4527 1698 4583 fa-

95 4614 212 4669 cto,
235 4619 346 4658 non
374 4619 441 4658 ex
466 4601 612 4656 fama
637 4600 829 4654 fuisset
851 4600 1223 4669 exploratum;
1257 4614 1321 4652 ac
1343 4606 1604 4669 praeterea
1633 4615 1698 4654 ea
1757 4607 1759 4610 ’

96 4676 152 4746 vi
179 4668 235 4731 et
266 4682 539 4746 potestate
585 4671 801 4746 publica
842 4668 1134 4746 Railterius
1185 4669 1385 4746 pulsus
1416 4668 1550 4746 fuit,
1591 4686 1698 4740 qua

97 4740 383 4800 Baldricus
407 4740 650 4809 electus,
692 4742 774 4796 vel
812 4744 1093 4797 ordinatus
1123 4751 1179 4796 et
1208 4741 1263 4795 in
1295 4741 1423 4795 sede
1453 4740 1695 4810 locatus,

102 4833 333 4887 quorum
365 4825 623 4887 neutrum
655 4823 802 4867 tanto
826 4814 929 4868 dici
953 4854 966 4877 ,
1008 4813 1059 4866 in
1089 4828 1194 4882 quo
1228 4811 1467 4887 episcopi
1500 4813 1557 4887 in_
1584 4814 1698 4870 suis

104 4882 364 4958 cujusque
392 4886 642 4942 ecclesiis
668 4900 820 4940 sacra
853 4894 1118 4957 peragunt
1138 4924 1152 4947 ,
1184 4899 1285 4937 nec
1315 4882 1696 4958 atlelectiones

106 4953 199 5013 aut
217 4953 599 5015 ordinationes
629 4953 980 5019 conveniunt,
1011 4957 1275 5025 congruit.
1301 4953 1440 5021 Quid
1467 4954 1514 5025 si
1543 4967 1698 5010 nacta

106 5030 452 5086 referendum
483 5031 743 5084 credatur
767 5028 832 5081 ad
860 5028 1048 5097 fama,
1085 5024 1236 5096 quasi
1272 5027 1387 5082 luee
1415 5027 1467 5080 id
1494 5024 1695 5082 factum

108 5113 258 5156 nacta
303 5101 507 5171 fuerit,
547 5113 644 5154 seu
675 5096 977 5154 detexerit?
1005 5096 1140 5171 Quid
1185 5099 1230 5152 si
1260 5113 1422 5156 voces
1453 5096 1540 5171 die
1587 5109 1695 5171 tam

107 5167 320 5227 solemni
351 5174 669 5228 referantur
700 5171 763 5225 ad
791 5170 1076 5240 plangere?
1105 5168 1209 5225 Sed
1239 5175 1290 5223 In
1321 5187 1378 5225 re
1427 5167 1588 5240 plane
1616 5169 1700 5224 in-

108 5245 282 5299 voluta
309 5253 366 5298 et
397 5247 635 5299 obscura
667 5252 861 5311 prmter
894 5243 1055 5294 fidem
1085 5243 1283 5296 codicis
1307 5244 1440 5296 nibil
1467 5241 1521 5293 in
1549 5242 1696 5296 voci-

109 5313 201 5354 hnc
223 5315 630 5354 cmend-uniuni
654 5314 983 5354 nrmlirlimne
1032 5327 1126 5354 nm»
1154 5315 1219 5354 ιίμ
1241 5312 1509 5354 crmlnnlia
1538 5313 1694 5354 lmine

1794 1763 1978 1805 coram
1999 1763 2185 1804 verum
2212 1763 2318 1804 non
2355 1748 2591 1804 dillitcns
2617 1749 2952 1806 conscientia
2977 1768 2992 1818 ;
3037 1759 3092 1806 et
3121 1767 3185 1807 ex
3210 1757 3394 1807 vestra

1793 1855 1970 1896 meam
2005 1848 2192 1897 taxare
2239 1840 2402 1896 libeat
2447 1850 2705 1898 mentem.
2755 1843 3000 1914 Cumque
3029 1843 3178 1915 (507)
3207 1843 3396 1900 laesum

1793 1950 1882 1990 me
1908 1935 2126 2005 quidem
2159 1934 2302 1990 haud
2326 1933 2540 2000 leviter,
2566 1935 2972 1992 interdictorem
2998 1951 3126 1992 vero
3172 1937 3386 2006 gravis-

1795 2027 1952 2092 sime,
2001 2025 2092 2082 sed
2125 2025 2322 2096 quibus
2375 2027 2716 2082 reconciliari
2755 2027 3001 2093 valeatis,
3068 2028 3387 2084 inveneritis

1793 2135 1961 2176 unum
2001 2119 2221 2190 quidem
2263 2118 2565 2188 absentem,
2622 2119 2847 2177 alterius
2901 2122 3384 2192 priesentissimam

1794 2211 2166 2282 maiestatem;
2199 2213 2464 2267 recurrite
2487 2212 2553 2267 ad
2580 2210 2902 2284 Gregorium
2933 2213 3291 2270 saluberrime
3314 2213 3390 2268 ita

1797 2312 2108 2361 monentem
2135 2322 2147 2358 :
2175 2304 2442 2358 Debemus
2462 2304 2660 2374 quippe
2681 2304 2748 2359 ad
2771 2319 2918 2371 eum,
2943 2319 3105 2374 quem
3129 2303 3388 2370 laesitnus,

1796 2397 2046 2468 quamvis
2079 2397 2236 2468 longe
2273 2393 2511 2467 positum
2553 2404 2734 2451 mente
2768 2396 2850 2470 ire
2872 2435 2889 2463 ,
2919 2396 3252 2468 benignitate
3275 2411 3402 2452 eum

1795 2503 1962 2565 atque
1988 2492 2353 2551 submissione
2384 2492 2624 2565 placare.
2656 2491 2810 2559 Quod
2843 2492 2889 2547 si
2925 2490 3124 2556 facitis,
3154 2500 3208 2547 et
3231 2492 3392 2547 sicuti

1796 2587 2084 2652 nocuistis,
2127 2585 2204 2641 ita
2252 2600 2340 2641 me
2366 2583 2560 2654 juvare
2611 2583 2927 2655 disponitis;
2960 2599 3156 2638 munus
3199 2581 3398 2639 offerre

1797 2680 1910 2738 Deo
1949 2681 2054 2736 hac
2082 2663 2351 2736 ddntaxat
2381 2693 2447 2732 ex
2476 2685 2630 2748 parte
2675 2676 2902 2732 licenter
2926 2675 3142 2731 valetis.
3191 2673 3247 2730 Si
3300 2688 3394 2730 ne-

1797 2771 2036 2844 gligitis,
2090 2770 2359 2841 funiculus
2415 2767 2603 2840 triplex
2653 2783 2815 2838 quam
2882 2767 3089 2838 difﬁcile
3140 2766 3401 2836 rumpitur

1799 2864 1997 2939 (Eccle.
2051 2881 2128 2932 tv,
2157 2866 2272 2936 12),
2297 2862 2532 2932 experiri
2563 2863 2886 2932 quandoque
2924 2860 3106 2922 credo,
3151 2866 3206 2912 et
3251 2855 3398 2925 quod

1800 2957 2019 3030 [scilicet
2052 2954 2348 3028 funiculus]
2392 2954 2439 3008 is
2465 2951 2652 3019 fuerit,
2685 2967 2793 3022 quo
2824 2949 3089 3010 columba:
3127 2946 3392 3003 venalitas

1803 3048 2118 3121 perturbata
2133 3046 2403 3116 quondam
2421 3043 2519 3099 Dei
2540 3043 2722 3098 fuitde
2747 3041 2943 3112 templo
2970 3039 3152 3109 (Joan.
3182 3055 3246 3103 ιι,
3279 3037 3394 3109 15),

1804 3155 1930 3196 sero
1980 3140 2107 3196 licet
2154 3137 2441 3218 pptueritis
2493 3134 2743 3208 [subaudi
2787 3131 3091 3205 experiri]:
3139 3130 3284 3201 quod
3331 3144 3402 3185 ne

1802 3231 2106 3303 contingat,
2143 3245 2240 3301 per
2282 3229 2528 3284 hodierni
2566 3226 2926 3282 ministerium
2971 3223 3218 3298 festivos
3241 3222 3398 3294 adju-

1802 3323 1972 3379 rando
1998 3335 2339 3378 commoneo.
2371 3319 2429 3374 Si
2481 3317 2845 3390 dedignamini
2885 3315 3040 3382 mihi,
3074 3313 3399 3370 reconcilia-

1803 3417 1935 3473 mini
1966 3416 2098 3482 Deo,
2129 3413 2497 3484 cujuscunque
2529 3411 2708 3466 medio
2759 3408 3054 3465 resolidare
3104 3405 3402 3478 gestientes

1802 3510 2004 3567 factam
2033 3525 2132 3580 per
2154 3523 2251 3563 vos
2272 3493 2562 3576 s'pecialius
2587 3503 2754 3575 238
2782 3502 2944 3575 (etut
2983 3516 3116 3572 pace
3141 3499 3265 3554 licet
3301 3511 3396 3554 ve-

1804 3617 1925 3658 rum
1951 3602 2130 3657 dicere
2149 3596 2353 3669 vestra)
2375 3595 2598 3653 omnino
2619 3593 2940 3649 fracturam.
2966 3590 3248 3648 Advertite
3271 3600 3406 3642 sane

1803 3707 2039 3764 namque
2085 3691 2258 3765 (508),
2309 3691 2355 3746 si
2394 3688 2612 3759 placet,
2663 3686 2913 3759 (potestis
2961 3681 3188 3756 Optime)
3238 3695 3406 3752 quam

1805 3827 1974 3883 centia
2004 3825 2304 3879 dominatus
2328 3822 2483 3876 vestri
2507 3817 2770 3874 interdicit
2793 3816 2930 3888 (licet
2957 3829 3176 3887 sequens
3204 3807 3409 3879 maleﬁ-

1807 3899 1976 3953 centia
2014 3913 2117 3950 non
2137 3896 2340 3950 desinat
2363 3891 2565 3962 cogere)
2590 3907 2652 3944 ne
2675 3889 2842 3962 valeat
2865 3900 3177 3962 esse_meum
3201 3899 3307 3962 non
3324 3897 3408 3934 ce-

1806 3952 1919 4024 lare
1930 3969 2140 4040 quidem
2155 3965 2314 4040 alicui
2328 3952 2616 4040 periculum
2630 3959 2797 4040 [uerbi
2813 3958 3042 4022 latentis,
3061 3973 3162 4040 non
3178 3952 3409 4038 pfa'bere

1808 4027 1982 4094 tame'n
2023 4027 2584 4092 remedium'consilii.
2628 4031 2902 4086 Meliorem
2945 4027 3405 4086 emendationem,

1808 4121 1902 4166 aut
1937 4109 2398 4166 constructionem
2427 4106 2472 4160 si
2523 4105 2646 4174 quis
2679 4101 2886 4167 aderat,
2929 4098 3288 4154 libentissime
3313 4109 3405 4149 su—
3455 4123 3457 4126 -

1809 4182 2118 4253 scipiemus.

1880 4277 2031 4350 (505)
2056 4275 2325 4350 Construe
2341 4270 2610 4350 ΔτηῙιρ-ραιὶο
2629 4266 2925 4350 euangelica
2949 4279 3105 4350 moao
3131 4260 3409 4350 delata-ref

1807 4333 1990 4418 bis‘(id
2014 4333 2105 4400 est
2129 4345 2293 4400 verba
2341 4344 2430 4398 illa
2461 4333 2734 4418 Evangelii
2762 4333 2925 4409 paulo
2971 4344 3096 4418 ante
3122 4333 3351 4418 recitata
3382 4349 3397 4384 :
3457 4367 3464 4380 .

1806 4417 1868 4476 Si
1891 4412 2048 4490 oﬂ'ers
2076 4434 2268 4490 munus
2290 4412 2609 4490 luunt,etc.)
2635 4421 2804 4490 titonet
2834 4417 3090 4490 oportere,
3122 4422 3203 4490 tne
3229 4413 3404 4474 potius

1802 4476 1954 4562 queui
1975 4490 2212 4562 quamvis
2241 4476 2480 4562 la'seritis
2499 4476 2740 4562 graviter
2758 4522 2782 4562 ,ι
2815 4476 3156 4562 reconciliari
3170 4476 3371 4562 λίνεα...

1877 4546 2024 4631 (506)
2051 4563 2317 4631 Construe
2345 4577 2359 4612 :
2384 4546 2534 4610 Absii
2556 4571 2699 4631 ergo,
2729 4546 2863 4631 absit
2890 4566 3114 4631 serpens
3143 4546 3231 4600 ille
3259 4546 3394 4625 anti-

1804 4621 1937 4705 quus
1963 4621 2205 4705 sdtagens
2241 4629 2488 4705 levigare
2511 4621 2650 4698 quod
2682 4626 2913 4705 minatur
2936 4639 2955 4687 ;
2982 4621 3115 4705 qbsit
3140 4621 3406 4705 agere'itt-

1805 4685 2106 4760 desinenter
2126 4685 2366 4774 ltoc,.qui
2396 4685 2570 4752 adhuc
2604 4685 2953 4774 moliensnati
2983 4685 3406 4774 desinit'ev'ellere

1759 4779 1762 4783 ’
1806 4757 2150 4832 ἀένὲὸνάὶὺιιε
2198 4757 2487 4837 hominum,
2539 4768 2678 4841 quod
2719 4769 2782 4822 ab
2822 4764 2972 4819 initio
3022 4761 3173 4817 verba
3218 4757 3398 4826 utique
3455 4769 3457 4778 ‘

1808 4847 2019 4905 evulsit.

1880 4938 2031 5011 (507)
2064 4935 2298 5011 Cumque
2323 4934 2617 5011 inveneritis
2665 4947 2748 5011 ille
2777 4927 2985 5011 quidem
3007 4922 3216 5011 (ursum.
3240 4921 3410 5011 grari-
3453 4971 3456 4973 ,

1804 4993 2312 5077 terlintérdictoiem
2337 5022 2453 5062 vero
2479 5005 2552 5077 (id
2572 5012 2654 5077 est
2669 4993 2859 5070 Deui'n)
2881 4993 3408 5077 qt:avissintela«'sutn,

1804 5066 1904 5138 sed,
1924 5098 1952 5136 e
1981 5079 2204 5145 duobus,
2244 5079 2431 5150 quibus
2464 5066 2679 5150 valeatis
2716 5066 3066 5150 reconciiiari,
3095 5066 3405 5150 inveneritis

1747 5173 1750 5178 '
1997 5134 2204 5222 quideni
2229 5134 2303 5222 (id
2326 5158 2410 5222 est
2433 5155 2543 5222 me)
2579 5145 2841 5222 absentem
2869 5135 3223 5222 (ill'ogu‘ntiatn
3255 5134 3402 5222 enim

1805 5207 1928 5283 sese
1957 5207 2257 5293 receperat)
2289 5219 2508 5274 alterius
2528 5207 2654 5293 ivero
2679 5207 2912 5283 (scilicet
2936 5207 3052 5274 Dei)
3078 5207 3408 5277 majestatem

1804 5290 2264 5354 nra'sentissimant
2293 5311 2309 5354 ;
2343 5290 2611 5351 recurrite,
2645 5294 2748 5338 etc.
2851 5299 2853 5302 ‘
