4032 5354
607 357 733 497 3:67..

609 608 910 689 improvide
942 612 1289 683 loquacitatis
1318 621 1511 668 vestrae
1535 613 1839 684 perturbat,
1862 612 1939 666 uti
1967 619 2021 666 et
2057 607 2197 679 ejus-

610 705 735 787 dem
764 705 1106 762 auctoritatis
1128 706 1304 761 omnis
1345 704 1555 777 longius
1592 705 1875 776 judicium.
1903 702 2037 759 Nam
2076 716 2200 758 cum

608 800 844 875 benigne
896 801 1030 858 satis
1059 800 1165 856 mei
1213 800 1269 855 in
1323 815 1487 857 causa
1538 800 1914 871 praemisisset,
1968 796 2197 853 dicens:

612 889 859 965 Utrisque
887 888 1101 960 autem,’
1122 893 1176 948 id
1206 903 1279 949 est
1305 904 1353 948 et
1389 893 1582 964 fantem
1622 894 1759 950 verbi
1783 892 2118 965 patientibus,
2150 899 2200 946 et

606 984 859 1056 episcopis
888 986 1264 1052 necessitatem,
1294 985 1504 1059 quando
1532 986 1957 1042 inthronizantur
1995 985 2052 1039 in
2079 982 2200 1039 aliis

560 1077 904 1157 civitatibus
931 1119 949 1147 ,
1019 1094 1124 1134 non
1179 1079 1387 1133 modica
1458 1079 1731 1135 exhibetur
1811 1076 2194 1135 misericordia.

606 1168 870 1245 Negantes
906 1181 1082 1237 autem
1114 1172 1235 1238 hoc,
1263 1172 1485 1242 speciem
1520 1170 1637 1227 licet
1664 1172 1875 1245 pietatis
1923 1170 2201 1227 videantur

603 1264 813 1331 habere,
844 1265 1086 1321 virtutem
1109 1264 1225 1337 ejus
1248 1265 1541 1338 abnegant;
1576 1265 1733 1337 quasi
1778 1267 1832 1321 iu
1868 1280 1965 1322 vos
1990 1263 2200 1335 specia-

601 1354 705 1415 lius
734 1356 1106 1425 inveheretur,
1134 1373 1430 1429 coramque
1449 1359 1665 1427 essetis,
1681 1358 1857 1439 digito
1881 1358 2201 1419 intentionis

600 1447 755 1507 vobis
780 1448 929 1521 (509)
954 1450 1109 1521 quasi
1131 1458 1407 1522 porrecto,
1439 1444 1661 1523 repente
1689 1450 1973 1507 subinlulit
2004 1471 2019 1506 ;
2053 1448 2200 1506 Nam

596 1537 655 1595 in
678 1539 772 1594 tali
813 1541 1016 1611 negotio
1043 1542 1346 1613 prosapiam
1370 1559 1472 1598 non
1512 1559 1757 1615 agnosco.
1787 1542 1849 1599 Si
1877 1543 1994 1615 quis
2023 1551 2201 1598 tamen

595 1634 936 1713 sapientium,
966 1651 1096 1706 quos
1141 1636 1507 1706 insipientibus
1532 1636 1851 1708 tempestatis
1875 1635 2035 1707 hujus
2077 1652 2200 1708 pro-

597 1725 729 1781 cella
748 1727 963 1781 sociavit
986 1727 1106 1784 aliis
1133 1728 1456 1795 auctoribus,
1484 1728 1781 1799 facinorum
1795 1730 2199 1801 participatione

596 1817 901 1872 maculatur
933 1817 1182 1891 splendor
1207 1820 1494 1889 sapientis;
1519 1822 1616 1876 etsi
1645 1822 2066 1876 communionem
2092 1819 2196 1875 cri-

858 460 864 493 τ
940 468 945 474 .
1078 492 1083 493 ί
1420 356 1435 361 ’
1522 400 1887 462 antistiit
1922 396 2139 460 EPlSC.
2182 358 2436 493 vanos.
2481 392 2633 483 opp.
2674 392 2856 451 PARS
2888 390 2979 491 ιη
3124 486 3127 491 _

610 526 797 603 aperte
813 518 1044 599 Antheri
1075 534 1228 593 papa
1248 518 1549 587 decretum,
1576 520 1866 593 abruptum
1892 535 1979 576 me
2003 525 2197 575 contra
2224 518 2275 580 Α
2303 510 2528 567 dimisso
2578 508 2843 603 tabulatu,
2895 506 3141 563 threnico
3169 546 3184 575 ,
3230 505 3422 603 beatus
3450 502 3602 603 quod
3637 502 3766 571 Job,
3790 507 3897 603 die

3793 368 3893 451 se

2302 603 2546 660 ululatu:
2588 602 2815 659 Verebar
2851 603 2992 674 quod
3037 603 3175 657 enim
3219 601 3405 657 accidit
3450 599 3575 669 (Job
3627 616 3726 665 tu,
3782 600 3895 671 εἰεί).

2301 699 2452 755 Abiit
2469 714 2614 764 nam,
2648 713 2809 769 quem
2838 696 2985 768 (5l0)
3009 694 3383 762 insectabaris,
3404 704 3461 751 et
3478 694 3650 764 proh!
3674 708 3898 749 minime

2303 806 2621 847 reversurus
2664 790 2950 856 abscessit,
3001 789 3194 845 abesse
3223 802 3438 859 quoque
3466 785 3699 842 sortitus
3738 795 3897 841 aiter-

2301 898 2456 938 uum.
2488 881 2741 953 Clangor,
2767 881 2906 938 eheu
2931 881 2946 935 ι
2981 889 3164 936 manet
3184 887 3244 935 ut
3271 878 3374 935 iste
3398 878 3707 949 signorum.
3733 873 3899 942 Obiit,

2304 968 2466 1047 quam
2496 976 2668 1043 abiit;
2698 977 3012 1047 praecessit,
3043 991 3206 1046 quam
3236 972 3520 1031 abscessit.
3568 969 3901 1043 Νοεὶςεηιο

2302 1067 2432 1139 nugi
2481 1067 2596 1139 ipse
2650 1078 2827 1138 nugas
2852 1068 3168 1136 ,eﬂundens,
3219 1064 3498 1127 divinabas
3551 1064 3633 1118 uti
3673 1063 3901 1119 demens

2301 1174 2425 1215 cum
2465 1158 2685 1231 populo,
2727 1158 3075 1219 insultaveris
3127 1173 3321 1216 caveas
3375 1167 3591 1239 mortuo
3634 1156 3780 1212 dico.
3824 1153 3901 1211 Ne

2302 1251 2574 1323 fatigare,
2630 1268 2852 1323 quaeso,
2916 1252 3207 1329 garrulitas
3269 1252 3451 1323 inepta
3506 1249 3712 1308 diutius
3768 1246 3900 1304 nulli

2302 1347 2541 1404 curanda
2565 1346 2840 1404 dictando.
2866 1345 2997 1414 Quis
3024 1346 3153 1419 leget
3172 1346 3282 1402 haec
3296 1346 3323 1401 ?
3338 1346 3429 1401 sed
3450 1343 3632 1417 potius
3646 1341 3899 1399 famelico

2302 1440 2631 1512 resipiscens
2674 1440 2763 1498 dic
2788 1455 2913 1498 cum
2948 1440 3187 1512 satyrico
3213 1457 3228 1496 :
3251 1437 3442 1497 didicit
3483 1452 3612 1493 nam
3657 1434 3789 1507 quis
3814 1432 3899 1491 di-

2301 1549 2398 1592 ves
2449 1533 2583 1602 alit,
2632 1542 2692 1589 ut
2730 1535 3083 1607 conqueritur
3136 1548 3334 1591 avarus
3360 1574 3377 1600 ,
3418 1539 3632 1587 tantum
3670 1526 3897 1594 mirari,

2306 1632 2514 1682 tantum
2568 1625 2791 1683 laudare
2837 1626 3070 1687 disertos
3121 1624 3359 1696 plebeios
3408 1620 3757 1680 aﬂ’ectaveris
3803 1635 3897 1676 ne-

2302 1718 2594 1789 quidquam
2633 1718 2997 1775 rumusculos.
3050 1717 3285 1789 Denique
3328 1731 3441 1783 non,
3484 1731 3665 1771 omnes
3715 1713 3899 1769 eadem

2299 1807 2589 1875 mirantur,
2605 1817 2905 1881 amantque.
2923 1808 3074 1864 Mitte
3088 1817 3405 1865 cunctorum
3423 1805 3641 1863 favores
3658 1805 3893 1860 inaniter

597 1912 799 1968 utinam
829 1914 1073 1983 incurrit,
1112 1914 1274 1970 nescit
1297 1925 1481 1971 tamen
1500 1915 1686 1971 ducem
1720 1933 1775 1971 se
1802 1915 2033 1989 praebere
2075 1930 2194 1985 pec-

2299 1913 2500 1968 quaeso,
2526 1910 2767 1971 captare.
2791 1899 2911 1957 Non
2938 1900 3234 1956 maledicas
3259 1898 3444 1965 surdo,
3477 1912 3615 1954 neve
3635 1896 3893 1967 obloqua-

599 2006 861 2062 cantibus.

674 2119 760 2178 18.
792 2118 1312 2180 Obedientissimum
1353 2132 1616 2195 praeterea
1650 2122 1718 2180 ad
1745 2124 1948 2191 omnia,
1982 2139 2103 2196 quae
2124 2123 2195 2179 li-

596 2210 780 2268 buerit
803 2213 1120 2284 praecipere,
1149 2230 1238 2270 me
1279 2213 1528 2271 valebitis
1563 2214 1827 2282 invenire,
1854 2216 1898 2272 si
1921 2217 2066 2287 quod
2105 2212 2195 2284 ju-

580 2298 737 2362 istum
751 2321 873 2363 esse
891 2308 1086 2377 nostis,
1102 2307 1414 2377 plenissime
1430 2309 1652 2380 exsequi
1669 2324 1778 2365 non
1793 2309 2156 2383 dedignamini
2173 2324 2189 2375 ;

592 2398 700 2455 hoc
719 2398 840 2455 dico
886 2400 943 2455 iit
993 2401 1210 2472 negotio
1247 2400 1414 2471 juste.
1474 2400 1698 2458 Talibus
1750 2403 1913 2474 igitur
1960 2415 2196 2474 namque

592 2493 863 2565 protervis
880 2510 1004 2550 cum
1018 2495 1166 2551 nullo
1185 2495 1434 2568 rescripti
1459 2510 1705 2552 remorsa
1722 2494 1911 2552 fuisset
1933 2510 2194 2567 responso

591 2587 844 2647 licentia:
894 2590 953 2645 iit
1002 2599 1207 2646 tantam
1240 2591 1389 2665 (nam
1416 2591 1717 2650 deteriores
1740 2604 1931 2647 omnes
1982 2604 2189 2657 sumus,

593 2681 856 2738 Chremes
892 2692 952 2738 ut
985 2683 1084 2754 ait)
1134 2699 1332 2740 vesana
1361 2683 1589 2740 libertas
1615 2684 1862 2755 prorupit
1885 2681 2189 2750 audaciam,

598 2780 659 2825 ut
700 2771 889 2842 viginti
934 2774 1047 2845 jam
1079 2774 1414 2831 voluminum
1443 2774 1829 2847 loquacissima
1854 2771 2189 2847 garrulitate,

594 2877 717 2934 quae
763 2872 946 2922 tamen
1000 2867 1329 2925 inconstanti
1378 2870 1514 2926 satis
1544 2868 1765 2925 levitate
1800 2869 1853 2924 in
1909 2867 2193 2925 duodecim

593 2971 788 3014 rursus
837 2968 1067 3015 conatur
1124 2962 1428 3033 astringere
1456 3003 1473 3030 ,
1538 2960 1911 3033 magnitudine
1953 2960 2074 3033 pari
2127 2974 2194 3016 ea

593 3048 837 3122 gestiens
856 3044 1137 3122 coeptare,
1165 3067 1359 3109 omnes
1382 3068 1491 3109 non
1520 3053 1738 3109 desinat
1758 3050 2042 3119 infestare,
2072 3049 2193 3109 illos

591 3143 891 3216 pracipue,
923 3160 1060 3217 quos
1113 3146 1481 3203 bic’valebitis
1506 3146 1931 3218 deprehendere,
1981 3145 2030 3201 si
2084 3159 2193 3200 non

595 3235 881 3307 displiceat
918 3238 1129 3311 legere;
1162 3240 1363 3296 nullius
1398 3238 1670 3311 dignitati,
1699 3238 1899 3294 nullius
1936 3252 2189 3310 parcetis,

2296 1992 2373 2047 ris
2425 1993 2676 2061 absenti,
2733 1993 2868 2051 alias
2919 2009 3052 2063 sane
3093 1993 3265 2065 probo
3288 1990 3311 2059 ,’
3351 1991 3567 2053 caeteris
3614 2006 3718 2048 nec
3764 1989 3897 2044 adeo

2294 2081 2593 2141 inhumano
2621 2100 2719 2156 pro
2747 2095 2991 2157 tempore
3020 2096 3185 2157 atque
3217 2086 3363 2155 loco,
3394 2086 3491 2142 tibi
3521 2085 3655 2142 licet
3677 2082 3894 2140 infesto.

2295 2171 2480 2259 Clama
2507 2176 2601 2233 sed
2623 2177 2829 2248 potius,
2864 2176 3164 2235 vociferare
3188 2177 3517 2235 medullitus.

2439 2289 2710 2361 Incipiunt
2743 2308 2923 2348 versus
2957 2292 3107 2366 (5H)
3139 2294 3203 2349 ab
3242 2293 3421 2350 eodem
3449 2291 3750 2364 compositi.

2366 2400 2455 2460 20.
2492 2404 2630 2474 Quid
2658 2414 2878 2461 teneant
2906 2404 3050 2463 intus
3073 2404 3266 2473 nostri,
3305 2407 3350 2463 si
3372 2406 3515 2464 forte
3539 2402 3711 2462 libelli

2295 2496 2436 2554 Cura
2470 2497 2600 2554 velit
2630 2499 2801 2555 solers
2828 2499 3047 2557 lectoris
3080 2500 3309 2570 discere,
3338 2516 3513 2559 sume.

2300 2589 2404 2646 Dat
2430 2590 2691 2657 studium,
2723 2590 2978 2664 scriptor,
3007 2592 3184 2650 socios
3210 2609 3318 2666 quo
3354 2592 3569 2649 vindice
3594 2600 3727 2666 vero

2296 2680 2606 2750 Canentiat,
2640 2690 2865 2749 Sternat,
2885 2683 3108 2753 relevet,
3137 2664 3426 2751 confortet,
3452 2664 3675 2751 adnuet,

2298 2775 2536 2844 Solatur,
2560 2770 2801 2845 recreet,
2831 2778 3056 2844 animet,
3090 2777 3414 2843 conformet,
3444 2777 3717 2842 adornet;

2295 2869 2460 2927 Aitna
2484 2870 2576 2943 qui
2605 2872 2822 2944 gravius
2852 2870 3106 2940 tolerant,
3135 2872 3278 2928 lteul
3310 2871 3542 2943 putidus,
3574 2867 3772 2925 amice.

2298 2963 2372 3021 Ut
2398 2978 2495 3021 sua
2520 2980 2647 3021 nam
2675 2965 2894 3037 stringit
2925 2965 3192 3036 quemvis,
3221 2962 3489 3035 vexatque
3522 2952 3807 3032 chiragra,

2297 3054 2568 3128 Opprimit
2589 3066 2646 3114 et
2677 3058 2870 3130 gibbus
2905 3057 3103 3115 sideris
3133 3052 3431 3130 incongrue
3465 3056 3670 3129 dorso,

2298 3148 2571 3207 Maternae
2598 3160 2721 3207 trux
2751 3149 3014 3208 dilacerat
3040 3157 3100 3206 ut
3124 3149 3300 3207 bellua
3327 3159 3525 3218 costas,

2301 3238 2571 3299 Exstincti
2595 3251 2650 3300 et
2674 3243 2872 3300 vindex
2902 3242 3166 3317 genitoris
3190 3249 3364 3298 tentat
3391 3241 3579 3299 haberi
3605 3254 3624 3312 ς

594 3334 655 3382 ut
675 3291 1181 3399 phrenesis‘inerito
1207 3346 1236 3386 a
1258 3330 1416 3388 vobis
1440 3291 1629 3387 v’ocata
1660 3330 1833 3401 possit
1872 3291 2067 3397 videri,
2094 3343 2195 3400 po-
2222 3291 2269 3358 c
2302 3332 2458 3390 Haud
2496 3349 2652 3392 secus
2683 3291 3052 3392 internousese
3084 3334 3348 3391 infestare
3376 3332 3555 3392 duello

597 3420 816 3490 tentias,
872 3430 1160 3494 patronam
1224 3436 1346 3495 quae
1414 3437 1525 3479 non
1581 3421 1780 3478 habeat
1843 3421 2194 3494 probitatem,

594 3516 847 3586 quamvis
887 3518 1185 3574 maximam
1235 3532 1410 3591 nuper
1444 3516 1763 3575 eorumdem
1797 3515 2020 3591 [scilicet
2043 3512 2195 3572 volu-

598 3606 832 3683 minum]
857 3607 1001 3665 fama
1028 3611 1099 3667 sit
1123 3626 1248 3668 eum
1279 3610 1601 3667 obliterasse
1622 3618 1857 3683 partem,
1879 3615 2195 3664 mansuetu-

594 3698 723 3758 dine
748 3703 1031 3761 clementis
1064 3704 1214 3777 regis
1260 3705 1541 3775 cujusdam
1566 3721 1668 3778 pro
1696 3719 1883 3762 amore
1924 3710 2190 3776 cogente;

598 3793 744 3864 qund
769 3808 829 3851 se
865 3804 1047 3853 tamen
1092 3796 1288 3854 fecisse
1333 3798 1558 3854 demens
1604 3796 1765 3853 fateri
1810 3813 1916 3854 non
1969 3795 2188 3853 desinit.

601 3882 873 3956 Quidquid
927 3904 1035 3946 non
1089 3899 1438 3962 speraverat,
1485 3888 1598 3960 jam
1652 3890 1869 3961 quidem
1922 3890 2187 3962 contigit,

597 3974 910 4037 immaniter
935 3981 1119 4039 dolore
1153 3980 1245 4055 [[2,
1283 3980 1510 4055 dolere],
1543 3981 1818 4038 addidisse
1842 3992 2101 4054 praeterea
2134 3990 2193 4039 ut

591 4067 911 4142 judicemini
941 4076 1094 4143 quasi
1119 4075 1351 4131 calcaria
1374 4085 1570 4147 sponte
1592 4076 1852 4143 currenti;
1885 4077 2193 4135 insolentis.

596 4163 791 4220 simam
824 4166 1138 4224 exhausisse
1158 4210 1174 4237 ,
1204 4178 1259 4225 et
1287 4169 1353 4226 ad
1401 4172 1728 4242 carpendum
1757 4171 2060 4243 quoslibet,
2093 4188 2191 4231 vos

597 4254 890 4327 praecipue,
938 4258 1334 4330 quodammodo
1360 4277 1685 4333 provocasse
1710 4261 1966 4318 videmini
1994 4262 2048 4318 in
2086 4263 2191 4321 hoc

596 4346 754 4403 valde
803 4352 1108 4420 superbiam
1139 4372 1152 4408 :
1178 4356 1323 4425 quod
1349 4396 1364 4421 ,
1402 4357 1478 4411 uti
1509 4354 1702 4411 Festus
1730 4356 1894 4428 239
1918 4356 2190 4427 quondam

597 4437 916 4509 Apostolum
948 4444 1211 4502 insanisse
1256 4448 1451 4503 litteris
1474 4447 1682 4519 putavit
1712 4448 1851 4519 (Act.
1878 4464 2005 4504 xxvr
2030 4487 2046 4515 ,
2071 4449 2186 4520 24),

597 4532 741 4602 quod
776 4534 1027 4592 dixeritis
1049 4551 1173 4594 eum
1200 4538 1447 4612 [subaudi
1494 4526 1731 4596 insanire
1764 4539 2000 4615 litteris],
2031 4541 2189 4612 longe

600 4627 758 4683 aliter
797 4645 895 4688 vos
937 4634 1185 4690 eumdem
1233 4637 1530 4693 mstimasse
1573 4652 1695 4693 cum
1738 4636 1810 4693 sit
1856 4637 2027 4709 magis
2068 4651 2189 4693 cre-

600 4721 837 4779 dentium

674 4838 759 4898 19.
787 4843 865 4899 Att
892 4844 906 4900 l
939 4844 1055 4912 sile,
1084 4845 1203 4913 silc,
1236 4864 1385 4921 rogo,
1412 4848 1510 4906 sile
1533 4866 1547 4919 ;
1569 4848 1682 4920 jam
1707 4850 1953 4923 opposita
1977 4850 2195 4906 nuntia-

602 4936 693 4986 tur
721 4950 847 4990 natu
871 4936 1058 4993 deesse
1083 4954 1331 5008 persona.
1358 4939 1553 4997 Desine
1575 4941 1879 4998 nummulos
1901 4942 2197 5011 dilapidare

604 5030 850 5086 emendis
889 5028 942 5085 in
988 5033 1240 5103 pellibus,
1275 5035 1749 5106 conducendisqnc
1792 5029 2193 5091 tabellionibus.

605 5115 805 5177 lnsana
836 5137 962 5179 vere
992 5126 1298 5195 procacitas
1344 5134 1432 5182 tua
1456 5143 1471 5158 ·
1524 5129 1952 5200 pbreneticoque
1982 5128 2197 5183 tandem

2296 3423 2558 3494 Abjurata
2586 3423 2698 3482 Deo
2726 3433 2899 3482 certat
2932 3423 3087 3496 plebs
3119 3416 3280 3481 denle
3314 3423 3533 3492 canino,

2297 3513 2592 3573 Mordendo
2625 3516 2945 3573 alterutrum
2976 3515 3322 3573 consciscens
3347 3514 3511 3587 impia
3533 3512 3662 3587 jura

2294 3605 2355 3663 In
2382 3615 2543 3680 caput
2566 3614 2621 3665 et
2642 3607 2903 3665 vertenda
2925 3607 3249 3664 sumendum
3272 3606 3395 3678 quis
3419 3604 3816 3679 propriumque

2294 3703 2448 3762 Velle
2478 3704 2574 3761 Dei
2605 3720 2804 3763 curans
2827 3703 3104 3779 lymphata
3130 3711 3315 3761 mente
3348 3702 3581 3772 laborat,

2294 3796 2563 3853 Ancillata
2595 3796 2707 3854 Deo
2734 3806 2967 3869 paveant
2992 3808 3100 3868 quo
3140 3796 3305 3854 corda
3346 3795 3600 3866 maligno.

2294 3887 2533 3949 Grandia
2564 3905 2730 3961 parva
2757 3888 2915 3946 docet
2946 3888 3163 3957 stultus,
3203 3888 3331 3944 dum
3361 3888 3595 3960 quisque
3621 3880 3849 3946 sinistra

2293 3983 2584 4054 Componit
2607 3983 2835 4049 dextris,
2861 3982 3089 4039 distorta
3112 3989 3168 4038 et
3198 3990 3345 4037 recta
3374 3979 3602 4047 fatetur,

2292 4073 2430 4130 Alba
2458 4074 2650 4145 nigris,
2674 4075 2942 4145 quadrata
2972 4072 3243 4138 rotundis,
3275 4086 3415 4127 saeva
3442 4070 3697 4142 benignis

2294 4166 2591 4225 Mutavisse
2609 4168 2791 4239 juvat,
2819 4175 2874 4223 et
2904 4182 3128 4238 carpere
3146 4163 3291 4235 justa
3316 4184 3330 4219 :
3356 4163 3523 4220 beare

2293 4263 2391 4320 His
2418 4266 2665 4329 adversa.
2700 4264 2866 4335 vehat
2892 4263 3111 4320 sibimet
3137 4279 3244 4334 quo
3270 4273 3573 4318 tartaream
3602 4276 3688 4317 vae

2292 4359 2641 4417 Confundens
2673 4369 2858 4414 natam
2891 4358 3104 4414 Domini
3132 4358 3274 4427 quod
3316 4370 3541 4412 munere
3576 4364 3794 4410 rectum

2292 4455 2547 4524 Protulit,
2574 4466 2628 4513 et
2653 4454 2824 4512 ﬁrmis
2848 4455 3113 4528 compegit
3140 4454 3368 4511 nexibus
3397 4453 3525 4509 olim

2293 4551 2669 4623 Temporibus,
2692 4567 2814 4622 qua:
2836 4551 3063 4622 quisque
3077 4550 3190 4606 suis
3212 4564 3420 4620 proque
3431 4547 3627 4605 ordine
3639 4543 3900 4618 pulchro.

2213 4672 2267 4735 Β
2293 4645 2585 4704 Constituit
2609 4644 2798 4700 doctor
2820 4644 3094 4700 debriatus
3129 4652 3351 4698 nectare
3386 4642 3529 4697 divo.

2297 4742 2391 4797 Sic
2420 4741 2529 4795 ruit
2553 4757 2604 4794 in
2634 4753 2874 4809 praeceps
2904 4738 3067 4793 decus
3089 4746 3143 4793 et
3172 4735 3451 4791 veneratio
3478 4749 3708 4805 prorsus

2298 4833 2591 4890 Ordinibus
2615 4830 2808 4887 collata
2829 4830 3001 4886 sacris
3022 4839 3077 4886 et
3102 4828 3340 4895 coalitus,
3368 4843 3435 4884 ac
3458 4827 3541 4884 sic

2298 4926 2463 5000 240
2545 4925 2807 4996 prraim
2890 4922 3174 4980 Manassen
3205 4963 3220 4989 ,
3313 4919 3598 4977 Manasses
3678 4914 3901 4977 infestat

3489 5014 3807 5090 [Ephraim,

2303 5114 2585 5175 Debeltare
2607 5114 2767 5173 simul
2795 5111 2989 5170 Judam
3021 5113 3352 5182 tenduntque
3382 5110 3572 5181 parati

2986 5296 3019 5314 ο.
3100 5304 3143 5314 ,ο
3199 5293 3281 5314 n..
