4032 5354
221 308 319 365 397

518 409 890 469 CONFESSIO
913 409 1228 467 EIUSDEM
1266 411 1437 484 (524).

266 509 312 564 ι.
350 506 614 562 Confiteor
662 506 804 560 enim
844 504 1067 557 Domino
1122 503 1232 558 Deo
1287 503 1640 573 omnipotenti
1698 512 1753 559 et

207 602 429 657 omnibus
456 598 657 653 sanctis
685 597 817 666 ejus,
852 606 903 650 et
931 596 1025 649 tibi
1066 594 1160 649 Dei
1209 596 1517 664 quicunque
1556 594 1753 662 legeris

209 689 488 751 sacerdoti,
522 688 699 741 omnia
748 697 965 756 peccata
1019 700 1160 751 mea,
1191 701 1523 754 quaecunque
1550 683 1655 739 feci
1685 685 1754 738 ab

210 782 343 835 initio
378 779 493 832 vita:
524 792 655 832 mea:
683 790 850 845 usque
889 776 953 827 ad
985 776 1124 829 hanc
1149 775 1510 829 miserrimam
1539 774 1751 838 horam,

213 870 404 924 sciendo
437 876 527 921 aut
564 866 873 926 nesciendo,
924 875 1114 934 sponte
1166 865 1283 918 sive
1327 872 1570 925 coactus,
1619 863 1755 931 vigi-

213 963 310 1015 lans
334 970 417 1013 aut
434 958 721 1021 dormiens,
747 958 797 1010 in
816 956 1166 1027 cogitatione,
1197 955 1468 1010 locutione
1494 962 1547 1007 et
1570 968 1753 1022 opere,

208 1054 256 1105 in
284 1052 406 1113 visu,
458 1049 661 1111 auditu,
705 1056 881 1117 gustu,
929 1047 1155 1101 odoratu
1192 1054 1246 1098 et
1284 1053 1451 1109 tactu,
1481 1044 1533 1096 in
1569 1057 1755 1112 super-

213 1142 286 1195 bia
327 1140 604 1210 prmcipue,
649 1147 819 1192 matre
850 1138 1087 1191 omnium
1140 1137 1392 1190 vitiorum
1428 1152 1442 1200 ;
1485 1135 1673 1206 utique
1700 1134 1754 1188 in

209 1232 313 1286 odio
339 1242 389 1284 et
412 1231 697 1285 homicidio
718 1230 901 1301 252,
933 1231 985 1284 in
1019 1230 1377 1290 detractione,
1425 1230 1477 1283 in
1504 1228 1754 1299 supplan-

213 1325 385 1378 tatione
413 1323 599 1376 fratris
624 1323 865 1392 alicujus,
894 1323 947 1376 in
971 1321 1227 1393 perjurio,
1261 1322 1311 1375 in
1346 1321 1480 1374 falso
1509 1321 1754 1375 testimo-

212 1415 303 1475 nio,
328 1414 375 1467 in
396 1412 562 1476 furto,
592 1413 644 1465 in
684 1410 1135 1466 fornicationibus
1180 1411 1429 1473 diversis,
1460 1409 1512 1463 in
1543 1409 1754 1461 adulte—
1792 1434 1797 1441 ι

214 1504 295 1565 rio,
339 1503 386 1556 in
440 1502 647 1570 rapina,
707 1502 758 1554 in
802 1500 1011 1564 fraude,
1060 1500 1113 1553 in
1182 1499 1543 1553 immunditiis
1590 1498 1756 1552 variis

213 1602 348 1660 atque
373 1592 753 1661 pullutionibus
779 1590 1123 1660 turpissimis,
1156 1590 1208 1644 in
1254 1591 1519 1645 ebrietate
1565 1598 1620 1645 et
1665 1604 1759 1643 co-

214 1682 525 1743 messatioue,
557 1682 613 1735 in
648 1681 854 1734 luxuria
914 1680 1244 1743 omnimoda,
1297 1680 1348 1733 in
1383 1695 1516 1733 vana
1563 1679 1752 1748 gloria,

1123 297 1551 358 RXCBRPTUM
1593 297 1683 355 EX
1713 297 2009 358 DlALOGO
2044 300 2598 361 CONFESSIONALI.

3320 308 3445 416 333,

1781 417 1827 475 Α
1859 412 2237 468 calceamentis
2258 424 2312 469 et
2340 417 2553 482 baculo,
2585 418 2754 487 piger,
2792 432 2899 474 non
2931 418 3192 477 festinans
3214 423 3280 478 ad
3302 438 3433 494 pro-

1854 502 2126 556 missionis
2152 513 2367 558 (eterna:
2420 507 2670 574 patriam,
2728 509 3034 578 paschalem
3060 511 3271 581 Agnum
3303 513 3424 577 Dei,

1852 601 2071 661 peet-ata
2100 594 2189 662 qui
2232 595 2391 665 253
2424 596 2561 650 tollit
2589 599 2793 661 mundi,
2840 600 3179 656 miserrimus
3206 604 3257 658 in
3280 605 3427 671 judi-

1850 682 2014 745 cium,
2056 682 2157 735 heu
2208 684 2359 739 dolor
2389 688 2400 739 !
2434 688 2734 756 proprium,
2765 706 2890 744 rcus
2911 689 3148 758 ejusdem
3177 698 3421 763 corporis

1850 782 1904 826 et
1958 774 2236 842 sanguinis
2296 776 2530 841 Domini,
2593 780 2987 847 manducando,
3050 793 3106 838 et
3154 787 3426 854 prohibita

1856 866 2137 917 temerarie
2161 870 2533 934 praesumendo
2558 886 2573 935 ;
2605 868 2751 940 (526)
2784 880 2857 935 et,
2887 888 3007 926 cum
3037 874 3191 928 multi
3234 876 3427 943 multa,

1857 966 1910 1010 tn
1969 959 2188 1013 Domine
2225 962 2515 1031 praecipue,
2548 963 2807 1019 haberent
2836 980 3056 1019 munera
3084 975 3209 1021 ante
3236 969 3429 1033 altare,

1853 1056 2041 1100 contra
2096 1048 2441 1104 interdictum
2501 1051 2993 1108 infrontuosissime
3044 1054 3250 1110 Domini
3288 1057 3426 1111 οπο-

1854 1138 2021 1189 rendo
2052 1150 2067 1189 :
2096 1136 2435 1208 [subauditur
2485 1142 2725 1213 peccavi]
2760 1145 2810 1197 in
2837 1146 3326 1211 exhortationibus,
3372 1156 3433 1200 et

1855 1227 2253 1284 adulationibus
2275 1230 2542 1301 malignis,
2568 1233 2618 1285 in
2644 1235 2968 1303 ignorantia,
2995 1236 3047 1289 in
3080 1236 3424 1306 negligentia,

1858 1319 1909 1372 in
1948 1320 2412 1389 subreptionibus,
2445 1324 2496 1377 in
2527 1325 2719 1380 dandis
2739 1334 2793 1381 et
2818 1328 3149 1396 accipiendis
3198 1330 3434 1384 muneri-

1855 1407 1957 1461 bus
1986 1423 2001 1472 ;
2038 1408 2090 1462 in
2119 1411 2298 1465 usuris
2331 1427 2460 1467 vero
2488 1412 2750 1469 faciendis
2779 1432 2883 1469 non
2914 1418 3048 1471 adeo
3079 1434 3163 1472 me
3188 1418 3431 1488 culpabi-

1858 1500 1960 1557 lem
1992 1515 2342 1568 recognosco,
2393 1517 2567 1571 neque
2628 1512 2805 1557 tamen
2851 1504 3104 1571 iuﬁcior;
3154 1507 3432 1577 prodigum

1857 1592 2026 1655 enim,
2090 1590 2233 1660 quod
2288 1592 2535 1646 usurario
2582 1592 2760 1646 minus
2809 1595 3080 1664 congruit,
3132 1611 3218 1649 me
3264 1597 3437 1666 magis

1859 1680 2027 1737 fuisse
2056 1691 2112 1737 et
2136 1681 2397 1737 confiteor
2424 1691 2479 1737 et
2507 1683 2682 1738 doleo.

214 1775 256 1826 in
282 1773 469 1837 acedia,
503 1772 556 1825 in
606 1772 843 1837 tristitia,
889 1772 940 1825 iu
985 1770 1233 1866 avaritia,
1268 1770 1319 1823 iu
1354 1771 1490 1866 rixa,
1533 1771 1585 1823 in
1621 1786 1753 1823 con-
1793 1775 1834 1831 Β
1931 1792 1982 1845 7‘
2007 1790 2231 1845 peccavi
2254 1791 2306 1844 in
2332 1791 2716 1846 sublmhendis
2736 1792 3091 1865 elccmosynis
3112 1810 3430 1866 pauperum.

210 1864 489 1928 ﬂictatione,
525 1863 579 1916 in
613 1863 977 1925 animositate,
1009 1861 1061 1915 in
1115 1861 1337 1925 invidia,
1383 1860 1438 1913 iu
1464 1861 1754 1924 discordia,

215 1954 257 2005 in
276 1954 567 2022 cupiditate,
606 1952 658 2006 in
692 1951 1003 2013 ambitione,
1035 1951 1087 2004 in
1123 1950 1412 2020 hypocrisi,
1439 1949 1492 2004 in
1526 1950 1759 2021 ignavia,

218 2044 261 2097 in
284 2045 557 2104 otiositate,
616 2043 669 2097 in
716 2041 958 2113 pigritia,
993 2041 1045 2094 in
1074 2040 1451 2102 somnolentia,
1491 2039 1544 2092 iu
1571 2038 1762 2109 loqua-

211 2134 371 2197 citate,
408 2134 456 2187 in
490 2134 609 2188 risu
650 2132 777 2187 etin
810 2131 1079 2186 derisione
1102 2129 1355 2183 aliorum.

270 2227 316 2279 5.
341 2226 550 2295 Insuper
603 2224 819 2295 peccavi
854 2238 956 2292 ego
980 2231 1233 2292 peccator
1257 2238 1322 2276 eo
1348 2222 1489 2291 quod
1531 2221 1764 2291 quadra-

216 2315 417 2385 gesitnas
436 2324 489 2369 et
523 2314 635 2369 alia
674 2314 873 2369 indicta
917 2311 1122 2382 jejuuia
1171 2326 1276 2366 non
1328 2311 1616 2376 custodivi,
1666 2324 1767 2365 nec

204 2402 435 2470 jejunavi,
465 2406 612 2459 sicut
643 2404 799 2459 debui
825 2420 840 2457 :
874 2402 1198 2457 festivitates
1235 2411 1543 2457 sanctorum
1573 2411 1627 2455 et
1662 2400 1767 2455 Do-

213 2498 413 2551 minutos
459 2497 597 2557 dies,
636 2496 773 2565 proh
803 2494 999 2549 nefas!
1040 2494 1336 2560 violavi,et
1359 2495 1538 2549 debito
1560 2495 1767 2551 honore

215 2604 306 2641 non
334 2588 613 2651 celebravi,
657 2587 799 2641 sicut
846 2587 1006 2640 debui
1035 2603 1049 2652 ;
1098 2586 1438 2641 Parasceven
1468 2600 1680 2655 quoque
1706 2584 1767 2638 il-

219 2676 373 2730 lorum
398 2677 831 2747 praesentialiter,
868 2685 925 2729 ut
946 2676 1288 2731 miserrimus
1334 2675 1532 2744 smpius
1560 2674 1767 2729 violatis

218 2769 501 2837 gravissime
539 2769 764 2840 deliqui.
798 2767 1169 2839 Adjicieudum
1211 2782 1447 2836 quoque,
1477 2765 1602 2835 quia
1633 2766 1677 2819 si
1710 2775 1764 2819 ttt

218 2860 430 2928 peierare
458 2860 567 2930 jam
618 2861 825 2915 dictum
857 2858 1151 2921 suadendo,
1180 2856 1358 2912 factus
1389 2873 1448 2911 es
1468 2856 1720 2926 periurus
1746 2874 1764 2923 ;

218 2952 336 3005 sicut
363 2951 549 3006 Saulus
571 2950 820 3006 omnium
860 2949 1113 3004 servabat
1164 2947 1486 3001 vestimenta
1539 2961 1767 3016 quorum

220 3044 513 3114 Stephanum
563 3042 843 3113 lapidabat
892 3041 1177 3105 manibus;
1231 3040 1303 3094 ita
1351 3052 1450 3109 ego
1493 3038 1768 3092 dormiens

219 3136 314 3190 sive
340 3138 687 3200 mauducans,
718 3134 941 3187 missam
963 3144 1180 3202 quoque
1211 3141 1305 3184 aut
1348 3129 1646 3183 matutinos
1682 3128 1765 3184 vel
1796 3121 1839 3180 C

222 3227 340 3281 aliud
368 3229 627 3298 quidlibet
656 3227 891 3281 actitans
921 3225 1135 3279 illorum
1170 3223 1408 3277 motibus
1437 3220 1762 3276 a‘dutterium

222 3319 345 3392 (5‘25)
358 3328 742 3391 perpetratum,
757 3334 891 3389 quos
906 3316 956 3370 in
972 3315 1292 3370 aduiterium
1309 3313 1580 3383 vagandus
1595 3312 1769 3380 impu-

220 3410 381 3465 teram.
405 3412 753 3474 Exmanzere,
779 3411 834 3463 id
855 3419 929 3463 est
958 3426 1026 3462 ex
1052 3421 1222 3462 scorto
1244 3416 1400 3459 natus
1416 3404 1592 3473 (Deut.
1612 3418 1766 3466 mu,

220 3500 285 3569 2),
324 3517 522 3571 quoque
577 3508 861 3571 compater
896 3498 1069 3552 factus
1094 3510 1211 3550 sum
1257 3494 1422 3548 miser
1466 3490 1764 3558 cujusdam,

221 3592 295 3658 qui
318 3593 698 3646 nobilissimam
728 3605 826 3660 pro
858 3589 1144 3643 meretrice
1164 3586 1459 3655 reliquerat
1492 3582 1766 3654 prwnobi-

227 3682 411 3752 lemque
439 3682 806 3753 coniugalem.

276 3771 324 3825 6.
356 3772 626 3828 Conﬁteor
650 3773 817 3827 etiam
858 3771 958 3841 ipsi
995 3769 1223 3823 Domino
1254 3768 1363 3821 Deo
1390 3764 1769 3833 omnipotenti,

216 3864 339 3927 quod
362 3863 439 3916 his
467 3872 524 3916 et
547 3862 675 3932 plus
716 3861 802 3914 his
845 3859 1100 3913 omnibus
1146 3858 1483 3925 voluptatum
1536 3852 1772 3909 foedatus

218 3948 427 4022 ﬂagitiis,
453 3964 507 4009 et
526 3952 949 4023 contagionibus
979 3949 1221 4004 fuscatus
1257 3945 1609 4008 omnimodis,
1632 3958 1773 3999 sem-

221 4060 304 4111 per
341 4048 450 4103 sine
476 4049 584 4103 mei
622 4046 825 4116 iapidei
857 4045 1039 4099 cordis
1067 4041 1508 4112 compunctione,
1557 4052 1776 4109 semper

221 4134 319 4190 sine
339 4137 435 4191 ulla
475 4138 680 4192 mentis
728 4136 1059 4199 sinceritate,
1108 4133 1353 4203 corporis
1393 4141 1449 4186 et
1494 4129 1775 4201 sanguinis

221 4237 589 4281 sacramentum
632 4226 868 4289 Domini,
900 4223 1097 4285 fateor,
1127 4223 1330 4293 percipi
1362 4221 1599 4291 indigne,
1624 4234 1769 4273 sem-

223 4332 301 4383 per
322 4320 430 4375 sine
450 4335 666 4391 azyma,
697 4332 909 4389 semper
938 4317 1140 4385 absque
1185 4313 1416 4369 lactucis
1449 4311 1772 4381 agrestibus,

1862 1881 1916 1935 in
1945 1881 2314 1949 increpatione
2336 1890 2392 1935 et
2438 1881 2738 1949 asperitate
2786 1884 3216 1952 responsionum,
3247 1885 3297 1938 in
3336 1885 3439 1940 bo-

1862 1970 2162 2039 spitalitate
2188 1978 2245 2025 et
2270 1970 2581 2040 receptione
2630 1972 2848 2041 indigna
2866 1986 3187 2041 pauperum,
3218 1982 3273 2028 et
3300 1974 3444 2041 quod

1858 2070 2118 2131 parentes
2136 2076 2292 2117 meos
2316 2069 2371 2114 et
2400 2062 2677 2131 proximos
2703 2078 2806 2116 non
2847 2063 3006 2117 dilexi
3034 2078 3137 2118 nec
3162 2063 3445 2127 honoravi,

1864 2153 2006 2207 sicut
2036 2153 2218 2217 debui,
2246 2161 2300 2205 et
2322 2152 2445 2222 plus
2470 2168 2629 2221 smpe,
2663 2154 2790 2207 dum
2846 2153 3292 2208 irrationabiliter
3337 2153 3444 2206 nti-

1865 2259 1972 2314 que
2005 2243 2193 2309 dilexi,
2224 2258 2386 2312 quam
2415 2243 2603 2308 debui;
2630 2252 2686 2298 et
2712 2244 2764 2297 in
2790 2241 3075 2299 aﬂlictione
3096 2242 3313 2298 familia:
3330 2244 3447 2297 sive

1865 2335 2233 2405 subiectorum
2287 2334 2418 2388 mihi
2444 2334 2875 2388 commissorum.
2909 2334 3155 2389 lntirmos
3174 2343 3234 2388 ct
3262 2334 3316 2388 in
3351 2348 3447 2387 au-

1860 2428 2058 2497 gustiis
2089 2427 2296 2497 positos
2319 2442 2425 2480 non
2453 2427 2689 2491 visitavi,
2729 2442 2830 2482 nec
2850 2427 2930 2481 eis
2952 2418 3277 2481 iuinistravi.
3307 2427 3449 2482 Mora

1870 2528 1989 2573 tuos
2022 2533 2120 2573 nec
2146 2516 2386 2586 sepelivi,
2414 2532 2514 2571 nec
2556 2517 2794 2588 sepeiiri,
2830 2527 2885 2571 ut
2948 2528 3281 2587 oportuerat,
3309 2518 3445 2594 feci;

1865 2617 1921 2662 et
1946 2623 2213 2677 pauperes
2237 2624 2345 2663 non
2376 2609 2593 2673 vestivi,
2617 2609 2917 2664 esurientes
2940 2619 2996 2664 et
3048 2611 3293 2666 sitientes
3342 2625 3449 2667 non

1865 2697 2136 2760 recreavi,
2164 2696 2307 2750 sicut
2333 2696 2514 2750 debui.
2566 2695 2820 2751 Seniorcs
2867 2705 2922 2750 et
2966 2696 3254 2768 magistros
3302 2714 3454 2754 meo:

1868 2787 1982 2843 sive
2030 2788 2327 2857 principes,
2377 2788 2580 2841 amicos
2616 2797 2676 2841 et
2721 2786 3093 2843 benefactores
3144 2803 3294 2844 meos
3340 2802 3452 2844 non

1868 2879 2129 2933 honorari
2153 2895 2253 2934 nec
2279 2879 2455 2933 amavi
2478 2879 2659 2932 debito
2691 2893 2903 2941 amore;
2939 2889 2994 2934 et
3022 2894 3129 2946 res,
3162 2880 3451 2945 utilitates,

1866 2969 2095 3024 consilia
2148 2978 2203 3023 et
2227 2979 2498 3039 praecepta
2526 2982 2712 3022 eorum
2736 2982 2845 3021 non
2866 2968 3173 3034 observavi,
3199 2968 3341 3024 sicut
3360 2969 3452 3023 de-

1869 3060 1984 3115 bui.

1936 3197 1995 3252 8.
2021 3197 2251 3253 Peccavi
2290 3211 2390 3265 ego
2412 3205 2676 3266 peccator
2719 3195 2773 3250 in
2812 3195 2998 3251 osculo
3022 3197 3156 3251 etin
3189 3196 3452 3266 amplexi-

1881 3289 1983 3343 bus
2010 3288 2361 3353 illecebrosis,
2392 3287 2660 3358 palpando
2697 3295 2753 3341 et
2801 3287 3126 3342 blandiendo
3152 3287 3366 3356 inique;
3397 3298 3455 3342 et

1868 3379 1925 3432 in
1942 3379 2174 3434 ecclesia
2200 3389 2351 3433 stans
2376 3379 2456 3433 vei
2485 3379 2701 3441 sedens,
2733 3376 2824 3430 ubi
2854 3386 3055 3431 sanctae
3079 3377 3338 3431 lectiones
3368 3375 3453 3431 vel

1873 3470 2055 3525 divina
2079 3468 2252 3522 ofﬁcia
2276 3468 2604 3532 efficiuntur,
2633 3466 2821 3521 otiosis
2873 3466 3086 3530 fabulis,
3119 3467 3200 3521 vel
3256 3466 3456 3535 iniquis

1874 3561 2287 3631 cogitationibus
2316 3574 2402 3629 me
2427 3557 2706 3628 occupavi,
2740 3566 2794 3611 et
2821 3572 2928 3611 non
2956 3558 3183 3626 cogitavi
3208 3572 3327 3626 qua:
3356 3558 3454 3611 de-

1873 3650 1992 3711 bui,
2017 3650 2110 3702 sed
2139 3648 2310 3717 magis
2341 3662 2459 3716 qua:
2478 3662 2587 3701 non
2617 3645 2801 3708 debui,
2835 3654 2890 3699 et
2914 3660 3074 3700 aures
3103 3661 3208 3700 non
3239 3660 3456 3699 accomo

1877 3741 2087 3795 modavi
2130 3740 2195 3794 ad
2236 3755 2298 3793 ea
2326 3755 2445 3807 quae
2470 3747 2659 3792 sancta
2707 3745 2855 3792 sunt.
2914 3736 3177 3791 lntuendo
3239 3750 3456 3806 quoque

1879 3832 2075 3902 injuste
2097 3842 2152 3887 et
2176 3831 2483 3901 petulanter
2504 3838 2559 3885 et
2586 3828 2921 3884 recordando
2942 3829 3112 3900 (quod
3158 3830 3334 3883 adhuc
3356 3842 3457 3898 pe-

1873 3926 1963 3995 jus
1989 3924 2248 3994 virorum)
2276 3922 2610 3987 animalium,
2631 3920 3003 3990 pecudumque
3027 3919 3370 3983 concubitus,
3397 3926 3457 3973 et

1875 4017 1978 4072 alia
2006 4016 2248 4085 quaedam
2274 4014 2528 4070 obscena.

1944 4133 2000 4189 9.
2029 4132 2237 4187 Prteter
2268 4131 2383 4186 haec
2404 4130 2623 4201 peccavi
2641 4127 2895 4198 iocando,
2917 4127 3238 4199 equitando,
3265 4127 3456 4182 ambu-

1876 4226 2055 4291 laudo,
2070 4225 2264 4279 stando
2275 4263 2288 4288 ,
2302 4223 2559 4287 sedendo,
2576 4222 2689 4277 sive
2699 4220 2948 4291 iacendo,
2965 4229 3021 4275 et
3036 4222 3085 4275 in
3099 4220 3184 4275 his
3196 4229 3251 4275 et
3264 4220 3316 4274 in
3336 4220 3459 4274 aliis

1874 4315 2125 4370 omnibus
2143 4312 2306 4377 vitiis,
2324 4311 2977 4381 quibuscunquebumana
2994 4309 3253 4381 fragilitas
3268 4318 3458 4365 contra

219 4421 324 4462 cum
349 4410 610 4466 fermento
634 4410 852 4464 malitiae
879 4417 932 4463 et
965 4408 1256 4477 nequitiae;
1307 4405 1620 4464 discinctus,
1662 4402 1777 4456 sine
1805 4408 1852 4467 ι)
1880 4406 2049 4461 Deum
2081 4418 2310 4461 neccare
2347 4411 2543 4473 potest,
2573 4399 2737 4475 255
2760 4417 2908 4456 reum
2929 4416 3013 4456 me
3039 4415 3160 4455 esse
3194 4400 3459 4457 conﬁteor

282 4562 417 4644 (δελ)
437 4563 648 4644 .Confer
677 4578 797 4632 quae
830 4560 897 4643 de
938 4558 1393 4644 criminniliusjhae
1428 4554 1781 4644 confessione

224 4627 480 4689 recensitis
559 4635 613 4687 in
680 4627 961 4703 prtemissa
1026 4629 1394 4683 Adnwnitione
1462 4627 1779 4679 observavi-

225 4715 343 4756 mus.

286 4772 422 4840 (525)
451 4774 614 4829 Forte
650 4773 941 4843 legendum,
962 4768 1273 4843 perpetrari.
1324 4763 1661 4843 Adulterium
1689 4775 1785 4814 vo-

226 4836 334 4896 care
360 4836 490 4899 solet
519 4836 883 4899 alieutcvsedis
934 4836 1289 4898 invasionem,
1320 4838 1461 4891 sicut
1488 4843 1539 4889 et
1572 4836 1784 4887 invaso-

227 4913 582 4968 msadulteros
612 4913 860 4983 appellat.
907 4910 1005 4983 Hic
1034 4923 1193 4979 porro
1222 4919 1408 4983 notare
1439 4902 1783 4983 \'lthl.l|-l‘.\’e--

229 4985 453 5037 mucosis
480 4986 627 5037 sedis
650 4973 929 5037 iuvasores
961 4973 1260 5032 Manassent
1293 4978 1547 5042 primum,
1592 4973 1785 5025 deinde

232 5047 478 5115 Milonem,
500 5055 702 5122 quibus
726 5068 792 5107 ex
825 5051 1010 5122 eadem
1053 5050 1192 5122 sede
1216 5047 1423 5122 pulsus,
1447 5055 1501 5097 et
1527 5044 1758 5112 quodam
1774 5072 1786 5081 -

231 5126 367 5173 modo
389 5115 555 5178 vastus
584 5122 839 5178 vacando
876 5121 1046 5174 locum
1094 5115 1335 5172 dederam.
1369 5115 1555 5178 Magna
1605 5124 1785 5165 autem

1882 4557 2055 4612 nabat.
2094 4555 2247 4610 Sicut.
2272 4562 2452 4608 autem
2475 4552 2565 4609 hic
2596 4550 2845 4606 adulterii
2886 4548 3152 4620 allegoriae
3176 4549 3455 4611 insistens.

1886 4643 1991 4680 non
2044 4625 2367 4679 adulterium
2434 4623 2651 4692 proprie
2707 4624 2932 4683 dictum,
2983 4619 3076 4673 sed
3121 4619 3453 4673 invasionem

1882 4698 2224 4766 episcopatus
2260 4694 2460 4748 indicat
2488 4695 2610 4766 ;nita
2653 4707 2782 4766 c_um_
2808 4706 2929 4745 mox
2969 4705 3028 4766 se
3067 4702 3133 4743 ex
3159 4698 3341 4743 scorto
3371 4702 3461 4766 na-

1888 4757 1998 4821 tum
2033 4757 2568 4836 compatremtradit
2595 4762 2899 4836 cujusdam,
2934 4760 3024 4828 qui
3050 4774 3148 4827 pro
3176 4757 3460 4836 meretrice

1885 4826 2180 4905 reliquerat
2238 4833 2628 4905 nobilissimam
2667 4826 2971 4905 'conjugeui
3004 4844 3035 4905 ;_
3070 4829 3307 4905 nunquid
3350 4826 3457 4905 ali-

1885 4897 2237 4987 qtiid'_pariter
2259 4902 2545 4987 allegorice
2588 4897 2917 4987 innuitiguo
2947 4899 3073 4987 quis.
3089 4897 3459 4987 episcopatum

1886 4966 2275 5031 nobilissimum
2306 4966 2638 5043 relinquens,
2669 4973 2735 5025 ad
2759 4966 2917 5026 aliam
2966 4966 3248 5021 ecclesiam
3283 4975 3460 5044 trans-

1888 5046 2001 5108 ivit,
2032 5061 2191 5116 quem
2221 5041 2515 5116 transiluit:
2567 5052 2755 5096 contra
2798 5052 3035 5097 canones
3071 5050 3171 5116 pro
3208 5041 3461 5116 meretri-

1886 5117 1970 5171 εἰς
1998 5113 2187 5172 habuit
2213 5114 2235 5166 ?
2266 5113 2405 5171 Hinc
2429 5129 2551 5169 cum
2580 5127 2637 5166 se
2663 5122 3042 5169 cxmanzerem,
3066 5113 3122 5157 et
3143 5113 3465 5175 compita-ent
