  <div class='ocr_page' id='page_1' title='image "/cluster/home/n/w/nwhite01/storage/ocr_20150623/136/hvd.32044015471766/203.png"; bbox 0 0 4032 5354; ppageno 0'>
   <div class='ocr_carea' id='block_1_1' title="bbox 556 197 707 287">
    <p class='ocr_par' dir='ltr' id='par_1_1' title="bbox 556 197 707 287">
     <span class='ocr_line' id='line_1_1' title="bbox 556 197 707 287; baseline 0 -32"><span class='ocrx_word' id='word_1_1' title='bbox 556 197 707 287; x_wconf 64' lang='grc' dir='ltr'><em>ἴω</em></span> 
     </span>
    </p>
   </div>
   <div class='ocr_carea' id='block_1_2' title="bbox 1537 187 2905 248">
    <p class='ocr_par' dir='ltr' id='par_1_2' title="bbox 1537 187 2905 248">
     <span class='ocr_line' id='line_1_2' title="bbox 1537 187 2905 248; baseline -0.001 -1"><span class='ocrx_word' id='word_1_2' title='bbox 1537 190 1863 247; x_wconf 71' lang='lat' dir='ltr'><strong>MTHEBII</strong></span> <span class='ocrx_word' id='word_1_3' title='bbox 1904 188 2115 247; x_wconf 79' lang='lat' dir='ltr'><strong>EPISC.</strong></span> <span class='ocrx_word' id='word_1_4' title='bbox 2163 187 2413 245; x_wconf 72' lang='lat' dir='ltr'><strong>VERON.</strong></span> <span class='ocrx_word' id='word_1_5' title='bbox 2457 190 2606 247; x_wconf 84' lang='lat' dir='ltr'><strong>OPP.</strong></span> <span class='ocrx_word' id='word_1_6' title='bbox 2648 192 2827 248; x_wconf 80' lang='lat' dir='ltr'><strong>PARS</strong></span> <span class='ocrx_word' id='word_1_7' title='bbox 2865 192 2905 247; x_wconf 86' lang='grc' dir='ltr'>Ι.</span> 
     </span>
    </p>
   </div>
   <div class='ocr_carea' id='block_1_3' title="bbox 3752 192 3855 249">
    <p class='ocr_par' dir='ltr' id='par_1_3' title="bbox 3752 192 3855 249">
     <span class='ocr_line' id='line_1_3' title="bbox 3752 192 3855 249; baseline 0.01 -1"><span class='ocrx_word' id='word_1_8' title='bbox 3752 192 3855 249; x_wconf 67' lang='grc' dir='ltr'><strong>εοο</strong></span> 
     </span>
    </p>
   </div>
   <div class='ocr_carea' id='block_1_4' title="bbox 571 288 3859 377">
    <p class='ocr_par' dir='ltr' id='par_1_4' title="bbox 571 288 3859 377">
     <span class='ocr_line' id='line_1_4' title="bbox 571 288 3859 377; baseline 0 -14"><span class='ocrx_word' id='word_1_9' title='bbox 571 306 831 364; x_wconf 80' lang='lat' dir='ltr'><strong>‘Domino</strong></span> <span class='ocrx_word' id='word_1_10' title='bbox 855 305 967 363; x_wconf 88' lang='lat' dir='ltr'><strong>Deo</strong></span> <span class='ocrx_word' id='word_1_11' title='bbox 981 302 1359 374; x_wconf 74' lang='lat' dir='ltr'><strong>omnipotenti,</strong></span> <span class='ocrx_word' id='word_1_12' title='bbox 1382 309 1438 357; x_wconf 87' lang='lat' dir='ltr'><strong>et</strong></span> <span class='ocrx_word' id='word_1_13' title='bbox 1458 288 1709 359; x_wconf 83' lang='lat' dir='ltr'><strong>omnibus</strong></span> <span class='ocrx_word' id='word_1_14' title='bbox 1734 299 1937 356; x_wconf 76' lang='lat' dir='ltr'><strong>sanctis</strong></span> <span class='ocrx_word' id='word_1_15' title='bbox 1959 298 2095 369; x_wconf 83' lang='lat' dir='ltr'><strong>ejus,</strong></span> <span class='ocrx_word' id='word_1_16' title='bbox 2123 308 2178 354; x_wconf 89' lang='lat' dir='ltr'><strong>et</strong></span> <span class='ocrx_word' id='word_1_17' title='bbox 2205 303 2251 362; x_wconf 81' lang='grc' dir='ltr'>Α</span> <span class='ocrx_word' id='word_1_18' title='bbox 2279 311 2405 356; x_wconf 84' lang='lat' dir='ltr'><strong>sunt</strong></span> <span class='ocrx_word' id='word_1_19' title='bbox 2435 303 2616 374; x_wconf 88' lang='lat' dir='ltr'><strong>itaque</strong></span> <span class='ocrx_word' id='word_1_20' title='bbox 2638 319 2781 369; x_wconf 82' lang='lat' dir='ltr'><strong>mea,</strong></span> <span class='ocrx_word' id='word_1_21' title='bbox 2808 319 2928 373; x_wconf 69' lang='lat' dir='ltr'><strong>qua:</strong></span> <span class='ocrx_word' id='word_1_22' title='bbox 2955 304 3169 360; x_wconf 83' lang='lat' dir='ltr'><strong>exararl</strong></span> <span class='ocrx_word' id='word_1_23' title='bbox 3193 306 3247 360; x_wconf 87' lang='lat' dir='ltr'><strong>in</strong></span> <span class='ocrx_word' id='word_1_24' title='bbox 3280 304 3378 362; x_wconf 85' lang='lat' dir='ltr'><strong>bac</strong></span> <span class='ocrx_word' id='word_1_25' title='bbox 3421 320 3530 361; x_wconf 89' lang='lat' dir='ltr'><strong>non</strong></span> <span class='ocrx_word' id='word_1_26' title='bbox 3562 314 3859 377; x_wconf 86' lang='lat' dir='ltr'><strong>potuerunt</strong></span> 
     </span>
    </p>
   </div>
   <div class='ocr_carea' id='block_1_5' title="bbox 573 394 2096 469">
    <p class='ocr_par' dir='ltr' id='par_1_5' title="bbox 573 394 2096 469">
     <span class='ocr_line' id='line_1_5' title="bbox 573 394 2096 469; baseline -0.004 -15"><span class='ocrx_word' id='word_1_27' title='bbox 573 418 585 434; x_wconf 75' lang='lat'><em>=</em></span> <span class='ocrx_word' id='word_1_28' title='bbox 604 399 700 457; x_wconf 92' lang='lat' dir='ltr'><strong>tibi</strong></span> <span class='ocrx_word' id='word_1_29' title='bbox 725 399 845 465; x_wconf 88' lang='lat' dir='ltr'><strong>Dei,</strong></span> <span class='ocrx_word' id='word_1_30' title='bbox 868 397 1176 468; x_wconf 84' lang='lat' dir='ltr'><strong>quicunque</strong></span> <span class='ocrx_word' id='word_1_31' title='bbox 1199 394 1420 459; x_wconf 90' lang='lat' dir='ltr'><strong>alicubi,</strong></span> <span class='ocrx_word' id='word_1_32' title='bbox 1440 408 1500 449; x_wconf 89' lang='lat' dir='ltr'><strong>es</strong></span> <span class='ocrx_word' id='word_1_33' title='bbox 1524 394 1816 450; x_wconf 84' lang='lat' dir='ltr'><strong>sacerdoti.</strong></span> <span class='ocrx_word' id='word_1_34' title='bbox 2082 458 2096 469; x_wconf 19' lang='grc' dir='ltr'><em>η</em></span> 
     </span>
    </p>
   </div>
   <div class='ocr_carea' id='block_1_6' title="bbox 582 478 2172 558">
    <p class='ocr_par' dir='ltr' id='par_1_6' title="bbox 582 478 2172 558">
     <span class='ocr_line' id='line_1_6' title="bbox 582 478 2172 558; baseline -0.004 -11"><span class='ocrx_word' id='word_1_35' title='bbox 582 530 585 535; x_wconf 90' lang='grc'><strong>-</strong></span> <span class='ocrx_word' id='word_1_36' title='bbox 673 489 1058 546; x_wconf 71' lang='lat' dir='ltr'><strong>10.1nllnitate</strong></span> <span class='ocrx_word' id='word_1_37' title='bbox 1077 502 1262 544; x_wconf 90' lang='lat' dir='ltr'><strong>verum</strong></span> <span class='ocrx_word' id='word_1_38' title='bbox 1287 478 1511 542; x_wconf 85' lang='lat' dir='ltr'><strong>istorum</strong></span> <span class='ocrx_word' id='word_1_39' title='bbox 1537 497 1824 558; x_wconf 87' lang='lat' dir='ltr'><strong>conspecta</strong></span> <span class='ocrx_word' id='word_1_40' title='bbox 1849 487 1986 542; x_wconf 89' lang='lat' dir='ltr'><strong>dicis</strong></span> <span class='ocrx_word' id='word_1_41' title='bbox 2004 485 2172 542; x_wconf 83' lang='lat' dir='ltr'><strong>forte:</strong></span> 
     </span>
    </p>
   </div>
   <div class='ocr_carea' id='block_1_7' title="bbox 575 575 2177 647">
    <p class='ocr_par' dir='ltr' id='par_1_7' title="bbox 575 575 2177 647">
     <span class='ocr_line' id='line_1_7' title="bbox 575 575 2177 647; baseline -0.003 -12"><span class='ocrx_word' id='word_1_42' title='bbox 575 579 896 637; x_wconf 79' lang='lat' dir='ltr'><strong>-lmmodica</strong></span> <span class='ocrx_word' id='word_1_43' title='bbox 943 576 1198 647; x_wconf 77' lang='lat' dir='ltr'><strong>efﬂagito,</strong></span> <span class='ocrx_word' id='word_1_44' title='bbox 1231 575 1512 633; x_wconf 90' lang='lat' dir='ltr'><strong>confessus</strong></span> <span class='ocrx_word' id='word_1_45' title='bbox 1561 592 1621 632; x_wconf 87' lang='lat' dir='ltr'><strong>es</strong></span> <span class='ocrx_word' id='word_1_46' title='bbox 1660 593 1896 647; x_wconf 82' lang='lat' dir='ltr'><strong>unquam</strong></span> <span class='ocrx_word' id='word_1_47' title='bbox 1940 578 2041 633; x_wconf 91' lang='lat' dir='ltr'><strong>ista</strong></span> <span class='ocrx_word' id='word_1_48' title='bbox 2078 577 2177 631; x_wconf 82' lang='lat' dir='ltr'><strong>ali-</strong></span> 
     </span>
    </p>
   </div>
   <div class='ocr_carea' id='block_1_8' title="bbox 604 666 2179 745">
    <p class='ocr_par' dir='ltr' id='par_1_8' title="bbox 604 666 2179 745">
     <span class='ocr_line' id='line_1_8' title="bbox 604 666 2179 745; baseline -0.002 -20"><span class='ocrx_word' id='word_1_49' title='bbox 604 670 730 726; x_wconf 79' lang='lat' dir='ltr'><strong>cui?</strong></span> <span class='ocrx_word' id='word_1_50' title='bbox 758 668 895 733; x_wconf 87' lang='lat' dir='ltr'><strong>Non,</strong></span> <span class='ocrx_word' id='word_1_51' title='bbox 927 669 1168 738; x_wconf 90' lang='lat' dir='ltr'><strong>inquam,</strong></span> <span class='ocrx_word' id='word_1_52' title='bbox 1200 667 1305 722; x_wconf 87' lang='lat' dir='ltr'><strong>nisi</strong></span> <span class='ocrx_word' id='word_1_53' title='bbox 1333 666 1430 732; x_wconf 90' lang='lat' dir='ltr'><strong>illi,</strong></span> <span class='ocrx_word' id='word_1_54' title='bbox 1463 666 1557 737; x_wconf 89' lang='lat' dir='ltr'><strong>qui</strong></span> <span class='ocrx_word' id='word_1_55' title='bbox 1578 667 1793 722; x_wconf 90' lang='lat' dir='ltr'><strong>etiamsi</strong></span> <span class='ocrx_word' id='word_1_56' title='bbox 1824 684 1929 722; x_wconf 93' lang='lat' dir='ltr'><strong>non</strong></span> <span class='ocrx_word' id='word_1_57' title='bbox 1959 666 2179 745; x_wconf 85' lang='lat' dir='ltr'><strong>confite-</strong></span> 
     </span>
    </p>
   </div>
   <div class='ocr_carea' id='block_1_9' title="bbox 576 755 2177 825">
    <p class='ocr_par' dir='ltr' id='par_1_9' title="bbox 576 755 2177 825">
     <span class='ocr_line' id='line_1_9' title="bbox 576 755 2177 825; baseline -0.002 -11"><span class='ocrx_word' id='word_1_58' title='bbox 576 776 591 805; x_wconf 69' lang='grc' dir='ltr'><strong>’ς</strong></span> <span class='ocrx_word' id='word_1_59' title='bbox 605 773 719 822; x_wconf 86' lang='lat' dir='ltr'><strong>rer,</strong></span> <span class='ocrx_word' id='word_1_60' title='bbox 751 756 964 813; x_wconf 84' lang='lat' dir='ltr'><strong>nescire</strong></span> <span class='ocrx_word' id='word_1_61' title='bbox 992 770 1098 811; x_wconf 91' lang='lat' dir='ltr'><strong>non</strong></span> <span class='ocrx_word' id='word_1_62' title='bbox 1123 763 1367 825; x_wconf 84' lang='lat' dir='ltr'><strong>poterat;</strong></span> <span class='ocrx_word' id='word_1_63' title='bbox 1393 770 1519 809; x_wconf 87' lang='lat' dir='ltr'><strong>nam</strong></span> <span class='ocrx_word' id='word_1_64' title='bbox 1545 764 1690 810; x_wconf 89' lang='lat' dir='ltr'><strong>tanta</strong></span> <span class='ocrx_word' id='word_1_65' title='bbox 1720 755 2081 811; x_wconf 78' lang='lat' dir='ltr'><strong>simulationis</strong></span> <span class='ocrx_word' id='word_1_66' title='bbox 2108 755 2177 810; x_wconf 89' lang='lat' dir='ltr'><strong>li-</strong></span> 
     </span>
    </p>
   </div>
   <div class='ocr_carea' id='block_1_10' title="bbox 496 843 2174 911">
    <p class='ocr_par' dir='ltr' id='par_1_10' title="bbox 496 843 2174 911">
     <span class='ocr_line' id='line_1_10' title="bbox 496 843 2174 911; baseline -0.001 -10"><span class='ocrx_word' id='word_1_67' title='bbox 496 897 500 901; x_wconf 20' lang='lat'><strong>,</strong></span> <span class='ocrx_word' id='word_1_68' title='bbox 584 846 773 903; x_wconf 91' lang='lat' dir='ltr'><strong>.bidini</strong></span> <span class='ocrx_word' id='word_1_69' title='bbox 803 861 935 901; x_wconf 65' lang='lat' dir='ltr'><strong>meae</strong></span> <span class='ocrx_word' id='word_1_70' title='bbox 955 855 1094 909; x_wconf 88' lang='lat' dir='ltr'><strong>arte,</strong></span> <span class='ocrx_word' id='word_1_71' title='bbox 1123 852 1259 899; x_wconf 90' lang='lat' dir='ltr'><strong>utet</strong></span> <span class='ocrx_word' id='word_1_72' title='bbox 1282 845 1457 899; x_wconf 90' lang='lat' dir='ltr'><strong>adhuc</strong></span> <span class='ocrx_word' id='word_1_73' title='bbox 1479 845 1646 900; x_wconf 87' lang='lat' dir='ltr'><strong>miser</strong></span> <span class='ocrx_word' id='word_1_74' title='bbox 1666 843 1825 910; x_wconf 90' lang='lat' dir='ltr'><strong>facio,</strong></span> <span class='ocrx_word' id='word_1_75' title='bbox 1851 846 2174 911; x_wconf 81' lang='lat' dir='ltr'><strong>serviebam,</strong></span> 
     </span>
    </p>
   </div>
   <div class='ocr_carea' id='block_1_11' title="bbox 601 930 2215 1005">
    <p class='ocr_par' dir='ltr' id='par_1_11' title="bbox 601 930 2215 1005">
     <span class='ocr_line' id='line_1_11' title="bbox 601 930 2215 1005; baseline 0 -14"><span class='ocrx_word' id='word_1_76' title='bbox 601 945 662 991; x_wconf 90' lang='lat' dir='ltr'><strong>ut</strong></span> <span class='ocrx_word' id='word_1_77' title='bbox 685 943 810 991; x_wconf 82' lang='lat' dir='ltr'><strong>ante</strong></span> <span class='ocrx_word' id='word_1_78' title='bbox 836 943 888 990; x_wconf 92' lang='lat' dir='ltr'><strong>te</strong></span> <span class='ocrx_word' id='word_1_79' title='bbox 913 935 1181 989; x_wconf 89' lang='lat' dir='ltr'><strong>neminem</strong></span> <span class='ocrx_word' id='word_1_80' title='bbox 1226 933 1546 1000; x_wconf 88' lang='lat' dir='ltr'><strong>invenerim,</strong></span> <span class='ocrx_word' id='word_1_81' title='bbox 1568 935 1661 1005; x_wconf 89' lang='lat' dir='ltr'><strong>qui</strong></span> <span class='ocrx_word' id='word_1_82' title='bbox 1708 949 1793 990; x_wconf 91' lang='lat' dir='ltr'><strong>me</strong></span> <span class='ocrx_word' id='word_1_83' title='bbox 1822 936 1978 1001; x_wconf 89' lang='lat' dir='ltr'><strong>adeo,</strong></span> <span class='ocrx_word' id='word_1_84' title='bbox 2014 935 2068 990; x_wconf 93' lang='lat' dir='ltr'><strong>id</strong></span> <span class='ocrx_word' id='word_1_85' title='bbox 2096 930 2181 991; x_wconf 87' lang='lat' dir='ltr'><strong>est</strong></span> <span class='ocrx_word' id='word_1_86' title='bbox 2208 932 2215 937; x_wconf 65' lang='grc'><strong><em>“</em></strong></span> 
     </span>
    </p>
   </div>
   <div class='ocr_carea' id='block_1_12' title="bbox 578 1025 2179 1096">
    <p class='ocr_par' dir='ltr' id='par_1_12' title="bbox 578 1025 2179 1096">
     <span class='ocr_line' id='line_1_12' title="bbox 578 1025 2179 1096; baseline -0.002 -10"><span class='ocrx_word' id='word_1_87' title='bbox 578 1025 969 1096; x_wconf 63' lang='grc' dir='ltr'><strong>ςρνοὺθῢίιίιθτ,</strong></span> <span class='ocrx_word' id='word_1_88' title='bbox 995 1025 1402 1095; x_wconf 86' lang='lat' dir='ltr'><strong>deprehendere</strong></span> <span class='ocrx_word' id='word_1_89' title='bbox 1423 1026 1676 1095; x_wconf 75' lang='lat' dir='ltr'><strong>Quiverit.</strong></span> <span class='ocrx_word' id='word_1_90' title='bbox 1704 1027 1785 1082; x_wconf 84' lang='lat' dir='ltr'><strong>Illi</strong></span> <span class='ocrx_word' id='word_1_91' title='bbox 1810 1028 2179 1083; x_wconf 79' lang='lat' dir='ltr'><strong>tantummodo</strong></span> 
     </span>
    </p>
   </div>
   <div class='ocr_carea' id='block_1_13' title="bbox 537 1116 2178 1189">
    <p class='ocr_par' dir='ltr' id='par_1_13' title="bbox 537 1116 2178 1189">
     <span class='ocr_line' id='line_1_13' title="bbox 537 1116 2178 1189; baseline 0.002 -18"><span class='ocrx_word' id='word_1_92' title='bbox 537 1186 540 1189; x_wconf 20' lang='grc' dir='ltr'><em>η</em></span> <span class='ocrx_word' id='word_1_93' title='bbox 578 1131 816 1173; x_wconf 84' lang='lat' dir='ltr'><strong>meeum</strong></span> <span class='ocrx_word' id='word_1_94' title='bbox 856 1125 1138 1179; x_wconf 83' lang='lat' dir='ltr'><strong>noverant,</strong></span> <span class='ocrx_word' id='word_1_95' title='bbox 1162 1116 1254 1185; x_wconf 91' lang='lat' dir='ltr'><strong>qui</strong></span> <span class='ocrx_word' id='word_1_96' title='bbox 1282 1116 1416 1170; x_wconf 88' lang='lat' dir='ltr'><strong>mihi</strong></span> <span class='ocrx_word' id='word_1_97' title='bbox 1445 1116 1512 1170; x_wconf 90' lang='lat' dir='ltr'><strong>ad</strong></span> <span class='ocrx_word' id='word_1_98' title='bbox 1543 1131 1606 1173; x_wconf 88' lang='lat' dir='ltr'><strong>ea</strong></span> <span class='ocrx_word' id='word_1_99' title='bbox 1670 1116 1938 1179; x_wconf 80' lang='lat' dir='ltr'><strong>favebant.</strong></span> <span class='ocrx_word' id='word_1_100' title='bbox 1968 1127 2022 1173; x_wconf 93' lang='lat' dir='ltr'><strong>et</strong></span> <span class='ocrx_word' id='word_1_101' title='bbox 2055 1134 2178 1174; x_wconf 91' lang='lat' dir='ltr'><strong>cum</strong></span> 
     </span>
    </p>
   </div>
   <div class='ocr_carea' id='block_1_14' title="bbox 600 1194 2180 1278">
    <p class='ocr_par' dir='ltr' id='par_1_14' title="bbox 600 1194 2180 1278">
     <span class='ocr_line' id='line_1_14' title="bbox 600 1194 2180 1278; baseline 0.001 -16"><span class='ocrx_word' id='word_1_102' title='bbox 600 1206 987 1278; x_wconf 81' lang='lat' dir='ltr'><strong>spttrcissimus</strong></span> <span class='ocrx_word' id='word_1_103' title='bbox 1015 1205 1098 1277; x_wconf 91' lang='lat' dir='ltr'><strong>(ut</strong></span> <span class='ocrx_word' id='word_1_104' title='bbox 1123 1216 1179 1261; x_wconf 90' lang='lat' dir='ltr'><strong>et</strong></span> <span class='ocrx_word' id='word_1_105' title='bbox 1210 1206 1386 1261; x_wconf 87' lang='lat' dir='ltr'><strong>adhuc</strong></span> <span class='ocrx_word' id='word_1_106' title='bbox 1411 1222 1497 1261; x_wconf 90' lang='lat' dir='ltr'><strong>me</strong></span> <span class='ocrx_word' id='word_1_107' title='bbox 1532 1206 1648 1264; x_wconf 81' lang='lat' dir='ltr'><strong>fore</strong></span> <span class='ocrx_word' id='word_1_108' title='bbox 1680 1194 1941 1264; x_wconf 87' lang='lat' dir='ltr'><strong>dolendus</strong></span> <span class='ocrx_word' id='word_1_109' title='bbox 1971 1223 2075 1263; x_wconf 92' lang='lat' dir='ltr'><strong>non</strong></span> <span class='ocrx_word' id='word_1_110' title='bbox 2100 1210 2180 1264; x_wconf 88' lang='lat' dir='ltr'><strong>in-</strong></span> 
     </span>
    </p>
   </div>
   <div class='ocr_carea' id='block_1_15' title="bbox 578 1286 2177 1369">
    <p class='ocr_par' dir='ltr' id='par_1_15' title="bbox 578 1286 2177 1369">
     <span class='ocr_line' id='line_1_15' title="bbox 578 1286 2177 1369; baseline -0.001 -15"><span class='ocrx_word' id='word_1_111' title='bbox 578 1296 777 1368; x_wconf 76' lang='lat' dir='ltr'><strong>-ﬁcior)</strong></span> <span class='ocrx_word' id='word_1_112' title='bbox 828 1312 1024 1361; x_wconf 89' lang='lat' dir='ltr'><strong>essem,</strong></span> <span class='ocrx_word' id='word_1_113' title='bbox 1058 1296 1397 1351; x_wconf 85' lang='lat' dir='ltr'><strong>castissimus</strong></span> <span class='ocrx_word' id='word_1_114' title='bbox 1439 1286 1578 1362; x_wconf 82' lang='lat' dir='ltr'><strong>esse,</strong></span> <span class='ocrx_word' id='word_1_115' title='bbox 1610 1306 1670 1351; x_wconf 91' lang='lat' dir='ltr'><strong>ut</strong></span> <span class='ocrx_word' id='word_1_116' title='bbox 1717 1298 1892 1360; x_wconf 91' lang='lat' dir='ltr'><strong>multi,</strong></span> <span class='ocrx_word' id='word_1_117' title='bbox 1927 1298 2177 1369; x_wconf 84' lang='lat' dir='ltr'><strong>putabar,</strong></span> 
     </span>
    </p>
   </div>
   <div class='ocr_carea' id='block_1_16' title="bbox 550 1383 2177 1460">
    <p class='ocr_par' dir='ltr' id='par_1_16' title="bbox 550 1383 2177 1460">
     <span class='ocr_line' id='line_1_16' title="bbox 550 1383 2177 1460; baseline 0 -19"><span class='ocrx_word' id='word_1_118' title='bbox 550 1455 555 1460; x_wconf 91' lang='lat'>_</span> <span class='ocrx_word' id='word_1_119' title='bbox 587 1384 841 1451; x_wconf 67' lang='lat' dir='ltr'><strong>dicebar,</strong></span> <span class='ocrx_word' id='word_1_120' title='bbox 863 1394 918 1439; x_wconf 89' lang='lat' dir='ltr'><strong>et</strong></span> <span class='ocrx_word' id='word_1_121' title='bbox 948 1383 1088 1455; x_wconf 88' lang='lat' dir='ltr'><strong>quod</strong></span> <span class='ocrx_word' id='word_1_122' title='bbox 1112 1384 1264 1454; x_wconf 85' lang='lat' dir='ltr'><strong>pejus</strong></span> <span class='ocrx_word' id='word_1_123' title='bbox 1291 1392 1397 1450; x_wconf 88' lang='lat' dir='ltr'><strong>est,</strong></span> <span class='ocrx_word' id='word_1_124' title='bbox 1425 1384 1528 1439; x_wconf 91' lang='lat' dir='ltr'><strong>dici</strong></span> <span class='ocrx_word' id='word_1_125' title='bbox 1550 1385 1869 1456; x_wconf 80' lang='lat' dir='ltr'><strong>gaudebam,</strong></span> <span class='ocrx_word' id='word_1_126' title='bbox 1895 1386 1983 1440; x_wconf 87' lang='lat' dir='ltr'><strong>illa</strong></span> <span class='ocrx_word' id='word_1_127' title='bbox 2006 1387 2177 1458; x_wconf 81' lang='lat' dir='ltr'><strong>hypo-</strong></span> 
     </span>
    </p>
   </div>
   <div class='ocr_carea' id='block_1_17' title="bbox 569 1474 2177 1544">
    <p class='ocr_par' dir='ltr' id='par_1_17' title="bbox 569 1474 2177 1544">
     <span class='ocr_line' id='line_1_17' title="bbox 569 1474 2177 1544; baseline 0 -12"><span class='ocrx_word' id='word_1_128' title='bbox 569 1475 755 1532; x_wconf 86' lang='lat' dir='ltr'><strong>-critis</strong></span> <span class='ocrx_word' id='word_1_129' title='bbox 779 1475 995 1531; x_wconf 82' lang='lat' dir='ltr'><strong>visitata</strong></span> <span class='ocrx_word' id='word_1_130' title='bbox 1020 1474 1276 1544; x_wconf 87' lang='lat' dir='ltr'><strong>deceptus</strong></span> <span class='ocrx_word' id='word_1_131' title='bbox 1301 1475 1488 1540; x_wconf 91' lang='lat' dir='ltr'><strong>miser,</strong></span> <span class='ocrx_word' id='word_1_132' title='bbox 1517 1483 1576 1529; x_wconf 81' lang='grc' dir='ltr'><strong>ιιι</strong></span> <span class='ocrx_word' id='word_1_133' title='bbox 1606 1476 1756 1530; x_wconf 89' lang='lat' dir='ltr'><strong>multi</strong></span> <span class='ocrx_word' id='word_1_134' title='bbox 1792 1477 2061 1532; x_wconf 81' lang='lat' dir='ltr'><strong>sententia</strong></span> <span class='ocrx_word' id='word_1_135' title='bbox 2087 1492 2177 1532; x_wconf 90' lang='lat' dir='ltr'><strong>so-</strong></span> 
     </span>
    </p>
   </div>
   <div class='ocr_carea' id='block_1_18' title="bbox 574 1562 2177 1634">
    <p class='ocr_par' dir='ltr' id='par_1_18' title="bbox 574 1562 2177 1634">
     <span class='ocr_line' id='line_1_18' title="bbox 574 1562 2177 1634; baseline -0.001 -14"><span class='ocrx_word' id='word_1_136' title='bbox 574 1564 717 1622; x_wconf 61' lang='lat' dir='ltr'><strong>aient</strong></span> <span class='ocrx_word' id='word_1_137' title='bbox 741 1605 748 1612; x_wconf 68' lang='grc' dir='ltr'><em>ι</em></span> <span class='ocrx_word' id='word_1_138' title='bbox 776 1563 1080 1634; x_wconf 87' lang='lat' dir='ltr'><strong>deceptorie</strong></span> <span class='ocrx_word' id='word_1_139' title='bbox 1119 1563 1324 1626; x_wconf 79' lang='lat' dir='ltr'><strong>dicere,</strong></span> <span class='ocrx_word' id='word_1_140' title='bbox 1355 1562 1473 1619; x_wconf 82' lang='lat' dir='ltr'><strong>Etsi</strong></span> <span class='ocrx_word' id='word_1_141' title='bbox 1519 1581 1622 1619; x_wconf 87' lang='lat' dir='ltr'><strong>non</strong></span> <span class='ocrx_word' id='word_1_142' title='bbox 1672 1575 1831 1629; x_wconf 90' lang='lat' dir='ltr'><strong>caste,</strong></span> <span class='ocrx_word' id='word_1_143' title='bbox 1882 1565 1960 1619; x_wconf 73' lang='lat' dir='ltr'><strong>vel</strong></span> <span class='ocrx_word' id='word_1_144' title='bbox 1992 1575 2177 1620; x_wconf 83' lang='lat' dir='ltr'><strong>caute.</strong></span> 
     </span>
    </p>
   </div>
   <div class='ocr_carea' id='block_1_19' title="bbox 2281 387 3858 466">
    <p class='ocr_par' dir='ltr' id='par_1_19' title="bbox 2281 387 3858 466">
     <span class='ocr_line' id='line_1_19' title="bbox 2281 387 3858 466; baseline 0.006 -23"><span class='ocrx_word' id='word_1_145' title='bbox 2281 387 2631 454; x_wconf 81' lang='lat' dir='ltr'><strong>confessione,</strong></span> <span class='ocrx_word' id='word_1_146' title='bbox 2696 392 2858 464; x_wconf 73' lang='lat'><strong>255</strong></span> <span class='ocrx_word' id='word_1_147' title='bbox 2904 390 3245 449; x_wconf 78' lang='lat' dir='ltr'><strong>iueﬂ‘abiliter</strong></span> <span class='ocrx_word' id='word_1_148' title='bbox 3302 396 3511 466; x_wconf 78' lang='lat' dir='ltr'><strong>gravia,</strong></span> <span class='ocrx_word' id='word_1_149' title='bbox 3549 412 3676 466; x_wconf 84' lang='lat' dir='ltr'><strong>quae</strong></span> <span class='ocrx_word' id='word_1_150' title='bbox 3735 407 3858 452; x_wconf 84' lang='lat' dir='ltr'><strong>sunt</strong></span> 
     </span>
    </p>
   </div>
   <div class='ocr_carea' id='block_1_20' title="bbox 2277 481 3861 567">
    <p class='ocr_par' dir='ltr' id='par_1_20' title="bbox 2277 481 3861 567">
     <span class='ocr_line' id='line_1_20' title="bbox 2277 481 3861 567; baseline 0.007 -34"><span class='ocrx_word' id='word_1_151' title='bbox 2277 489 2514 567; x_wconf 81' lang='lat' dir='ltr'><strong>exarata.</strong></span> <span class='ocrx_word' id='word_1_152' title='bbox 2545 481 2692 553; x_wconf 77' lang='lat'><strong>(530)</strong></span> <span class='ocrx_word' id='word_1_153' title='bbox 2733 483 2829 538; x_wconf 85' lang='lat' dir='ltr'><strong>Ubi</strong></span> <span class='ocrx_word' id='word_1_154' title='bbox 2866 494 2923 539; x_wconf 90' lang='lat' dir='ltr'><strong>et</strong></span> <span class='ocrx_word' id='word_1_155' title='bbox 2950 484 3306 542; x_wconf 73' lang='lat' dir='ltr'><strong>meretriculae</strong></span> <span class='ocrx_word' id='word_1_156' title='bbox 3328 486 3611 555; x_wconf 82' lang='lat' dir='ltr'><strong>cujusdam</strong></span> <span class='ocrx_word' id='word_1_157' title='bbox 3637 488 3861 544; x_wconf 84' lang='lat' dir='ltr'><strong>damna-</strong></span> 
     </span>
    </p>
   </div>
   <div class='ocr_carea' id='block_1_21' title="bbox 2278 568 3860 648">
    <p class='ocr_par' dir='ltr' id='par_1_21' title="bbox 2278 568 3860 648">
     <span class='ocr_line' id='line_1_21' title="bbox 2278 568 3860 648; baseline 0.008 -24"><span class='ocrx_word' id='word_1_158' title='bbox 2278 568 2384 624; x_wconf 85' lang='lat' dir='ltr'><strong>bile</strong></span> <span class='ocrx_word' id='word_1_159' title='bbox 2414 570 2620 626; x_wconf 79' lang='lat' dir='ltr'><strong>facinus</strong></span> <span class='ocrx_word' id='word_1_160' title='bbox 2661 589 2766 628; x_wconf 91' lang='lat' dir='ltr'><strong>non</strong></span> <span class='ocrx_word' id='word_1_161' title='bbox 2812 574 2986 630; x_wconf 85' lang='lat' dir='ltr'><strong>fuerat</strong></span> <span class='ocrx_word' id='word_1_162' title='bbox 3013 577 3317 642; x_wconf 89' lang='lat' dir='ltr'><strong>tacendum,</strong></span> <span class='ocrx_word' id='word_1_163' title='bbox 3363 578 3624 648; x_wconf 82' lang='lat' dir='ltr'><strong>quoniam</strong></span> <span class='ocrx_word' id='word_1_164' title='bbox 3684 581 3756 635; x_wconf 88' lang='lat' dir='ltr'><strong>ad</strong></span> <span class='ocrx_word' id='word_1_165' title='bbox 3795 591 3860 644; x_wconf 83' lang='lat' dir='ltr'><strong>te</strong></span> 
     </span>
    </p>
   </div>
   <div class='ocr_carea' id='block_1_22' title="bbox 2277 660 3858 749">
    <p class='ocr_par' dir='ltr' id='par_1_22' title="bbox 2277 660 3858 749">
     <span class='ocr_line' id='line_1_22' title="bbox 2277 660 3858 749; baseline 0.006 -35"><span class='ocrx_word' id='word_1_166' title='bbox 2277 660 2508 730; x_wconf 88' lang='lat' dir='ltr'><strong>pertinet</strong></span> <span class='ocrx_word' id='word_1_167' title='bbox 2526 661 2837 731; x_wconf 89' lang='lat' dir='ltr'><strong>plurimum,</strong></span> <span class='ocrx_word' id='word_1_168' title='bbox 2855 679 2975 734; x_wconf 62' lang='lat' dir='ltr'><strong>qua:</strong></span> <span class='ocrx_word' id='word_1_169' title='bbox 2996 666 3281 735; x_wconf 89' lang='lat' dir='ltr'><strong>dupliciter</strong></span> <span class='ocrx_word' id='word_1_170' title='bbox 3294 682 3452 749; x_wconf 88' lang='lat' dir='ltr'><strong>suum</strong></span> <span class='ocrx_word' id='word_1_171' title='bbox 3467 668 3683 723; x_wconf 84' lang='lat' dir='ltr'><strong>necavit</strong></span> <span class='ocrx_word' id='word_1_172' title='bbox 3697 669 3858 725; x_wconf 84' lang='lat' dir='ltr'><strong>lilium</strong></span> 
     </span>
    </p>
   </div>
   <div class='ocr_carea' id='block_1_23' title="bbox 2279 748 3858 825">
    <p class='ocr_par' dir='ltr' id='par_1_23' title="bbox 2279 748 3858 825">
     <span class='ocr_line' id='line_1_23' title="bbox 2279 748 3858 825; baseline 0.008 -24"><span class='ocrx_word' id='word_1_173' title='bbox 2279 748 2353 801; x_wconf 90' lang='lat' dir='ltr'><strong>tui</strong></span> <span class='ocrx_word' id='word_1_174' title='bbox 2377 749 2446 802; x_wconf 85' lang='lat' dir='ltr'><strong>ob</strong></span> <span class='ocrx_word' id='word_1_175' title='bbox 2475 757 2692 815; x_wconf 90' lang='lat' dir='ltr'><strong>metum,</strong></span> <span class='ocrx_word' id='word_1_176' title='bbox 2727 761 2780 807; x_wconf 91' lang='lat' dir='ltr'><strong>et</strong></span> <span class='ocrx_word' id='word_1_177' title='bbox 2810 751 2953 807; x_wconf 90' lang='lat' dir='ltr'><strong>illius</strong></span> <span class='ocrx_word' id='word_1_178' title='bbox 2980 761 3232 819; x_wconf 89' lang='lat' dir='ltr'><strong>mortem,</strong></span> <span class='ocrx_word' id='word_1_179' title='bbox 3259 748 3348 825; x_wconf 90' lang='lat' dir='ltr'><strong>qui</strong></span> <span class='ocrx_word' id='word_1_180' title='bbox 3373 754 3443 810; x_wconf 89' lang='lat' dir='ltr'><strong>ob</strong></span> <span class='ocrx_word' id='word_1_181' title='bbox 3486 764 3640 812; x_wconf 87' lang='lat' dir='ltr'><strong>tuum</strong></span> <span class='ocrx_word' id='word_1_182' title='bbox 3663 758 3858 814; x_wconf 82' lang='lat' dir='ltr'><strong>anilem</strong></span> 
     </span>
    </p>
   </div>
   <div class='ocr_carea' id='block_1_24' title="bbox 2278 835 3860 917">
    <p class='ocr_par' dir='ltr' id='par_1_24' title="bbox 2278 835 3860 917">
     <span class='ocr_line' id='line_1_24' title="bbox 2278 835 3860 917; baseline 0.008 -27"><span class='ocrx_word' id='word_1_183' title='bbox 2278 835 2475 891; x_wconf 82' lang='lat' dir='ltr'><strong>fastum</strong></span> <span class='ocrx_word' id='word_1_184' title='bbox 2504 838 2691 893; x_wconf 87' lang='lat' dir='ltr'><strong>subtus</strong></span> <span class='ocrx_word' id='word_1_185' title='bbox 2715 850 2890 896; x_wconf 88' lang='lat' dir='ltr'><strong>rotam</strong></span> <span class='ocrx_word' id='word_1_186' title='bbox 2918 842 3209 899; x_wconf 88' lang='lat' dir='ltr'><strong>molendiui</strong></span> <span class='ocrx_word' id='word_1_187' title='bbox 3248 844 3586 900; x_wconf 78' lang='lat' dir='ltr'><strong>mortifrrum</strong></span> <span class='ocrx_word' id='word_1_188' title='bbox 3645 847 3860 917; x_wconf 85' lang='lat' dir='ltr'><strong>pertulit</strong></span> 
     </span>
    </p>
   </div>
   <div class='ocr_carea' id='block_1_25' title="bbox 2258 926 3859 1004">
    <p class='ocr_par' dir='ltr' id='par_1_25' title="bbox 2258 926 3859 1004">
     <span class='ocr_line' id='line_1_25' title="bbox 2258 926 3859 1004; baseline 0.009 -24"><span class='ocrx_word' id='word_1_189' title='bbox 2258 940 2489 981; x_wconf 63' lang='lat' dir='ltr'><strong>&#39;casum.</strong></span> <span class='ocrx_word' id='word_1_190' title='bbox 2517 926 2891 998; x_wconf 88' lang='lat' dir='ltr'><strong>Spectaculum</strong></span> <span class='ocrx_word' id='word_1_191' title='bbox 2916 947 3130 1001; x_wconf 89' lang='lat' dir='ltr'><strong>quoque</strong></span> <span class='ocrx_word' id='word_1_192' title='bbox 3152 935 3295 1004; x_wconf 86' lang='lat' dir='ltr'><strong>quod</strong></span> <span class='ocrx_word' id='word_1_193' title='bbox 3319 935 3383 990; x_wconf 90' lang='lat' dir='ltr'><strong>de</strong></span> <span class='ocrx_word' id='word_1_194' title='bbox 3409 936 3695 991; x_wconf 86' lang='lat' dir='ltr'><strong>ruentibus</strong></span> <span class='ocrx_word' id='word_1_195' title='bbox 3716 947 3771 994; x_wconf 87' lang='lat' dir='ltr'><strong>et</strong></span> <span class='ocrx_word' id='word_1_196' title='bbox 3794 938 3859 993; x_wconf 83' lang='lat' dir='ltr'><strong>de</strong></span> 
     </span>
    </p>
   </div>
   <div class='ocr_carea' id='block_1_26' title="bbox 2279 1019 3861 1090">
    <p class='ocr_par' dir='ltr' id='par_1_26' title="bbox 2279 1019 3861 1090">
     <span class='ocr_line' id='line_1_26' title="bbox 2279 1019 3861 1090; baseline 0.008 -20"><span class='ocrx_word' id='word_1_197' title='bbox 2279 1031 2438 1073; x_wconf 89' lang='lat' dir='ltr'><strong>ruere</strong></span> <span class='ocrx_word' id='word_1_198' title='bbox 2474 1019 2918 1090; x_wconf 86' lang='lat' dir='ltr'><strong>compellentibus</strong></span> <span class='ocrx_word' id='word_1_199' title='bbox 2960 1022 3162 1088; x_wconf 81' lang='lat' dir='ltr'><strong>vidisti,</strong></span> <span class='ocrx_word' id='word_1_200' title='bbox 3192 1024 3334 1090; x_wconf 89' lang='lat' dir='ltr'><strong>dico,</strong></span> <span class='ocrx_word' id='word_1_201' title='bbox 3365 1026 3706 1081; x_wconf 87' lang='lat' dir='ltr'><strong>memineris.</strong></span> <span class='ocrx_word' id='word_1_202' title='bbox 3759 1026 3861 1082; x_wconf 86' lang='lat' dir='ltr'><strong>Cu-</strong></span> 
     </span>
    </p>
   </div>
   <div class='ocr_carea' id='block_1_27' title="bbox 2277 1106 3860 1185">
    <p class='ocr_par' dir='ltr' id='par_1_27' title="bbox 2277 1106 3860 1185">
     <span class='ocr_line' id='line_1_27' title="bbox 2277 1106 3860 1185; baseline 0.008 -24"><span class='ocrx_word' id='word_1_203' title='bbox 2277 1106 2366 1177; x_wconf 84' lang='lat' dir='ltr'><strong>jus</strong></span> <span class='ocrx_word' id='word_1_204' title='bbox 2397 1108 2473 1163; x_wconf 89' lang='lat' dir='ltr'><strong>rei</strong></span> <span class='ocrx_word' id='word_1_205' title='bbox 2501 1125 2715 1180; x_wconf 90' lang='lat' dir='ltr'><strong>quoque</strong></span> <span class='ocrx_word' id='word_1_206' title='bbox 2743 1127 2907 1166; x_wconf 88' lang='lat' dir='ltr'><strong>causa</strong></span> <span class='ocrx_word' id='word_1_207' title='bbox 2945 1120 3054 1168; x_wconf 92' lang='lat' dir='ltr'><strong>tres</strong></span> <span class='ocrx_word' id='word_1_208' title='bbox 3082 1113 3154 1169; x_wconf 89' lang='lat' dir='ltr'><strong>illi</strong></span> <span class='ocrx_word' id='word_1_209' title='bbox 3183 1114 3366 1170; x_wconf 86' lang='lat' dir='ltr'><strong>oculos</strong></span> <span class='ocrx_word' id='word_1_210' title='bbox 3402 1116 3762 1185; x_wconf 88' lang='lat' dir='ltr'><strong>perdiderint,</strong></span> <span class='ocrx_word' id='word_1_211' title='bbox 3794 1135 3860 1173; x_wconf 86' lang='lat' dir='ltr'><strong>nc</strong></span> 
     </span>
    </p>
   </div>
   <div class='ocr_carea' id='block_1_28' title="bbox 2279 1197 3856 1277">
    <p class='ocr_par' dir='ltr' id='par_1_28' title="bbox 2279 1197 3856 1277">
     <span class='ocr_line' id='line_1_28' title="bbox 2279 1197 3856 1277; baseline 0.008 -24"><span class='ocrx_word' id='word_1_212' title='bbox 2279 1197 2637 1263; x_wconf 85' lang='lat' dir='ltr'><strong>obliviscaris,</strong></span> <span class='ocrx_word' id='word_1_213' title='bbox 2672 1203 2765 1257; x_wconf 89' lang='lat' dir='ltr'><strong>sed</strong></span> <span class='ocrx_word' id='word_1_214' title='bbox 2792 1202 2844 1257; x_wconf 90' lang='lat' dir='ltr'><strong>in</strong></span> <span class='ocrx_word' id='word_1_215' title='bbox 2878 1201 3044 1259; x_wconf 85' lang='lat' dir='ltr'><strong>solius</strong></span> <span class='ocrx_word' id='word_1_216' title='bbox 3065 1205 3219 1260; x_wconf 89' lang='lat' dir='ltr'><strong>istius</strong></span> <span class='ocrx_word' id='word_1_217' title='bbox 3240 1208 3856 1277; x_wconf 85' lang='lat' dir='ltr'><strong>comparatione,idest,</strong></span> 
     </span>
    </p>
   </div>
   <div class='ocr_carea' id='block_1_29' title="bbox 2281 1287 3861 1363">
    <p class='ocr_par' dir='ltr' id='par_1_29' title="bbox 2281 1287 3861 1363">
     <span class='ocr_line' id='line_1_29' title="bbox 2281 1287 3861 1363; baseline 0.006 -22"><span class='ocrx_word' id='word_1_218' title='bbox 2281 1287 2324 1341; x_wconf 82' lang='lat' dir='ltr'><strong>si</strong></span> <span class='ocrx_word' id='word_1_219' title='bbox 2358 1287 2460 1344; x_wconf 84' lang='lat' dir='ltr'><strong>hoc</strong></span> <span class='ocrx_word' id='word_1_220' title='bbox 2490 1304 2654 1344; x_wconf 88' lang='lat' dir='ltr'><strong>unum</strong></span> <span class='ocrx_word' id='word_1_221' title='bbox 2679 1305 2784 1344; x_wconf 91' lang='lat' dir='ltr'><strong>non</strong></span> <span class='ocrx_word' id='word_1_222' title='bbox 2809 1291 2967 1357; x_wconf 88' lang='lat' dir='ltr'><strong>desit,</strong></span> <span class='ocrx_word' id='word_1_223' title='bbox 2998 1292 3290 1349; x_wconf 84' lang='lat' dir='ltr'><strong>levissima.</strong></span> <span class='ocrx_word' id='word_1_224' title='bbox 3345 1295 3495 1363; x_wconf 83' lang='lat' dir='ltr'><strong>Quod</strong></span> <span class='ocrx_word' id='word_1_225' title='bbox 3550 1298 3760 1352; x_wconf 82' lang='lat' dir='ltr'><strong>unum?</strong></span> <span class='ocrx_word' id='word_1_226' title='bbox 3784 1298 3861 1350; x_wconf 81' lang='lat' dir='ltr'><strong>in-</strong></span> 
     </span>
    </p>
   </div>
   <div class='ocr_carea' id='block_1_30' title="bbox 2279 1377 3861 1457">
    <p class='ocr_par' dir='ltr' id='par_1_30' title="bbox 2279 1377 3861 1457">
     <span class='ocr_line' id='line_1_30' title="bbox 2279 1377 3861 1457; baseline 0.008 -28"><span class='ocrx_word' id='word_1_227' title='bbox 2279 1377 2422 1446; x_wconf 86' lang='lat' dir='ltr'><strong>quis.</strong></span> <span class='ocrx_word' id='word_1_228' title='bbox 2491 1378 2638 1451; x_wconf 70' lang='lat'><strong>(5&#39;51)</strong></span> <span class='ocrx_word' id='word_1_229' title='bbox 2691 1380 3176 1439; x_wconf 88' lang='lat' dir='ltr'><strong>lnconvertibilitas</strong></span> <span class='ocrx_word' id='word_1_230' title='bbox 3234 1386 3303 1440; x_wconf 88' lang='lat' dir='ltr'><strong>ab</strong></span> <span class='ocrx_word' id='word_1_231' title='bbox 3352 1386 3481 1452; x_wconf 88' lang='lat' dir='ltr'><strong>isto,</strong></span> <span class='ocrx_word' id='word_1_232' title='bbox 3537 1388 3861 1457; x_wconf 84' lang='lat' dir='ltr'><strong>inquam;si</strong></span> 
     </span>
    </p>
   </div>
   <div class='ocr_carea' id='block_1_31' title="bbox 2280 1468 3861 1547">
    <p class='ocr_par' dir='ltr' id='par_1_31' title="bbox 2280 1468 3861 1547">
     <span class='ocr_line' id='line_1_31' title="bbox 2280 1468 3861 1547; baseline 0.008 -25"><span class='ocrx_word' id='word_1_233' title='bbox 2280 1468 2423 1522; x_wconf 87' lang='lat' dir='ltr'><strong>enim</strong></span> <span class='ocrx_word' id='word_1_234' title='bbox 2454 1469 2520 1524; x_wconf 89' lang='lat' dir='ltr'><strong>de</strong></span> <span class='ocrx_word' id='word_1_235' title='bbox 2546 1469 2648 1525; x_wconf 90' lang='lat' dir='ltr'><strong>isto</strong></span> <span class='ocrx_word' id='word_1_236' title='bbox 2674 1471 2787 1526; x_wconf 83' lang='lat' dir='ltr'><strong>solo</strong></span> <span class='ocrx_word' id='word_1_237' title='bbox 2835 1488 2960 1538; x_wconf 89' lang='lat' dir='ltr'><strong>uno,</strong></span> <span class='ocrx_word' id='word_1_238' title='bbox 2987 1474 3127 1545; x_wconf 88' lang='lat' dir='ltr'><strong>quod</strong></span> <span class='ocrx_word' id='word_1_239' title='bbox 3167 1474 3351 1545; x_wconf 89' lang='lat' dir='ltr'><strong>utique</strong></span> <span class='ocrx_word' id='word_1_240' title='bbox 3374 1480 3671 1547; x_wconf 84' lang='lat' dir='ltr'><strong>apostasia,</strong></span> <span class='ocrx_word' id='word_1_241' title='bbox 3702 1479 3754 1534; x_wconf 85' lang='lat' dir='ltr'><strong>id</strong></span> <span class='ocrx_word' id='word_1_242' title='bbox 3781 1488 3861 1534; x_wconf 84' lang='lat' dir='ltr'><strong>est</strong></span> 
     </span>
    </p>
   </div>
   <div class='ocr_carea' id='block_1_32' title="bbox 2281 1561 3804 1639">
    <p class='ocr_par' dir='ltr' id='par_1_32' title="bbox 2281 1561 3804 1639">
     <span class='ocr_line' id='line_1_32' title="bbox 2281 1561 3804 1639; baseline 0.008 -25"><span class='ocrx_word' id='word_1_243' title='bbox 2281 1561 2495 1630; x_wconf 83' lang='lat' dir='ltr'><strong>negatio</strong></span> <span class='ocrx_word' id='word_1_244' title='bbox 2516 1561 2611 1617; x_wconf 89' lang='lat' dir='ltr'><strong>Dei</strong></span> <span class='ocrx_word' id='word_1_245' title='bbox 2637 1572 2741 1629; x_wconf 92' lang='lat' dir='ltr'><strong>est,</strong></span> <span class='ocrx_word' id='word_1_246' title='bbox 2770 1566 2997 1620; x_wconf 81' lang='lat' dir='ltr'><strong>evadere</strong></span> <span class='ocrx_word' id='word_1_247' title='bbox 3031 1567 3409 1623; x_wconf 82' lang='lat' dir='ltr'><strong>reconciliatus</strong></span> <span class='ocrx_word' id='word_1_248' title='bbox 3436 1570 3625 1639; x_wconf 89' lang='lat' dir='ltr'><strong>utique</strong></span> <span class='ocrx_word' id='word_1_249' title='bbox 3666 1609 3683 1624; x_wconf 96' lang='lat'><strong>.</strong></span> <span class='ocrx_word' id='word_1_250' title='bbox 3732 1609 3748 1624; x_wconf 93' lang='lat'><strong>.</strong></span> <span class='ocrx_word' id='word_1_251' title='bbox 3787 1609 3804 1626; x_wconf 93' lang='lat'><strong>.</strong></span> 
     </span>
    </p>
   </div>
   <div class='ocr_carea' id='block_1_33' title="bbox 584 1647 3858 1727">
    <p class='ocr_par' dir='ltr' id='par_1_33' title="bbox 584 1647 3858 1727">
     <span class='ocr_line' id='line_1_33' title="bbox 584 1647 3858 1727; baseline 0.003 -20"><span class='ocrx_word' id='word_1_252' title='bbox 584 1655 785 1724; x_wconf 72' lang='lat' dir='ltr'><strong>‘Quare</strong></span> <span class='ocrx_word' id='word_1_253' title='bbox 819 1665 996 1711; x_wconf 88' lang='lat' dir='ltr'><strong>autem</strong></span> <span class='ocrx_word' id='word_1_254' title='bbox 1023 1654 1150 1710; x_wconf 92' lang='lat' dir='ltr'><strong>nulli</strong></span> <span class='ocrx_word' id='word_1_255' title='bbox 1179 1655 1492 1720; x_wconf 84' lang='lat' dir='ltr'><strong>confiterer,</strong></span> <span class='ocrx_word' id='word_1_256' title='bbox 1532 1670 1639 1710; x_wconf 88' lang='lat' dir='ltr'><strong>non</strong></span> <span class='ocrx_word' id='word_1_257' title='bbox 1689 1654 1974 1712; x_wconf 89' lang='lat' dir='ltr'><strong>uniformis</strong></span> <span class='ocrx_word' id='word_1_258' title='bbox 2006 1656 2180 1713; x_wconf 86' lang='lat' dir='ltr'><strong>fuerat</strong></span> <span class='ocrx_word' id='word_1_259' title='bbox 2210 1647 2253 1706; x_wconf 88' lang='grc' dir='ltr'><strong>Β</strong></span> <span class='ocrx_word' id='word_1_260' title='bbox 2280 1648 2536 1722; x_wconf 81' lang='lat' dir='ltr'><strong>fugitivus</strong></span> <span class='ocrx_word' id='word_1_261' title='bbox 2564 1653 2780 1709; x_wconf 88' lang='lat' dir='ltr'><strong>domino</strong></span> <span class='ocrx_word' id='word_1_262' title='bbox 2825 1657 3142 1727; x_wconf 87' lang='lat' dir='ltr'><strong>potuissem,</strong></span> <span class='ocrx_word' id='word_1_263' title='bbox 3173 1666 3227 1713; x_wconf 91' lang='lat' dir='ltr'><strong>et</strong></span> <span class='ocrx_word' id='word_1_264' title='bbox 3261 1659 3509 1726; x_wconf 85' lang='lat' dir='ltr'><strong>confiteri</strong></span> <span class='ocrx_word' id='word_1_265' title='bbox 3541 1662 3753 1717; x_wconf 86' lang='lat' dir='ltr'><strong>utiliter</strong></span> <span class='ocrx_word' id='word_1_266' title='bbox 3790 1703 3803 1717; x_wconf 95' lang='lat'><strong>.</strong></span> <span class='ocrx_word' id='word_1_267' title='bbox 3842 1702 3858 1716; x_wconf 94' lang='lat'><strong>.</strong></span> 
     </span>
    </p>
   </div>
   <div class='ocr_carea' id='block_1_34' title="bbox 594 1745 2178 1816">
    <p class='ocr_par' dir='ltr' id='par_1_34' title="bbox 594 1745 2178 1816">
     <span class='ocr_line' id='line_1_34' title="bbox 594 1745 2178 1816; baseline -0.003 -12"><span class='ocrx_word' id='word_1_268' title='bbox 594 1762 931 1815; x_wconf 33' lang='lat' dir='ltr'><strong>.cattsa;una</strong></span> <span class='ocrx_word' id='word_1_269' title='bbox 986 1763 1056 1802; x_wconf 89' lang='lat' dir='ltr'><strong>ne</strong></span> <span class='ocrx_word' id='word_1_270' title='bbox 1107 1745 1215 1802; x_wconf 90' lang='lat' dir='ltr'><strong>mei</strong></span> <span class='ocrx_word' id='word_1_271' title='bbox 1257 1745 1505 1816; x_wconf 80' lang='lat' dir='ltr'><strong>exemplo</strong></span> <span class='ocrx_word' id='word_1_272' title='bbox 1531 1746 1619 1800; x_wconf 89' lang='lat' dir='ltr'><strong>alii</strong></span> <span class='ocrx_word' id='word_1_273' title='bbox 1680 1745 2178 1813; x_wconf 89' lang='lat' dir='ltr'><strong>deteriorarentur;</strong></span> 
     </span>
    </p>
   </div>
   <div class='ocr_carea' id='block_1_35' title="bbox 586 1837 2181 1908">
    <p class='ocr_par' dir='ltr' id='par_1_35' title="bbox 586 1837 2181 1908">
     <span class='ocr_line' id='line_1_35' title="bbox 586 1837 2181 1908; baseline -0.002 -15"><span class='ocrx_word' id='word_1_274' title='bbox 586 1838 777 1905; x_wconf 65' lang='lat' dir='ltr'><strong>altera</strong></span> <span class='ocrx_word' id='word_1_275' title='bbox 812 1853 882 1894; x_wconf 90' lang='lat' dir='ltr'><strong>ne</strong></span> <span class='ocrx_word' id='word_1_276' title='bbox 910 1838 1017 1895; x_wconf 90' lang='lat' dir='ltr'><strong>mei</strong></span> <span class='ocrx_word' id='word_1_277' title='bbox 1043 1838 1237 1907; x_wconf 88' lang='lat' dir='ltr'><strong>suique</strong></span> <span class='ocrx_word' id='word_1_278' title='bbox 1261 1838 1667 1907; x_wconf 86' lang='lat' dir='ltr'><strong>comparatione</strong></span> <span class='ocrx_word' id='word_1_279' title='bbox 1699 1838 1789 1891; x_wconf 91' lang='lat' dir='ltr'><strong>alii</strong></span> <span class='ocrx_word' id='word_1_280' title='bbox 1816 1837 2181 1908; x_wconf 88' lang='lat' dir='ltr'><strong>superbirent,</strong></span> 
     </span>
    </p>
   </div>
   <div class='ocr_carea' id='block_1_36' title="bbox 597 1924 2179 1998">
    <p class='ocr_par' dir='ltr' id='par_1_36' title="bbox 597 1924 2179 1998">
     <span class='ocr_line' id='line_1_36' title="bbox 597 1924 2179 1998; baseline -0.002 -14"><span class='ocrx_word' id='word_1_281' title='bbox 597 1935 658 1984; x_wconf 89' lang='lat' dir='ltr'><strong>et</strong></span> <span class='ocrx_word' id='word_1_282' title='bbox 700 1927 983 1983; x_wconf 84' lang='lat' dir='ltr'><strong>cadaveris</strong></span> <span class='ocrx_word' id='word_1_283' title='bbox 1033 1927 1187 1996; x_wconf 89' lang='lat' dir='ltr'><strong>quasi</strong></span> <span class='ocrx_word' id='word_1_284' title='bbox 1247 1926 1351 1981; x_wconf 89' lang='lat' dir='ltr'><strong>mei</strong></span> <span class='ocrx_word' id='word_1_285' title='bbox 1406 1924 1581 1982; x_wconf 91' lang='lat' dir='ltr'><strong>fetore</strong></span> <span class='ocrx_word' id='word_1_286' title='bbox 1647 1926 1863 1998; x_wconf 86' lang='lat' dir='ltr'><strong>utrique</strong></span> <span class='ocrx_word' id='word_1_287' title='bbox 1908 1927 2179 1997; x_wconf 84' lang='lat' dir='ltr'><strong>perirent;</strong></span> 
     </span>
    </p>
   </div>
   <div class='ocr_carea' id='block_1_37' title="bbox 580 2016 2182 2092">
    <p class='ocr_par' dir='ltr' id='par_1_37' title="bbox 580 2016 2182 2092">
     <span class='ocr_line' id='line_1_37' title="bbox 580 2016 2182 2092; baseline -0.002 -16"><span class='ocrx_word' id='word_1_288' title='bbox 580 2020 864 2092; x_wconf 62' lang='lat' dir='ltr'><strong>praecipua</strong></span> <span class='ocrx_word' id='word_1_289' title='bbox 881 2034 1013 2075; x_wconf 89' lang='lat' dir='ltr'><strong>vero</strong></span> <span class='ocrx_word' id='word_1_290' title='bbox 1034 2034 1102 2075; x_wconf 89' lang='lat' dir='ltr'><strong>ne</strong></span> <span class='ocrx_word' id='word_1_291' title='bbox 1127 2018 1495 2075; x_wconf 87' lang='lat' dir='ltr'><strong>criminositas</strong></span> <span class='ocrx_word' id='word_1_292' title='bbox 1516 2033 1603 2073; x_wconf 90' lang='lat' dir='ltr'><strong>me</strong></span> <span class='ocrx_word' id='word_1_293' title='bbox 1617 2017 2074 2088; x_wconf 89' lang='lat' dir='ltr'><strong>contemptibilem</strong></span> <span class='ocrx_word' id='word_1_294' title='bbox 2098 2016 2182 2072; x_wconf 90' lang='lat' dir='ltr'><strong>fa-</strong></span> 
     </span>
    </p>
   </div>
   <div class='ocr_carea' id='block_1_38' title="bbox 548 2107 2182 2187">
    <p class='ocr_par' dir='ltr' id='par_1_38' title="bbox 548 2107 2182 2187">
     <span class='ocr_line' id='line_1_38' title="bbox 548 2107 2182 2187; baseline -0.001 -26"><span class='ocrx_word' id='word_1_295' title='bbox 548 2176 557 2187; x_wconf 16' lang='lat'>)</span> <span class='ocrx_word' id='word_1_296' title='bbox 581 2118 749 2165; x_wconf 81' lang='lat' dir='ltr'><strong>:eeret</strong></span> <span class='ocrx_word' id='word_1_297' title='bbox 776 2123 912 2163; x_wconf 85' lang='lat' dir='ltr'><strong>mea.</strong></span> <span class='ocrx_word' id='word_1_298' title='bbox 940 2107 1121 2163; x_wconf 85' lang='lat' dir='ltr'><strong>Tertia</strong></span> <span class='ocrx_word' id='word_1_299' title='bbox 1152 2107 1387 2179; x_wconf 79' lang='lat' dir='ltr'><strong>gravior,</strong></span> <span class='ocrx_word' id='word_1_300' title='bbox 1422 2107 1531 2161; x_wconf 90' lang='lat' dir='ltr'><strong>imo</strong></span> <span class='ocrx_word' id='word_1_301' title='bbox 1576 2107 1896 2178; x_wconf 83' lang='lat' dir='ltr'><strong>gravissima</strong></span> <span class='ocrx_word' id='word_1_302' title='bbox 1918 2108 2182 2173; x_wconf 90' lang='lat' dir='ltr'><strong>omnium,</strong></span> 
     </span>
    </p>
   </div>
   <div class='ocr_carea' id='block_1_39' title="bbox 572 2196 2187 2272">
    <p class='ocr_par' dir='ltr' id='par_1_39' title="bbox 572 2196 2187 2272">
     <span class='ocr_line' id='line_1_39' title="bbox 572 2196 2187 2272; baseline 0 -21"><span class='ocrx_word' id='word_1_303' title='bbox 572 2215 706 2272; x_wconf 73' lang='lat' dir='ltr'><strong>.qna</strong></span> <span class='ocrx_word' id='word_1_304' title='bbox 730 2200 923 2271; x_wconf 83' lang='lat' dir='ltr'><strong>utique</strong></span> <span class='ocrx_word' id='word_1_305' title='bbox 943 2199 1192 2264; x_wconf 89' lang='lat' dir='ltr'><strong>verebar,</strong></span> <span class='ocrx_word' id='word_1_306' title='bbox 1217 2213 1288 2253; x_wconf 90' lang='lat' dir='ltr'><strong>ne</strong></span> <span class='ocrx_word' id='word_1_307' title='bbox 1334 2206 1597 2269; x_wconf 89' lang='lat' dir='ltr'><strong>patronus</strong></span> <span class='ocrx_word' id='word_1_308' title='bbox 1651 2198 1754 2253; x_wconf 88' lang='lat' dir='ltr'><strong>hoc</strong></span> <span class='ocrx_word' id='word_1_309' title='bbox 1803 2197 1934 2252; x_wconf 90' lang='lat' dir='ltr'><strong>mihi</strong></span> <span class='ocrx_word' id='word_1_310' title='bbox 1981 2196 2187 2252; x_wconf 87' lang='lat' dir='ltr'><strong>diceret</strong></span> 
     </span>
    </p>
   </div>
   <div class='ocr_carea' id='block_1_40' title="bbox 576 2290 2187 2365">
    <p class='ocr_par' dir='ltr' id='par_1_40' title="bbox 576 2290 2187 2365">
     <span class='ocr_line' id='line_1_40' title="bbox 576 2290 2187 2365; baseline 0 -21"><span class='ocrx_word' id='word_1_311' title='bbox 576 2293 741 2365; x_wconf 84' lang='lat' dir='ltr'><strong>.quod</strong></span> <span class='ocrx_word' id='word_1_312' title='bbox 769 2291 1015 2364; x_wconf 76' lang='lat' dir='ltr'><strong>fugitivis</strong></span> <span class='ocrx_word' id='word_1_313' title='bbox 1041 2292 1146 2347; x_wconf 90' lang='lat' dir='ltr'><strong>dici</strong></span> <span class='ocrx_word' id='word_1_314' title='bbox 1177 2291 1262 2347; x_wconf 80' lang='lat' dir='ltr'><strong>lex</strong></span> <span class='ocrx_word' id='word_1_315' title='bbox 1288 2291 1533 2361; x_wconf 80' lang='lat' dir='ltr'><strong>praecipit</strong></span> <span class='ocrx_word' id='word_1_316' title='bbox 1560 2309 1572 2345; x_wconf 92' lang='lat'>:</span> <span class='ocrx_word' id='word_1_317' title='bbox 1601 2290 1867 2346; x_wconf 76' lang='lat' dir='ltr'><strong>Revertere</strong></span> <span class='ocrx_word' id='word_1_318' title='bbox 1916 2294 1984 2345; x_wconf 87' lang='lat' dir='ltr'><strong>et‘</strong></span> <span class='ocrx_word' id='word_1_319' title='bbox 2007 2306 2187 2345; x_wconf 81' lang='lat' dir='ltr'><strong>recon-</strong></span> 
     </span>
    </p>
   </div>
   <div class='ocr_carea' id='block_1_41' title="bbox 554 2379 2183 2451">
    <p class='ocr_par' dir='ltr' id='par_1_41' title="bbox 554 2379 2183 2451">
     <span class='ocr_line' id='line_1_41' title="bbox 554 2379 2183 2451; baseline -0.002 -14"><span class='ocrx_word' id='word_1_320' title='bbox 554 2439 561 2451; x_wconf 58' lang='grc'>,</span> <span class='ocrx_word' id='word_1_321' title='bbox 598 2382 781 2437; x_wconf 81' lang='lat' dir='ltr'><strong>eiliare</strong></span> <span class='ocrx_word' id='word_1_322' title='bbox 824 2382 1048 2435; x_wconf 89' lang='lat' dir='ltr'><strong>Domino</strong></span> <span class='ocrx_word' id='word_1_323' title='bbox 1079 2392 1169 2434; x_wconf 89' lang='lat' dir='ltr'><strong>tuo</strong></span> <span class='ocrx_word' id='word_1_324' title='bbox 1211 2397 1231 2435; x_wconf 91' lang='lat'><strong><em>:</em></strong></span> <span class='ocrx_word' id='word_1_325' title='bbox 1267 2382 1392 2448; x_wconf 89' lang='lat' dir='ltr'><strong>quia</strong></span> <span class='ocrx_word' id='word_1_326' title='bbox 1453 2381 1594 2435; x_wconf 85' lang='lat' dir='ltr'><strong>sicut</strong></span> <span class='ocrx_word' id='word_1_327' title='bbox 1645 2394 1750 2434; x_wconf 91' lang='lat' dir='ltr'><strong>non</strong></span> <span class='ocrx_word' id='word_1_328' title='bbox 1793 2379 2007 2451; x_wconf 88' lang='lat' dir='ltr'><strong>prolicit</strong></span> <span class='ocrx_word' id='word_1_329' title='bbox 2052 2394 2183 2435; x_wconf 89' lang='lat' dir='ltr'><strong>cura</strong></span> 
     </span>
    </p>
   </div>
   <div class='ocr_carea' id='block_1_42' title="bbox 585 2470 2183 2545">
    <p class='ocr_par' dir='ltr' id='par_1_42' title="bbox 585 2470 2183 2545">
     <span class='ocr_line' id='line_1_42' title="bbox 585 2470 2183 2545; baseline -0.001 -18"><span class='ocrx_word' id='word_1_330' title='bbox 585 2471 1046 2545; x_wconf 48' lang='lat' dir='ltr'><strong>;mediciplagato,</strong></span> <span class='ocrx_word' id='word_1_331' title='bbox 1087 2472 1130 2526; x_wconf 90' lang='lat' dir='ltr'><strong>si</strong></span> <span class='ocrx_word' id='word_1_332' title='bbox 1172 2470 1349 2525; x_wconf 85' lang='lat' dir='ltr'><strong>adhuc</strong></span> <span class='ocrx_word' id='word_1_333' title='bbox 1402 2470 1457 2525; x_wconf 93' lang='lat' dir='ltr'><strong>in</strong></span> <span class='ocrx_word' id='word_1_334' title='bbox 1483 2484 1548 2527; x_wconf 87' lang='lat' dir='ltr'><strong>eo</strong></span> <span class='ocrx_word' id='word_1_335' title='bbox 1580 2470 1785 2526; x_wconf 87' lang='lat' dir='ltr'><strong>ferrum</strong></span> <span class='ocrx_word' id='word_1_336' title='bbox 1834 2472 1927 2540; x_wconf 89' lang='lat' dir='ltr'><strong>sit,</strong></span> <span class='ocrx_word' id='word_1_337' title='bbox 1954 2472 2026 2527; x_wconf 89' lang='lat' dir='ltr'><strong>ita</strong></span> <span class='ocrx_word' id='word_1_338' title='bbox 2074 2486 2183 2529; x_wconf 88' lang='lat' dir='ltr'><strong>non</strong></span> 
     </span>
    </p>
   </div>
   <div class='ocr_carea' id='block_1_43' title="bbox 599 2560 1669 2631">
    <p class='ocr_par' dir='ltr' id='par_1_43' title="bbox 599 2560 1669 2631">
     <span class='ocr_line' id='line_1_43' title="bbox 599 2560 1669 2631; baseline -0.001 -16"><span class='ocrx_word' id='word_1_339' title='bbox 599 2560 815 2631; x_wconf 87' lang='lat' dir='ltr'><strong>prolicit</strong></span> <span class='ocrx_word' id='word_1_340' title='bbox 836 2560 1105 2616; x_wconf 86' lang='lat' dir='ltr'><strong>confessio</strong></span> <span class='ocrx_word' id='word_1_341' title='bbox 1131 2569 1186 2615; x_wconf 90' lang='lat' dir='ltr'><strong>et</strong></span> <span class='ocrx_word' id='word_1_342' title='bbox 1212 2562 1529 2629; x_wconf 69' lang='lat' dir='ltr'><strong>pteniteutia</strong></span> <span class='ocrx_word' id='word_1_343' title='bbox 1556 2570 1669 2617; x_wconf 88' lang='lat' dir='ltr'><strong>tua.</strong></span> 
     </span>
    </p>
   </div>
   <div class='ocr_carea' id='block_1_44' title="bbox 672 2650 2174 2722">
    <p class='ocr_par' dir='ltr' id='par_1_44' title="bbox 672 2650 2174 2722">
     <span class='ocr_line' id='line_1_44' title="bbox 672 2650 2174 2722; baseline -0.001 -16"><span class='ocrx_word' id='word_1_344' title='bbox 672 2650 761 2706; x_wconf 78' lang='grc'>11.</span> <span class='ocrx_word' id='word_1_345' title='bbox 780 2650 921 2707; x_wconf 91' lang='lat' dir='ltr'><strong>Dum</strong></span> <span class='ocrx_word' id='word_1_346' title='bbox 949 2650 1091 2705; x_wconf 90' lang='lat' dir='ltr'><strong>enim</strong></span> <span class='ocrx_word' id='word_1_347' title='bbox 1117 2650 1264 2722; x_wconf 70' lang='lat'><strong>(527)</strong></span> <span class='ocrx_word' id='word_1_348' title='bbox 1287 2650 1542 2721; x_wconf 89' lang='lat' dir='ltr'><strong>puerulus</strong></span> <span class='ocrx_word' id='word_1_349' title='bbox 1565 2666 1761 2717; x_wconf 88' lang='lat' dir='ltr'><strong>essem,</strong></span> <span class='ocrx_word' id='word_1_350' title='bbox 1789 2651 1936 2706; x_wconf 86' lang='lat' dir='ltr'><strong>venit</strong></span> <span class='ocrx_word' id='word_1_351' title='bbox 1953 2650 2174 2721; x_wconf 86' lang='lat' dir='ltr'><strong>quidam</strong></span> 
     </span>
    </p>
   </div>
   <div class='ocr_carea' id='block_1_45' title="bbox 524 2730 2183 2814">
    <p class='ocr_par' dir='ltr' id='par_1_45' title="bbox 524 2730 2183 2814">
     <span class='ocr_line' id='line_1_45' title="bbox 524 2730 2183 2814; baseline 0.002 -17"><span class='ocrx_word' id='word_1_352' title='bbox 524 2730 531 2735; x_wconf 48' lang='grc'><strong><em>’</em></strong></span> <span class='ocrx_word' id='word_1_353' title='bbox 582 2740 888 2812; x_wconf 58' lang='lat' dir='ltr'><strong>Jngenuus,</strong></span> <span class='ocrx_word' id='word_1_354' title='bbox 916 2751 972 2797; x_wconf 90' lang='lat' dir='ltr'><strong>et</strong></span> <span class='ocrx_word' id='word_1_355' title='bbox 994 2742 1046 2797; x_wconf 93' lang='lat' dir='ltr'><strong>in</strong></span> <span class='ocrx_word' id='word_1_356' title='bbox 1079 2742 1235 2797; x_wconf 87' lang='lat' dir='ltr'><strong>altari</strong></span> <span class='ocrx_word' id='word_1_357' title='bbox 1265 2745 1498 2814; x_wconf 87' lang='lat' dir='ltr'><strong>quodam</strong></span> <span class='ocrx_word' id='word_1_358' title='bbox 1527 2745 1696 2800; x_wconf 88' lang='lat' dir='ltr'><strong>sancti</strong></span> <span class='ocrx_word' id='word_1_359' title='bbox 1736 2744 1880 2800; x_wconf 87' lang='lat' dir='ltr'><strong>Petri</strong></span> <span class='ocrx_word' id='word_1_360' title='bbox 1926 2754 1983 2801; x_wconf 90' lang='lat' dir='ltr'><strong>et</strong></span> <span class='ocrx_word' id='word_1_361' title='bbox 2031 2745 2183 2801; x_wconf 88' lang='lat' dir='ltr'><strong>Pauli</strong></span> 
     </span>
    </p>
   </div>
   <div class='ocr_carea' id='block_1_46' title="bbox 588 2834 2180 2909">
    <p class='ocr_par' dir='ltr' id='par_1_46' title="bbox 588 2834 2180 2909">
     <span class='ocr_line' id='line_1_46' title="bbox 588 2834 2180 2909; baseline 0.003 -21"><span class='ocrx_word' id='word_1_362' title='bbox 588 2840 794 2903; x_wconf 70' lang='lat' dir='ltr'><strong>tenens</strong></span> <span class='ocrx_word' id='word_1_363' title='bbox 824 2848 910 2888; x_wconf 91' lang='lat' dir='ltr'><strong>me</strong></span> <span class='ocrx_word' id='word_1_364' title='bbox 938 2849 1058 2888; x_wconf 89' lang='lat' dir='ltr'><strong>cum</strong></span> <span class='ocrx_word' id='word_1_365' title='bbox 1083 2850 1221 2904; x_wconf 85' lang='lat' dir='ltr'><strong>pane</strong></span> <span class='ocrx_word' id='word_1_366' title='bbox 1246 2842 1303 2890; x_wconf 87' lang='lat' dir='ltr'><strong>et</strong></span> <span class='ocrx_word' id='word_1_367' title='bbox 1337 2835 1463 2890; x_wconf 91' lang='lat' dir='ltr'><strong>vino</strong></span> <span class='ocrx_word' id='word_1_368' title='bbox 1492 2834 1697 2908; x_wconf 78' lang='lat' dir='ltr'><strong>[supple</strong></span> <span class='ocrx_word' id='word_1_369' title='bbox 1717 2836 1917 2892; x_wconf 86' lang='lat' dir='ltr'><strong>obtulit</strong></span> <span class='ocrx_word' id='word_1_370' title='bbox 1933 2835 2180 2909; x_wconf 80' lang='lat' dir='ltr'><strong>Deo].....</strong></span> 
     </span>
    </p>
   </div>
   <div class='ocr_carea' id='block_1_47' title="bbox 583 2923 2178 2999">
    <p class='ocr_par' dir='ltr' id='par_1_47' title="bbox 583 2923 2178 2999">
     <span class='ocr_line' id='line_1_47' title="bbox 583 2923 2178 2999; baseline 0.002 -20"><span class='ocrx_word' id='word_1_371' title='bbox 583 2932 654 2980; x_wconf 89' lang='lat' dir='ltr'><strong>.et</strong></span> <span class='ocrx_word' id='word_1_372' title='bbox 679 2930 869 2991; x_wconf 85' lang='lat' dir='ltr'><strong>sancto</strong></span> <span class='ocrx_word' id='word_1_373' title='bbox 895 2923 1055 2979; x_wconf 90' lang='lat' dir='ltr'><strong>Petro</strong></span> <span class='ocrx_word' id='word_1_374' title='bbox 1084 2924 1136 2979; x_wconf 91' lang='lat' dir='ltr'><strong>in</strong></span> <span class='ocrx_word' id='word_1_375' title='bbox 1180 2924 1549 2980; x_wconf 82' lang='lat' dir='ltr'><strong>holocaustum</strong></span> <span class='ocrx_word' id='word_1_376' title='bbox 1591 2965 1605 2979; x_wconf 94' lang='lat'><strong>.</strong></span> <span class='ocrx_word' id='word_1_377' title='bbox 1649 2964 1665 2981; x_wconf 95' lang='lat'><strong>.</strong></span> <span class='ocrx_word' id='word_1_378' title='bbox 1707 2965 1723 2980; x_wconf 95' lang='lat'><strong>.</strong></span> <span class='ocrx_word' id='word_1_379' title='bbox 1769 2967 1783 2980; x_wconf 98' lang='lat'><strong>.</strong></span> <span class='ocrx_word' id='word_1_380' title='bbox 1826 2966 1840 2981; x_wconf 95' lang='lat'><strong>.</strong></span> <span class='ocrx_word' id='word_1_381' title='bbox 1875 2926 1998 2995; x_wconf 87' lang='lat' dir='ltr'><strong>jure</strong></span> <span class='ocrx_word' id='word_1_382' title='bbox 2024 2929 2178 2999; x_wconf 88' lang='lat' dir='ltr'><strong>quasi</strong></span> 
     </span>
    </p>
   </div>
   <div class='ocr_carea' id='block_1_48' title="bbox 565 3013 943 3086">
    <p class='ocr_par' dir='ltr' id='par_1_48' title="bbox 565 3013 943 3086">
     <span class='ocr_line' id='line_1_48' title="bbox 565 3013 943 3086; baseline -0.016 -12"><span class='ocrx_word' id='word_1_383' title='bbox 565 3070 575 3086; x_wconf 61' lang='grc'><strong>,,</strong></span> <span class='ocrx_word' id='word_1_384' title='bbox 603 3013 828 3071; x_wconf 87' lang='lat' dir='ltr'><strong>Nazarci</strong></span> <span class='ocrx_word' id='word_1_385' title='bbox 869 3053 884 3069; x_wconf 96' lang='lat'><strong>.</strong></span> <span class='ocrx_word' id='word_1_386' title='bbox 928 3054 943 3068; x_wconf 93' lang='lat'><strong>.</strong></span> 
     </span>
    </p>
   </div>
   <div class='ocr_carea' id='block_1_49' title="bbox 604 3107 2180 3178">
    <p class='ocr_par' dir='ltr' id='par_1_49' title="bbox 604 3107 2180 3178">
     <span class='ocr_line' id='line_1_49' title="bbox 604 3107 2180 3178; baseline 0.003 -18"><span class='ocrx_word' id='word_1_387' title='bbox 604 3146 621 3159; x_wconf 91' lang='lat'><strong>.</strong></span> <span class='ocrx_word' id='word_1_388' title='bbox 666 3145 682 3161; x_wconf 95' lang='lat'><strong>.</strong></span> <span class='ocrx_word' id='word_1_389' title='bbox 726 3147 741 3160; x_wconf 94' lang='lat'><strong>.</strong></span> <span class='ocrx_word' id='word_1_390' title='bbox 784 3146 798 3161; x_wconf 97' lang='lat'><strong>.</strong></span> <span class='ocrx_word' id='word_1_391' title='bbox 844 3146 858 3161; x_wconf 93' lang='lat'><strong>.</strong></span> <span class='ocrx_word' id='word_1_392' title='bbox 896 3146 913 3161; x_wconf 93' lang='lat'><strong>.</strong></span> <span class='ocrx_word' id='word_1_393' title='bbox 954 3107 1021 3161; x_wconf 91' lang='lat' dir='ltr'><strong>ad</strong></span> <span class='ocrx_word' id='word_1_394' title='bbox 1054 3107 1226 3163; x_wconf 65' lang='lat' dir='ltr'><strong>fletus</strong></span> <span class='ocrx_word' id='word_1_395' title='bbox 1266 3117 1525 3178; x_wconf 89' lang='lat' dir='ltr'><strong>perpetuo</strong></span> <span class='ocrx_word' id='word_1_396' title='bbox 1570 3108 2021 3164; x_wconf 82' lang='lat' dir='ltr'><strong>confirmandum.</strong></span> <span class='ocrx_word' id='word_1_397' title='bbox 2072 3110 2180 3165; x_wconf 75' lang='lat' dir='ltr'><strong>Sed</strong></span> 
     </span>
    </p>
   </div>
   <div class='ocr_carea' id='block_1_50' title="bbox 604 3197 2182 3270">
    <p class='ocr_par' dir='ltr' id='par_1_50' title="bbox 604 3197 2182 3270">
     <span class='ocr_line' id='line_1_50' title="bbox 604 3197 2182 3270; baseline 0.003 -18"><span class='ocrx_word' id='word_1_398' title='bbox 604 3206 829 3268; x_wconf 88' lang='lat' dir='ltr'><strong>accepto</strong></span> <span class='ocrx_word' id='word_1_399' title='bbox 862 3198 976 3268; x_wconf 90' lang='lat' dir='ltr'><strong>ipse</strong></span> <span class='ocrx_word' id='word_1_400' title='bbox 1009 3197 1235 3264; x_wconf 81' lang='lat' dir='ltr'><strong>calamo,</strong></span> <span class='ocrx_word' id='word_1_401' title='bbox 1274 3198 1422 3270; x_wconf 74' lang='lat'><strong>(529)</strong></span> <span class='ocrx_word' id='word_1_402' title='bbox 1454 3208 1662 3253; x_wconf 88' lang='lat' dir='ltr'><strong>matura</strong></span> <span class='ocrx_word' id='word_1_403' title='bbox 1682 3197 1796 3268; x_wconf 89' lang='lat' dir='ltr'><strong>jam</strong></span> <span class='ocrx_word' id='word_1_404' title='bbox 1837 3208 1996 3257; x_wconf 66' lang='lat' dir='ltr'><strong>aetate</strong></span> <span class='ocrx_word' id='word_1_405' title='bbox 2024 3210 2078 3256; x_wconf 89' lang='lat' dir='ltr'><strong>et</strong></span> <span class='ocrx_word' id='word_1_406' title='bbox 2104 3201 2182 3256; x_wconf 81' lang='lat' dir='ltr'><strong>le-</strong></span> 
     </span>
    </p>
   </div>
   <div class='ocr_carea' id='block_1_51' title="bbox 605 3287 2183 3362">
    <p class='ocr_par' dir='ltr' id='par_1_51' title="bbox 605 3287 2183 3362">
     <span class='ocr_line' id='line_1_51' title="bbox 605 3287 2183 3362; baseline 0.004 -22"><span class='ocrx_word' id='word_1_407' title='bbox 605 3287 814 3357; x_wconf 73' lang='lat' dir='ltr'><strong>gitima,</strong></span> <span class='ocrx_word' id='word_1_408' title='bbox 842 3287 1032 3358; x_wconf 86' lang='lat' dir='ltr'><strong>scripsi</strong></span> <span class='ocrx_word' id='word_1_409' title='bbox 1064 3287 1115 3341; x_wconf 94' lang='lat' dir='ltr'><strong>in</strong></span> <span class='ocrx_word' id='word_1_410' title='bbox 1155 3288 1298 3343; x_wconf 91' lang='lat' dir='ltr'><strong>hunc</strong></span> <span class='ocrx_word' id='word_1_411' title='bbox 1346 3288 1587 3353; x_wconf 89' lang='lat' dir='ltr'><strong>modum,</strong></span> <span class='ocrx_word' id='word_1_412' title='bbox 1616 3291 1980 3360; x_wconf 89' lang='lat' dir='ltr'><strong>scriptumque</strong></span> <span class='ocrx_word' id='word_1_413' title='bbox 2020 3306 2183 3362; x_wconf 88' lang='lat' dir='ltr'><strong>super</strong></span> 
     </span>
    </p>
   </div>
   <div class='ocr_carea' id='block_1_52' title="bbox 605 3379 2181 3453">
    <p class='ocr_par' dir='ltr' id='par_1_52' title="bbox 605 3379 2181 3453">
     <span class='ocr_line' id='line_1_52' title="bbox 605 3379 2181 3453; baseline 0.002 -19"><span class='ocrx_word' id='word_1_414' title='bbox 605 3379 778 3436; x_wconf 87' lang='lat' dir='ltr'><strong>altare</strong></span> <span class='ocrx_word' id='word_1_415' title='bbox 808 3381 996 3450; x_wconf 90' lang='lat' dir='ltr'><strong>posui,</strong></span> <span class='ocrx_word' id='word_1_416' title='bbox 1019 3395 1123 3434; x_wconf 92' lang='lat' dir='ltr'><strong>non</strong></span> <span class='ocrx_word' id='word_1_417' title='bbox 1147 3394 1308 3450; x_wconf 89' lang='lat' dir='ltr'><strong>super</strong></span> <span class='ocrx_word' id='word_1_418' title='bbox 1335 3380 1476 3435; x_wconf 88' lang='lat' dir='ltr'><strong>aliud</strong></span> <span class='ocrx_word' id='word_1_419' title='bbox 1506 3380 1607 3435; x_wconf 90' lang='lat' dir='ltr'><strong>nisi</strong></span> <span class='ocrx_word' id='word_1_420' title='bbox 1662 3381 1834 3453; x_wconf 90' lang='lat' dir='ltr'><strong>ipsum</strong></span> <span class='ocrx_word' id='word_1_421' title='bbox 1864 3400 1876 3435; x_wconf 91' lang='lat'><strong>:</strong></span> <span class='ocrx_word' id='word_1_422' title='bbox 1908 3382 2019 3453; x_wconf 78' lang='lat' dir='ltr'><strong>Ego</strong></span> <span class='ocrx_word' id='word_1_423' title='bbox 2076 3382 2181 3437; x_wconf 89' lang='lat' dir='ltr'><strong>Ra-</strong></span> 
     </span>
    </p>
   </div>
   <div class='ocr_carea' id='block_1_53' title="bbox 601 3468 2180 3541">
    <p class='ocr_par' dir='ltr' id='par_1_53' title="bbox 601 3468 2180 3541">
     <span class='ocr_line' id='line_1_53' title="bbox 601 3468 2180 3541; baseline 0.003 -18"><span class='ocrx_word' id='word_1_424' title='bbox 601 3470 801 3525; x_wconf 80' lang='lat' dir='ltr'><strong>tlterius</strong></span> <span class='ocrx_word' id='word_1_425' title='bbox 822 3472 1069 3541; x_wconf 88' lang='lat' dir='ltr'><strong>promitto</strong></span> <span class='ocrx_word' id='word_1_426' title='bbox 1102 3468 1439 3525; x_wconf 79' lang='lat' dir='ltr'><strong>stabilitatem</strong></span> <span class='ocrx_word' id='word_1_427' title='bbox 1484 3487 1672 3537; x_wconf 79' lang='lat' dir='ltr'><strong>meum,</strong></span> <span class='ocrx_word' id='word_1_428' title='bbox 1702 3481 1749 3526; x_wconf 82' lang='lat' dir='ltr'><strong>et</strong></span> <span class='ocrx_word' id='word_1_429' title='bbox 1793 3473 2180 3527; x_wconf 80' lang='lat' dir='ltr'><strong>conversionem</strong></span> 
     </span>
    </p>
   </div>
   <div class='ocr_carea' id='block_1_54' title="bbox 516 3562 2179 3638">
    <p class='ocr_par' dir='ltr' id='par_1_54' title="bbox 516 3562 2179 3638">
     <span class='ocr_line' id='line_1_54' title="bbox 516 3562 2179 3638; baseline 0.002 -20"><span class='ocrx_word' id='word_1_430' title='bbox 516 3603 527 3611; x_wconf 80' lang='lat'><strong>.</strong></span> <span class='ocrx_word' id='word_1_431' title='bbox 601 3578 839 3619; x_wconf 79' lang='lat' dir='ltr'><strong>meorum</strong></span> <span class='ocrx_word' id='word_1_432' title='bbox 868 3581 1098 3631; x_wconf 86' lang='lat' dir='ltr'><strong>morum,</strong></span> <span class='ocrx_word' id='word_1_433' title='bbox 1131 3573 1179 3618; x_wconf 86' lang='lat' dir='ltr'><strong>et</strong></span> <span class='ocrx_word' id='word_1_434' title='bbox 1215 3562 1565 3618; x_wconf 80' lang='lat' dir='ltr'><strong>obedientiam</strong></span> <span class='ocrx_word' id='word_1_435' title='bbox 1596 3565 1881 3620; x_wconf 86' lang='lat' dir='ltr'><strong>secundum</strong></span> <span class='ocrx_word' id='word_1_436' title='bbox 1946 3566 2179 3638; x_wconf 79' lang='lat' dir='ltr'><strong>regulam</strong></span> 
     </span>
    </p>
   </div>
   <div class='ocr_carea' id='block_1_55' title="bbox 568 3655 2179 3728">
    <p class='ocr_par' dir='ltr' id='par_1_55' title="bbox 568 3655 2179 3728">
     <span class='ocr_line' id='line_1_55' title="bbox 568 3655 2179 3728; baseline 0.005 -21"><span class='ocrx_word' id='word_1_437' title='bbox 568 3656 773 3708; x_wconf 65' lang='lat' dir='ltr'><strong>Asancti</strong></span> <span class='ocrx_word' id='word_1_438' title='bbox 797 3655 1064 3709; x_wconf 87' lang='lat' dir='ltr'><strong>Benedicti</strong></span> <span class='ocrx_word' id='word_1_439' title='bbox 1086 3672 1263 3710; x_wconf 86' lang='lat' dir='ltr'><strong>caram</strong></span> <span class='ocrx_word' id='word_1_440' title='bbox 1312 3655 1417 3710; x_wconf 79' lang='lat' dir='ltr'><strong>Deo</strong></span> <span class='ocrx_word' id='word_1_441' title='bbox 1453 3664 1500 3710; x_wconf 88' lang='lat' dir='ltr'><strong>et</strong></span> <span class='ocrx_word' id='word_1_442' title='bbox 1550 3657 1743 3712; x_wconf 77' lang='lat' dir='ltr'><strong>sanctis</strong></span> <span class='ocrx_word' id='word_1_443' title='bbox 1789 3658 1923 3728; x_wconf 80' lang='lat' dir='ltr'><strong>ejus.</strong></span> <span class='ocrx_word' id='word_1_444' title='bbox 1968 3657 2179 3723; x_wconf 83' lang='lat' dir='ltr'><strong>inﬁnita</strong></span> 
     </span>
    </p>
   </div>
   <div class='ocr_carea' id='block_1_56' title="bbox 677 3760 2180 3832">
    <p class='ocr_par' dir='ltr' id='par_1_56' title="bbox 677 3760 2180 3832">
     <span class='ocr_line' id='line_1_56' title="bbox 677 3760 2180 3832; baseline 0.005 -17"><span class='ocrx_word' id='word_1_445' title='bbox 677 3760 824 3832; x_wconf 8' lang='lat'><strong>(752,7)</strong></span> <span class='ocrx_word' id='word_1_446' title='bbox 852 3762 925 3816; x_wconf 90' lang='lat' dir='ltr'><strong>De</strong></span> <span class='ocrx_word' id='word_1_447' title='bbox 946 3762 1216 3832; x_wconf 77' lang='lat' dir='ltr'><strong>oblatione</strong></span> <span class='ocrx_word' id='word_1_448' title='bbox 1240 3762 1582 3832; x_wconf 87' lang='lat' dir='ltr'><strong>parvulorum</strong></span> <span class='ocrx_word' id='word_1_449' title='bbox 1608 3761 1661 3816; x_wconf 92' lang='lat' dir='ltr'><strong>in</strong></span> <span class='ocrx_word' id='word_1_450' title='bbox 1688 3766 2033 3821; x_wconf 84' lang='lat' dir='ltr'><strong>monasteriis</strong></span> <span class='ocrx_word' id='word_1_451' title='bbox 2061 3767 2180 3823; x_wconf 88' lang='lat' dir='ltr'><strong>vide</strong></span> 
     </span>
    </p>
   </div>
   <div class='ocr_carea' id='block_1_57' title="bbox 580 3829 2178 3905">
    <p class='ocr_par' dir='ltr' id='par_1_57' title="bbox 580 3829 2178 3905">
     <span class='ocr_line' id='line_1_57' title="bbox 580 3829 2178 3905; baseline 0.004 -21"><span class='ocrx_word' id='word_1_452' title='bbox 580 3829 917 3905; x_wconf 68' lang='lat' dir='ltr'><strong>&#39;Mabillonii</strong></span> <span class='ocrx_word' id='word_1_453' title='bbox 938 3829 1305 3905; x_wconf 59' lang='lat' dir='ltr'><strong>praefationem</strong></span> <span class='ocrx_word' id='word_1_454' title='bbox 1327 3832 1692 3905; x_wconf 38' lang='lat' dir='ltr'><strong>_priman]_&#39;_iu_</strong></span> <span class='ocrx_word' id='word_1_455' title='bbox 1719 3834 2178 3905; x_wconf 25' lang='lat' dir='ltr'><strong>sarculumnqttar-</strong></span> 
     </span>
    </p>
   </div>
   <div class='ocr_carea' id='block_1_58' title="bbox 586 3899 2177 3982">
    <p class='ocr_par' dir='ltr' id='par_1_58' title="bbox 586 3899 2177 3982">
     <span class='ocr_line' id='line_1_58' title="bbox 586 3899 2177 3982; baseline 0.004 -30"><span class='ocrx_word' id='word_1_456' title='bbox 586 3899 951 3982; x_wconf 38' lang='lat' dir='ltr'><strong>fundordinis</strong></span> <span class='ocrx_word' id='word_1_457' title='bbox 1068 3900 1349 3982; x_wconf 68' lang='lat' dir='ltr'><strong>Benedicti</strong></span> <span class='ocrx_word' id='word_1_458' title='bbox 1370 3917 1517 3982; x_wconf 79' lang='lat' dir='ltr'><strong>unm.</strong></span> <span class='ocrx_word' id='word_1_459' title='bbox 1542 3901 1631 3982; x_wconf 59' lang='lat'><strong>53.</strong></span> <span class='ocrx_word' id='word_1_460' title='bbox 1662 3899 2059 3982; x_wconf 63' lang='lat' dir='ltr'><strong>Ingenuusjlle&#39;,</strong></span> <span class='ocrx_word' id='word_1_461' title='bbox 2087 3906 2177 3982; x_wconf 75' lang='lat' dir='ltr'><strong>qui</strong></span> 
     </span>
    </p>
   </div>
   <div class='ocr_carea' id='block_1_59' title="bbox 590 3968 2178 4042">
    <p class='ocr_par' dir='ltr' id='par_1_59' title="bbox 590 3968 2178 4042">
     <span class='ocr_line' id='line_1_59' title="bbox 590 3968 2178 4042; baseline 0.005 -21"><span class='ocrx_word' id='word_1_462' title='bbox 590 3968 923 4042; x_wconf 48' lang='lat' dir='ltr'><strong>.ltatlterium</strong></span> <span class='ocrx_word' id='word_1_463' title='bbox 964 3968 1075 4042; x_wconf 80' lang='lat' dir='ltr'><strong>Deo</strong></span> <span class='ocrx_word' id='word_1_464' title='bbox 1096 3969 1310 4033; x_wconf 82' lang='lat' dir='ltr'><strong>obtulit,</strong></span> <span class='ocrx_word' id='word_1_465' title='bbox 1338 3969 1505 4042; x_wconf 82' lang='lat' dir='ltr'><strong>ipsius</strong></span> <span class='ocrx_word' id='word_1_466' title='bbox 1544 3979 1701 4040; x_wconf 89' lang='lat' dir='ltr'><strong>pater</strong></span> <span class='ocrx_word' id='word_1_467' title='bbox 1725 3968 2062 4042; x_wconf 77' lang='lat' dir='ltr'><strong>intelligitur,</strong></span> <span class='ocrx_word' id='word_1_468' title='bbox 2094 3968 2178 4031; x_wconf 75' lang='lat' dir='ltr'><strong>vel</strong></span> 
     </span>
    </p>
   </div>
   <div class='ocr_carea' id='block_1_60' title="bbox 582 4038 2180 4112">
    <p class='ocr_par' dir='ltr' id='par_1_60' title="bbox 582 4038 2180 4112">
     <span class='ocr_line' id='line_1_60' title="bbox 582 4038 2180 4112; baseline 0.01 -28"><span class='ocrx_word' id='word_1_469' title='bbox 582 4038 767 4112; x_wconf 81' lang='lat' dir='ltr'><strong>.alius,</strong></span> <span class='ocrx_word' id='word_1_470' title='bbox 794 4038 894 4112; x_wconf 78' lang='lat' dir='ltr'><strong>qui</strong></span> <span class='ocrx_word' id='word_1_471' title='bbox 912 4038 1369 4112; x_wconf 70' lang='lat' dir='ltr'><strong>patriapotestate</strong></span> <span class='ocrx_word' id='word_1_472' title='bbox 1388 4039 1441 4093; x_wconf 94' lang='lat' dir='ltr'><strong>in</strong></span> <span class='ocrx_word' id='word_1_473' title='bbox 1466 4038 1588 4094; x_wconf 87' lang='lat' dir='ltr'><strong>eum</strong></span> <span class='ocrx_word' id='word_1_474' title='bbox 1616 4048 1860 4095; x_wconf 88' lang='lat' dir='ltr'><strong>uteretur</strong></span> <span class='ocrx_word' id='word_1_475' title='bbox 1884 4038 2180 4112; x_wconf 45' lang='lat' dir='ltr'><strong>{parentes</strong></span> 
     </span>
    </p>
   </div>
   <div class='ocr_carea' id='block_1_61' title="bbox 605 4106 2173 4180">
    <p class='ocr_par' dir='ltr' id='par_1_61' title="bbox 605 4106 2173 4180">
     <span class='ocr_line' id='line_1_61' title="bbox 605 4106 2173 4180; baseline 0.004 -20"><span class='ocrx_word' id='word_1_476' title='bbox 605 4106 1147 4180; x_wconf 3' lang='lat' dir='ltr'><strong>enim,_vel;alii,jin</strong></span> <span class='ocrx_word' id='word_1_477' title='bbox 1193 4123 1329 4178; x_wconf 91' lang='lat' dir='ltr'><strong>quos</strong></span> <span class='ocrx_word' id='word_1_478' title='bbox 1356 4121 1542 4180; x_wconf 90' lang='lat' dir='ltr'><strong>eorum</strong></span> <span class='ocrx_word' id='word_1_479' title='bbox 1579 4118 1818 4180; x_wconf 85' lang='lat' dir='ltr'><strong>potestas</strong></span> <span class='ocrx_word' id='word_1_480' title='bbox 1865 4106 2173 4180; x_wconf 72' lang='lat' dir='ltr'><strong>transisset,</strong></span> 
     </span>
    </p>
   </div>
   <div class='ocr_carea' id='block_1_62' title="bbox 597 4176 2177 4252">
    <p class='ocr_par' dir='ltr' id='par_1_62' title="bbox 597 4176 2177 4252">
     <span class='ocr_line' id='line_1_62' title="bbox 597 4176 2177 4252; baseline 0.006 -23"><span class='ocrx_word' id='word_1_481' title='bbox 597 4176 869 4252; x_wconf 72' lang='lat' dir='ltr'><strong>puerulos</strong></span> <span class='ocrx_word' id='word_1_482' title='bbox 906 4176 1019 4233; x_wconf 89' lang='lat' dir='ltr'><strong>Deo</strong></span> <span class='ocrx_word' id='word_1_483' title='bbox 1066 4178 1119 4232; x_wconf 89' lang='lat' dir='ltr'><strong>in</strong></span> <span class='ocrx_word' id='word_1_484' title='bbox 1170 4176 1515 4252; x_wconf 71' lang='lat' dir='ltr'><strong>monasteriis</strong></span> <span class='ocrx_word' id='word_1_485' title='bbox 1549 4178 1867 4252; x_wconf 74' lang='lat' dir='ltr'><strong>oﬂ‘erebant.</strong></span> <span class='ocrx_word' id='word_1_486' title='bbox 1913 4176 2177 4252; x_wconf 77' lang='lat' dir='ltr'><strong>Ingenuus</strong></span> 
     </span>
    </p>
   </div>
   <div class='ocr_carea' id='block_1_63' title="bbox 604 4247 2172 4319">
    <p class='ocr_par' dir='ltr' id='par_1_63' title="bbox 604 4247 2172 4319">
     <span class='ocr_line' id='line_1_63' title="bbox 604 4247 2172 4319; baseline 0.006 -20"><span class='ocrx_word' id='word_1_487' title='bbox 604 4254 789 4319; x_wconf 73' lang='lat' dir='ltr'><strong>autem</strong></span> <span class='ocrx_word' id='word_1_488' title='bbox 820 4247 958 4303; x_wconf 88' lang='lat' dir='ltr'><strong>idem</strong></span> <span class='ocrx_word' id='word_1_489' title='bbox 987 4256 1070 4319; x_wconf 82' lang='lat' dir='ltr'><strong>est</strong></span> <span class='ocrx_word' id='word_1_490' title='bbox 1098 4262 1163 4303; x_wconf 88' lang='lat' dir='ltr'><strong>ac</strong></span> <span class='ocrx_word' id='word_1_491' title='bbox 1198 4247 1367 4319; x_wconf 81' lang='lat' dir='ltr'><strong>liber;</strong></span> <span class='ocrx_word' id='word_1_492' title='bbox 1410 4264 1530 4319; x_wconf 68' lang='lat' dir='ltr'><strong>qum</strong></span> <span class='ocrx_word' id='word_1_493' title='bbox 1556 4248 1844 4319; x_wconf 74' lang='lat' dir='ltr'><strong>appellatio</strong></span> <span class='ocrx_word' id='word_1_494' title='bbox 1883 4247 2044 4307; x_wconf 65' lang='lat' dir='ltr'><strong>etiam</strong></span> <span class='ocrx_word' id='word_1_495' title='bbox 2074 4269 2172 4308; x_wconf 73' lang='lat' dir='ltr'><strong>uo~</strong></span> 
     </span>
    </p>
   </div>
   <div class='ocr_carea' id='block_1_64' title="bbox 600 4314 2171 4390">
    <p class='ocr_par' dir='ltr' id='par_1_64' title="bbox 600 4314 2171 4390">
     <span class='ocr_line' id='line_1_64' title="bbox 600 4314 2171 4390; baseline 0.007 -22"><span class='ocrx_word' id='word_1_496' title='bbox 600 4314 804 4390; x_wconf 59' lang='lat' dir='ltr'><strong>igilibus</strong></span> <span class='ocrx_word' id='word_1_497' title='bbox 834 4318 1115 4390; x_wconf 72' lang='lat' dir='ltr'><strong>convenit;</strong></span> <span class='ocrx_word' id='word_1_498' title='bbox 1165 4316 1305 4390; x_wconf 76' lang='lat' dir='ltr'><strong>unde</strong></span> <span class='ocrx_word' id='word_1_499' title='bbox 1342 4318 1398 4373; x_wconf 91' lang='lat' dir='ltr'><strong>in</strong></span> <span class='ocrx_word' id='word_1_500' title='bbox 1427 4314 1654 4390; x_wconf 56' lang='lat' dir='ltr'><strong>legibus</strong></span> <span class='ocrx_word' id='word_1_501' title='bbox 1696 4317 2171 4390; x_wconf 82' lang='lat' dir='ltr'><strong>Langobardorum</strong></span> 
     </span>
    </p>
   </div>
   <div class='ocr_carea' id='block_1_65' title="bbox 603 4384 2171 4460">
    <p class='ocr_par' dir='ltr' id='par_1_65' title="bbox 603 4384 2171 4460">
     <span class='ocr_line' id='line_1_65' title="bbox 603 4384 2171 4460; baseline 0.007 -21"><span class='ocrx_word' id='word_1_502' title='bbox 603 4384 698 4460; x_wconf 53' lang='lat' dir='ltr'><strong>lib,</strong></span> <span class='ocrx_word' id='word_1_503' title='bbox 729 4400 798 4449; x_wconf 85' lang='lat' dir='ltr'><strong>-t,</strong></span> <span class='ocrx_word' id='word_1_504' title='bbox 827 4386 1001 4460; x_wconf 77' lang='lat' dir='ltr'><strong>tit._9,</strong></span> <span class='ocrx_word' id='word_1_505' title='bbox 1030 4386 1132 4460; x_wconf 74' lang='lat' dir='ltr'><strong>leg.</strong></span> <span class='ocrx_word' id='word_1_506' title='bbox 1174 4387 1303 4457; x_wconf 59' lang='lat' dir='ltr'><strong>Lfde</strong></span> <span class='ocrx_word' id='word_1_507' title='bbox 1349 4384 1575 4460; x_wconf 80' lang='lat' dir='ltr'><strong>muliere</strong></span> <span class='ocrx_word' id='word_1_508' title='bbox 1608 4384 1841 4460; x_wconf 73' lang='lat' dir='ltr'><strong>ingenua</strong></span> <span class='ocrx_word' id='word_1_509' title='bbox 1884 4406 1975 4445; x_wconf 90' lang='lat' dir='ltr'><strong>seu</strong></span> <span class='ocrx_word' id='word_1_510' title='bbox 2003 4391 2171 4450; x_wconf 90' lang='lat' dir='ltr'><strong>libera</strong></span> 
     </span>
    </p>
   </div>
   <div class='ocr_carea' id='block_1_66' title="bbox 605 4453 2173 4540">
    <p class='ocr_par' dir='ltr' id='par_1_66' title="bbox 605 4453 2173 4540">
     <span class='ocr_line' id='line_1_66' title="bbox 605 4453 2173 4540; baseline 0.005 -31"><span class='ocrx_word' id='word_1_511' title='bbox 605 4453 884 4540; x_wconf 39' lang='lat' dir='ltr'><strong>habetur}.</strong></span> <span class='ocrx_word' id='word_1_512' title='bbox 910 4453 1239 4540; x_wconf 53' lang='lat' dir='ltr'><strong>Appreiietur</strong></span> <span class='ocrx_word' id='word_1_513' title='bbox 1267 4466 1321 4511; x_wconf 86' lang='lat' dir='ltr'><strong>ut</strong></span> <span class='ocrx_word' id='word_1_514' title='bbox 1342 4453 1824 4540; x_wconf 62' lang='lat' dir='ltr'><strong>liberasecundum</strong></span> <span class='ocrx_word' id='word_1_515' title='bbox 1851 4460 2173 4540; x_wconf 64' lang='lat' dir='ltr'><strong>nobilitatem</strong></span> 
     </span>
    </p>
   </div>
   <div class='ocr_carea' id='block_1_67' title="bbox 603 4524 2172 4600">
    <p class='ocr_par' dir='ltr' id='par_1_67' title="bbox 603 4524 2172 4600">
     <span class='ocr_line' id='line_1_67' title="bbox 603 4524 2172 4600; baseline 0.007 -23"><span class='ocrx_word' id='word_1_516' title='bbox 603 4539 775 4578; x_wconf 83' lang='lat' dir='ltr'><strong>suam.</strong></span> <span class='ocrx_word' id='word_1_517' title='bbox 807 4524 916 4600; x_wconf 80' lang='lat' dir='ltr'><strong>_H_is</strong></span> <span class='ocrx_word' id='word_1_518' title='bbox 959 4524 1156 4600; x_wconf 82' lang='lat' dir='ltr'><strong>similia</strong></span> <span class='ocrx_word' id='word_1_519' title='bbox 1202 4526 1452 4600; x_wconf 74' lang='lat' dir='ltr'><strong>leguntur</strong></span> <span class='ocrx_word' id='word_1_520' title='bbox 1476 4528 1694 4600; x_wconf 3' lang='lat' dir='ltr'><strong>tiLji6,</strong></span> <span class='ocrx_word' id='word_1_521' title='bbox 1725 4529 1827 4600; x_wconf 71' lang='lat' dir='ltr'><strong>leg.</strong></span> <span class='ocrx_word' id='word_1_522' title='bbox 1850 4530 1904 4583; x_wconf 81' lang='lat'><strong>5.</strong></span> <span class='ocrx_word' id='word_1_523' title='bbox 1930 4529 2172 4588; x_wconf 77' lang='lat' dir='ltr'><strong>Ratherii</strong></span> 
     </span>
    </p>
   </div>
   <div class='ocr_carea' id='block_1_68' title="bbox 602 4593 2169 4716">
    <p class='ocr_par' dir='ltr' id='par_1_68' title="bbox 602 4593 2169 4716">
     <span class='ocr_line' id='line_1_68' title="bbox 602 4593 2169 4716; baseline 0.005 -69"><span class='ocrx_word' id='word_1_524' title='bbox 602 4608 775 4716; x_wconf 54' lang='lat' dir='ltr'><strong>genus</strong></span> <span class='ocrx_word' id='word_1_525' title='bbox 802 4593 966 4676; x_wconf 74' lang='lat' dir='ltr'><strong>fuisse</strong></span> <span class='ocrx_word' id='word_1_526' title='bbox 994 4598 1171 4652; x_wconf 80' lang='lat' dir='ltr'><strong>nobile</strong></span> <span class='ocrx_word' id='word_1_527' title='bbox 1198 4593 1542 4678; x_wconf 79' lang='lat' dir='ltr'><strong>probavimus</strong></span> <span class='ocrx_word' id='word_1_528' title='bbox 1566 4598 1620 4680; x_wconf 77' lang='lat' dir='ltr'><strong>in</strong></span> <span class='ocrx_word' id='word_1_529' title='bbox 1649 4593 1833 4681; x_wconf 59' lang='lat' dir='ltr'><strong>Vita&#39;g</strong></span> <span class='ocrx_word' id='word_1_530' title='bbox 1862 4616 1907 4665; x_wconf 85' lang='lat' dir='ltr'><strong>t,</strong></span> <span class='ocrx_word' id='word_1_531' title='bbox 1942 4617 2089 4655; x_wconf 92' lang='lat' dir='ltr'><strong>num.</strong></span> <span class='ocrx_word' id='word_1_532' title='bbox 2115 4603 2169 4656; x_wconf 81' lang='grc'>5.</span> 
     </span>
     <span class='ocr_line' id='line_1_69' title="bbox 647 4665 2169 4716; baseline 0 0"><span class='ocrx_word' id='word_1_533' title='bbox 647 4679 775 4716; x_wconf 91' lang='lat' dir='ltr'><strong>orro</strong></span> <span class='ocrx_word' id='word_1_534' title='bbox 824 4665 1007 4716; x_wconf 85' lang='lat' dir='ltr'><strong>lllultls</strong></span> <span class='ocrx_word' id='word_1_535' title='bbox 1045 4666 1144 4716; x_wconf 83' lang='lat' dir='ltr'><strong>SS.</strong></span> <span class='ocrx_word' id='word_1_536' title='bbox 1174 4665 1320 4716; x_wconf 77' lang='lat' dir='ltr'><strong>Petri</strong></span> <span class='ocrx_word' id='word_1_537' title='bbox 1361 4676 1416 4716; x_wconf 86' lang='lat' dir='ltr'><strong>et</strong></span> <span class='ocrx_word' id='word_1_538' title='bbox 1458 4666 1605 4716; x_wconf 79' lang='lat' dir='ltr'><strong>Paltlt</strong></span> <span class='ocrx_word' id='word_1_539' title='bbox 1640 4669 1924 4716; x_wconf 76' lang='lat' dir='ltr'><strong>ecciesmm</strong></span> <span class='ocrx_word' id='word_1_540' title='bbox 1972 4670 2169 4716; x_wconf 80' lang='lat' dir='ltr'><strong>indth</strong></span> 
     </span>
    </p>
   </div>
   <div class='ocr_carea' id='block_1_69' title="bbox 647 4665 2173 4726">
    <p class='ocr_par' dir='ltr' id='par_1_69' title="bbox 647 4665 2173 4726">
     <span class='ocr_line' id='line_1_70' title="bbox 647 4665 2173 4726; baseline 0.005 -8"><span class='ocrx_word' id='word_1_541' title='bbox 647 4679 775 4719; x_wconf 92' lang='lat' dir='ltr'><strong>orro</strong></span> <span class='ocrx_word' id='word_1_542' title='bbox 824 4665 1007 4720; x_wconf 89' lang='lat' dir='ltr'><strong>titulus</strong></span> <span class='ocrx_word' id='word_1_543' title='bbox 1045 4666 1144 4721; x_wconf 84' lang='lat' dir='ltr'><strong>SS.</strong></span> <span class='ocrx_word' id='word_1_544' title='bbox 1174 4665 1320 4721; x_wconf 88' lang='lat' dir='ltr'><strong>Petri</strong></span> <span class='ocrx_word' id='word_1_545' title='bbox 1361 4676 1416 4720; x_wconf 90' lang='lat' dir='ltr'><strong>et</strong></span> <span class='ocrx_word' id='word_1_546' title='bbox 1457 4666 1606 4723; x_wconf 83' lang='lat' dir='ltr'><strong>Pauli</strong></span> <span class='ocrx_word' id='word_1_547' title='bbox 1640 4665 1924 4724; x_wconf 80' lang='lat' dir='ltr'><strong>ecclesiam</strong></span> <span class='ocrx_word' id='word_1_548' title='bbox 1971 4670 2173 4726; x_wconf 90' lang='lat' dir='ltr'><strong>iudicat</strong></span> 
     </span>
    </p>
   </div>
   <div class='ocr_carea' id='block_1_70' title="bbox 602 4734 2169 4806">
    <p class='ocr_par' dir='ltr' id='par_1_70' title="bbox 602 4734 2169 4806">
     <span class='ocr_line' id='line_1_71' title="bbox 602 4734 2169 4806; baseline 0.004 -19"><span class='ocrx_word' id='word_1_549' title='bbox 602 4736 918 4806; x_wconf 57' lang='lat' dir='ltr'><strong>monasterii</strong></span> <span class='ocrx_word' id='word_1_550' title='bbox 957 4734 1272 4806; x_wconf 60' lang='lat' dir='ltr'><strong>Lobiensis,</strong></span> <span class='ocrx_word' id='word_1_551' title='bbox 1305 4752 1464 4806; x_wconf 88' lang='lat' dir='ltr'><strong>quam</strong></span> <span class='ocrx_word' id='word_1_552' title='bbox 1493 4738 1588 4791; x_wconf 83' lang='lat' dir='ltr'><strong>sub</strong></span> <span class='ocrx_word' id='word_1_553' title='bbox 1621 4738 1772 4792; x_wconf 90' lang='lat' dir='ltr'><strong>titulo</strong></span> <span class='ocrx_word' id='word_1_554' title='bbox 1814 4739 2169 4806; x_wconf 77' lang='lat' dir='ltr'><strong>apostolorum</strong></span> 
     </span>
    </p>
   </div>
   <div class='ocr_carea' id='block_1_71' title="bbox 602 4800 2174 4864">
    <p class='ocr_par' dir='ltr' id='par_1_71' title="bbox 602 4800 2174 4864">
     <span class='ocr_line' id='line_1_72' title="bbox 602 4800 2174 4864; baseline 0.004 -7"><span class='ocrx_word' id='word_1_555' title='bbox 602 4801 669 4857; x_wconf 82' lang='grc' dir='ltr'>Β.</span> <span class='ocrx_word' id='word_1_556' title='bbox 704 4800 851 4858; x_wconf 85' lang='lat' dir='ltr'><strong>Petri</strong></span> <span class='ocrx_word' id='word_1_557' title='bbox 872 4815 920 4860; x_wconf 87' lang='lat' dir='ltr'><strong>et</strong></span> <span class='ocrx_word' id='word_1_558' title='bbox 956 4804 1111 4860; x_wconf 86' lang='lat' dir='ltr'><strong>Pauli</strong></span> <span class='ocrx_word' id='word_1_559' title='bbox 1144 4800 1446 4862; x_wconf 74' lang='lat' dir='ltr'><strong>dedicatam</strong></span> <span class='ocrx_word' id='word_1_560' title='bbox 1483 4807 1646 4862; x_wconf 87' lang='lat' dir='ltr'><strong>tradit</strong></span> <span class='ocrx_word' id='word_1_561' title='bbox 1678 4800 1977 4863; x_wconf 79' lang='lat' dir='ltr'><strong>Fulcardus</strong></span> <span class='ocrx_word' id='word_1_562' title='bbox 2007 4809 2174 4864; x_wconf 79' lang='lat' dir='ltr'><strong>abitas</strong></span> 
     </span>
    </p>
   </div>
   <div class='ocr_carea' id='block_1_72' title="bbox 602 4871 2170 4948">
    <p class='ocr_par' dir='ltr' id='par_1_72' title="bbox 602 4871 2170 4948">
     <span class='ocr_line' id='line_1_73' title="bbox 602 4871 2170 4948; baseline 0.003 -20"><span class='ocrx_word' id='word_1_563' title='bbox 602 4871 660 4948; x_wconf 76' lang='lat' dir='ltr'><strong>in</strong></span> <span class='ocrx_word' id='word_1_564' title='bbox 680 4873 901 4948; x_wconf 79' lang='lat' dir='ltr'><strong>epistola</strong></span> <span class='ocrx_word' id='word_1_565' title='bbox 928 4875 993 4930; x_wconf 88' lang='lat' dir='ltr'><strong>ad</strong></span> <span class='ocrx_word' id='word_1_566' title='bbox 1004 4874 1306 4948; x_wconf 50' lang='lat' dir='ltr'><strong>liguricum</strong></span> <span class='ocrx_word' id='word_1_567' title='bbox 1335 4876 1717 4948; x_wconf 76' lang='lat' dir='ltr'><strong>imperatoer</strong></span> <span class='ocrx_word' id='word_1_568' title='bbox 1744 4886 1873 4932; x_wconf 89' lang='lat' dir='ltr'><strong>tom.</strong></span> <span class='ocrx_word' id='word_1_569' title='bbox 1896 4877 1940 4932; x_wconf 88' lang='grc' dir='ltr'>Π</span> <span class='ocrx_word' id='word_1_570' title='bbox 1982 4875 2170 4948; x_wconf 87' lang='lat' dir='ltr'><strong>Spicil.</strong></span> 
     </span>
    </p>
   </div>
   <div class='ocr_carea' id='block_1_73' title="bbox 598 4940 2167 5016">
    <p class='ocr_par' dir='ltr' id='par_1_73' title="bbox 598 4940 2167 5016">
     <span class='ocr_line' id='line_1_74' title="bbox 598 4940 2167 5016; baseline 0.003 -20"><span class='ocrx_word' id='word_1_571' title='bbox 598 4940 822 5016; x_wconf 38' lang='lat' dir='ltr'><strong>Achar?</strong></span> <span class='ocrx_word' id='word_1_572' title='bbox 850 4958 973 5016; x_wconf 70' lang='lat' dir='ltr'><strong>pag.</strong></span> <span class='ocrx_word' id='word_1_573' title='bbox 1003 4944 1128 5011; x_wconf 68' lang='lat'><strong>747,</strong></span> <span class='ocrx_word' id='word_1_574' title='bbox 1174 4953 1231 5000; x_wconf 90' lang='lat' dir='ltr'><strong>et</strong></span> <span class='ocrx_word' id='word_1_575' title='bbox 1261 4954 1394 5016; x_wconf 79' lang='lat' dir='ltr'><strong>ante</strong></span> <span class='ocrx_word' id='word_1_576' title='bbox 1412 4940 1594 5016; x_wconf 81' lang='lat' dir='ltr'><strong>ipsum</strong></span> <span class='ocrx_word' id='word_1_577' title='bbox 1620 4945 1912 5016; x_wconf 75' lang='lat' dir='ltr'><strong>Fujcuinus</strong></span> <span class='ocrx_word' id='word_1_578' title='bbox 1938 4948 1988 5001; x_wconf 91' lang='lat' dir='ltr'><strong>in</strong></span> <span class='ocrx_word' id='word_1_579' title='bbox 2018 4940 2167 5003; x_wconf 75' lang='lat' dir='ltr'><strong>Gest.</strong></span> 
     </span>
    </p>
   </div>
   <div class='ocr_carea' id='block_1_74' title="bbox 601 5009 2178 5079">
    <p class='ocr_par' dir='ltr' id='par_1_74' title="bbox 601 5009 2178 5079">
     <span class='ocr_line' id='line_1_75' title="bbox 601 5009 2178 5079; baseline 0.005 -15"><span class='ocrx_word' id='word_1_580' title='bbox 601 5009 737 5067; x_wconf 60' lang='grc' dir='ltr'><strong>θυι).</strong></span> <span class='ocrx_word' id='word_1_581' title='bbox 777 5009 1019 5079; x_wconf 73' lang='lat' dir='ltr'><strong>Lobién.,</strong></span> <span class='ocrx_word' id='word_1_582' title='bbox 1049 5009 1212 5070; x_wconf 51' lang='lat' dir='ltr'><strong>c.&#39;tv.</strong></span> <span class='ocrx_word' id='word_1_583' title='bbox 1244 5009 1479 5071; x_wconf 63' lang='lat' dir='ltr'><strong>Adv-erle</strong></span> <span class='ocrx_word' id='word_1_584' title='bbox 1519 5029 1649 5071; x_wconf 84' lang='lat' dir='ltr'><strong>vero</strong></span> <span class='ocrx_word' id='word_1_585' title='bbox 1682 5014 2017 5079; x_wconf 79' lang='lat' dir='ltr'><strong>Ratberium,</strong></span> <span class='ocrx_word' id='word_1_586' title='bbox 2051 5017 2178 5074; x_wconf 88' lang='lat' dir='ltr'><strong>licet</strong></span> 
     </span>
    </p>
   </div>
   <div class='ocr_carea' id='block_1_75' title="bbox 640 5080 2171 5142">
    <p class='ocr_par' dir='ltr' id='par_1_75' title="bbox 640 5080 2171 5142">
     <span class='ocr_line' id='line_1_76' title="bbox 640 5080 2171 5142; baseline 0.005 -8"><span class='ocrx_word' id='word_1_587' title='bbox 640 5080 755 5136; x_wconf 88' lang='lat' dir='ltr'><strong>rius</strong></span> <span class='ocrx_word' id='word_1_588' title='bbox 780 5091 1111 5139; x_wconf 78' lang='lat' dir='ltr'><strong>sanctorum</strong></span> <span class='ocrx_word' id='word_1_589' title='bbox 1155 5081 1300 5139; x_wconf 88' lang='lat' dir='ltr'><strong>Petri</strong></span> <span class='ocrx_word' id='word_1_590' title='bbox 1348 5084 1506 5140; x_wconf 90' lang='lat' dir='ltr'><strong>simul</strong></span> <span class='ocrx_word' id='word_1_591' title='bbox 1554 5092 1611 5141; x_wconf 86' lang='lat' dir='ltr'><strong>et</strong></span> <span class='ocrx_word' id='word_1_592' title='bbox 1653 5083 1802 5138; x_wconf 84' lang='lat' dir='ltr'><strong>Pauli</strong></span> <span class='ocrx_word' id='word_1_593' title='bbox 1844 5086 2171 5142; x_wconf 86' lang='lat' dir='ltr'><strong>mentionem</strong></span> 
     </span>
    </p>
   </div>
   <div class='ocr_carea' id='block_1_76' title="bbox 626 5150 2169 5224">
    <p class='ocr_par' dir='ltr' id='par_1_76' title="bbox 626 5150 2169 5224">
     <span class='ocr_line' id='line_1_77' title="bbox 626 5150 2169 5224; baseline 0.005 -21"><span class='ocrx_word' id='word_1_594' title='bbox 626 5150 803 5224; x_wconf 68' lang='lat' dir='ltr'><strong>iaciat,</strong></span> <span class='ocrx_word' id='word_1_595' title='bbox 827 5151 994 5224; x_wconf 78' lang='lat' dir='ltr'><strong>solius</strong></span> <span class='ocrx_word' id='word_1_596' title='bbox 1028 5162 1212 5210; x_wconf 87' lang='lat' dir='ltr'><strong>tamen</strong></span> <span class='ocrx_word' id='word_1_597' title='bbox 1251 5153 1397 5224; x_wconf 73' lang='lat' dir='ltr'><strong>Petri</strong></span> <span class='ocrx_word' id='word_1_598' title='bbox 1444 5169 1639 5224; x_wconf 84' lang='lat' dir='ltr'><strong>nomen</strong></span> <span class='ocrx_word' id='word_1_599' title='bbox 1685 5162 1867 5224; x_wconf 87' lang='lat' dir='ltr'><strong>postea</strong></span> <span class='ocrx_word' id='word_1_600' title='bbox 1902 5154 2169 5224; x_wconf 77' lang='lat' dir='ltr'><strong>ingerere,</strong></span> 
     </span>
    </p>
   </div>
   <div class='ocr_carea' id='block_1_77' title="bbox 602 5218 2172 5280">
    <p class='ocr_par' dir='ltr' id='par_1_77' title="bbox 602 5218 2172 5280">
     <span class='ocr_line' id='line_1_78' title="bbox 602 5218 2172 5280; baseline 0.006 -8"><span class='ocrx_word' id='word_1_601' title='bbox 602 5218 731 5273; x_wconf 85' lang='lat' dir='ltr'><strong>dum</strong></span> <span class='ocrx_word' id='word_1_602' title='bbox 756 5234 818 5277; x_wconf 81' lang='lat' dir='ltr'><strong>se</strong></span> <span class='ocrx_word' id='word_1_603' title='bbox 858 5218 973 5278; x_wconf 84' lang='lat' dir='ltr'><strong>Deo</strong></span> <span class='ocrx_word' id='word_1_604' title='bbox 993 5230 1052 5279; x_wconf 91' lang='lat' dir='ltr'><strong>et</strong></span> <span class='ocrx_word' id='word_1_605' title='bbox 1074 5231 1255 5279; x_wconf 84' lang='lat' dir='ltr'><strong>sancto</strong></span> <span class='ocrx_word' id='word_1_606' title='bbox 1284 5220 1443 5277; x_wconf 88' lang='lat' dir='ltr'><strong>Petro</strong></span> <span class='ocrx_word' id='word_1_607' title='bbox 1489 5218 1730 5278; x_wconf 82' lang='lat' dir='ltr'><strong>oblatum</strong></span> <span class='ocrx_word' id='word_1_608' title='bbox 1775 5218 2172 5280; x_wconf 44' lang='lat' dir='ltr'><strong>tradithsita4</strong></span> 
     </span>
    </p>
   </div>
   <div class='ocr_carea' id='block_1_78' title="bbox 601 5285 2176 5354">
    <p class='ocr_par' dir='ltr' id='par_1_78' title="bbox 601 5285 2176 5354">
     <span class='ocr_line' id='line_1_79' title="bbox 601 5285 2176 5354; baseline 0.007 -15"><span class='ocrx_word' id='word_1_609' title='bbox 601 5285 796 5344; x_wconf 88' lang='lat' dir='ltr'><strong>tiorem</strong></span> <span class='ocrx_word' id='word_1_610' title='bbox 825 5291 968 5347; x_wconf 86' lang='lat' dir='ltr'><strong>enim</strong></span> <span class='ocrx_word' id='word_1_611' title='bbox 995 5291 1163 5350; x_wconf 82' lang='lat' dir='ltr'><strong>fuisse</strong></span> <span class='ocrx_word' id='word_1_612' title='bbox 1192 5293 1355 5348; x_wconf 90' lang='lat' dir='ltr'><strong>unius</strong></span> <span class='ocrx_word' id='word_1_613' title='bbox 1376 5291 1433 5347; x_wconf 87' lang='lat' dir='ltr'><strong>S.</strong></span> <span class='ocrx_word' id='word_1_614' title='bbox 1466 5292 1611 5347; x_wconf 89' lang='lat' dir='ltr'><strong>Petri</strong></span> <span class='ocrx_word' id='word_1_615' title='bbox 1647 5291 1972 5347; x_wconf 90' lang='lat' dir='ltr'><strong>mentionem</strong></span> <span class='ocrx_word' id='word_1_616' title='bbox 2007 5294 2176 5354; x_wconf 78' lang='lat' dir='ltr'><strong>liquet</strong></span> 
     </span>
    </p>
   </div>
   <div class='ocr_carea' id='block_1_79' title="bbox 997 2988 2252 3086">
    <p class='ocr_par' dir='ltr' id='par_1_79' title="bbox 997 2988 2252 3086">
     <span class='ocr_line' id='line_1_80' title="bbox 997 2988 2252 3086; baseline 0.003 -17"><span class='ocrx_word' id='word_1_617' title='bbox 997 3054 1012 3069; x_wconf 94' lang='lat'><strong>.</strong></span> <span class='ocrx_word' id='word_1_618' title='bbox 1055 3054 1070 3069; x_wconf 96' lang='lat'><strong>.</strong></span> <span class='ocrx_word' id='word_1_619' title='bbox 1122 3054 1138 3070; x_wconf 95' lang='lat'><strong>.</strong></span> <span class='ocrx_word' id='word_1_620' title='bbox 1191 3014 1341 3086; x_wconf 72' lang='lat'><strong>(528)</strong></span> <span class='ocrx_word' id='word_1_621' title='bbox 1396 3015 1801 3072; x_wconf 86' lang='lat' dir='ltr'><strong>immutabiliter</strong></span> <span class='ocrx_word' id='word_1_622' title='bbox 1852 2988 2252 3073; x_wconf 71' lang='lat' dir='ltr'><strong>serviturith</strong></span> 
     </span>
    </p>
   </div>
   <div class='ocr_carea' id='block_1_80' title="bbox 2284 1743 3861 1821">
    <p class='ocr_par' dir='ltr' id='par_1_80' title="bbox 2284 1743 3861 1821">
     <span class='ocr_line' id='line_1_81' title="bbox 2284 1743 3861 1821; baseline 0.009 -26"><span class='ocrx_word' id='word_1_623' title='bbox 2284 1779 2300 1795; x_wconf 96' lang='lat'><strong>.</strong></span> <span class='ocrx_word' id='word_1_624' title='bbox 2350 1782 2358 1791; x_wconf 93' lang='lat'><strong>.</strong></span> <span class='ocrx_word' id='word_1_625' title='bbox 2401 1783 2414 1797; x_wconf 93' lang='lat'><strong>.</strong></span> <span class='ocrx_word' id='word_1_626' title='bbox 2456 1743 2854 1812; x_wconf 72' lang='lat' dir='ltr'><strong>paenitentiam,</strong></span> <span class='ocrx_word' id='word_1_627' title='bbox 2887 1748 3098 1801; x_wconf 87' lang='lat' dir='ltr'><strong>veniam</strong></span> <span class='ocrx_word' id='word_1_628' title='bbox 3124 1750 3317 1804; x_wconf 90' lang='lat' dir='ltr'><strong>mereri</strong></span> <span class='ocrx_word' id='word_1_629' title='bbox 3340 1765 3498 1821; x_wconf 90' lang='lat' dir='ltr'><strong>posse</strong></span> <span class='ocrx_word' id='word_1_630' title='bbox 3523 1767 3612 1807; x_wconf 88' lang='lat' dir='ltr'><strong>me</strong></span> <span class='ocrx_word' id='word_1_631' title='bbox 3632 1752 3861 1811; x_wconf 87' lang='lat' dir='ltr'><strong>aliorum</strong></span> 
     </span>
    </p>
   </div>
   <div class='ocr_carea' id='block_1_81' title="bbox 2287 1832 3859 1897">
    <p class='ocr_par' dir='ltr' id='par_1_81' title="bbox 2287 1832 3859 1897">
     <span class='ocr_line' id='line_1_82' title="bbox 2287 1832 3859 1897; baseline 0.007 -13"><span class='ocrx_word' id='word_1_632' title='bbox 2287 1870 2299 1884; x_wconf 92' lang='lat'><strong>.</strong></span> <span class='ocrx_word' id='word_1_633' title='bbox 2343 1871 2356 1884; x_wconf 91' lang='lat'><strong>.</strong></span> <span class='ocrx_word' id='word_1_634' title='bbox 2399 1871 2414 1886; x_wconf 96' lang='lat'><strong>.</strong></span> <span class='ocrx_word' id='word_1_635' title='bbox 2455 1872 2469 1885; x_wconf 92' lang='lat'><strong>.</strong></span> <span class='ocrx_word' id='word_1_636' title='bbox 2514 1871 2527 1885; x_wconf 92' lang='lat'><strong>.</strong></span> <span class='ocrx_word' id='word_1_637' title='bbox 2571 1832 2627 1887; x_wconf 92' lang='lat' dir='ltr'><strong>Si</strong></span> <span class='ocrx_word' id='word_1_638' title='bbox 2656 1848 2783 1888; x_wconf 92' lang='lat' dir='ltr'><strong>vero</strong></span> <span class='ocrx_word' id='word_1_639' title='bbox 2819 1835 2885 1889; x_wconf 91' lang='lat' dir='ltr'><strong>de</strong></span> <span class='ocrx_word' id='word_1_640' title='bbox 2932 1836 3034 1891; x_wconf 89' lang='lat' dir='ltr'><strong>isto</strong></span> <span class='ocrx_word' id='word_1_641' title='bbox 3061 1837 3176 1892; x_wconf 89' lang='lat' dir='ltr'><strong>solo</strong></span> <span class='ocrx_word' id='word_1_642' title='bbox 3198 1839 3482 1893; x_wconf 89' lang='lat' dir='ltr'><strong>consilium</strong></span> <span class='ocrx_word' id='word_1_643' title='bbox 3512 1857 3623 1896; x_wconf 80' lang='lat' dir='ltr'><strong>non</strong></span> <span class='ocrx_word' id='word_1_644' title='bbox 3661 1857 3749 1897; x_wconf 87' lang='lat' dir='ltr'><strong>ca.</strong></span> <span class='ocrx_word' id='word_1_645' title='bbox 3791 1882 3805 1896; x_wconf 98' lang='lat'><strong>.</strong></span> <span class='ocrx_word' id='word_1_646' title='bbox 3847 1883 3859 1895; x_wconf 94' lang='lat'><strong>.</strong></span> 
     </span>
    </p>
   </div>
   <div class='ocr_carea' id='block_1_82' title="bbox 2344 1922 3861 1996">
    <p class='ocr_par' dir='ltr' id='par_1_82' title="bbox 2344 1922 3861 1996">
     <span class='ocr_line' id='line_1_83' title="bbox 2344 1922 3861 1996; baseline 0.008 -21"><span class='ocrx_word' id='word_1_647' title='bbox 2344 1961 2359 1975; x_wconf 95' lang='lat'><strong>.</strong></span> <span class='ocrx_word' id='word_1_648' title='bbox 2416 1922 2701 1991; x_wconf 89' lang='lat' dir='ltr'><strong>metipsum</strong></span> <span class='ocrx_word' id='word_1_649' title='bbox 2752 1924 2964 1979; x_wconf 89' lang='lat' dir='ltr'><strong>veniam</strong></span> <span class='ocrx_word' id='word_1_650' title='bbox 3020 1928 3287 1996; x_wconf 80' lang='lat' dir='ltr'><strong>sperando</strong></span> <span class='ocrx_word' id='word_1_651' title='bbox 3342 1931 3571 1986; x_wconf 86' lang='lat' dir='ltr'><strong>istorum</strong></span> <span class='ocrx_word' id='word_1_652' title='bbox 3612 1970 3628 1983; x_wconf 95' lang='lat'><strong>.</strong></span> <span class='ocrx_word' id='word_1_653' title='bbox 3677 1973 3695 1988; x_wconf 96' lang='lat'><strong>.</strong></span> <span class='ocrx_word' id='word_1_654' title='bbox 3732 1972 3750 1989; x_wconf 97' lang='lat'><strong>.</strong></span> <span class='ocrx_word' id='word_1_655' title='bbox 3790 1975 3804 1988; x_wconf 93' lang='lat'><strong>.</strong></span> <span class='ocrx_word' id='word_1_656' title='bbox 3843 1973 3861 1987; x_wconf 96' lang='lat'><strong>.</strong></span> 
     </span>
    </p>
   </div>
   <div class='ocr_carea' id='block_1_83' title="bbox 2283 2009 3863 2095">
    <p class='ocr_par' dir='ltr' id='par_1_83' title="bbox 2283 2009 3863 2095">
     <span class='ocr_line' id='line_1_84' title="bbox 2283 2009 3863 2095; baseline 0.009 -30"><span class='ocrx_word' id='word_1_657' title='bbox 2283 2010 2375 2065; x_wconf 85' lang='lat' dir='ltr'><strong>bet</strong></span> <span class='ocrx_word' id='word_1_658' title='bbox 2398 2009 2612 2081; x_wconf 81' lang='lat' dir='ltr'><strong>ingenio</strong></span> <span class='ocrx_word' id='word_1_659' title='bbox 2661 2013 2881 2070; x_wconf 90' lang='lat' dir='ltr'><strong>omnino</strong></span> <span class='ocrx_word' id='word_1_660' title='bbox 2920 2015 3092 2071; x_wconf 90' lang='lat' dir='ltr'><strong>videri</strong></span> <span class='ocrx_word' id='word_1_661' title='bbox 3139 2018 3315 2073; x_wconf 89' lang='lat' dir='ltr'><strong>datur.</strong></span> <span class='ocrx_word' id='word_1_662' title='bbox 3359 2058 3374 2073; x_wconf 92' lang='lat'><strong>.</strong></span> <span class='ocrx_word' id='word_1_663' title='bbox 3408 2061 3433 2074; x_wconf 44' lang='grc' dir='ltr'>ν.</span> <span class='ocrx_word' id='word_1_664' title='bbox 3476 2060 3490 2073; x_wconf 94' lang='grc'><strong>.</strong></span> <span class='ocrx_word' id='word_1_665' title='bbox 3534 2062 3550 2077; x_wconf 93' lang='grc'><strong>.</strong></span> <span class='ocrx_word' id='word_1_666' title='bbox 3594 2021 3703 2079; x_wconf 87' lang='lat' dir='ltr'><strong>Sed</strong></span> <span class='ocrx_word' id='word_1_667' title='bbox 3724 2024 3863 2095; x_wconf 88' lang='lat' dir='ltr'><strong>quod</strong></span> 
     </span>
    </p>
   </div>
   <div class='ocr_carea' id='block_1_84' title="bbox 2282 2101 3864 2185">
    <p class='ocr_par' dir='ltr' id='par_1_84' title="bbox 2282 2101 3864 2185">
     <span class='ocr_line' id='line_1_85' title="bbox 2282 2101 3864 2185; baseline 0.012 -31"><span class='ocrx_word' id='word_1_668' title='bbox 2282 2101 2603 2157; x_wconf 77' lang='lat' dir='ltr'><strong>consilium?</strong></span> <span class='ocrx_word' id='word_1_669' title='bbox 2639 2104 2817 2176; x_wconf 89' lang='lat' dir='ltr'><strong>inquis</strong></span> <span class='ocrx_word' id='word_1_670' title='bbox 2858 2146 2871 2159; x_wconf 93' lang='lat'><strong>.</strong></span> <span class='ocrx_word' id='word_1_671' title='bbox 2917 2146 2929 2160; x_wconf 93' lang='lat'><strong>.</strong></span> <span class='ocrx_word' id='word_1_672' title='bbox 2976 2147 2989 2159; x_wconf 94' lang='lat'><strong>.</strong></span> <span class='ocrx_word' id='word_1_673' title='bbox 3032 2149 3045 2162; x_wconf 92' lang='lat'><strong>.</strong></span> <span class='ocrx_word' id='word_1_674' title='bbox 3095 2150 3108 2162; x_wconf 93' lang='lat'><strong>.</strong></span> <span class='ocrx_word' id='word_1_675' title='bbox 3152 2109 3386 2177; x_wconf 82' lang='lat' dir='ltr'><strong>illorum,</strong></span> <span class='ocrx_word' id='word_1_676' title='bbox 3413 2112 3466 2168; x_wconf 92' lang='lat' dir='ltr'><strong>id</strong></span> <span class='ocrx_word' id='word_1_677' title='bbox 3496 2118 3753 2185; x_wconf 83' lang='lat' dir='ltr'><strong>estquod</strong></span> <span class='ocrx_word' id='word_1_678' title='bbox 3800 2118 3864 2173; x_wconf 89' lang='lat' dir='ltr'><strong>dc</strong></span> 
     </span>
    </p>
   </div>
   <div class='ocr_carea' id='block_1_85' title="bbox 2281 2193 3864 2274">
    <p class='ocr_par' dir='ltr' id='par_1_85' title="bbox 2281 2193 3864 2274">
     <span class='ocr_line' id='line_1_86' title="bbox 2281 2193 3864 2274; baseline 0.011 -27"><span class='ocrx_word' id='word_1_679' title='bbox 2281 2193 2531 2249; x_wconf 88' lang='lat' dir='ltr'><strong>omnibus</strong></span> <span class='ocrx_word' id='word_1_680' title='bbox 2572 2233 2586 2247; x_wconf 93' lang='lat'><strong>.</strong></span> <span class='ocrx_word' id='word_1_681' title='bbox 2630 2235 2644 2248; x_wconf 96' lang='lat'><strong>.</strong></span> <span class='ocrx_word' id='word_1_682' title='bbox 2688 2236 2702 2250; x_wconf 96' lang='lat'><strong>.</strong></span> <span class='ocrx_word' id='word_1_683' title='bbox 2747 2237 2763 2251; x_wconf 95' lang='lat'><strong>.</strong></span> <span class='ocrx_word' id='word_1_684' title='bbox 2809 2238 2822 2252; x_wconf 95' lang='lat'><strong>.</strong></span> <span class='ocrx_word' id='word_1_685' title='bbox 2862 2198 2988 2255; x_wconf 88' lang='lat' dir='ltr'><strong>illttd</strong></span> <span class='ocrx_word' id='word_1_686' title='bbox 3019 2199 3297 2272; x_wconf 87' lang='lat' dir='ltr'><strong>Scriptura</strong></span> <span class='ocrx_word' id='word_1_687' title='bbox 3333 2207 3508 2273; x_wconf 88' lang='lat' dir='ltr'><strong>potius</strong></span> <span class='ocrx_word' id='word_1_688' title='bbox 3541 2227 3557 2262; x_wconf 86' lang='lat'><strong>:</strong></span> <span class='ocrx_word' id='word_1_689' title='bbox 3594 2207 3706 2274; x_wconf 80' lang='lat' dir='ltr'><strong>Qui</strong></span> <span class='ocrx_word' id='word_1_690' title='bbox 3755 2211 3864 2265; x_wconf 80' lang='lat' dir='ltr'><strong>abs-</strong></span> 
     </span>
    </p>
   </div>
   <div class='ocr_carea' id='block_1_86' title="bbox 2284 2286 3860 2367">
    <p class='ocr_par' dir='ltr' id='par_1_86' title="bbox 2284 2286 3860 2367">
     <span class='ocr_line' id='line_1_87' title="bbox 2284 2286 3860 2367; baseline 0.012 -29"><span class='ocrx_word' id='word_1_691' title='bbox 2284 2286 2457 2339; x_wconf 84' lang='lat' dir='ltr'><strong>condit</strong></span> <span class='ocrx_word' id='word_1_692' title='bbox 2503 2286 2699 2341; x_wconf 86' lang='lat' dir='ltr'><strong>scelera</strong></span> <span class='ocrx_word' id='word_1_693' title='bbox 2727 2306 2843 2355; x_wconf 84' lang='lat' dir='ltr'><strong>sua,</strong></span> <span class='ocrx_word' id='word_1_694' title='bbox 2902 2308 3004 2345; x_wconf 88' lang='lat' dir='ltr'><strong>non</strong></span> <span class='ocrx_word' id='word_1_695' title='bbox 3027 2292 3282 2364; x_wconf 84' lang='lat' dir='ltr'><strong>dirigetur</strong></span> <span class='ocrx_word' id='word_1_696' title='bbox 3323 2296 3507 2366; x_wconf 81' lang='lat' dir='ltr'><strong>(l’rov.</strong></span> <span class='ocrx_word' id='word_1_697' title='bbox 3531 2316 3728 2365; x_wconf 80' lang='lat' dir='ltr'><strong>xxvtn,</strong></span> <span class='ocrx_word' id='word_1_698' title='bbox 3756 2301 3860 2367; x_wconf 74' lang='lat' dir='ltr'><strong>i5).</strong></span> 
     </span>
    </p>
   </div>
   <div class='ocr_carea' id='block_1_87' title="bbox 2355 2373 3862 2457">
    <p class='ocr_par' dir='ltr' id='par_1_87' title="bbox 2355 2373 3862 2457">
     <span class='ocr_line' id='line_1_88' title="bbox 2355 2373 3862 2457; baseline 0.013 -30"><span class='ocrx_word' id='word_1_699' title='bbox 2355 2373 2443 2427; x_wconf 77' lang='grc'><strong>12.</strong></span> <span class='ocrx_word' id='word_1_700' title='bbox 2486 2373 2551 2429; x_wconf 85' lang='grc' dir='ltr'><strong>Ει</strong></span> <span class='ocrx_word' id='word_1_701' title='bbox 2589 2385 2668 2442; x_wconf 84' lang='grc' dir='ltr'><strong>ιιι,</strong></span> <span class='ocrx_word' id='word_1_702' title='bbox 2701 2377 2900 2447; x_wconf 89' lang='lat' dir='ltr'><strong>inquis,</strong></span> <span class='ocrx_word' id='word_1_703' title='bbox 2925 2396 3028 2434; x_wconf 90' lang='lat' dir='ltr'><strong>non</strong></span> <span class='ocrx_word' id='word_1_704' title='bbox 3060 2380 3365 2451; x_wconf 77' lang='lat' dir='ltr'><strong>abscondis,</strong></span> <span class='ocrx_word' id='word_1_705' title='bbox 3391 2387 3483 2456; x_wconf 85' lang='lat' dir='ltr'><strong>qui</strong></span> <span class='ocrx_word' id='word_1_706' title='bbox 3511 2391 3678 2443; x_wconf 88' lang='lat' dir='ltr'><strong>etiam</strong></span> <span class='ocrx_word' id='word_1_707' title='bbox 3710 2392 3862 2457; x_wconf 84' lang='lat' dir='ltr'><strong>mihi,</strong></span> 
     </span>
    </p>
   </div>
   <div class='ocr_carea' id='block_1_88' title="bbox 2284 2464 3867 2541">
    <p class='ocr_par' dir='ltr' id='par_1_88' title="bbox 2284 2464 3867 2541">
     <span class='ocr_line' id='line_1_89' title="bbox 2284 2464 3867 2541; baseline 0.015 -22"><span class='ocrx_word' id='word_1_708' title='bbox 2284 2464 2392 2520; x_wconf 92' lang='lat' dir='ltr'><strong>imo</strong></span> <span class='ocrx_word' id='word_1_709' title='bbox 2427 2468 2618 2523; x_wconf 90' lang='lat' dir='ltr'><strong>amicis</strong></span> <span class='ocrx_word' id='word_1_710' title='bbox 2647 2480 2701 2523; x_wconf 92' lang='lat' dir='ltr'><strong>et</strong></span> <span class='ocrx_word' id='word_1_711' title='bbox 2739 2471 2995 2541; x_wconf 91' lang='lat' dir='ltr'><strong>inimicis,</strong></span> <span class='ocrx_word' id='word_1_712' title='bbox 3026 2483 3079 2529; x_wconf 91' lang='lat' dir='ltr'><strong>et</strong></span> <span class='ocrx_word' id='word_1_713' title='bbox 3112 2476 3276 2530; x_wconf 79' lang='lat' dir='ltr'><strong>etiam</strong></span> <span class='ocrx_word' id='word_1_714' title='bbox 3304 2480 3592 2537; x_wconf 86' lang='lat' dir='ltr'><strong>scribendo</strong></span> <span class='ocrx_word' id='word_1_715' title='bbox 3640 2485 3867 2541; x_wconf 80' lang='lat' dir='ltr'><strong>conﬁte-</strong></span> 
     </span>
    </p>
   </div>
   <div class='ocr_carea' id='block_1_89' title="bbox 2283 2554 3859 2645">
    <p class='ocr_par' dir='ltr' id='par_1_89' title="bbox 2283 2554 3859 2645">
     <span class='ocr_line' id='line_1_90' title="bbox 2283 2554 3859 2645; baseline 0.015 -39"><span class='ocrx_word' id='word_1_716' title='bbox 2283 2554 2384 2609; x_wconf 88' lang='lat' dir='ltr'><strong>ris.</strong></span> <span class='ocrx_word' id='word_1_717' title='bbox 2408 2554 2591 2623; x_wconf 85' lang='lat' dir='ltr'><strong>Facio,</strong></span> <span class='ocrx_word' id='word_1_718' title='bbox 2622 2559 2861 2629; x_wconf 88' lang='lat' dir='ltr'><strong>inquam,</strong></span> <span class='ocrx_word' id='word_1_719' title='bbox 2888 2561 3049 2628; x_wconf 89' lang='lat' dir='ltr'><strong>facio,</strong></span> <span class='ocrx_word' id='word_1_720' title='bbox 3079 2566 3171 2620; x_wconf 88' lang='lat' dir='ltr'><strong>sed</strong></span> <span class='ocrx_word' id='word_1_721' title='bbox 3194 2580 3260 2619; x_wconf 91' lang='lat' dir='ltr'><strong>ne</strong></span> <span class='ocrx_word' id='word_1_722' title='bbox 3288 2583 3373 2623; x_wconf 90' lang='lat' dir='ltr'><strong>me</strong></span> <span class='ocrx_word' id='word_1_723' title='bbox 3417 2569 3659 2642; x_wconf 88' lang='lat' dir='ltr'><strong>decipias</strong></span> <span class='ocrx_word' id='word_1_724' title='bbox 3712 2590 3859 2645; x_wconf 76' lang='lat' dir='ltr'><strong>rogo.</strong></span> 
     </span>
    </p>
   </div>
   <div class='ocr_carea' id='block_1_90' title="bbox 2283 2643 3863 2729">
    <p class='ocr_par' dir='ltr' id='par_1_90' title="bbox 2283 2643 3863 2729">
     <span class='ocr_line' id='line_1_91' title="bbox 2283 2643 3863 2729; baseline 0.015 -31"><span class='ocrx_word' id='word_1_725' title='bbox 2283 2643 2618 2716; x_wconf 87' lang='lat' dir='ltr'><strong>Scripturam</strong></span> <span class='ocrx_word' id='word_1_726' title='bbox 2665 2651 2844 2719; x_wconf 91' lang='lat' dir='ltr'><strong>potius</strong></span> <span class='ocrx_word' id='word_1_727' title='bbox 2891 2654 3094 2723; x_wconf 87' lang='lat' dir='ltr'><strong>pariter</strong></span> <span class='ocrx_word' id='word_1_728' title='bbox 3142 2656 3423 2715; x_wconf 88' lang='lat' dir='ltr'><strong>audiamus</strong></span> <span class='ocrx_word' id='word_1_729' title='bbox 3477 2679 3491 2714; x_wconf 90' lang='lat'>:</span> <span class='ocrx_word' id='word_1_730' title='bbox 3537 2662 3645 2729; x_wconf 82' lang='lat' dir='ltr'><strong>Qui</strong></span> <span class='ocrx_word' id='word_1_731' title='bbox 3692 2643 3863 2721; x_wconf 77' lang='lat' dir='ltr'><strong>autem</strong></span> 
     </span>
    </p>
   </div>
   <div class='ocr_carea' id='block_1_91' title="bbox 2285 2736 3863 2820">
    <p class='ocr_par' dir='ltr' id='par_1_91' title="bbox 2285 2736 3863 2820">
     <span class='ocr_line' id='line_1_92' title="bbox 2285 2736 3863 2820; baseline 0.013 -32"><span class='ocrx_word' id='word_1_732' title='bbox 2285 2736 2559 2806; x_wconf 82' lang='lat' dir='ltr'><strong>confessus</strong></span> <span class='ocrx_word' id='word_1_733' title='bbox 2603 2738 3014 2809; x_wconf 79' lang='lat' dir='ltr'><strong>fuerit;audis?</strong></span> <span class='ocrx_word' id='word_1_734' title='bbox 3042 2745 3233 2816; x_wconf 79' lang='lat' dir='ltr'><strong>inquis.</strong></span> <span class='ocrx_word' id='word_1_735' title='bbox 3296 2747 3373 2803; x_wconf 87' lang='lat' dir='ltr'><strong>Ne</strong></span> <span class='ocrx_word' id='word_1_736' title='bbox 3419 2749 3662 2820; x_wconf 83' lang='lat' dir='ltr'><strong>festines,</strong></span> <span class='ocrx_word' id='word_1_737' title='bbox 3687 2770 3863 2818; x_wconf 85' lang='lat' dir='ltr'><strong>mane,</strong></span> 
     </span>
    </p>
   </div>
   <div class='ocr_carea' id='block_1_92' title="bbox 2291 2828 3866 2915">
    <p class='ocr_par' dir='ltr' id='par_1_92' title="bbox 2291 2828 3866 2915">
     <span class='ocr_line' id='line_1_93' title="bbox 2291 2828 3866 2915; baseline 0.013 -31"><span class='ocrx_word' id='word_1_738' title='bbox 2291 2828 2535 2898; x_wconf 87' lang='lat' dir='ltr'><strong>inquam,</strong></span> <span class='ocrx_word' id='word_1_739' title='bbox 2564 2840 2620 2887; x_wconf 91' lang='lat' dir='ltr'><strong>et</strong></span> <span class='ocrx_word' id='word_1_740' title='bbox 2640 2834 2764 2889; x_wconf 86' lang='lat' dir='ltr'><strong>vide</strong></span> <span class='ocrx_word' id='word_1_741' title='bbox 2789 2837 2930 2905; x_wconf 91' lang='lat' dir='ltr'><strong>quod</strong></span> <span class='ocrx_word' id='word_1_742' title='bbox 2960 2839 3207 2908; x_wconf 86' lang='lat' dir='ltr'><strong>sequitur</strong></span> <span class='ocrx_word' id='word_1_743' title='bbox 3237 2859 3250 2894; x_wconf 89' lang='lat'>:</span> <span class='ocrx_word' id='word_1_744' title='bbox 3282 2851 3329 2896; x_wconf 87' lang='lat' dir='ltr'><strong>et</strong></span> <span class='ocrx_word' id='word_1_745' title='bbox 3354 2843 3622 2915; x_wconf 81' lang='lat' dir='ltr'><strong>reliquerit</strong></span> <span class='ocrx_word' id='word_1_746' title='bbox 3640 2863 3737 2913; x_wconf 86' lang='lat' dir='ltr'><strong>ea;</strong></span> <span class='ocrx_word' id='word_1_747' title='bbox 3768 2849 3866 2905; x_wconf 83' lang='lat' dir='ltr'><strong>hoc</strong></span> 
     </span>
    </p>
   </div>
   <div class='ocr_carea' id='block_1_93' title="bbox 2282 2918 3861 3010">
    <p class='ocr_par' dir='ltr' id='par_1_93' title="bbox 2282 2918 3861 3010">
     <span class='ocr_line' id='line_1_94' title="bbox 2282 2918 3861 3010; baseline 0.014 -37"><span class='ocrx_word' id='word_1_748' title='bbox 2282 2918 2547 2976; x_wconf 86' lang='lat' dir='ltr'><strong>faciamus</strong></span> <span class='ocrx_word' id='word_1_749' title='bbox 2577 2932 2631 2977; x_wconf 91' lang='lat' dir='ltr'><strong>et</strong></span> <span class='ocrx_word' id='word_1_750' title='bbox 2663 2924 2728 2979; x_wconf 90' lang='lat' dir='ltr'><strong>de</strong></span> <span class='ocrx_word' id='word_1_751' title='bbox 2760 2925 2941 2982; x_wconf 86' lang='lat' dir='ltr'><strong>multis</strong></span> <span class='ocrx_word' id='word_1_752' title='bbox 2967 2938 3020 2983; x_wconf 88' lang='lat' dir='ltr'><strong>et</strong></span> <span class='ocrx_word' id='word_1_753' title='bbox 3050 2930 3117 2984; x_wconf 92' lang='lat' dir='ltr'><strong>de</strong></span> <span class='ocrx_word' id='word_1_754' title='bbox 3152 2947 3278 2996; x_wconf 89' lang='lat' dir='ltr'><strong>uno,</strong></span> <span class='ocrx_word' id='word_1_755' title='bbox 3302 2934 3395 2988; x_wconf 85' lang='lat' dir='ltr'><strong>sed</strong></span> <span class='ocrx_word' id='word_1_756' title='bbox 3424 2936 3491 2990; x_wconf 88' lang='lat' dir='ltr'><strong>de</strong></span> <span class='ocrx_word' id='word_1_757' title='bbox 3518 2936 3626 2992; x_wconf 89' lang='lat' dir='ltr'><strong>isto</strong></span> <span class='ocrx_word' id='word_1_758' title='bbox 3646 2940 3861 3010; x_wconf 89' lang='lat' dir='ltr'><strong>potius,</strong></span> 
     </span>
    </p>
   </div>
   <div class='ocr_carea' id='block_1_94' title="bbox 2282 3011 3865 3099">
    <p class='ocr_par' dir='ltr' id='par_1_94' title="bbox 2282 3011 3865 3099">
     <span class='ocr_line' id='line_1_95' title="bbox 2282 3011 3865 3099; baseline 0.013 -32"><span class='ocrx_word' id='word_1_759' title='bbox 2282 3020 2337 3067; x_wconf 87' lang='lat' dir='ltr'><strong>et</strong></span> <span class='ocrx_word' id='word_1_760' title='bbox 2359 3011 2607 3068; x_wconf 86' lang='lat' dir='ltr'><strong>hilariter</strong></span> <span class='ocrx_word' id='word_1_761' title='bbox 2628 3015 2910 3073; x_wconf 85' lang='lat' dir='ltr'><strong>audiamus</strong></span> <span class='ocrx_word' id='word_1_762' title='bbox 2934 3036 2947 3072; x_wconf 91' lang='lat'><strong>:</strong></span> <span class='ocrx_word' id='word_1_763' title='bbox 2975 3022 3332 3077; x_wconf 82' lang='lat' dir='ltr'><strong>misericordia</strong></span> <span class='ocrx_word' id='word_1_764' title='bbox 3353 3041 3718 3099; x_wconf 79' lang='lat' dir='ltr'><strong>consequetur.</strong></span> <span class='ocrx_word' id='word_1_765' title='bbox 3742 3030 3865 3087; x_wconf 57' lang='lat' dir='ltr'><strong>Haec</strong></span> 
     </span>
    </p>
   </div>
   <div class='ocr_carea' id='block_1_95' title="bbox 2282 3106 3863 3181">
    <p class='ocr_par' dir='ltr' id='par_1_95' title="bbox 2282 3106 3863 3181">
     <span class='ocr_line' id='line_1_96' title="bbox 2282 3106 3863 3181; baseline 0.011 -22"><span class='ocrx_word' id='word_1_766' title='bbox 2282 3118 2496 3181; x_wconf 86' lang='lat' dir='ltr'><strong>semper</strong></span> <span class='ocrx_word' id='word_1_767' title='bbox 2539 3106 2691 3172; x_wconf 87' lang='lat' dir='ltr'><strong>mihi,</strong></span> <span class='ocrx_word' id='word_1_768' title='bbox 2745 3107 2858 3164; x_wconf 66' lang='lat' dir='ltr'><strong>hmo</strong></span> <span class='ocrx_word' id='word_1_769' title='bbox 2907 3108 3085 3165; x_wconf 87' lang='lat' dir='ltr'><strong>fuerat</strong></span> <span class='ocrx_word' id='word_1_770' title='bbox 3125 3115 3340 3170; x_wconf 90' lang='lat' dir='ltr'><strong>occasio</strong></span> <span class='ocrx_word' id='word_1_771' title='bbox 3399 3116 3607 3173; x_wconf 87' lang='lat' dir='ltr'><strong>nullum</strong></span> <span class='ocrx_word' id='word_1_772' title='bbox 3648 3120 3863 3177; x_wconf 86' lang='lat' dir='ltr'><strong>illorum</strong></span> 
     </span>
    </p>
   </div>
   <div class='ocr_carea' id='block_1_96' title="bbox 2282 3197 3861 3274">
    <p class='ocr_par' dir='ltr' id='par_1_96' title="bbox 2282 3197 3861 3274">
     <span class='ocr_line' id='line_1_97' title="bbox 2282 3197 3861 3274; baseline 0.012 -24"><span class='ocrx_word' id='word_1_773' title='bbox 2282 3197 2570 3251; x_wconf 89' lang='lat' dir='ltr'><strong>criminum</strong></span> <span class='ocrx_word' id='word_1_774' title='bbox 2593 3197 3049 3270; x_wconf 85' lang='lat' dir='ltr'><strong>confitendi,quia</strong></span> <span class='ocrx_word' id='word_1_775' title='bbox 3085 3203 3388 3274; x_wconf 85' lang='lat' dir='ltr'><strong>relinquere</strong></span> <span class='ocrx_word' id='word_1_776' title='bbox 3440 3208 3582 3265; x_wconf 89' lang='lat' dir='ltr'><strong>istud</strong></span> <span class='ocrx_word' id='word_1_777' title='bbox 3644 3213 3861 3269; x_wconf 82' lang='lat' dir='ltr'><strong>animus</strong></span> 
     </span>
    </p>
   </div>
   <div class='ocr_carea' id='block_1_97' title="bbox 2273 3275 3857 3369">
    <p class='ocr_par' dir='ltr' id='par_1_97' title="bbox 2273 3275 3857 3369">
     <span class='ocr_line' id='line_1_98' title="bbox 2273 3275 3857 3369; baseline 0.014 -29"><span class='ocrx_word' id='word_1_778' title='bbox 2273 3275 2457 3341; x_wconf 79' lang='lat' dir='ltr'><strong>adhuc</strong></span> <span class='ocrx_word' id='word_1_779' title='bbox 2483 3286 2701 3342; x_wconf 88' lang='lat' dir='ltr'><strong>minime</strong></span> <span class='ocrx_word' id='word_1_780' title='bbox 2735 3296 2869 3344; x_wconf 85' lang='lat' dir='ltr'><strong>erat.</strong></span> <span class='ocrx_word' id='word_1_781' title='bbox 2917 3289 3240 3363; x_wconf 80' lang='lat' dir='ltr'><strong>Relinquere</strong></span> <span class='ocrx_word' id='word_1_782' title='bbox 3263 3312 3392 3352; x_wconf 85' lang='lat' dir='ltr'><strong>vero</strong></span> <span class='ocrx_word' id='word_1_783' title='bbox 3422 3310 3623 3357; x_wconf 74' lang='lat' dir='ltr'><strong>cretera</strong></span> <span class='ocrx_word' id='word_1_784' title='bbox 3649 3304 3770 3369; x_wconf 87' lang='lat' dir='ltr'><strong>illa,</strong></span> <span class='ocrx_word' id='word_1_785' title='bbox 3805 3306 3857 3361; x_wconf 92' lang='lat' dir='ltr'><strong>in</strong></span> 
     </span>
    </p>
   </div>
   <div class='ocr_carea' id='block_1_98' title="bbox 2280 3380 3865 3464">
    <p class='ocr_par' dir='ltr' id='par_1_98' title="bbox 2280 3380 3865 3464">
     <span class='ocr_line' id='line_1_99' title="bbox 2280 3380 3865 3464; baseline 0.015 -32"><span class='ocrx_word' id='word_1_786' title='bbox 2280 3386 2528 3449; x_wconf 85' lang='lat' dir='ltr'><strong>promptu</strong></span> <span class='ocrx_word' id='word_1_787' title='bbox 2578 3388 2715 3445; x_wconf 90' lang='lat' dir='ltr'><strong>erat,</strong></span> <span class='ocrx_word' id='word_1_788' title='bbox 2745 3380 2885 3437; x_wconf 90' lang='lat' dir='ltr'><strong>sicut</strong></span> <span class='ocrx_word' id='word_1_789' title='bbox 2929 3383 3042 3454; x_wconf 84' lang='lat' dir='ltr'><strong>jam</strong></span> <span class='ocrx_word' id='word_1_790' title='bbox 3098 3384 3201 3441; x_wconf 79' lang='lat' dir='ltr'><strong>fuci</strong></span> <span class='ocrx_word' id='word_1_791' title='bbox 3246 3391 3490 3457; x_wconf 62' lang='lat' dir='ltr'><strong>quiedam</strong></span> <span class='ocrx_word' id='word_1_792' title='bbox 3540 3399 3865 3464; x_wconf 84' lang='lat' dir='ltr'><strong>pauca,sed</strong></span> 
     </span>
    </p>
   </div>
   <div class='ocr_carea' id='block_1_99' title="bbox 2281 3470 3860 3550">
    <p class='ocr_par' dir='ltr' id='par_1_99' title="bbox 2281 3470 3860 3550">
     <span class='ocr_line' id='line_1_100' title="bbox 2281 3470 3860 3550; baseline 0.013 -26"><span class='ocrx_word' id='word_1_793' title='bbox 2281 3470 2484 3524; x_wconf 90' lang='lat' dir='ltr'><strong>utinam</strong></span> <span class='ocrx_word' id='word_1_794' title='bbox 2516 3484 2622 3524; x_wconf 92' lang='lat' dir='ltr'><strong>non</strong></span> <span class='ocrx_word' id='word_1_795' title='bbox 2650 3470 2927 3536; x_wconf 90' lang='lat' dir='ltr'><strong>inutiliter,</strong></span> <span class='ocrx_word' id='word_1_796' title='bbox 2957 3473 3160 3531; x_wconf 88' lang='lat' dir='ltr'><strong>utinam</strong></span> <span class='ocrx_word' id='word_1_797' title='bbox 3184 3492 3627 3550; x_wconf 84' lang='lat' dir='ltr'><strong>perseveranter;</strong></span> <span class='ocrx_word' id='word_1_798' title='bbox 3662 3488 3758 3542; x_wconf 87' lang='lat' dir='ltr'><strong>sed</strong></span> <span class='ocrx_word' id='word_1_799' title='bbox 3809 3490 3860 3544; x_wconf 89' lang='lat' dir='ltr'><strong>in</strong></span> 
     </span>
    </p>
   </div>
   <div class='ocr_carea' id='block_1_100' title="bbox 2280 3561 3869 3648">
    <p class='ocr_par' dir='ltr' id='par_1_100' title="bbox 2280 3561 3869 3648">
     <span class='ocr_line' id='line_1_101' title="bbox 2280 3561 3869 3648; baseline 0.012 -33"><span class='ocrx_word' id='word_1_800' title='bbox 2280 3562 2386 3616; x_wconf 90' lang='lat' dir='ltr'><strong>isto</strong></span> <span class='ocrx_word' id='word_1_801' title='bbox 2416 3576 2502 3616; x_wconf 90' lang='lat' dir='ltr'><strong>me</strong></span> <span class='ocrx_word' id='word_1_802' title='bbox 2532 3561 2891 3618; x_wconf 86' lang='lat' dir='ltr'><strong>obduraverat</strong></span> <span class='ocrx_word' id='word_1_803' title='bbox 2916 3565 3096 3621; x_wconf 67' lang='lat' dir='ltr'><strong>saeculi</strong></span> <span class='ocrx_word' id='word_1_804' title='bbox 3123 3568 3348 3634; x_wconf 87' lang='lat' dir='ltr'><strong>vanitas,</strong></span> <span class='ocrx_word' id='word_1_805' title='bbox 3368 3574 3526 3628; x_wconf 90' lang='lat' dir='ltr'><strong>modo</strong></span> <span class='ocrx_word' id='word_1_806' title='bbox 3560 3590 3692 3631; x_wconf 83' lang='lat' dir='ltr'><strong>vero</strong></span> <span class='ocrx_word' id='word_1_807' title='bbox 3718 3595 3869 3648; x_wconf 77' lang='lat' dir='ltr'><strong>qua:-</strong></span> 
     </span>
    </p>
   </div>
   <div class='ocr_carea' id='block_1_101' title="bbox 2281 3652 3866 3740">
    <p class='ocr_par' dir='ltr' id='par_1_101' title="bbox 2281 3652 3866 3740">
     <span class='ocr_line' id='line_1_102' title="bbox 2281 3652 3866 3740; baseline 0.012 -34"><span class='ocrx_word' id='word_1_808' title='bbox 2281 3652 2402 3706; x_wconf 85' lang='lat' dir='ltr'><strong>dam</strong></span> <span class='ocrx_word' id='word_1_809' title='bbox 2457 3652 2903 3721; x_wconf 88' lang='lat' dir='ltr'><strong>impossibilitatis</strong></span> <span class='ocrx_word' id='word_1_810' title='bbox 2951 3657 3108 3724; x_wconf 87' lang='lat' dir='ltr'><strong>quasi</strong></span> <span class='ocrx_word' id='word_1_811' title='bbox 3165 3662 3481 3718; x_wconf 88' lang='lat' dir='ltr'><strong>necessitas.</strong></span> <span class='ocrx_word' id='word_1_812' title='bbox 3549 3652 3866 3740; x_wconf 84' lang='lat' dir='ltr'><strong>Disrumpat</strong></span> 
     </span>
    </p>
   </div>
   <div class='ocr_carea' id='block_1_102' title="bbox 2351 3764 3865 3843">
    <p class='ocr_par' dir='ltr' id='par_1_102' title="bbox 2351 3764 3865 3843">
     <span class='ocr_line' id='line_1_103' title="bbox 2351 3764 3865 3843; baseline 0.011 -22"><span class='ocrx_word' id='word_1_813' title='bbox 2351 3765 2499 3843; x_wconf 58' lang='lat'><strong>(52.8)</strong></span> <span class='ocrx_word' id='word_1_814' title='bbox 2557 3764 2816 3821; x_wconf 86' lang='lat' dir='ltr'><strong>Parentes</strong></span> <span class='ocrx_word' id='word_1_815' title='bbox 2845 3768 3225 3843; x_wconf 87' lang='lat' dir='ltr'><strong>_scili_cet,_dum</strong></span> <span class='ocrx_word' id='word_1_816' title='bbox 3257 3773 3394 3831; x_wconf 85' lang='lat' dir='ltr'><strong>filios</strong></span> <span class='ocrx_word' id='word_1_817' title='bbox 3425 3776 3477 3830; x_wconf 92' lang='lat' dir='ltr'><strong>in</strong></span> <span class='ocrx_word' id='word_1_818' title='bbox 3508 3780 3747 3843; x_wconf 81' lang='lat' dir='ltr'><strong>pueritia</strong></span> <span class='ocrx_word' id='word_1_819' title='bbox 3778 3782 3865 3838; x_wconf 82' lang='lat' dir='ltr'><strong>of-</strong></span> 
     </span>
    </p>
   </div>
   <div class='ocr_carea' id='block_1_103' title="bbox 2280 3833 3866 3910">
    <p class='ocr_par' dir='ltr' id='par_1_103' title="bbox 2280 3833 3866 3910">
     <span class='ocr_line' id='line_1_104' title="bbox 2280 3833 3866 3910; baseline 0.011 -21"><span class='ocrx_word' id='word_1_820' title='bbox 2280 3833 2542 3910; x_wconf 47' lang='lat' dir='ltr'><strong>ferebant</strong></span> <span class='ocrx_word' id='word_1_821' title='bbox 2569 3838 2914 3910; x_wconf 83' lang='lat' dir='ltr'><strong>monasterio,</strong></span> <span class='ocrx_word' id='word_1_822' title='bbox 2954 3833 3213 3910; x_wconf 84' lang='lat' dir='ltr'><strong>jurabant</strong></span> <span class='ocrx_word' id='word_1_823' title='bbox 3269 3857 3329 3899; x_wconf 90' lang='lat' dir='ltr'><strong>se</strong></span> <span class='ocrx_word' id='word_1_824' title='bbox 3381 3846 3447 3898; x_wconf 87' lang='lat' dir='ltr'><strong>ita</strong></span> <span class='ocrx_word' id='word_1_825' title='bbox 3500 3833 3866 3907; x_wconf 46' lang='lat' dir='ltr'><strong>aritudinis</strong></span> 
     </span>
    </p>
   </div>
   <div class='ocr_carea' id='block_1_104' title="bbox 2279 3902 3867 3976">
    <p class='ocr_par' dir='ltr' id='par_1_104' title="bbox 2279 3902 3867 3976">
     <span class='ocr_line' id='line_1_105' title="bbox 2279 3902 3867 3976; baseline 0.011 -17"><span class='ocrx_word' id='word_1_826' title='bbox 2279 3906 2490 3976; x_wconf 85' lang='lat' dir='ltr'><strong>tradere</strong></span> <span class='ocrx_word' id='word_1_827' title='bbox 2510 3902 2637 3965; x_wconf 91' lang='lat' dir='ltr'><strong>Deo,</strong></span> <span class='ocrx_word' id='word_1_828' title='bbox 2664 3914 2721 3976; x_wconf 86' lang='lat' dir='ltr'><strong>ut</strong></span> <span class='ocrx_word' id='word_1_829' title='bbox 2748 3906 2812 3959; x_wconf 87' lang='lat' dir='ltr'><strong>ab</strong></span> <span class='ocrx_word' id='word_1_830' title='bbox 2863 3902 3070 3964; x_wconf 60' lang='lat' dir='ltr'><strong>ltac&#39;die</strong></span> <span class='ocrx_word' id='word_1_831' title='bbox 3099 3926 3199 3964; x_wconf 87' lang='lat' dir='ltr'><strong>non</strong></span> <span class='ocrx_word' id='word_1_832' title='bbox 3247 3911 3397 3967; x_wconf 83' lang='lat' dir='ltr'><strong>liceat</strong></span> <span class='ocrx_word' id='word_1_833' title='bbox 3443 3916 3521 3969; x_wconf 84' lang='lat' dir='ltr'><strong>illi</strong></span> <span class='ocrx_word' id='word_1_834' title='bbox 3558 3902 3867 3976; x_wconf 44' lang='lat' dir='ltr'><strong>collumwde</strong></span> 
     </span>
    </p>
   </div>
   <div class='ocr_carea' id='block_1_105' title="bbox 2278 3975 3867 4060">
    <p class='ocr_par' dir='ltr' id='par_1_105' title="bbox 2278 3975 3867 4060">
     <span class='ocr_line' id='line_1_106' title="bbox 2278 3975 3867 4060; baseline 0.013 -34"><span class='ocrx_word' id='word_1_835' title='bbox 2278 3975 2516 4060; x_wconf 38' lang='lat' dir='ltr'><strong>subj‘ugo</strong></span> <span class='ocrx_word' id='word_1_836' title='bbox 2546 3975 2740 4060; x_wconf 70' lang='lat' dir='ltr'><strong>regula:</strong></span> <span class='ocrx_word' id='word_1_837' title='bbox 2781 3986 3050 4060; x_wconf 59' lang='lat' dir='ltr'><strong>excutere,</strong></span> <span class='ocrx_word' id='word_1_838' title='bbox 3097 3989 3172 4060; x_wconf 63' lang='grc' dir='ltr'><strong>υς⁵</strong></span> <span class='ocrx_word' id='word_1_839' title='bbox 3205 3982 3259 4037; x_wconf 92' lang='lat' dir='ltr'><strong>in</strong></span> <span class='ocrx_word' id='word_1_840' title='bbox 3311 3982 3559 4043; x_wconf 84' lang='lat' dir='ltr'><strong>formulis</strong></span> <span class='ocrx_word' id='word_1_841' title='bbox 3596 3975 3867 4060; x_wconf 83' lang='lat' dir='ltr'><strong>ejusmodi</strong></span> 
     </span>
    </p>
   </div>
   <div class='ocr_carea' id='block_1_106' title="bbox 2277 4044 3809 4121">
    <p class='ocr_par' dir='ltr' id='par_1_106' title="bbox 2277 4044 3809 4121">
     <span class='ocr_line' id='line_1_107' title="bbox 2277 4044 3809 4121; baseline -0.025 3"><span class='ocrx_word' id='word_1_842' title='bbox 2277 4044 2747 4121; x_wconf 58' lang='grc' dir='ltr'><strong>οδῐέξείρηυλιμᾷειεη</strong></span> <span class='ocrx_word' id='word_1_843' title='bbox 2777 4044 3015 4121; x_wconf 57' lang='lat' dir='ltr'><strong>vulgatis</strong></span> <span class='ocrx_word' id='word_1_844' title='bbox 3038 4050 3285 4106; x_wconf 83' lang='lat' dir='ltr'><strong>traditur.</strong></span> <span class='ocrx_word' id='word_1_845' title='bbox 3626 4044 3647 4060; x_wconf 88' lang='lat'><strong>-</strong></span> 
     </span>
    </p>
   </div>
   <div class='ocr_carea' id='block_1_107' title="bbox 2351 4112 3867 4191">
    <p class='ocr_par' dir='ltr' id='par_1_107' title="bbox 2351 4112 3867 4191">
     <span class='ocr_line' id='line_1_108' title="bbox 2351 4112 3867 4191; baseline 0.009 -16"><span class='ocrx_word' id='word_1_846' title='bbox 2351 4113 2495 4191; x_wconf 63' lang='lat'><strong>(53?)</strong></span> <span class='ocrx_word' id='word_1_847' title='bbox 2544 4112 2893 4170; x_wconf 47' lang='lat' dir='ltr'><strong>Oblalimlem&#39;</strong></span> <span class='ocrx_word' id='word_1_848' title='bbox 2905 4118 3107 4191; x_wconf 57' lang='lat' dir='ltr'><strong>scilicet</strong></span> <span class='ocrx_word' id='word_1_849' title='bbox 3128 4136 3156 4174; x_wconf 90' lang='lat' dir='ltr'><strong>a</strong></span> <span class='ocrx_word' id='word_1_850' title='bbox 3182 4123 3491 4191; x_wconf 85' lang='lat' dir='ltr'><strong>parentibus</strong></span> <span class='ocrx_word' id='word_1_851' title='bbox 3516 4126 3726 4185; x_wconf 91' lang='lat' dir='ltr'><strong>factam</strong></span> <span class='ocrx_word' id='word_1_852' title='bbox 3747 4118 3867 4188; x_wconf 84' lang='lat' dir='ltr'><strong>con-</strong></span> 
     </span>
    </p>
   </div>
   <div class='ocr_carea' id='block_1_108' title="bbox 2282 4183 3863 4265">
    <p class='ocr_par' dir='ltr' id='par_1_108' title="bbox 2282 4183 3863 4265">
     <span class='ocr_line' id='line_1_109' title="bbox 2282 4183 3863 4265; baseline 0.013 -29"><span class='ocrx_word' id='word_1_853' title='bbox 2282 4183 2571 4265; x_wconf 75' lang='lat' dir='ltr'><strong>firmabant</strong></span> <span class='ocrx_word' id='word_1_854' title='bbox 2606 4193 2796 4265; x_wconf 77' lang='lat' dir='ltr'><strong>sponte</strong></span> <span class='ocrx_word' id='word_1_855' title='bbox 2824 4201 2916 4265; x_wconf 66' lang='lat' dir='ltr'><strong>sua</strong></span> <span class='ocrx_word' id='word_1_856' title='bbox 2941 4186 3058 4265; x_wconf 77' lang='lat' dir='ltr'><strong>filii,</strong></span> <span class='ocrx_word' id='word_1_857' title='bbox 3088 4183 3210 4243; x_wconf 76' lang='lat' dir='ltr'><strong>cum</strong></span> <span class='ocrx_word' id='word_1_858' title='bbox 3233 4192 3300 4245; x_wconf 91' lang='lat' dir='ltr'><strong>ad</strong></span> <span class='ocrx_word' id='word_1_859' title='bbox 3326 4210 3623 4265; x_wconf 75' lang='lat' dir='ltr'><strong>congruam</strong></span> <span class='ocrx_word' id='word_1_860' title='bbox 3641 4183 3863 4256; x_wconf 47' lang='lat' dir='ltr'><strong>sui}:</strong></span> 
     </span>
    </p>
   </div>
   <div class='ocr_carea' id='block_1_109' title="bbox 2278 4253 3860 4339">
    <p class='ocr_par' dir='ltr' id='par_1_109' title="bbox 2278 4253 3860 4339">
     <span class='ocr_line' id='line_1_110' title="bbox 2278 4253 3860 4339; baseline 0.013 -35"><span class='ocrx_word' id='word_1_861' title='bbox 2278 4253 2671 4339; x_wconf 51' lang='lat' dir='ltr'><strong>pervenissent,</strong></span> <span class='ocrx_word' id='word_1_862' title='bbox 2707 4262 2768 4339; x_wconf 63' lang='lat' dir='ltr'><strong>ut</strong></span> <span class='ocrx_word' id='word_1_863' title='bbox 2788 4254 3059 4337; x_wconf 66' lang='lat' dir='ltr'><strong>colligitur</strong></span> <span class='ocrx_word' id='word_1_864' title='bbox 3081 4273 3148 4339; x_wconf 47' lang='lat' dir='ltr'><strong>ei</strong></span> <span class='ocrx_word' id='word_1_865' title='bbox 3180 4264 3386 4339; x_wconf 68' lang='lat' dir='ltr'><strong>synodo</strong></span> <span class='ocrx_word' id='word_1_866' title='bbox 3410 4253 3860 4339; x_wconf 67' lang='lat' dir='ltr'><strong>thtisgranensi,</strong></span> 
     </span>
    </p>
   </div>
   <div class='ocr_carea' id='block_1_110' title="bbox 2279 4322 3865 4411">
    <p class='ocr_par' dir='ltr' id='par_1_110' title="bbox 2279 4322 3865 4411">
     <span class='ocr_line' id='line_1_111' title="bbox 2279 4322 3865 4411; baseline 0.008 -33"><span class='ocrx_word' id='word_1_867' title='bbox 2279 4322 2327 4378; x_wconf 67' lang='grc' dir='ltr'>ὸ.</span> <span class='ocrx_word' id='word_1_868' title='bbox 2360 4322 2448 4411; x_wconf 49' lang='grc' dir='ltr'><strong>ἥδ.</strong></span> <span class='ocrx_word' id='word_1_869' title='bbox 2648 4323 2869 4411; x_wconf 73' lang='lat' dir='ltr'><strong>inferius</strong></span> <span class='ocrx_word' id='word_1_870' title='bbox 2901 4322 3047 4407; x_wconf 62' lang='lat' dir='ltr'><strong>num.</strong></span> <span class='ocrx_word' id='word_1_871' title='bbox 3079 4329 3153 4386; x_wconf 68' lang='lat'><strong>25</strong></span> <span class='ocrx_word' id='word_1_872' title='bbox 3203 4322 3340 4387; x_wconf 67' lang='lat' dir='ltr'><strong>alius</strong></span> <span class='ocrx_word' id='word_1_873' title='bbox 3367 4322 3671 4411; x_wconf 56' lang='lat' dir='ltr'><strong>monachuus</strong></span> 
     </span>
    </p>
   </div>
   <div class='ocr_carea' id='block_1_111' title="bbox 2279 4393 3865 4473">
    <p class='ocr_par' dir='ltr' id='par_1_111' title="bbox 2279 4393 3865 4473">
     <span class='ocr_line' id='line_1_112' title="bbox 2279 4393 3865 4473; baseline 0.015 -27"><span class='ocrx_word' id='word_1_874' title='bbox 2279 4409 2361 4473; x_wconf 77' lang='lat' dir='ltr'><strong>me</strong></span> <span class='ocrx_word' id='word_1_875' title='bbox 2384 4393 2628 4457; x_wconf 89' lang='lat' dir='ltr'><strong>traditus,</strong></span> <span class='ocrx_word' id='word_1_876' title='bbox 2657 4404 2702 4446; x_wconf 85' lang='lat' dir='ltr'><strong>et</strong></span> <span class='ocrx_word' id='word_1_877' title='bbox 2724 4394 2805 4447; x_wconf 89' lang='lat' dir='ltr'><strong>sui</strong></span> <span class='ocrx_word' id='word_1_878' title='bbox 2827 4395 2987 4473; x_wconf 74' lang='lat' dir='ltr'><strong>ipsius</strong></span> <span class='ocrx_word' id='word_1_879' title='bbox 3018 4413 3178 4473; x_wconf 77' lang='lat' dir='ltr'><strong>manu</strong></span> <span class='ocrx_word' id='word_1_880' title='bbox 3198 4411 3246 4455; x_wconf 88' lang='lat' dir='ltr'><strong>et</strong></span> <span class='ocrx_word' id='word_1_881' title='bbox 3267 4403 3590 4473; x_wconf 82' lang='lat' dir='ltr'><strong>professione</strong></span> <span class='ocrx_word' id='word_1_882' title='bbox 3609 4393 3671 4464; x_wconf 74' lang='lat' dir='ltr'><strong>in</strong></span> 
     </span>
    </p>
   </div>
   <div class='ocr_carea' id='block_1_112' title="bbox 2279 4464 3290 4536">
    <p class='ocr_par' dir='ltr' id='par_1_112' title="bbox 2279 4464 3290 4536">
     <span class='ocr_line' id='line_1_113' title="bbox 2279 4464 3290 4536; baseline 0.01 -21"><span class='ocrx_word' id='word_1_883' title='bbox 2279 4464 2683 4536; x_wconf 68' lang='lat' dir='ltr'><strong>tium_nerp_etuo</strong></span> <span class='ocrx_word' id='word_1_884' title='bbox 2713 4464 3036 4536; x_wconf 69' lang='lat' dir='ltr'><strong>mancipatus</strong></span> <span class='ocrx_word' id='word_1_885' title='bbox 3073 4464 3290 4525; x_wconf 66' lang='lat' dir='ltr'><strong>dicitur.</strong></span> 
     </span>
    </p>
   </div>
   <div class='ocr_carea' id='block_1_113' title="bbox 2288 4530 3865 4612">
    <p class='ocr_par' dir='ltr' id='par_1_113' title="bbox 2288 4530 3865 4612">
     <span class='ocr_line' id='line_1_114' title="bbox 2288 4530 3865 4612; baseline 0.005 -11"><span class='ocrx_word' id='word_1_886' title='bbox 2288 4530 2499 4612; x_wconf 47' lang='grc' dir='ltr'><strong>Δ,(δῗιίῖ)</strong></span> <span class='ocrx_word' id='word_1_887' title='bbox 2530 4530 2669 4612; x_wconf 73' lang='grc' dir='ltr'><strong>Ἡρα</strong></span> <span class='ocrx_word' id='word_1_888' title='bbox 2727 4530 3168 4612; x_wconf 52' lang='lat' dir='ltr'><strong>OplIS_:l_)ialog_us</strong></span> <span class='ocrx_word' id='word_1_889' title='bbox 3217 4541 3616 4612; x_wconf 77' lang='lat' dir='ltr'><strong>confessionalis</strong></span> <span class='ocrx_word' id='word_1_890' title='bbox 3672 4551 3865 4608; x_wconf 83' lang='lat' dir='ltr'><strong>inscri-</strong></span> 
     </span>
    </p>
   </div>
   <div class='ocr_carea' id='block_1_114' title="bbox 2279 4601 3863 4683">
    <p class='ocr_par' dir='ltr' id='par_1_114' title="bbox 2279 4601 3863 4683">
     <span class='ocr_line' id='line_1_115' title="bbox 2279 4601 3863 4683; baseline 0.015 -31"><span class='ocrx_word' id='word_1_891' title='bbox 2279 4601 2428 4683; x_wconf 71' lang='lat' dir='ltr'><strong>ptum</strong></span> <span class='ocrx_word' id='word_1_892' title='bbox 2470 4602 2569 4656; x_wconf 84' lang='lat' dir='ltr'><strong>hoc</strong></span> <span class='ocrx_word' id='word_1_893' title='bbox 2618 4601 2740 4683; x_wconf 64' lang='lat' dir='ltr'><strong>loco</strong></span> <span class='ocrx_word' id='word_1_894' title='bbox 2766 4601 3037 4683; x_wconf 66' lang='lat' dir='ltr'><strong>indialogi</strong></span> <span class='ocrx_word' id='word_1_895' title='bbox 3073 4601 3330 4664; x_wconf 61' lang='lat' dir='ltr'><strong>&#39;fortnam&#39;</strong></span> <span class='ocrx_word' id='word_1_896' title='bbox 3357 4601 3863 4683; x_wconf 35' lang='lat' dir='ltr'><strong>sacerdotem—ivssu</strong></span> 
     </span>
    </p>
   </div>
   <div class='ocr_carea' id='block_1_115' title="bbox 2280 4670 3865 4751">
    <p class='ocr_par' dir='ltr' id='par_1_115' title="bbox 2280 4670 3865 4751">
     <span class='ocr_line' id='line_1_116' title="bbox 2280 4670 3865 4751; baseline 0.016 -27"><span class='ocrx_word' id='word_1_897' title='bbox 2280 4670 2442 4751; x_wconf 83' lang='lat' dir='ltr'><strong>alium</strong></span> <span class='ocrx_word' id='word_1_898' title='bbox 2470 4686 2592 4724; x_wconf 90' lang='lat' dir='ltr'><strong>cum</strong></span> <span class='ocrx_word' id='word_1_899' title='bbox 2621 4671 2878 4751; x_wconf 34' lang='lat' dir='ltr'><strong>Birth-crio</strong></span> <span class='ocrx_word' id='word_1_900' title='bbox 2904 4670 3210 4744; x_wconf 76' lang='lat' dir='ltr'><strong>loquentem</strong></span> <span class='ocrx_word' id='word_1_901' title='bbox 3240 4670 3491 4751; x_wconf 60' lang='lat' dir='ltr'><strong>praefert;</strong></span> <span class='ocrx_word' id='word_1_902' title='bbox 3520 4670 3865 4748; x_wconf 62' lang='lat' dir='ltr'><strong>éi&#39;giiiiuiié}</strong></span> 
     </span>
    </p>
   </div>
   <div class='ocr_carea' id='block_1_116' title="bbox 2278 4741 3860 4816">
    <p class='ocr_par' dir='ltr' id='par_1_116' title="bbox 2278 4741 3860 4816">
     <span class='ocr_line' id='line_1_117' title="bbox 2278 4741 3860 4816; baseline 0.016 -25"><span class='ocrx_word' id='word_1_903' title='bbox 2278 4748 2463 4816; x_wconf 63' lang='lat' dir='ltr'><strong>postea</strong></span> <span class='ocrx_word' id='word_1_904' title='bbox 2477 4741 2955 4816; x_wconf 78' lang='lat' dir='ltr'><strong>_ntu_tc_Ratlterius,</strong></span> <span class='ocrx_word' id='word_1_905' title='bbox 2976 4741 3130 4803; x_wconf 72' lang='lat' dir='ltr'><strong>nunc</strong></span> <span class='ocrx_word' id='word_1_906' title='bbox 3151 4741 3409 4809; x_wconf 61' lang='lat' dir='ltr'><strong>sacerdos</strong></span> <span class='ocrx_word' id='word_1_907' title='bbox 3437 4741 3860 4816; x_wconf 40' lang='lat' dir='ltr'><strong>sermdeina&#39;tur:</strong></span> 
     </span>
    </p>
   </div>
   <div class='ocr_carea' id='block_1_117' title="bbox 2280 4809 3865 4887">
    <p class='ocr_par' dir='ltr' id='par_1_117' title="bbox 2280 4809 3865 4887">
     <span class='ocr_line' id='line_1_118' title="bbox 2280 4809 3865 4887; baseline 0.016 -27"><span class='ocrx_word' id='word_1_908' title='bbox 2280 4809 2289 4885; x_wconf 42' lang='grc' dir='ltr'>ξ</span> <span class='ocrx_word' id='word_1_909' title='bbox 2348 4809 2493 4887; x_wconf 51' lang='lat' dir='ltr'><strong>(Sal)</strong></span> <span class='ocrx_word' id='word_1_910' title='bbox 2550 4809 2787 4887; x_wconf 82' lang='lat' dir='ltr'><strong>Crimen,</strong></span> <span class='ocrx_word' id='word_1_911' title='bbox 2819 4813 2971 4887; x_wconf 74' lang='lat' dir='ltr'><strong>cujus</strong></span> <span class='ocrx_word' id='word_1_912' title='bbox 3007 4832 3167 4873; x_wconf 86' lang='lat' dir='ltr'><strong>causa</strong></span> <span class='ocrx_word' id='word_1_913' title='bbox 3193 4836 3347 4877; x_wconf 89' lang='lat' dir='ltr'><strong>suam</strong></span> <span class='ocrx_word' id='word_1_914' title='bbox 3377 4809 3865 4887; x_wconf 36' lang='lat' dir='ltr'><strong>inconvertibilis-&#39;-</strong></span> 
     </span>
    </p>
   </div>
   <div class='ocr_carea' id='block_1_118' title="bbox 2278 4880 3858 4963">
    <p class='ocr_par' dir='ltr' id='par_1_118' title="bbox 2278 4880 3858 4963">
     <span class='ocr_line' id='line_1_119' title="bbox 2278 4880 3858 4963; baseline 0.018 -30"><span class='ocrx_word' id='word_1_915' title='bbox 2278 4880 2383 4936; x_wconf 84' lang='lat' dir='ltr'><strong>tem</strong></span> <span class='ocrx_word' id='word_1_916' title='bbox 2417 4880 2577 4962; x_wconf 66' lang='lat' dir='ltr'><strong>ilicet</strong></span> <span class='ocrx_word' id='word_1_917' title='bbox 2603 4880 2653 4934; x_wconf 89' lang='lat' dir='ltr'><strong>iu</strong></span> <span class='ocrx_word' id='word_1_918' title='bbox 2682 4880 3049 4963; x_wconf 70' lang='lat' dir='ltr'><strong>sequentibus</strong></span> <span class='ocrx_word' id='word_1_919' title='bbox 3069 4887 3269 4958; x_wconf 87' lang='lat' dir='ltr'><strong>pluries</strong></span> <span class='ocrx_word' id='word_1_920' title='bbox 3312 4880 3563 4963; x_wconf 75' lang='lat' dir='ltr'><strong>accusat,</strong></span> <span class='ocrx_word' id='word_1_921' title='bbox 3590 4880 3858 4961; x_wconf 53' lang='lat' dir='ltr'><strong>nitidis}.</strong></span> 
     </span>
    </p>
   </div>
   <div class='ocr_carea' id='block_1_119' title="bbox 2277 4955 3861 5041">
    <p class='ocr_par' dir='ltr' id='par_1_119' title="bbox 2277 4955 3861 5041">
     <span class='ocr_line' id='line_1_120' title="bbox 2277 4955 3861 5041; baseline 0.016 -39"><span class='ocrx_word' id='word_1_922' title='bbox 2277 4963 2384 5041; x_wconf 72' lang='lat' dir='ltr'><strong>quo</strong></span> <span class='ocrx_word' id='word_1_923' title='bbox 2423 4955 2796 5041; x_wconf 64' lang='lat' dir='ltr'><strong>episcopatum</strong></span> <span class='ocrx_word' id='word_1_924' title='bbox 2851 4955 3174 5041; x_wconf 73' lang='lat' dir='ltr'><strong>suscipiens,</strong></span> <span class='ocrx_word' id='word_1_925' title='bbox 3216 4955 3584 5041; x_wconf 79' lang='lat' dir='ltr'><strong>monasticum</strong></span> <span class='ocrx_word' id='word_1_926' title='bbox 3613 4955 3861 5041; x_wconf 55' lang='lat' dir='ltr'><strong>proposi;</strong></span> 
     </span>
    </p>
   </div>
   <div class='ocr_carea' id='block_1_120' title="bbox 2279 5020 3858 5102">
    <p class='ocr_par' dir='ltr' id='par_1_120' title="bbox 2279 5020 3858 5102">
     <span class='ocr_line' id='line_1_121' title="bbox 2279 5020 3858 5102; baseline 0.016 -30"><span class='ocrx_word' id='word_1_927' title='bbox 2279 5028 2390 5102; x_wconf 86' lang='lat' dir='ltr'><strong>tum</strong></span> <span class='ocrx_word' id='word_1_928' title='bbox 2410 5020 2673 5102; x_wconf 68' lang='lat' dir='ltr'><strong>deseruit.</strong></span> <span class='ocrx_word' id='word_1_929' title='bbox 2704 5021 2783 5077; x_wconf 85' lang='lat' dir='ltr'><strong>Ad</strong></span> <span class='ocrx_word' id='word_1_930' title='bbox 2826 5020 3169 5102; x_wconf 69' lang='lat' dir='ltr'><strong>propositum</strong></span> <span class='ocrx_word' id='word_1_931' title='bbox 3210 5031 3355 5102; x_wconf 86' lang='lat' dir='ltr'><strong>enim</strong></span> <span class='ocrx_word' id='word_1_932' title='bbox 3382 5020 3858 5097; x_wconf 20' lang='lat' dir='ltr'><strong>sibiredregu&#39;tiddm</strong></span> 
     </span>
    </p>
   </div>
   <div class='ocr_carea' id='block_1_121' title="bbox 2276 5088 3862 5170">
    <p class='ocr_par' dir='ltr' id='par_1_121' title="bbox 2276 5088 3862 5170">
     <span class='ocr_line' id='line_1_122' title="bbox 2276 5088 3862 5170; baseline 0.017 -29"><span class='ocrx_word' id='word_1_933' title='bbox 2276 5088 2502 5170; x_wconf 59' lang='lat' dir='ltr'><strong>putabat</strong></span> <span class='ocrx_word' id='word_1_934' title='bbox 2527 5108 2540 5143; x_wconf 90' lang='lat'>:</span> <span class='ocrx_word' id='word_1_935' title='bbox 2568 5097 2624 5144; x_wconf 89' lang='lat' dir='ltr'><strong>at</strong></span> <span class='ocrx_word' id='word_1_936' title='bbox 2664 5106 2732 5170; x_wconf 78' lang='lat' dir='ltr'><strong>ne</strong></span> <span class='ocrx_word' id='word_1_937' title='bbox 2745 5088 2992 5170; x_wconf 52' lang='lat' dir='ltr'><strong>rediret,</strong></span> <span class='ocrx_word' id='word_1_938' title='bbox 3015 5096 3177 5152; x_wconf 88' lang='lat' dir='ltr'><strong>multa</strong></span> <span class='ocrx_word' id='word_1_939' title='bbox 3203 5088 3862 5170; x_wconf 42' lang='lat' dir='ltr'><strong>impedimentaﬂo—bs—tatje&#39;</strong></span> 
     </span>
    </p>
   </div>
   <div class='ocr_carea' id='block_1_122' title="bbox 2277 5157 3859 5287">
    <p class='ocr_par' dir='ltr' id='par_1_122' title="bbox 2277 5157 3859 5287">
     <span class='ocr_line' id='line_1_123' title="bbox 2277 5157 3859 5287; baseline 0.016 -77"><span class='ocrx_word' id='word_1_940' title='bbox 2277 5157 2510 5240; x_wconf 75' lang='lat' dir='ltr'><strong>affirmat</strong></span> <span class='ocrx_word' id='word_1_941' title='bbox 2531 5175 2680 5214; x_wconf 91' lang='lat' dir='ltr'><strong>num.</strong></span> <span class='ocrx_word' id='word_1_942' title='bbox 2710 5161 2794 5216; x_wconf 78' lang='grc'><strong>18,</strong></span> <span class='ocrx_word' id='word_1_943' title='bbox 2827 5159 3162 5287; x_wconf 61' lang='lat' dir='ltr'><strong>Prmeipuum</strong></span> <span class='ocrx_word' id='word_1_944' title='bbox 3198 5157 3859 5251; x_wconf 53' lang='lat' dir='ltr'><strong>impeditﬁéhitﬁnl&#39;a&#39;ééi</strong></span> 
     </span>
     <span class='ocr_line' id='line_1_124' title="bbox 2277 5230 3859 5287; baseline 0.003 -5"><span class='ocrx_word' id='word_1_945' title='bbox 2277 5230 2506 5287; x_wconf 76' lang='lat' dir='ltr'><strong>explicat</strong></span> <span class='ocrx_word' id='word_1_946' title='bbox 2539 5244 2689 5283; x_wconf 90' lang='lat' dir='ltr'><strong>num.</strong></span> <span class='ocrx_word' id='word_1_947' title='bbox 2734 5230 2835 5287; x_wconf 81' lang='lat' dir='ltr'><strong>l9.</strong></span> <span class='ocrx_word' id='word_1_948' title='bbox 2882 5240 2937 5284; x_wconf 86' lang='lat' dir='ltr'><strong>et</strong></span> <span class='ocrx_word' id='word_1_949' title='bbox 3018 5251 3165 5287; x_wconf 79' lang='lat' dir='ltr'><strong>tiStus</strong></span> <span class='ocrx_word' id='word_1_950' title='bbox 3232 5238 3287 5287; x_wconf 87' lang='lat' dir='ltr'><strong>in</strong></span> <span class='ocrx_word' id='word_1_951' title='bbox 3333 5240 3630 5287; x_wconf 72' lang='grc' dir='ltr'><strong>ηωιιεηηει</strong></span> <span class='ocrx_word' id='word_1_952' title='bbox 3682 5252 3859 5287; x_wconf 66' lang='grc' dir='ltr'><strong>ρηυί.-</strong></span> 
     </span>
    </p>
   </div>
   <div class='ocr_carea' id='block_1_123' title="bbox 3018 5254 3031 5288">
    <p class='ocr_par' dir='ltr' id='par_1_123' title="bbox 3018 5254 3031 5288">
     <span class='ocr_line' id='line_1_125' title="bbox 3018 5254 3031 5288; baseline 0 0"><span class='ocrx_word' id='word_1_953' title='bbox 3018 5254 3031 5288; x_wconf 87' lang='grc' dir='ltr'>ι</span> 
     </span>
    </p>
   </div>
   <div class='ocr_carea' id='block_1_124' title="bbox 2267 5230 3861 5319">
    <p class='ocr_par' dir='ltr' id='par_1_124' title="bbox 2267 5230 3861 5319">
     <span class='ocr_line' id='line_1_126' title="bbox 2267 5230 3861 5319; baseline 0.003 -19"><span class='ocrx_word' id='word_1_954' title='bbox 2267 5230 2506 5319; x_wconf 55' lang='grc' dir='ltr'><strong>εξερξίοαι</strong></span> <span class='ocrx_word' id='word_1_955' title='bbox 2539 5244 2689 5319; x_wconf 42' lang='lat' dir='ltr'><strong>nitu}</strong></span> <span class='ocrx_word' id='word_1_956' title='bbox 2734 5230 2835 5319; x_wconf 58' lang='lat' dir='ltr'><strong>t9.</strong></span> <span class='ocrx_word' id='word_1_957' title='bbox 2882 5240 2937 5311; x_wconf 59' lang='lat' dir='ltr'><strong>et</strong></span> <span class='ocrx_word' id='word_1_958' title='bbox 2993 5230 3190 5319; x_wconf 40' lang='lat' dir='ltr'><strong>fusius.</strong></span> <span class='ocrx_word' id='word_1_959' title='bbox 3232 5230 3290 5293; x_wconf 79' lang='grc' dir='ltr'><strong>ίιῑ</strong></span> <span class='ocrx_word' id='word_1_960' title='bbox 3333 5230 3861 5319; x_wconf 49' lang='grc' dir='ltr'><strong>ρηαιίᾱαὶὶῖἳῶῑέὲῐ</strong></span> 
     </span>
    </p>
   </div>
   <div class='ocr_carea' id='block_1_125' title="bbox 2274 5306 3858 5354">
    <p class='ocr_par' dir='ltr' id='par_1_125' title="bbox 2274 5306 3858 5354">
     <span class='ocr_line' id='line_1_127' title="bbox 2274 5306 3858 5354; baseline 0.003 -4"><span class='ocrx_word' id='word_1_961' title='bbox 2274 5308 2445 5354; x_wconf 84' lang='lat' dir='ltr'><strong>ctura.</strong></span> <span class='ocrx_word' id='word_1_962' title='bbox 2469 5306 2692 5354; x_wconf 71' lang='lat' dir='ltr'><strong>ttuthi.</strong></span> <span class='ocrx_word' id='word_1_963' title='bbox 2718 5310 2837 5354; x_wconf 88' lang='lat' dir='ltr'><strong>erat</strong></span> <span class='ocrx_word' id='word_1_964' title='bbox 2882 5306 3057 5354; x_wconf 78' lang='lat' dir='ltr'><strong>ipsum</strong></span> <span class='ocrx_word' id='word_1_965' title='bbox 3108 5306 3415 5354; x_wconf 64' lang='lat' dir='ltr'><strong>enimnmin</strong></span> <span class='ocrx_word' id='word_1_966' title='bbox 3459 5333 3660 5354; x_wconf 65' lang='lat' dir='ltr'><strong>nan-anc</strong></span> <span class='ocrx_word' id='word_1_967' title='bbox 3685 5328 3736 5354; x_wconf 77' lang='grc' dir='ltr'><strong>,ι</strong></span> <span class='ocrx_word' id='word_1_968' title='bbox 3773 5306 3858 5354; x_wconf 64' lang='lat'><strong>1.1.</strong></span> 
     </span>
    </p>
   </div>
  </div>
