4032 5354
549 263 657 319 405

1491 255 1819 314 RATHERII
1857 255 2071 312 EPiSC.
2112 252 2366 311 VERON.
2408 253 2565 312 OPP.
2602 252 2780 310 PARS
2814 252 2873 331 ll.”

3708 251 3812 311 ωδ

551 376 711 431 modo
746 385 857 440 cet,
908 371 1122 444 inquis,
1162 370 1463 442 iudicium,
1512 371 1561 426 si
1610 384 1738 427 caro
1770 379 1826 426 et
1869 368 2135 440 sanguis?
2159 371 2203 430 Α
2232 380 2334 436 gna
2372 363 2663 435 Magisterii
2689 374 2823 426 arte,
2852 363 2903 418 id
2926 372 3139 419 estnon
3173 363 3224 418 in
3259 371 3339 429 te,
3382 364 3476 420 sed
3503 363 3556 418 in
3584 365 3813 423 Domino

547 464 726 531 Caro,
753 464 994 534 inquam,
1030 472 1086 520 et
1111 462 1330 535 sanguis
1354 462 1546 534 digno,
1584 461 1847 534 iudicium
1885 476 2016 516 vero
2044 462 2128 516 in-

548 556 730 626 digno.
777 555 910 623 Quis
958 563 1041 611 est
1093 554 1324 624 dignus?
1366 553 1468 609 ais.
1501 552 1712 608 Audisti
1746 552 1798 607 in
1833 551 2124 622 Apostolo;

549 647 873 717 respondeo,
905 646 958 701 id
994 654 1078 702 est
1120 645 1186 718 [[.
1218 645 1264 700 is
1291 643 1420 717 est],
1469 643 1562 715 qui
1605 643 1685 699 sic
1714 643 1948 699 comedit
1989 642 2133 698 sicut

548 738 670 808 ipse
700 737 964 808 prtecipit.
1018 736 1092 792 De
1124 734 1541 806 prtesentialiter
1567 734 1712 789 enint
1756 734 1833 788 ita
1874 773 1888 788 .
1933 772 1947 787 .
1990 771 2007 786 .
2051 772 2068 787 .
2109 771 2127 786 .

544 827 699 892 dicit,
734 842 841 882 non
885 826 953 882 de
1000 842 1088 893 eo,
1118 828 1211 897 qui
1256 827 1384 882 olim
1432 826 1608 881 fuerat
1648 867 1662 881 .
1703 865 1720 880 .
1763 866 1778 881 .
1824 865 1841 879 .
1880 865 1897 881 .
1935 823 2129 880 discal-

546 929 757 987 ccatus,
781 921 1041 976 tusculum
1084 937 1189 978 non
1232 921 1479 993 gestabat
1518 962 1532 976 .
1573 961 1586 974 .
1631 961 1647 976 .
1689 961 1702 976 .
1746 956 1761 970 .
1801 920 1915 976 luto
1957 920 2129 977 scele-

544 1027 675 1067 tum
722 1011 960 1067 volutari
996 1048 1014 1066 .
1058 1053 1072 1067 .
1115 1052 1131 1066 .
1175 1052 1190 1066 .
1233 1053 1248 1068 .
1293 1053 1306 1067 .
1344 1013 1544 1068 malum
1592 1011 1841 1067 maluerit
1867 1011 2131 1066 festinare

547 1142 567 1157 .
606 1141 621 1155 .
667 1141 680 1156 .
725 1142 740 1156 .
782 1141 798 1156 .
828 1100 1098 1171 judicium
1123 1102 1227 1159 sibi
1254 1104 1650 1159 manducasset.
1692 1100 1787 1158 liis
1826 1102 2133 1157 emendatis

546 1202 644 1248 aut
667 1193 722 1247 in
749 1194 1144 1250 emendationis
1165 1195 1349 1251 studio
1376 1196 1744 1259 manentibus,
1771 1194 1813 1250 si
1846 1209 1950 1249 non
1976 1210 2128 1250 man-

542 1287 729 1353 ducat,
776 1302 887 1343 non
933 1287 1173 1355 habebit,
1217 1297 1461 1354 autumo,
1511 1290 1699 1343 vitam.
1752 1289 1819 1343 Et
1860 1289 1967 1343 hoe
2008 1301 2128 1342 esse

542 1388 685 1441 reor,
733 1377 877 1446 quod
926 1385 1110 1432 monet
1155 1378 1490 1449 subsequens
1525 1377 1848 1448 Apostolus,
1901 1376 2125 1442 Probet,

540 1466 815 1536 inquiens,
845 1468 1079 1538 seipsum
1114 1469 1269 1524 homo
1295 1467 1350 1539 (I
1378 1468 1501 1524 Cor.
1534 1485 1608 1531 ιιι,
1634 1470 1749 1539 28),
1779 1467 1836 1524 id
1877 1478 1989 1535 est,
2019 1468 2129 1525 dis-

545 1556 717 1614 cutiat
775 1557 828 1613 in
857 1574 965 1629 quo
1008 1557 1203 1615 aﬂ‘ectu
1243 1560 1348 1625 sit;
1390 1560 1435 1616 si
1476 1561 1757 1631 peccandi,
1788 1560 2126 1625 dimittat;si

542 1650 899 1716 emendandi,
943 1667 1068 1707 cum
1117 1662 1352 1708 tremore
1408 1654 1715 1709 manducet.
1760 1653 1949 1708 Nullus
1999 1667 2134 1708 vero

2235 454 2410 518 vales,
2456 453 2690 523 alioquin
2742 453 2934 508 timere
2983 467 3086 507 non
3130 464 3319 523 parum
3360 462 3443 510 est
3483 456 3813 527 evangelica:

2232 541 2477 598 lectionis
2516 544 2769 599 dictum:
2795 542 2863 597 Et
2916 559 3034 598 eum
3080 544 3407 610 intinxisset,
3462 547 3608 601 dedit
3655 547 3814 602 luds

2232 634 2464 691 Simonis
2502 634 2775 690 Iscariotis
2805 632 2993 706 (Joan.
3015 652 3133 702 xm,
3159 636 3272 708 26).
3305 639 3440 694 Vide
3465 655 3619 711 ergo,
3662 656 3728 696 ne
3756 651 3813 696 tu

2231 729 2532 784 imitatione
2576 729 2743 799 ipsius
2773 728 2888 798 ipse
2918 728 3013 783 sis.
3054 727 3133 783 Ne
3173 746 3309 798 ergo
3330 730 3692 801 decipiamur,
3728 732 3809 787 vel

2231 819 2329 889 ipsi
2376 834 2474 874 nos
2517 819 2883 889 dccipiamus,
2915 818 3056 875 Deus
3097 829 3179 876 cst
3220 822 3309 891 qui
3358 822 3641 893 recipitur,
3675 825 3811 879 Deus

2228 910 2438 980 utique,
2470 909 2563 965 sed
2607 908 2748 964 sicut
2776 919 2904 964 tunc
2935 909 3110 964 latens
3139 911 3191 965 in
3222 926 3419 977 carne,
3456 913 3533 967 ita
3573 928 3721 969 nunc
3757 915 3814 970 in

2228 1017 2449 1058 carnem
2496 1016 2654 1058 verso
2683 1003 2971 1059 verissime
3011 1019 3149 1074 pane
3176 1019 3195 1059 :
3222 1006 3364 1062 unde
3404 1007 3729 1077 expressius
3758 1010 3813 1062 in

2228 1095 2449 1163 Grmco;
2483 1095 2684 1152 Panem
2728 1108 2962 1153 nostrum
3010 1100 3516 1157 consubstantiatum
3562 1104 3635 1158 da
3667 1105 3810 1159 nobis

2227 1189 2416 1252 hodie,
2464 1188 2665 1243 dicitur
2699 1190 2830 1255 Deo,
2865 1189 2917 1245 id
2959 1200 3042 1245 cst
3086 1191 3228 1261 quod
3276 1201 3330 1246 tu
3363 1192 3477 1263 ipse
3505 1209 3566 1249 es
3593 1209 3696 1265 per
3736 1195 3810 1250 tui

2230 1280 2397 1348 ipsius
2436 1280 2854 1346 invocationem,
2878 1295 3081 1351 perque
3113 1282 3188 1337 tui
3217 1281 3387 1354 259
3408 1284 3585 1354 ipsius
3634 1286 3808 1340 intro-

2230 1371 2387 1435 itum,
2424 1370 2768 1428 ineﬂ‘abiliter
2796 1371 3034 1442 quidem,
3067 1381 3246 1427 tamen
3267 1388 3376 1427 non
3420 1374 3817 1432 incredibiliter

2230 1464 2453 1531 factum,
2486 1465 2592 1520 hoc
2632 1472 2718 1520 est
2765 1465 2909 1520 enim
2951 1464 3250 1534 diiudicare
3287 1480 3485 1537 corpus
3515 1465 3753 1531 Domini,
3778 1484 3813 1522 τι

2229 1557 2441 1612 caeteris
2470 1555 2843 1627 corporalibus
2872 1557 3058 1627 utique
3094 1558 3231 1613 cibis
3274 1558 3606 1624 discernere,
3638 1559 3815 1630 digni-

2231 1657 2341 1704 tate
2369 1660 2424 1704 et
2455 1648 2745 1715 dealitate,
2788 1662 2951 1719 super
2993 1664 3153 1704 omne
3186 1650 3328 1721 quod
3368 1650 3544 1706 videri
3587 1660 3645 1705 et
3692 1665 3812 1706 esse

539 1741 675 1799 illud
719 1741 924 1814 Regum
972 1746 1293 1815 posthabeat
1333 1762 1353 1799 τ
1393 1744 1453 1801 Si
1499 1746 1682 1800 mundi
1733 1755 1887 1810 sunt,
1918 1745 2124 1815 inquit,
2158 1731 2201 1790 Β
2230 1739 2418 1810 possit,
2447 1737 2649 1794 valere.
2673 1735 2980 1793 Cavendum
3010 1753 3137 1794 vero
3163 1747 3247 1794 est
3276 1753 3395 1794 cum
3420 1738 3514 1795 Dei
3544 1738 3817 1810 adiutorio

483 1880 489 1891 ,
537 1831 689 1905 piari
718 1833 785 1887 ab
810 1835 924 1888 lteri
951 1845 999 1889 et
1045 1836 1238 1891 nudius
1284 1836 1468 1891 tertius
1497 1837 1724 1892 maxime
1761 1855 1793 1892 a
1822 1836 2126 1892 mulieribus

538 1919 594 1989 (Ι
622 1919 751 1992 Reg.
780 1940 895 1989 xxi,
923 1923 1015 1995 4);
1053 1925 1121 1980 de
1161 1926 1394 1996 panibus
1438 1926 1821 1998 propositionis
1848 1942 1970 1982 cum
1999 1943 2125 1998 age-

536 2022 690 2068 retur
721 2015 948 2085 utique;
970 2023 1024 2071 et
1064 2017 1209 2087 quod
1253 2018 1309 2072 in
1349 2017 1465 2089 iege
1493 2018 1659 2089 2'58
1686 2017 1902 2075 auditur
1940 2018 2125 2089 saepis-

534 2103 675 2158 sime
702 2121 715 2157 :
741 2100 1177 2174 Sancti/immitti,
1208 2106 1262 2161 id
1299 2115 1414 2174 est,
1445 2123 1476 2161 a
1502 2107 1791 2163 concubitu
1835 2106 2121 2163 abstinete.

533 2192 789 2250 Probatia
814 2211 967 2262 sane,
999 2213 1161 2267 quam
1197 2207 1381 2254 monet
1424 2197 1708 2269 Apostolus
1736 2198 2038 2255 faciendam
2069 2198 2122 2253 in

535 2283 903 2341 criminalium
960 2286 1294 2343 conscientia
1357 2286 1743 2355 emundanda,
1797 2289 1852 2345 in
1911 2288 2129 2344 invidia:

534 2377 884 2445 extrusione,
926 2387 982 2433 et
1025 2378 1134 2433 odii
1183 2379 1525 2450 iaesionisque
1573 2379 1830 2434 fraterna
1869 2378 2123 2437 emenda-

534 2469 705 2535 tione,
752 2468 805 2524 in
848 2469 1083 2535 luxuria,
1109 2469 1193 2525 vel
1228 2470 1405 2540 aliqua
1434 2471 1847 2527 incestuositate
1874 2469 2125 2543 [subaudi

531 2560 916 2634 cutendanda],
949 2563 1231 2628 consistit,
1277 2571 1429 2634 puto,
1462 2563 1751 2634 praecipue,
1783 2571 1838 2619 et
1867 2563 2009 2632 quod
2039 2576 2124 2617 re-

532 2650 748 2706 minisci
780 2652 1046 2707 instanter
1075 2654 1362 2718 debueras,
1394 2654 1705 2709 miserrime
1741 2655 1825 2724 (ut
1859 2654 2122 2709 sacratis-

532 2741 731 2797 simum
760 2743 939 2799 cibum
965 2759 1001 2799 a
1018 2745 1232 2800 caeteris
1258 2755 1483 2800 noverat
1514 2745 1762 2818 [subaudi
1806 2742 2124 2816 Apostolus]

531 2832 887 2905 distinguere)
917 2835 1041 2892 illos
1079 2837 1293 2907 corpori
1337 2836 1553 2902 solum,
1584 2836 1746 2892 istum
1794 2835 2042 2906 corporis
2068 2843 2124 2892 et

531 2924 731 2981 anima:
766 2926 927 2982 saluti
957 2942 1273 2985 concessum
1300 2929 1656 3000 perpendere,
1698 2943 1800 2984 nec
1831 2944 1896 2983 ea
1926 2928 2122 2999 praeci-

527 3013 814 3082 pitatione,
851 3016 939 3071 vel
964 3017 1255 3087 petulantia
1304 3019 1478 3089 ipsum
1522 3018 1711 3075 saltem
1760 3018 2121 3085 tractandum,

531 3118 695 3171 quam
724 3103 874 3160 illam
902 3106 1096 3163 nedum
1122 3124 1337 3181 quoque
1363 3109 1706 3166 sumendum.

606 3192 691 3249 15.
722 3193 918 3267 Neque
955 3206 1300 3255 transeunter
1338 3200 1663 3256 audiendum
1706 3218 1721 3257 :
1765 3201 1967 3272 Corpus
2014 3201 2118 3256 Da-

532 3285 664 3340 mini
690 3300 812 3341 cum
843 3287 1071 3355 dicitur;
1105 3288 1199 3345 sed
1228 3290 1679 3346 considerandum
1714 3292 1865 3361 quid,
1896 3291 1961 3347 de
1989 3307 2119 3362 quo,

537 3375 623 3430 cui
670 3376 903 3433 dicatur.
946 3379 1127 3447 Quid?
1170 3381 1308 3435 idem
1354 3395 1552 3451 corpus
1607 3382 1844 3437 Domini.
1895 3382 1971 3438 De
2014 3399 2122 3452 quo

535 3463 762 3520 Domino
788 3467 834 3521 si
866 3467 1034 3534 dicis,
1053 3469 1119 3524 de
1166 3468 1260 3525 illo
1288 3470 1497 3540 utique,
1529 3470 1619 3542 qui
1653 3471 1707 3525 in
1747 3486 1913 3528 carne
1944 3471 2118 3544 (553),

527 3568 688 3621 quam
743 3570 844 3624 pro
891 3564 951 3612 te
989 3559 1317 3629 assumpsit,
1357 3567 1413 3615 et
1454 3560 1510 3615 in
1542 3575 1647 3631 qua
1702 3574 1800 3631 pro
1848 3569 1901 3615 te
1950 3559 2117 3616 multa

527 3647 853 3717 perpessus,
885 3648 1320 3718 crucifixusest,
1356 3664 1600 3708 mortuus
1629 3661 1683 3708 et
1727 3651 2001 3723 sepultus,
2036 3669 2119 3708 re-

527 3736 796 3801 surrexit,
820 3748 875 3793 et
903 3754 1063 3809 quam
1097 3740 1151 3795 in
1187 3740 1388 3796 cteium
1414 3741 1636 3808 levavit,
1667 3742 1720 3797 in
1751 3750 1805 3797 te
1830 3758 2002 3807 nunc,
2031 3742 2119 3799 cui

526 3826 632 3881 hoc
658 3826 882 3894 dicitur,
909 3829 1093 3884 intrat.
1118 3828 1255 3886 \lide
1282 3830 1518 3901 qualiter
1541 3834 1676 3887 tanti
1706 3832 1937 3903 hOSpitis
1966 3848 2118 3887 mnu-

528 3918 714 3974 datum
746 3929 801 3976 et
844 3931 1094 3978 ornatum
1140 3923 1308 3980 habes
1343 3925 1634 3993 hospitium
1681 3940 1705 3979 ξ
1747 3925 1793 3981 si
1843 3926 1988 3981 enim
2043 3925 2119 3981 illi

527 4010 768 4079 placeat,
797 4014 1056 4083 approbat
1097 4024 1157 4069 et
1205 4013 1508 4083 benedicit;
1538 4017 1585 4072 si
1638 4017 1957 4087 displiceat,
1991 4020 2117 4089 quia

528 4100 804 4170 reprobat,
841 4104 1215 4175 consequitur,
1240 4106 1383 4176 quod
1423 4105 1579 4162 valde
1612 4120 1697 4163 est
1738 4109 2117 4177 metuendum,

526 4198 589 4244 ut
634 4192 798 4247 etiam
846 4193 1152 4261 maledicat,
1202 4197 1307 4252 nisi
1344 4197 1685 4254 velocissima
1744 4199 2026 4256 confessio.
2064 4209 2121 4257 et

525 4280 843 4350 paenitentia
875 4284 976 4340 iioc
1009 4301 1133 4341 cum
1173 4287 1351 4358 ipsius.
1389 4289 1782 4355 misericordia,
1815 4291 1959 4362 quod
2002 4292 2128 4362 ipse

526 4374 625 4431 tibi
671 4376 1095 4435 misericorditer
1125 4382 1413 4446 concedat,
1444 4391 1673 4438 avertat.
1702 4384 1851 4440 Cui?
1880 4393 1934 4439 tu
1967 4385 2114 4441 vidc-

2231 1850 2596 1906 summopere,
2619 1847 2686 1889 ne
2709 1834 2922 1905 penitus
2943 1843 3188 1890 mortuus
3216 1833 3522 1906 huiusmodi
3552 1834 3813 1906 mysteria

2228 1926 2423 1979 audeat
2453 1932 2742 1990 tetiierare,
2774 1922 2827 1978 id
2855 1932 2958 1989 est,
2989 1938 3152 1993 quem
3184 1922 3259 1978 nil
3288 1923 3578 1979 cltaritatis
3597 1933 3815 1979 constat

2228 2015 2462 2078 habere;
2492 2012 2598 2079 Qui
2641 2013 2788 2068 enim
2834 2029 2943 2067 non
2984 2011 3194 2083 diligit,
3220 2021 3398 2067 manet
3443 2012 3498 2067 in
3544 2023 3716 2067 morte
3761 2011 3815 2082 (I

2224 2104 2386 2159 Joan.
2430 2120 2512 2171 ut,
2545 2104 2651 2173 14).
2695 2102 2753 2160 Si
2799 2118 2930 2174 ergo
2957 2103 3281 2160 charitatcm
3325 2110 3380 2159 te
3406 2102 3579 2160 sentis
3620 2118 3724 2158 nec
3758 2102 3819 2156 in

2228 2200 2418 2265 Deum,
2460 2214 2558 2255 nec
2592 2199 2643 2254 in
2670 2197 2977 2269 proximum
3016 2196 3237 2254 omnino
3275 2197 3506 2261 habere,
3538 2196 3674 2251 time
3702 2205 3817 2250 tam

2225 2298 2418 2344 sancta
2464 2289 2724 2360 mysteria
2766 2296 3071 2354 temerare;
3114 2295 3171 2343 et
3207 2294 3415 2357 quanto
3459 2287 3644 2342 minus
3675 2286 3727 2339 in
3763 2294 3821 2340 te

2224 2378 2538 2435 consideras
2588 2377 2909 2444 citaritatis,
2961 2385 3113 2434 tanto
3175 2374 3619 2440 formidolosius,
3668 2376 3819 2439 dico,

2226 2472 2545 2529 accesseris.
2573 2470 2689 2528 Non
2719 2472 2902 2527 minus
2926 2486 3053 2527 vero
3080 2471 3357 2543 pensanda
3384 2471 3627 2526 reversio
3652 2485 3819 2540 quam

2225 2564 2487 2631 accessio,
2520 2564 2646 2635 quia
2678 2580 2787 2619 non
2829 2563 3056 2619 minoris
3084 2563 3274 2636 gratia:
3302 2571 3385 2618 est
3423 2562 3670 2631 recipere
3712 2561 3815 2616 Do-

2224 2656 2428 2710 tniuum
2485 2670 2645 2726 quam
2692 2669 2878 2710 secum
2925 2652 3144 2708 habere.
3199 2649 3326 2707 Post
3369 2651 3693 2716 bueceltam,
3730 2651 3814 2706 in-

2225 2746 2342 2817 quit
2366 2786 2382 2813 ,
2410 2755 2537 2801 tunc
2565 2745 2798 2800 introivit
2839 2745 2895 2800 in
2936 2759 3054 2799 eum
3082 2742 3314 2800 Satanas
3343 2742 3523 2814 (Joan.
3554 2758 3674 2806 xm,
3696 2742 3810 2813 27).

2226 2836 2293 2891 Et
2322 2836 2390 2892 de
2416 2850 2613 2891 manna
2640 2834 2883 2906 cibisque
2927 2833 3143 2891 ctelitus
3180 2829 3323 2889 datis
3361 2832 3502 2887 idem
3544 2831 3814 2902 signanti-

2226 2930 2326 2984 bus
2357 2944 2376 2981 :
2405 2928 2589 2983 Adhuc
2620 2943 2774 2992 escis,
2805 2927 2999 2997 inquit,
3031 2941 3213 2981 eorum
3256 2935 3406 2979 erant
3447 2927 3504 2979 in
3549 2940 3640 2979 ore
3672 2927 3811 2994 ipso—

2227 3034 2366 3083 rum,
2394 3028 2441 3073 et
2468 3018 2549 3071 ira
2578 3015 2673 3071 Dei
2700 3017 2935 3071 ascendit
2963 3031 3121 3087 super
3144 3031 3232 3072 eos
3261 3012 3434 3085 (Psal.
3459 3030 3668 3080 Lxxvu,
3698 3014 3822 3085 50).

2149 3102 2193 3162 C
2229 3107 2587 3162 Mundandum
2618 3122 2749 3177 ergo
2795 3114 2919 3161 ante
2969 3106 3369 3177 perceptionem
3407 3106 3601 3161 cordis
3633 3105 3819 3176 hospi-

2226 3199 2356 3252 tium
2404 3206 2511 3263 est,
2541 3196 2947 3253 custodiendum
2979 3208 3099 3268 post
3128 3196 3554 3267 perceptionem.
3589 3194 3726 3251 Nota
3759 3206 3816 3251 et

2223 3292 2365 3362 quod
2419 3306 2524 3345 non
2592 3290 2753 3345 modo
2822 3290 3217 3345 descendentem
3281 3290 3481 3346 dicitur
3544 3291 3819 3360 Spiritum

2224 3400 2388 3455 super
2421 3384 2738 3449 Dominum,
2762 3383 2857 3439 sed
2888 3391 2941 3437 et
2985 3392 3279 3438 manentem
3314 3383 3494 3456 (Joan.
3529 3400 3571 3450 ι,
3604 3383 3717 3457 53),
3755 3396 3817 3439 ιιι

2222 3476 2491 3549 intelligas
2536 3476 2588 3530 in
2624 3475 2748 3531 aliis
2786 3492 2890 3532 non
2923 3476 3003 3532 sic
3048 3490 3199 3541 esse,
3232 3477 3328 3532 sed
3361 3477 3549 3532 venire
3590 3478 3647 3532 in
3695 3478 3816 3547 qui-

2222 3571 2449 3625 busdam
2497 3585 2593 3640 per
2641 3570 2895 3641 gratiam,
2942 3569 3193 3625 recedere
3231 3586 3326 3640 per
3354 3569 3642 3628 oﬂ'ensatn.
3675 3571 3815 3640 Quid

2223 3661 2384 3715 inde?
2412 3660 2512 3714 ais.
2566 3661 2628 3714 Et
2667 3670 2860 3725 metus,
2893 3668 2946 3715 et
2974 3659 3304 3725 consolatio,
3336 3662 3581 3730 inquam.
3616 3660 3815 3725 ﬂetus,

2222 3751 2264 3804 si
2304 3750 2624 3804 contristato
2654 3749 2835 3818 pravis
2863 3750 3064 3804 nostris
3093 3751 3335 3806 moribus
3359 3750 3571 3820 Spiritu
3598 3760 3816 3818 sancto,

2222 3858 2345 3897 eum
2372 3856 2403 3895 a
2431 3840 2585 3896 nobis
2608 3841 2961 3911 cxpeliimus;
2994 3842 3290 3898 timendum
3322 3844 3465 3898 enim
3498 3860 3569 3899 ne
3608 3846 3815 3900 irrevo-

2222 3932 2487 3988 cabililcr.
2518 3932 2826 3988 Consolatio
2862 3949 3015 3997 vero,
3044 3933 3172 4004 quia
3220 3934 3594 3991 satisfactione
3638 3947 3816 4008 potest

2223 4024 2465 4078 revocari
2498 4033 2702 4078 nostra.
2734 4022 3031 4079 Possumus
3059 4034 3116 4080 et
3139 4025 3267 4080 hinc
3293 4025 3572 4097 colligere,
3610 4012 3740 4098 quia
3766 4030 3816 4083 si

2225 4115 2278 4169 in
2304 4115 2735 4169 consideratione
2757 4113 2848 4187 [[2,
2868 4115 3302 4189 confirmatione]
3324 4124 3379 4170 et
3400 4118 3815 4173 consecratione

2224 4221 2318 4275 per
2348 4203 2740 4259 invocationem
2770 4219 3021 4260 veracem
3064 4214 3119 4261 et
3147 4221 3253 4261 non
3300 4205 3429 4261 vitio
3477 4207 3814 4279 scriptorum

2223 4296 2571 4364 depravatum
2615 4295 2772 4350 datus
2805 4294 3026 4349 cuilibet
3064 4292 3303 4366 Spiritus
3342 4305 3586 4363 sanctos,
3627 4296 3815 4355 malis:

2222 4403 2327 4458 que
2369 4387 2487 4456 eius
2532 4387 2746 4442 actibus
2792 4384 2954 4441 fuerit
3001 4402 3215 4443 rursum
3248 4388 3538 4458 expulsus,
3573 4405 3685 4445 nou
3738 4390 3812 4444 ita

526 4464 637 4531 ris;
670 4467 714 4522 si
750 4469 894 4524 enim
926 4469 1039 4540 ipse
1067 4486 1149 4535 es,
1177 4472 1267 4542 qui
1317 4472 1446 4527 illud
1510 4473 1849 4543 impleveris,
1890 4475 1999 4530 imo
2048 4489 2109 4529 ea
2147 4465 2339 4533 Deum
2363 4493 2524 4534 suum
2552 4478 2767 4547 penitus
2793 4477 3075 4547 reliquisse
3093 4478 3449 4542 domicilium,
3478 4488 3538 4533 ut
3564 4480 3818 4550 placatus

525 4571 647 4627 quae
680 4570 947 4629 praecepta
992 4571 1146 4626 sunt,
1181 4556 1289 4616 hoc
1326 4569 1447 4617 est:
1494 4560 1661 4618 Renes
1692 4574 1888 4619 vestros
1935 4564 2114 4619 accin-

526 4646 675 4713 aelis,
712 4649 1066 4706 calceamenta
1111 4652 1362 4708 habebitis
1390 4655 1455 4708 in
1472 4653 1688 4724 pedibus
1708 4695 1723 4720 ,
1757 4665 1989 4710 tenentes
2018 4656 2110 4710 ba-

525 4744 673 4797 culus
701 4744 757 4798 in
786 4746 1046 4810 omnibus,
1071 4756 1119 4801 et
1146 4747 1423 4802 comedetis
1452 4748 1759 4817 festinanter
1781 4748 1978 4821 (Exod.
2007 4762 2108 4816 xu,

526 4832 638 4904 il),
669 4833 722 4890 id
753 4844 855 4900 est,
889 4854 1016 4903 non,
1052 4853 1198 4904 cras,
1235 4854 1377 4904 cras,
1408 4839 1680 4905 dicentes;
1718 4839 1955 4910 gaudere
1995 4857 2111 4895 ma-

599 4989 747 5062 (553)
777 4992 1501 5088 Recentioresbei‘erodosi,
1530 4995 1621 5088 ιιιιὶ
1664 4996 1989 5088 eatliolicttnt
2018 4997 2111 5052 doc

526 5075 646 5088 -.ιι-
676 5076 845 5088 *ιι-*⁸-

2220 4585 2324 4623 non
2351 4569 2519 4637 possit
2545 4583 2671 4624 eum
2701 4578 2965 4638 repetere,
2990 4584 3053 4625 ac
3079 4579 3365 4640 propterea
3395 4570 3592 4626 timore
3618 4572 3813 4642 despe~

2220 4661 2376 4716 rabiii
2407 4661 2646 4722 dimisso,
2681 4669 2997 4716 constanter
3023 4661 3088 4716 de
3113 4662 3230 4732 ejus
3259 4663 3571 4717 reversione
3598 4679 3811 4733 prmsu-

2220 4766 2406 4816 ntere,
2445 4760 2501 4806 et
2525 4749 2747 4821 iugibus
2789 4766 2916 4805 eum
2964 4752 3221 4821 precibus
3263 4768 3526 4809 revocare
3576 4753 3811 4819 debere,

2216 4840 2517 4910 prmscrtim
2565 4856 2697 4897 cum
2732 4842 3044 4915 promiserit
3091 4842 3209 4916 ipse
3248 4860 3267 4896 :
3309 4842 3695 4900 Convertimini
3738 4846 3808 4901 ad

2215 4995 2459 5088 inarmici
2502 4996 2874 5079 ριξιιιιιιιειηιοιιιἰ
2920 4996 3124 5082 {lorum
3160 5013 3293 5053 vero
3341 5000 3807 5088 nistt.m.piut:lbus
