4032 5354
2978 336 3019 344 μα
3039 336 3131 352 νην-
3146 338 3159 345 η

265 369 373 425 ωε
1160 374 1579 431 sxcsuprun
1629 374 1721 430 ex
1766 374 2059 431 DIALOGO
2097 376 2653 437 conresswmu.
2902 365 2905 367 ’
3433 365 3549 435 tuti

264 502 374 549 me,
402 492 452 537 et
484 500 579 555 ego
614 493 842 539 revertar
876 485 945 539 ad
990 502 1076 540 eos
1103 485 1323 555 (Μαίας.
1351 502 1431 552 nt,
1459 488 1513 558 7)
1550 506 1563 541 :
1599 485 1747 552 Noli,
1786 486 1869 546 in-
1892 489 1943 549 Α
1968 488 2131 543 situm
2175 488 2526 559 professionis
2572 504 2705 546 mete
2756 499 3004 547 reversus
3070 485 3312 547 fuissem.
3383 487 3541 548 Nunc

264 576 408 645 quit,
440 576 679 631 accidere
726 592 838 639 nos,
865 577 1114 646 quoniam
1156 578 1403 632 habemus
1427 579 1698 632 thesauros
1743 578 1861 632 abs-

264 668 509 722 conditos
541 670 597 723 in
635 685 792 739 ag‘o,
825 679 872 723 et
918 686 1021 722 non
1073 669 1263 723 occidit
1318 687 1404 724 eos
1436 670 1571 740 (Jer.
1620 684 1738 731 xu,
1778 670 1855 735 8).

265 756 593 813 Tltesaurus
641 757 990 813 absconditus
1038 758 1091 811 in
1137 774 1286 829 agro,
1319 775 1442 829 spes
1476 768 1560 815 est
1593 759 1646 813 in
1691 760 1860 829 pleni-

265 854 465 907 tentia.
499 851 711 907 Cselera
736 853 875 907 unde
907 852 1048 907 istud
1080 852 1282 922 sumpsi
1317 853 1549 921 require.

346 947 436 1001 16.
471 948 652 1012 Quare
674 958 731 1001 tu
751 964 988 1011 enarras,
1008 947 1201 1016 inquit,
1216 948 1456 1016 justitias
1476 950 1658 1002 meas?
1685 948 1855 1018 (Paul.

264 1051 398 1092 uis
426 1037 539 1107 16.)
578 1037 691 1108 Ego
733 1047 942 1100 contra,
982 1038 1027 1091 si
1068 1037 1172 1092 dici
1216 1038 1288 1092 sit
1324 1040 1679 1101 conveniens,
1741 1040 1857 1095 ita:

267 1123 411 1189 Quia
459 1125 643 1179 melior
670 1136 745 1179 cst
788 1127 1146 1180 misericordia
1190 1137 1282 1181 tua
1328 1145 1480 1196 super
1525 1130 1685 1192 ritas,
1717 1128 1855 1183 labia

263 1231 387 1269 nua
412 1215 703 1270 laudabunt
735 1227 784 1270 te
810 1216 983 1287 (Psal.
1017 1233 1150 1282 uti,
1178 1217 1254 1288 4).
1285 1217 1541 1288 Sequitur
1565 1218 1708 1273 enim
1738 1229 1859 1289 post

260 1306 617 1360 severitatem
652 1306 875 1376 justitia:
917 1307 982 1362 de
1018 1307 1218 1377 pietate
1246 1308 1547 1363 consolatio
1584 1308 1635 1362 in
1668 1309 1855 1364 eodem

265 1399 482 1468 psalmo
504 1399 747 1469 piissime
776 1400 1108 1469 promulgata
1144 1417 1158 1453 :
1189 1399 1469 1469 Sacriﬁcio
1497 1399 1670 1454 laudis
1699 1400 1857 1454 Itono-

267 1490 499 1557 riﬁcabit
544 1506 644 1553 me,
674 1500 723 1544 et
770 1489 880 1544 illic
907 1490 1028 1553 iter,
1064 1507 1167 1558 quo
1212 1491 1481 1543 ostendam
1517 1489 1596 1543 illi
1625 1488 1858 1545 salutare

265 1578 367 1633 Dei
397 1577 572 1649 (Psal.
606 1595 753 1645 χιιι,
782 1579 909 1650 25);
940 1580 1083 1648 quod
1114 1588 1290 1633 tamen
1321 1576 1649 1634 sacrificium
1686 1578 1855 1648 mag's

263 1681 355 1727 est
392 1673 575 1742 operis
600 1688 765 1742 quam
806 1672 981 1736 vocis,
1012 1680 1067 1726 et
1094 1680 1270 1725 tamen
1303 1670 1469 1724 vocis.
1496 1668 1630 1724 Nam
1670 1677 1729 1723 ut
1760 1683 1858 1724 no-

264 1761 416 1815 veris
458 1777 627 1831 quare
655 1761 736 1815 vel
759 1761 843 1816 cui
871 1761 1151 1816 interdicat
1169 1760 1411 1831 justitias
1432 1775 1690 1817 enarrare
1705 1774 1853 1825 suas,

1963 577 2127 648 igitur
2153 580 2325 648 quid?
2356 579 2599 648 Videtur,
2649 580 2900 651 inquam,
2931 578 3085 648 mihi,
3123 584 3218 637 sed
3252 581 3406 652 quasi
3439 596 3536 651 per

1964 669 2213 725 tenebras
2236 671 2396 726 dubia
2424 672 2566 735 luce,
2591 673 2737 743 quod
2768 673 2816 727 ei
2853 674 3055 743 possim
3085 686 3245 728 servo
3273 686 3539 742 congrue-

1960 776 2041 827 re,
2076 762 2165 831 qui
2219 761 2343 834 fuga
2387 763 2588 835 lapsus,
2638 765 2906 835 longoque
2956 774 3193 835 tempore
3233 781 3263 820 a
3313 766 3536 821 domino

1954 855 2312 919 absentatus,
2363 857 2579 911 tandem
2628 856 2919 927 aliquando
2963 857 3531 913 minitantis'dotnini

1956 954 2167 1002 terrore
2209 947 2538 1017 compulsus,
2586 964 2655 1003 ne
2698 948 2897 1014 subito,
2928 948 3134 1005 scilicet
3163 948 3291 1004 dum
3340 947 3516 1004 nescit

1958 1039 2471 1109 comprehendatur,
2499 1048 2555 1093 ct
2579 1048 2672 1094 aut
2696 1040 2936 1108 patibulo
2972 1050 3065 1093 aut
3101 1040 3381 1110 suppliciis
3415 1049 3500 1093 tra
3540 1071 3545 1075 ~

1959 1127 2139 1193 datur,
2167 1128 2259 1198 qui
2304 1129 2486 1184 missis
2534 1129 2726 1199 legatis
2764 1138 2948 1201 sperat
2978 1129 3194 1200 aliquod
3238 1129 3534 1185 remedium

1957 1215 2195 1285 pietatis.
2225 1216 2326 1283 Qui
2359 1225 2504 1282 sunt;
2540 1217 2740 1286 inquis,
2761 1217 2838 1272 tui
2867 1216 3061 1288 legali?
3091 1215 3147 1271 Si
3172 1217 3300 1287 quid
3331 1217 3531 1281 enitor,

1956 1308 2201 1378 inquam.
2240 1309 2296 1364 Si
2345 1320 2522 1365 tamen
2572 1310 2812 1366 eniterer
2857 1310 2910 1365 in
2961 1310 3054 1365 Dei
3110 1312 3330 1366 servitio
3364 1311 3534 1377 forte;

1954 1408 2011 1455 et
2044 1400 2089 1455 si
2120 1416 2225 1455 non
2262 1402 2441 1467 aliud,
2472 1402 2799 1457 desiderium
2838 1401 3031 1456 saltem
3074 1402 3304 1472 loquens
3352 1402 3538 1472 utique

1957 1504 2080 1545 cum
2114 1490 2360 1557 Domino,
2390 1499 2447 1547 et
2476 1493 2680 1546 utinam
2728 1492 2903 1562 ipsum
2942 1491 3027 1546 vel
3070 1501 3411 1556 cancrorum,
3443 1492 3535 1562 qui

1956 1581 2025 1636 ad
2061 1582 2163 1637 hoc
2190 1592 2317 1637 sunt
2344 1583 2659 1654 suppliciter
2681 1583 2999 1649 invocandi;
3029 1583 3108 1638 sic
3137 1584 3280 1637 enim
3307 1582 3537 1638 habetur

1958 1673 2011 1728 in
2043 1672 2289 1743 psalmo:
2314 1674 2642 1727 Desiderium
2668 1690 2955 1744 pauperum
2982 1672 3247 1727 exaudivit
3279 1671 3534 1727 Dominus

1962 1760 2138 1833 (Psal.
2172 1778 2204 1817 ι
2227 1802 2244 1829 ,
2278 1764 2398 1833 17),
2428 1765 2586 1835 quasi
2615 1764 2821 1819 diceret
2868 1780 2882 1817 :
2934 1762 3272 1819 Desiderium
3321 1760 3530 1832 fugitivi

262 1851 318 1903 si
368 1852 648 1919 sequentia
681 1866 786 1904 non
818 1850 1107 1914 sufﬁciunt,
1140 1851 1259 1905 audi
1306 1851 1451 1920 quod
1497 1850 1745 1921 superius
1771 1857 1855 1905 est
1886 1856 1930 1916 Β
1960 1854 2110 1908 novit
2157 1854 2361 1924 optime
2397 1854 2657 1910 Dominus
2704 1855 2839 1925 ejus.
2876 1853 3017 1908 Audi
3070 1854 3217 1909 enim
3263 1850 3420 1923 quasi
3470 1851 3538 1905 de

264 1942 607 2008 pnemissum
635 1958 648 1994 :
677 1940 903 1995 Immola
952 1941 1059 1996 Deo
1090 1941 1406 2010 sacriﬁcium
1453 1940 1627 1996 laudis
1654 1942 1848 2008 (Ibid.,

266 2032 383 2101 Η).
410 2031 747 2087 Proltibeor?
778 2033 979 2102 inquis.
1022 2032 1357 2096 Proltiberis,
1390 2033 1632 2103 inquam,
1671 2032 1853 2103 probi-

268 2124 439 2185 bcris,
472 2124 515 2177 si
549 2121 725 2177 facere
756 2123 897 2192 quod
945 2124 1189 2191 sequitur
1240 2123 1467 2193 negligis
1496 2137 1511 2176 :
1545 2122 1613 2176 Et
1671 2122 1851 2188 redde,

265 2212 543 2282 inquiens,
569 2211 835 2267 Altissime
862 2221 978 2266 vota
1000 2224 1091 2266 tua
1114 2211 1321 2283 (Ibid.).
1358 2213 1494 2269 Vota
1518 2226 1669 2277 vero,
1695 2212 1853 2267 Chri-

264 2305 467 2368 stiane,
496 2320 618 2373 qua:
639 2304 747 2358 sint
777 2313 886 2367 tua,
914 2304 957 2359 si
988 2303 1125 2358 forte
1154 2304 1377 2367 oblitus,
1407 2304 1640 2374 requiris
1660 2344 1675 2369 ,
1706 2305 1850 2374 quod

269 2396 325 2448 in
357 2394 626 2465 baptismo
670 2396 963 2465 promisisti
1014 2397 1146 2459 Deo,
1198 2397 1527 2452 memineris.
1570 2397 1849 2462 Monache,

262 2488 314 2541 si
350 2503 545 2559 rogas;
577 2504 699 2558 quae
735 2499 854 2559 post
892 2491 1056 2545 etiam
1093 2491 1447 2560 spopondisti,
1482 2506 1675 2547 moneo
1704 2507 1855 2547 reco-

266 2582 374 2645 las,
406 2582 533 2634 illud
568 2583 766 2647 redde;
796 2583 927 2637 dicit
951 2582 1171 2652 sponsio
1197 2583 1504 2637 Conditoris
1535 2600 1551 2639 :
1580 2582 1646 2637 Et
1673 2583 1852 2638 invoca

270 2672 435 2742 260
461 2688 537 2725 me
560 2672 617 2726 in
656 2673 743 2726 die
770 2673 1144 2738 tribulationis,
1180 2682 1225 2727 et
1254 2689 1433 2726 eruam
1473 2682 1541 2738 te,
1572 2682 1618 2727 et
1651 2674 1857 2743 magni—

265 2760 455 2827 ficabis
481 2778 560 2815 me
586 2760 774 2832 (lbid.,
812 2761 921 2831 15).

340 2851 427 2905 17.
458 2851 657 2916 Quare,
704 2851 903 2920 inquis,
953 2852 1116 2907 tristis
1165 2869 1238 2919 es,
1284 2851 1462 2907 anima
1512 2852 1667 2906 mea?
1709 2850 1849 2906 Audi

266 2942 409 2996 unde
450 2940 750 2997 consoleris
794 2960 807 2995 :
851 2941 1018 3010 Spera
1057 2942 1114 2995 in
1161 2942 1291 2995 Deo.
1338 2940 1553 3008 Quare?
1590 2940 1849 3007 Quoniam

267 3031 441 3084 adhuc
464 3030 750 3099 conﬁtebor
772 3029 849 3083 illi
879 3028 1050 3101 (Psal.
1079 3046 1187 3095 xu,
1217 3030 1294 3100 6),
1317 3030 1491 3085 adhuc
1512 3030 1654 3093 vivo,
1680 3030 1846 3099 spiro,

264 3128 321 3173 et
363 3119 588 3187 pedibus
629 3119 767 3173 meis
798 3134 880 3173 me
917 3119 1151 3189 propriis
1196 3127 1372 3188 porto,
1403 3118 1579 3173 adhuc
1605 3129 1689 3173 est
1734 3118 1849 3172 dies

1958 1944 2236 2014 cujusdam
2301 1946 2513 2001 itineris
2574 1946 2969 2017 praeparatione
3025 1962 3039 1998 :
3110 1942 3537 2012 Prwparationes

1956 2037 2129 2091 cordis
2173 2053 2353 2091 eorum
2399 2037 2596 2092 audivit
2634 2037 2779 2091 auris
2809 2046 2902 2090 tua
2929 2034 3141 2106 (lbid.).
3172 2032 3360 2088 Nonne
3388 2031 3533 2088 enim

1956 2126 2051 2180 tibi
2081 2126 2295 2180 videtur
2322 2127 2566 2195 quaedam
2598 2124 2795 2195 legatio
2833 2138 2953 2179 esse
2999 2122 3210 2193 fugitivi
3241 2123 3308 2176 ab
3353 2120 3550 2175 aliena.

1953 2216 2182 2271 Domino
2207 2215 2492 2280 evadendi,
2515 2214 2823 2271 medullitus
2843 2216 3165 2269 clamantem
3188 2213 3315 2268 dum
3343 2210 3544 2266 audis;

1952 2305 2113 2377 Eripe
2158 2323 2237 2362 me
2282 2307 2346 2360 de
2395 2322 2554 2359 manu
2582 2304 2909 2375 peccatoris?
2934 2302 3109 2374 (Psal.
3155 2318 3287 2366 tu,
3323 2301 3405 2371 4.)
3432 2300 3561 2356 Iste.

1951 2396 2096 2451 enim
2125 2395 2241 2450 vult
2285 2395 2548 2459 evadere,
2582 2394 2677 2450 sed
2724 2409 2831 2449 non
2864 2393 3027 2457 valet,
3071 2393 3172 2447 nisi
3223 2407 3253 2446 a
3298 2391 3538 2462 legitimo

1954 2490 2183 2546 Domino
2216 2490 2523 2558 adjuvetur,
2558 2489 2667 2544 imo
2698 2489 2880 2560 potius
2907 2487 3189 2557 eripiatur.
3222 2485 3536 2555 Praeparare

1953 2584 2117 2638 etiam
2150 2582 2331 2651 fugam
2381 2596 2561 2635 nonne
2605 2588 2784 2651 potest
2831 2579 3001 2634 videri
3048 2579 3113 2643 is,
3155 2578 3246 2648 qui
3289 2578 3535 2631 clamat:

1957 2672 2215 2726 Paratum
2245 2686 2338 2724 cor
2365 2685 2561 2734 meum,
2587 2669 2753 2733 Deus,
2777 2677 3020 2738 paratum
3048 2682 3139 2719 cor
3162 2681 3332 2719 meum
3361 2662 3535 2734 (Psal.

1948 2780 2065 2828 LVI,
2114 2763 2193 2832 8),
2240 2761 2287 2816 si
2337 2770 2519 2815 tamen
2567 2760 2832 2815 veraciter
2861 2757 3094 2813 clamat?
3138 2755 3195 2810 Si
3235 2756 3383 2811 enim
3430 2770 3537 2809 non

1952 2852 2211 2923 ﬂagitium
2262 2850 2533 2921 duplicat;
2588 2849 2683 2905 sed
2729 2849 2869 2905 sicut
2919 2848 3201 2917 fugitivum
3250 2846 3426 2901 redire
3468 2844 3534 2900 αι’

1954 2943 2232 2999 dominum
2262 2939 2486 3010 quilibet
2514 2949 2772 3012 tyrannus
2812 2947 2868 2994 et
2896 2939 3114 3007 iniquus
3136 2950 3414 3007 possessor
3440 2935 3539 2988 imo

1952 3034 2123 3106 pedit,
2161 3041 2237 3096 et,
2270 3046 2337 3086 ne
2362 3030 2621 3086 evadendi
2655 3029 2911 3084 facultate
2939 3029 3197 3098 potiatur,
3228 3027 3385 3097 261
3417 3024 3535 3078 illa-

1953 3131 2151 3193 queat;
2183 3121 2261 3176 sic
2287 3127 2341 3175 et
2368 3119 2634 3185 diabolus,
2662 3128 2722 3173 ut
2746 3118 2906 3173 modo
2934 3118 3097 3172 etiam
3126 3116 3291 3179 sensi,
3322 3114 3536 3167 diversa

266 3208 491 3270 salutis.
536 3211 713 3264 adhuc
766 3218 973 3279 tempus
1021 3210 1350 3280 acceptabile
1396 3209 1478 3281 (II
1512 3207 1634 3265 Cor.
1665 3224 1738 3273 vt,
1765 3209 1846 3280 2).
1876 3208 1921 3271 C
1953 3212 2153 3283 ingerit
2182 3210 2588 3281 impedimenta,
2618 3218 2677 3263 ut
2706 3217 2800 3263 aut
2830 3208 2983 3272 nolit,
3025 3217 3121 3263 aut
3158 3213 3413 3275 nequeat,
3444 3210 3539 3257 aut

264 3298 510 3366 Itemque
544 3314 556 3350 :
590 3296 943 3353 Lenocinaris
992 3299 1219 3353 nimium
1268 3298 1385 3361 tibi,
1425 3299 1603 3370 inquis
1641 3316 1653 3351 :
1686 3298 1848 3368 (Non)

267 3392 581 3460 ignoremus
626 3391 809 3462 (554),
843 3392 983 3446 sicut
1028 3392 1106 3446 ait
1157 3392 1542 3462 Hieronymus,
1586 3392 1852 3460 poeniten-

267 3480 424 3544 tiam,
454 3494 524 3534 ne
568 3480 727 3533 facile
777 3494 1091 3550 peccemus;
1140 3495 1207 3534 ne
1252 3494 1559 3549 peccemus,
1608 3478 1848 3548 inquam.

265 3570 408 3637 Quid
457 3570 687 3639 amplius
733 3572 1103 3641 peccandum?
1145 3571 1524 3640 superabunde
1574 3579 1850 3640 peccatum

263 3669 372 3715 est.
415 3659 618 3715 Tabula
662 3669 749 3717 est
799 3662 900 3717 ista
950 3671 1073 3732 post
1121 3662 1492 3733 naufragium,
1542 3677 1647 3715 non
1686 3660 1852 3716 solida

266 3752 445 3808 navis.
476 3752 532 3807 Si
562 3754 873 3808 desinamus
904 3768 1145 3822 peccare,
1177 3769 1239 3809 ea
1277 3755 1460 3822 utique
1491 3752 1681 3808 referri
1710 3752 1858 3807 vale-

269 3857 393 3896 mus
422 3841 489 3895 ad
520 3842 732 3908 salutis,
763 3844 903 3898 unde
943 3858 1039 3913 per
1068 3844 1332 3898 incuriam
1364 3841 1699 3907 defleximus,
1730 3859 1855 3912 por-

270 3941 409 3983 tum.
460 3929 567 3985 Sed
612 3941 668 3986 ut
713 3931 916 4003 aliquid
966 3946 1294 4001 praesumere
1347 3932 1602 3995 audeam,
1659 3932 1854 3986 docent

266 4021 472 4091 quippe
499 4037 596 4076 nos
631 4032 841 4076 terrena
878 4037 1020 4091 sirpe
1045 4022 1172 4090 quid
1220 4022 1513 4076 debeamus
1536 4036 1755 4091 sperare
1789 4022 1854 4076 de

266 4113 606 4168 caelestibus.
640 4112 933 4166 Invisibilia
962 4113 1105 4167 enim
1152 4113 1288 4182 ejus,
1331 4121 1388 4166 ut
1426 4112 1503 4166 ait
1545 4111 1854 4182 Apostolus,

266 4219 363 4274 per
387 4219 450 4256 ea
479 4219 595 4273 quw
619 4203 762 4271 facta
788 4214 905 4256 sunt
936 4202 1298 4273 intelliguntur
1334 4201 1508 4274 (Rom.
1542 4219 1583 4266 ι.
1609 4202 1723 4272 20).
1756 4201 1858 4256 Fu-

267 4292 476 4360 gitivus
523 4293 567 4347 si
618 4294 1045 4363 comprehensus
1090 4308 1119 4345 a
1166 4293 1383 4347 domino
1427 4292 1594 4347 fuerit
1652 4292 1858 4360 absque

269 4397 371 4438 sua
424 4382 719 4448 voluntate,
774 4384 900 4453 quid
954 4392 1132 4453 potest
1180 4384 1432 4453 sperare?
1470 4382 1584 4437 Non
1636 4383 1856 4437 dubium

268 4474 401 4540 quin
449 4473 709 4542 supplicia
768 4473 948 4526 debita
1000 4474 1193 4527 debeat
1252 4474 1597 4543 respondere.
1652 4473 1708 4527 Si
1762 4487 1858 4527 sua

1954 3304 2228 3374 desperet,
2257 3311 2353 3356 aut
2380 3301 2545 3355 etiam
2578 3300 2971 3355 verecundetur
3014 3297 3212 3361 redire,
3244 3304 3338 3351 aut
3366 3301 3542 3359 certo,

1951 3393 2098 3463 quod
2150 3391 2321 3446 multo
2365 3400 2449 3446 est
2490 3391 2740 3460 gravius,
2797 3397 2907 3442 tam
2955 3386 3347 3442 exsecrabilem
3411 3399 3538 3439 eum

1953 3482 2175 3552 proprio
2222 3479 2387 3535 faciat
2416 3480 2664 3543 Domino,
2694 3487 2752 3532 ut
2784 3477 2957 3547 magis
2988 3476 3152 3546 eligat
3196 3490 3319 3530 eum
3362 3474 3539 3530 subito

1956 3587 2147 3644 rapere
2174 3580 2229 3628 et
2276 3571 2603 3643 perennibus
2650 3569 2932 3640 suppliciis
2961 3569 3197 3631 tradere,
3231 3581 3392 3634 quam
3425 3580 3537 3620 suae

1952 3664 2141 3734 gratia:
2197 3678 2293 3733 per
2341 3661 2722 3732 paenitentiam
2786 3657 3147 3713 reconciliari.
3202 3656 3355 3723 Quod
3411 3664 3539 3708 tunc

1954 3755 2191 3810 maxime
2220 3752 2452 3816 obtinet,
2479 3767 2602 3807 cum
2633 3766 2729 3821 per
2754 3748 3060 3820 superbiam
3102 3748 3167 3801 de
3196 3745 3385 3801 eadem
3415 3758 3539 3799 cum

1957 3844 2224 3914 legatione
2249 3857 2503 3913 precum,
2535 3840 2789 3896 desiderii
2826 3847 2921 3893 aut
2963 3838 3190 3905 alicujus
3221 3844 3314 3889 aut
3356 3834 3539 3905 magni

1960 3945 2053 3990 aut
2078 3935 2229 4005 parvi
2261 3935 2609 3989 securitatem
2639 3932 2687 3986 ei
2734 3930 2974 3986 immittit
2994 3970 3010 3996 ,
3039 3937 3134 3982 aut
3162 3925 3536 3982 extollentiatn

1959 4025 2106 4090 boni,
2155 4033 2247 4079 aut
2286 4033 2433 4079 certe
2463 4024 2665 4092 absque
2709 4020 2891 4091 aliqua
2929 4019 3222 4075 securitate
3261 4026 3537 4086 torporem

1961 4116 2041 4170 vel
2090 4116 2378 4187 ignaviam.
2417 4114 2550 4168 Nam
2608 4121 2733 4167 sunt
2783 4111 3056 4175 nonnulli,
3111 4108 3287 4180 qualis
3333 4118 3390 4163 et
3435 4120 3538 4177 ego

1958 4206 2133 4259 adhuc
2181 4220 2322 4267 sum,
2379 4203 2470 4272 qui
2518 4203 2749 4272 quadam
2798 4201 3027 4270 segnitia
3065 4198 3310 4261 remissi,
3360 4197 3435 4252 ita
3481 4210 3541 4250 se

1946 4304 2105 4349 totos
2141 4295 2310 4349 libero
2358 4292 2634 4363 neglecto,
2666 4290 2809 4361 quod
2843 4291 2985 4346 Deus
3035 4290 3221 4359 utique
3251 4296 3306 4343 et.
3349 4286 3541 4358 exigit,

1959 4383 2186 4438 arbitrio
2229 4381 2527 4453 negligant,
2553 4390 2609 4435 et
2635 4381 2788 4450 quasi
2822 4381 2913 4433 Dei
2949 4378 3138 4450 pietati
3174 4378 3541 4442 committunt,

1960 4482 2018 4525 ut
2043 4471 2246 4541 eligant
2270 4469 2531 4525 otiositati
2562 4469 2712 4523 frena
2742 4467 2945 4532 laxare,
2986 4477 3041 4522 et
3063 4466 3345 4522 oscitando
3373 4465 3537 4520 etiam

272 4574 466 4633 sponte
518 4566 842 4629 revertitur,
901 4567 1065 4636 quid?
1137 4567 1563 4622 misericordiam
1638 4568 1853 4636 utique;
1888 4555 1934 4613 Β
1963 4560 2016 4613 in
2061 4559 2323 4623 ecclesia,
2358 4568 2411 4613 et
2452 4557 2860 4612 somniculando
2904 4566 3072 4620 stare,
3118 4557 3542 4623 circumquaque

273 4658 510 4727 alioquin
540 4659 731 4711 vitium
763 4658 1120 4722 crudelitatis,
1145 4658 1271 4712 dum
1311 4673 1418 4712 non
1452 4659 1623 4727 ipsum
1656 4656 1858 4728 fugisse

274 4748 555 4800 Dotttinutn
621 4746 819 4815 poterit
867 4745 1190 4813 conjectari.
1248 4746 1614 4800 Misericordia
1676 4755 1854 4800 tamen

271 4838 368 4891 ista
392 4836 541 4905 juste
578 4853 645 4891 ac
690 4838 917 4891 firmiter
948 4838 1249 4899 roboratur,
1279 4837 1321 4889 si
1352 4836 1644 4891 securitate
1677 4852 1857 4891 rever-

266 4929 432 4982 sionis
458 4938 515 4981 et
544 4928 721 4980 venim
752 4944 854 4979 non
882 4927 1102 4996 incipiat
1132 4926 1431 4995 superbire,
1460 4935 1552 4979 aut
1576 4942 1604 4979 a
1635 4927 1857 4982 servitio

266 5030 513 5086 torpere;
545 5017 642 5070 sed
676 5031 888 5086 semper
914 5016 1216 5084 recogitans
1254 5014 1389 5085 fugae
1418 5014 1697 5085 flagitium,
1730 5032 1853 5071 cum

264 5109 501 5162 maxima
555 5105 863 5160 humilitate
909 5105 1122 5159 studeat
1164 5106 1281 5158 dies
1330 5113 1624 5173 noctesque
1674 5107 1854 5159 conti-

279 5215 431 5232 ..ιη-ιο
486 5209 540 5232 ιιι
577 5206 626 5232 ιιι
663 5197 962 5232 nnnlnnlnln
998 5195 1049 5232 in
1098 5194 1217 5232 fumo
1250 5210 1663 5232 rnonntnnncnro
1689 5198 1855 5232 nnccil

1960 4650 2265 4704 discurrere
2296 4663 2400 4702 non
2428 4648 2585 4702 modo
2622 4661 2866 4715 corpore,
2897 4646 2990 4701 sed
3017 4654 3071 4700 et
3111 4655 3322 4707 mente;
3350 4644 3543 4697 sedere

1950 4739 2041 4805 vel
2063 4740 2270 4810 jacere,
2295 4754 2453 4809 quam
2479 4738 2563 4792 vel
2592 4738 2771 4809 aliquo
2802 4738 2943 4793 bono
2974 4751 3139 4806 opere
3159 4777 3174 4802 ,
3208 4735 3289 4790 vel
3314 4732 3542 4807 lectione

1960 4840 2054 4884 aut
2100 4831 2366 4893 oratione,
2416 4828 2499 4883 vel
2545 4837 2693 4883 certe
2736 4827 2862 4881 boni
2915 4827 3143 4897 alicujus
3194 4824 3542 4881 meditatione

1960 4919 2193 4990 legatum
2231 4919 2462 4989 aliquem
2502 4917 2594 4971 Dei
2628 4917 2816 4986 pietati
2845 4916 3100 4983 dirigere,
3135 4924 3194 4968 ut
3218 4912 3540 4982 quandoque

1960 5024 1991 5063 a
2018 5009 2213 5064 diaboli
2243 5007 2449 5077 laqueis
2473 5006 2683 5077 plenius
2707 5022 2804 5061 eos
2842 5004 3090 5073 dignetur
3115 5014 3325 5056 eruere.

2030 5097 2115 5153 19.
2158 5097 2292 5151 Item
2336 5107 2447 5166 post
2485 5094 2749 5167 quwdum.
2809 5092 2921 5146 Hoc
2958 5103 3093 5144 sane
3144 5085 3538 5151 mibividetur,

1960 5200 2014 5232 In
2041 5190 2178 5232 conti
2209 5188 2350 5232 ttuml
2397 5187 2570 5232 nlnt‘ﬂl
2597 5201 2612 5232 ζ
2648 5187 2776 5232 (lltiﬂ
2809 5183 2949 5232 sicut
3002 5193 3168 5232 nemo
3198 5192 3254 5232 se
3284 5173 3427 5229 valet
3449 5192 3544 5232 DCl‘
