4032 5354
205 245 320 307 ωε

1052 247 1476 305 EXCERPTUM
1514 248 1600 305 EX
1644 247 1940 306 DIALOGO
1979 249 2536 312 CONFESSIONALI.

3372 241 3483 311 ιισ

207 386 238 424 a
266 365 532 423 cathedra
580 363 752 436 Moysi
795 378 900 419 non
945 364 1272 430 dissideret;
1322 367 1523 434 cogita,
1551 366 1792 434 inquam,
1823 368 1871 426 Α
1899 367 1968 419 ad
2015 369 2358 424 ministerium
2405 371 2539 440 ejus,
2592 371 2637 424 si
2683 387 2851 425 circus
2880 371 3058 440 fuerit,
3088 371 3134 424 si
3157 368 3398 428 claudus,
3431 370 3477 422 si

209 473 322 512 non
353 456 514 510 abest
553 455 786 527 longius,
817 455 932 510 heri
965 455 1158 510 lectum
1204 465 1288 510 est
1319 474 1332 510 :
1374 455 1509 520 Hoc,
1543 455 1737 526 inquit,
1763 472 1794 508 a

206 548 488 616 semetipso
520 563 624 600 non
651 546 782 599 dixit
810 545 989 613 (Joan.
1014 561 1088 610 iu,
1118 546 1231 618 51.)
1262 546 1400 614 Quid
1441 556 1524 602 est
1546 565 1577 600 a
1605 557 1793 601 semet-

206 641 323 708 ipso
356 641 384 693 .’
416 653 449 691 a
505 639 872 693 malivolentia
925 653 1044 702 sua,
1091 654 1197 708 qua
1248 639 1478 694 interfici
1518 638 1794 692 Christum

208 729 429 784 volebat
460 745 476 792 ;
515 743 695 798 neque
722 727 863 781 enim
892 727 1011 783 ideo
1044 727 1321 783 Christum
1352 725 1575 798 optabat
1598 728 1794 792 occidi,

210 829 270 874 ut
289 837 424 891 gens
459 830 573 874 tota
603 821 943 885 liberaretur,
986 822 1130 890 quod
1169 822 1464 876 secundum
1497 823 1614 892 ejus
1644 821 1797 876 mali-

210 911 479 980 gnitatem
531 908 863 977 impossibile
897 911 1221 965 omnimodis
1255 924 1393 976 erat,
1447 913 1538 966 sed
1577 915 1628 965 in
1660 927 1796 980 pne-

209 1004 381 1059 sentia
415 1002 539 1070 ejus
559 1003 628 1057 de
661 1017 826 1073 regno
851 1003 1150 1058 tolleretur.
1186 1004 1337 1058 Licet
1361 1019 1487 1058 vero
1511 1005 1632 1059 talis
1653 1012 1798 1058 esset

209 1098 326 1167 ejus
354 1097 718 1160 conscientia,
746 1111 930 1149 verum
961 1095 1062 1149 fuit
1093 1097 1236 1165 quod
1270 1113 1366 1166 per
1386 1111 1508 1150 eum
1539 1097 1793 1151 cathedra

210 1188 378 1260 Moysi
429 1187 693 1258 protulit,
754 1188 896 1242 sicut
947 1190 1211 1242 moventis
1251 1195 1373 1252 est,
1424 1189 1563 1257 quod
1610 1189 1796 1242 reboat

209 1280 455 1344 chorda;
508 1280 585 1335 sic
616 1281 760 1335 enim
807 1279 1002 1348 legitur
1048 1297 1061 1332 :
1093 1278 1195 1334 Sed
1237 1297 1353 1334 cum
1392 1291 1522 1334 esset
1561 1281 1797 1350 pontifex

220 1371 347 1425 anni
377 1370 548 1435 illius,
595 1371 915 1440 prophetarit
948 1369 1155 1440 (Ibid.).
1182 1372 1248 1426 Et
1276 1373 1363 1427 hic
1391 1373 1535 1426 enim
1559 1374 1796 1438 attende,

209 1466 338 1519 anni
365 1463 533 1525 illius,
572 1464 748 1532 inquit
774 1480 788 1528 ;
821 1463 1060 1532 nunquid
1102 1464 1175 1518 ita
1203 1478 1299 1532 per
1325 1462 1542 1534 Moysen
1569 1463 1795 1517 manda-

210 1562 366 1609 verat
390 1554 534 1608 Deus
563 1556 588 1607 ?
619 1553 856 1607 Minime.
898 1555 1037 1610 Ecce
1066 1555 1304 1610 enormis
1345 1555 1655 1626 indignitas,
1690 1572 1794 1609 non

208 1652 292 1698 est
320 1645 596 1698 enim'ista
625 1644 832 1714 legalis,
887 1654 941 1700 et
980 1655 1156 1701 tamen
1185 1662 1213 1699 a
1244 1645 1355 1700 Deo
1385 1646 1671 1716 permissa,
1701 1645 1793 1700 sed

1893 474 2052 525 parvo
2073 459 2150 512 vel
2173 462 2362 529 grandi
2384 460 2463 514 vel
2483 470 2620 514 torto
2658 478 2806 525 naso,
2836 463 2880 515 si
2913 463 3081 530 fracto
3101 462 3230 530 pede
3260 460 3336 513 rel
3361 477 3476 512 ina-

1896 563 1987 612 rta,
2011 550 2056 602 si
2089 550 2287 619 gibbus,
2321 552 2367 604 si
2389 551 2578 620 lippus,
2608 551 2654 604 si
2673 552 2970 622 albuginem
3004 552 3198 604 habens
3221 552 3275 604 in
3302 551 3475 611 oculo,

1895 640 1942 693 si
1954 639 2134 709 jugem
2181 642 2428 706 scabiem,
2462 643 2507 694 si
2539 642 2888 712 impetiginem
2935 643 2991 694 in
3019 657 3254 710 corpore,
3276 643 3322 693 si
3347 657 3479 708 pun-

1899 737 2118 786 derosus
2146 731 2331 800 (Leuit.
2357 749 2468 796 xxi,
2501 732 2686 803 -t7-‘20)
2712 749 2726 796 ;
2762 733 2902 787 inter
2931 733 3044 787 haec
3077 741 3255 786 autem
3285 731 3336 784 in
3362 730 3480 784 ltlll-

1897 824 1944 877 la
2000 824 2067 877 ad
2135 825 2301 878 Deum
2357 824 2722 879 intercedendi
2769 824 2961 878 saltem
3010 841 3108 894 pro
3139 839 3223 878 me
3271 824 3467 878 fiducia

1899 915 2279 970 familiaritatis
2333 917 2586 986 deceptus
2647 916 2874 984 respiro.
2929 917 3212 986 Desperas,
3270 915 3474 983 inquis,

1897 1007 2074 1072 video,
2114 1020 2282 1074 quare
2333 1006 2569 1060 inaniter
2602 1005 2856 1060 laboras?
2906 1004 3015 1060 Nec
3077 1007 3326 1074 despero,
3373 1019 3475 1059 nec

1897 1112 2086 1167 spero,
2143 1098 2382 1166 inquam.
2419 1095 2591 1165 Spero
2619 1097 2671 1150 in
2704 1096 2831 1159 Deo,
2873 1097 3100 1165 despero
3117 1095 3182 1149 de
3217 1110 3300 1148 me
3324 1093 3475 1162 ipso;

1895 1197 1952 1242 et
1978 1196 2128 1242 tanto
2152 1188 2324 1257 magis
2357 1188 2408 1241 in
2439 1203 2525 1251 eo,
2568 1196 2774 1256 quanto
2810 1186 2988 1240 minus
3014 1186 3079 1240 de
3116 1198 3200 1239 me
3232 1183 3481 1256 [subaudi

1897 1281 2140 1352 sperare]
2170 1281 2368 1334 debere
2395 1279 2702 1334 considero.
2741 1277 2980 1348 Despero
3001 1278 3162 1342 enim,
3191 1278 3318 1346 quia
3337 1273 3482 1345 quod

1897 1377 2010 1431 scio
2058 1375 2364 1430 faciendum
2419 1377 2570 1439 mihi,
2627 1389 2800 1443 neque
2841 1375 3033 1430 saltem
3089 1373 3339 1442 incipio:
3376 1385 3482 1425 non

1900 1467 2128 1535 despero
2163 1465 2421 1529 fiendum,
2461 1466 2505 1519 si
2539 1466 2800 1535 placuerit
2844 1463 3174 1518 omnimodis
3201 1464 3329 1516 Deo.
3365 1460 3486 1514 Ina-

1900 1555 2042 1609 uiter
2061 1571 2188 1608 vero
2209 1562 2386 1609 utrum
2436 1555 2696 1618 laborem,
2731 1555 2956 1614 nescio;
3007 1554 3133 1623 quia
3165 1561 3220 1606 et
3257 1552 3386 1622 quid
3414 1550 3485 1606 ad

1903 1647 2006 1700 hoc
2031 1646 2099 1700 sit
2128 1645 2222 1718 [sit
2247 1645 2519 1700 abundare
2564 1644 2787 1716 videtur]
2811 1643 3165 1699 obtinendum
3199 1643 3374 1696 adhuc
3405 1641 3485 1694 la-

209 1733 276 1788 sb
326 1732 546 1788 Herode
598 1733 830 1788 nefando
852 1749 1106 1791 concessa
1143 1744 1402 1804 potestas.
1431 1735 1488 1790 Si
1521 1751 1651 1790 vero
1677 1751 1795 1806 per-
1831 1716 1872 1773 Β
1903 1736 2109 1801 borem,
2135 1716 2248 1789 non
2282 1736 2457 1790 video.
2501 1735 2557 1789 Si
2585 1735 2715 1805 quid
2744 1750 2875 1788 vero
2901 1743 3004 1798 est,
3027 1747 3134 1786 non
3164 1731 3310 1792 illud,
3343 1729 3486 1799 quod

210 1823 372 1878 missa
403 1832 462 1878 et
491 1838 519 1877 a
571 1824 662 1878 tali
693 1825 864 1894 potuit
895 1828 1239 1896 prophetare,
1300 1828 1422 1882 data
1469 1843 1497 1881 a
1531 1827 1640 1882 Deo
1669 1827 1795 1897 quid

207 1923 460 1983 potuerat
488 1928 650 1985 agere
678 1917 702 1968 ?
730 1915 922 1986 Utique
946 1917 1083 1986 plus,
1124 1917 1174 1970 id
1205 1927 1308 1976 est,
1341 1927 1394 1970 et
1425 1916 1558 1971 velle
1599 1917 1794 1970 bonum

209 2006 392 2060 dicere
419 2015 476 2060 et
503 2021 684 2074 posse,
714 2007 826 2060 inec
867 2017 1046 2061 autem
1077 2007 1416 2062 solummodo
1453 2022 1630 2077 posse.
1663 2007 1794 2060 Nam

209 2110 313 2148 non
346 2096 474 2149 ideo
501 2111 636 2163 gens
685 2095 908 2150 liberata
950 2106 1050 2160 est,
1087 2098 1210 2166 quia
1244 2098 1344 2152 iste
1369 2097 1536 2151 voluit
1560 2114 1575 2163 ;
1601 2098 1694 2151 sed
1718 2097 1798 2150 (ll-

209 2188 305 2250 xit,
331 2186 461 2255 quia
487 2202 612 2240 eum
641 2187 823 2241 dicere
851 2187 1103 2251 flendum,
1132 2188 1272 2256 quod
1301 2197 1418 2242 erat
1447 2188 1681 2258 dignitas
1708 2204 1797 2241 ca-

211 2279 440 2344 thedra‘,
491 2279 638 2334 fecit.
693 2280 862 2348 Quem
897 2298 1026 2351 ergo
1077 2282 1428 2351 indigniorem
1459 2283 1655 2350 quatris
1690 2281 1712 2333 ‘3
1742 2289 1797 2333 et

211 2379 392 2424 tamen
446 2372 802 2440 prophetasse
866 2373 1041 2435 audis,
1096 2382 1152 2425 ut
1199 2382 1349 2426 notes
1377 2383 1576 2442 quanta
1609 2373 1679 2426 sit
1719 2372 1796 2426 vis

208 2461 520 2527 potestatis,
543 2461 910 2530 cujuscunque
939 2463 1078 2514 modi
1113 2464 1182 2516 sit
1219 2463 1323 2514 vita
1353 2463 1604 2526 tenentis,
1629 2479 1798 2532 quan-

209 2559 262 2605 ta
299 2551 536 2620 dignius
568 2551 873 2620 hujusmodi
913 2553 1119 2606 ordinis
1149 2570 1162 2615 ;
1188 2561 1241 2605 et
1279 2569 1380 2605 non
1411 2561 1624 2617 nutare,
1654 2554 1797 2622 quod

208 2641 338 2696 ideo
367 2643 626 2695 honorem
679 2643 879 2696 bonum
909 2657 1027 2695 esse
1057 2643 1274 2711 protuli,
1307 2644 1430 2713 quia
1463 2659 1490 2697 a
1521 2644 1658 2696 bono
1684 2641 1796 2697 Deo

209 2751 553 2798 concessum,
586 2737 630 2790 si
657 2736 914 2804 permissa
959 2750 1128 2803 usque
1149 2736 1214 2788 ad
1245 2735 1600 2804 prophetandi
1634 2735 1799 2788 valuit

208 2825 500 2880 eliimciam
527 2837 768 2895 potestas
797 2826 996 2879 venire.
1030 2823 1094 2878 Ut
1119 2840 1247 2878 vero
1275 2824 1323 2877 in
1353 2824 1533 2893 aliquo
1563 2824 1655 2877 tibi
1688 2840 1800 2878 mo-

210 2933 322 2971 rem
354 2933 566 2987 geram,
605 2918 900 2971 notandum
946 2917 1125 2981 video,
1163 2917 1304 2986 quod
1335 2934 1436 2970 non
1469 2928 1541 2970 est
1572 2927 1799 2987 potestas

214 3009 314 3061 nisi
356 3027 387 3060 a
446 3008 561 3061 Deo
612 3007 793 3077 (Rom.
849 3024 961 3068 xm,
1007 3008 1060 3077 l)
1115 3009 1301 3062 dicens
1345 3009 1657 3076 Apostolus,
1698 3009 1799 3061 hac

211 3100 568 3169 suspensione
593 3097 772 3153 locum
805 3099 955 3152 dedit
984 3098 1420 3166 subintelligtuuli
1452 3108 1507 3153 et
1532 3099 1797 3167 permissa

213 3201 262 3246 et
285 3205 549 3245 concessa
576 3206 591 3255 ;
620 3207 739 3244 cum
769 3192 1066 3261 przesertim
1097 3191 1463 3256 subintulerit,
1496 3192 1642 3261 (558)
1672 3191 1803 3257 Qme

210 3293 344 3343 sunt,
378 3298 410 3333 α
450 3281 556 3334 Deo
580 3282 840 3335 ordinata:
869 3281 1032 3354 264
1054 3293 1172 3335 sunt
1206 3283 1429 3353 (llud);
1471 3299 1576 3336 non
1604 3292 1659 3335 ut
1682 3283 1801 3337 Cai-

208 3373 329 3441 phae
357 3372 446 3424 illa
472 3370 962 3433 inordinatissima,
992 3383 1046 3427 et
1072 3381 1249 3426 tamen
1291 3373 1599 3426 veneranda
1626 3373 1802 3425 inten-

211 3467 376 3528 tione,
405 3482 571 3534 quam
623 3465 1047 3520 monstravimus
1078 3481 1236 3534 supra
1273 3483 1285 3518 :
1329 3465 1422 3518 sed
1466 3465 1800 3528 laboremus,

211 3558 454 3626 inquam,
512 3566 567 3611 et
597 3571 908 3622 caveamus,
968 3573 1034 3610 ne
1063 3555 1314 3620 frustra;
1368 3566 1474 3610 tota
1527 3556 1669 3609 enim
1700 3556 1801 3608 ista

210 3648 463 3720 allegatio
491 3649 653 3702 index
681 3657 764 3701 est
795 3647 1134 3717 indignitatis
1173 3655 1227 3699 et
1258 3647 1491 3698 miseriae
1521 3660 1669 3705 mem,
1697 3661 1800 3712 qua

212 3741 554 3810 Sct‘ipluram
600 3741 816 3794 trahere
845 3741 910 3793 ad
963 3740 1067 3794 mei
1097 3738 1354 3793 auxilium
1390 3738 1514 3792 dum
1567 3738 1803 3791 reniten—

209 3843 318 3887 tem
343 3833 552 3896 laboro,
581 3832 722 3900 quod
756 3832 869 3885 fieri
892 3832 1084 3902 possit,
1109 3846 1236 3884 num
1262 3829 1350 3901 [f.,
1373 3846 1475 3883 non
1497 3829 1650 3899 quid]
1669 3829 1797 3897 quid

209 3927 280 3980 sit
305 3926 389 3978 vel
423 3925 516 3978 fiat
550 3939 751 3978 enarro
785 3925 808 3977 ?

279 4018 372 4072 21.
413 4015 490 4070 Ne
523 4031 610 4071 tne
656 4016 820 4085 igitur
857 4013 996 4068 ultra
1028 4014 1319 4083 decipiam,
1363 4010 1645 4072 confiteor,
1676 4009 1802 4078 quia

211 4109 338 4164 licet
368 4109 484 4162 h:ec
525 4105 865 4161 omnis-alens
893 4105 985 4159 Dei
1023 4105 1192 4173 possit
1224 4104 1594 4157 misericordia
1627 4101 1802 4154 edice-

211 4215 292 4263 re,
321 4210 378 4252 ιιι
401 4199 660 4251 minutum
685 4197 850 4250 valuit
872 4198 936 4250 de
960 4196 1128 4249 nihilo
1149 4211 1360 4258 creare,
1383 4195 1428 4249 si
1452 4210 1555 4246 non
1589 4193 1798 4258 fecerit,

213 4299 428 4347 constat
455 4305 540 4343 me
571 4304 695 4343 cum
745 4289 849 4342 mei
881 4287 1144 4341 similibus
1172 4285 1440 4355 perditum
1475 4281 1803 4337 omnimodis

211 4399 351 4446 esse,
375 4395 431 4437 et
453 4381 648 4435 falsum
679 4395 874 4433 nomen
905 4378 1141 4448 cpisc0pi
1174 4377 1254 4431 vel
1280 4375 1659 4446 abbatis(559)
1691 4390 1795 4428 non

214 4475 329 4530 sine
359 4473 729 4528 damnationis
758 4480 976 4524 mterute
1002 4468 1242 4538 periculo
1267 4469 1432 4543 ferre,
1461 4467 1674 4521 etiamsi
1711 4467 1800 4519 de-

215 4577 322 4632 tur,
355 4577 413 4619 ut
467 4565 598 4619 olim
632 4562 876 4632 Caiphae,
926 4563 1276 4632 prophetare,
1306 4575 1335 4613 a
1367 4576 1469 4628 qua
1511 4559 1672 4612 aliter
1703 4573 1801 4611 ne-

217 4674 352 4727 queo
381 4671 607 4726 prorsus
661 4651 902 4716 liberari,
946 4653 1046 4707 nisi
1081 4652 1268 4707 relicta
1306 4653 1544 4705 vanitate
1568 4651 1798 4719 penitus,

219 4752 354 4818 quod
380 4749 584 4805 Christi
615 4748 792 4818 pietas
825 4747 1047 4807 tribuat,
1072 4739 1483 4800 saeculi.'Ferre
1505 4745 1671 4807 enim,
1706 4744 1804 4796 mi-

225 4843 461 4906 randum,
495 4840 644 4910 quod
677 4837 854 4899 valeo,
886 4837 1010 4888 dum
1040 4845 1228 4889 contra
1273 4851 1356 4888 me
1383 4837 1596 4904 meique
1621 4836 1805 4889 consi-

232 4930 372 4986 miles
401 4931 739 4986 clamantem
769 4926 930 4979 audio
959 4924 1277 4994 (figuraliter
1308 4925 1452 4978 enim
1494 4923 1568 4976 nil
1612 4923 1804 4978 horum

224 5025 337 5079 mihi
367 5020 757 5079 disconvenire
785 5018 1047 5072 dolendus
1095 5018 1396 5085 considero)
1428 5036 1440 5070 :
1481 5016 1584 5082 Qui
1606 5017 1804 5070 habue—

217 5116 275 5170 rit
302 5115 598 5178 maculam,
658 5128 763 5166 non
806 5111 984 5180 offeret
1017 5127 1177 5181 panes
1201 5109 1446 5175 Domino,
1479 5127 1570 5164 nec
1600 5111 1805 5164 accedet

219 5325 238 5332 ι
273 5256 421 5323 (558)
465 5253 788 5332 Legebatur
831 5265 1005 5332 qutun
1034 5247 1297 5332 Deoﬂsunt
1319 5289 1333 5307 .
1371 5250 1633 5304 ordinata:
1663 5263 1803 5306 sunt.

1831 4437 1878 4492 D

1901 1826 2180 1895 competit,
2232 1834 2315 1878 est
2345 1842 2358 1889 ;
2417 1825 2511 1879 sed
2555 1825 2708 1888 illud,
2737 1823 2879 1893 quod
2913 1823 2978 1876 de
3021 1821 3231 1886 rebelli,
3264 1820 3406 1874 malo
3432 1829 3489 1872 et

1899 1913 2125 1987 fugitivo
2148 1933 2232 1970 me
2265 1917 2558 1986 protulisse
2590 1917 2858 1985 superius,
2893 1915 3205 1969 meminisse
3236 1922 3486 1983 poteras,

1899 2021 2076 2063 servo.
2114 1997 2248 2061 Nam
2283 2023 2388 2061 non
2412 2022 2597 2062 amore
2623 2007 2853 2070 Domini,
2877 2021 2980 2059 non
3008 2006 3303 2077 religionis,
3323 2021 3487 2076 quam

1899 2098 2186 2166 abnegavi,
2229 2113 2333 2151 non
2391 2097 2514 2162 loci,
2559 2099 2702 2152 unde
2742 2100 2908 2152 miser
2953 2098 3158 2168 aufugi,
3210 2107 3489 2168 postremo

1899 2208 2004 2246 non
2039 2192 2309 2246 desiderio
2359 2193 2480 2244 vita)
2512 2200 2751 2254 aeternae,
2780 2191 2872 2245 sed
2909 2192 3100 2244 timore
3131 2191 3410 2259 gehennae,
3441 2190 3489 2243 si

1897 2283 2040 2336 facio
2073 2297 2330 2352 unquam,
2367 2282 2548 2348 facio;
2587 2284 2714 2336 etsi
2753 2283 3010 2336 auderem
3049 2281 3346 2345 dimittere,
3385 2297 3488 2334 non

1898 2374 2134 2429 facerem
2189 2374 2396 2442 utique,
2456 2388 2520 2427 ac
2583 2389 2680 2442 pro
2726 2373 2826 2426 hoc
2856 2388 2960 2426 non
3011 2387 3226 2442 possum
3255 2370 3493 2442 ergitare

1898 2466 2026 2534 quid
2077 2465 2184 2519 Deo
2236 2465 2434 2518 habeat
2485 2464 2669 2517 dctali
2716 2478 2875 2516 servo
2927 2477 3140 2516 curare.
3183 2462 3308 2514 Mihi
3342 2462 3489 2513 enim

1900 2556 1998 2626 ipsi
2048 2554 2310 2609 vilescere
2364 2569 2448 2607 me
2510 2554 2665 2607 viieo
2717 2562 2986 2623 oportere,
3040 2569 3160 2606 cum
3207 2554 3368 2606 etiam
3423 2553 3492 2604 ah

1899 2647 2118 2700 etlmico
2146 2647 2196 2700 in
2231 2645 2330 2699 mei
2349 2646 2466 2714 lego
2489 2646 2873 2713 sociorumque
2895 2653 3205 2713 contemptu
3223 2643 3490 2713 prolatum

1898 2743 2184 2796 terissime
2205 2756 2219 2794 :
2239 2740 2474 2794 Oderunt
2497 2757 2714 2810 peccare
2743 2741 2864 2793 boni
2887 2740 3096 2793 virtutis
3122 2753 3336 2802 amore;
3365 2738 3490 2790 dum

1902 2851 1988 2891 me
2015 2835 2246 2904 illosque
2263 2848 2488 2902 peccare
2511 2835 2682 2903 magis
2705 2835 2889 2902 utique
2905 2848 3070 2888 cerno
3094 2833 3303 2894 timere,
3329 2846 3492 2900 quam

1900 2941 2004 2978 non
2035 2941 2258 2994 peccare
2283 2923 2524 2993 diligere.
2553 2924 2647 2977 Est
2671 2933 2853 2977 autem
2903 2922 3206 2992 lmjusmodi
3238 2921 3395 2976 ratio.
3435 2919 3492 2974 Si

1902 3016 2070 3068 laicus
2123 3015 2366 3079 fuissem,
2425 3025 2480 3067 et
2531 3013 2597 3068 de
2646 3014 2900 3067 omnibus
2965 3012 3070 3067 illis
3114 3011 3491 3082 plenitentiam

1904 3121 2222 3175 qtaererem,
2255 3101 2470 3159 ducenti
2524 3105 2802 3175 sexaginta
2835 3103 3073 3172 quinque
3111 3103 3235 3155 anni
3288 3101 3330 3155 si
3361 3099 3493 3154 mihi

1905 3198 2287 3255 indicerentur.
2352 3213 2380 3250 a
2432 3213 2540 3265 quo
2593 3196 2930 3249 donarentur
2971 3198 2995 3248 ἲ
3035 3192 3496 3264 Septuagenarius

1906 3289 2054 3359 (510)
2089 3290 2202 3360 jam
2253 3289 2382 3358 quid
2429 3304 2579 3342 eram
2611 3297 2830 3341 acturus
2860 3287 2882 3340 ?
2916 3287 3184 3350 Dicturus,
3218 3287 3348 3348 scio,
3379 3292 3498 3338 erat

1904 3390 2184 3449 patronus,
2234 3379 2278 3433 si
2331 3373 2510 3432 tamen
2561 3378 2717 3447 pretii
2752 3378 2979 3446 alicujus
3009 3396 3020 3429 :
3050 3376 3165 3429 Non
3199 3384 3350 3444 potes
3386 3375 3491 3428 ista

1904 3473 2102 3535 facere,
2155 3471 2278 3539 quia
2333 3469 2494 3540 265
2527 3470 2678 3522 deest
2703 3469 2937 3538 spatium
2964 3484 2978 3532 ;
3015 3467 3165 3521 trade
3198 3476 3246 3520 te
3276 3466 3383 3519 Deo
3416 3475 3497 3519 to-

1906 3575 2039 3624 tum,
2099 3571 2152 3615 ct
2201 3561 2444 3629 relinque
2496 3558 2800 3622 saeculum;
2850 3571 2978 3612 ecce
3029 3558 3210 3610 omnia
3245 3556 3493 3619 dimiSsa,

1903 3653 2026 3720 quia
2064 3651 2150 3720 pio
2185 3650 2293 3702 Deo
2315 3648 2628 3702 cmmnissa.
2667 3646 2964 3700 Monachus
2996 3661 3115 3698 smn
3145 3655 3199 3698 et
3231 3645 3315 3696 vix
3340 3642 3496 3697 habi-

1905 3759 1957 3800 ιιι
1991 3761 2042 3798 οι
2074 3745 2210 3812 lege,
2253 3743 2346 3796 sed
2387 3742 2572 3810 refuga
2631 3739 2764 3810 legis
2815 3739 3114 3808 promissa).
3159 3737 3267 3792 Fac
3297 3745 3374 3791 tot
3401 3753 3496 3788 au-

1905 3852 2002 3889 nos
2027 3837 2076 3888 in
2103 3833 2417 3904 paenitentia
2443 3830 2709 3900 expleam,
2733 3829 3078 3882 dimittantur
3097 3826 3301 3888 omnia,
3329 3833 3498 3878 restet

1907 3928 2006 3980 hoc
2037 3940 2220 3987 unum,
2263 3923 2405 3994 quod
2441 3923 2611 3991 legem
2644 3921 2830 3988 utique
2862 3933 3034 3971 meam
3071 3915 3498 3970 inconvertibili-

1906 4027 1986 4071 ter
2015 4015 2218 4086 refugi;
2250 4029 2427 4068 nonne
2460 4012 2554 4066 tibi
2580 4012 2797 4065 videtur
2829 4024 2928 4078 pro
2960 4009 3062 4062 hoc
3091 4007 3205 4061 solo
3233 4022 3314 4060 me
3342 4006 3495 4060 dam-

1907 4109 2134 4162 nabilem
2163 4107 2278 4159 fore
2306 4105 2328 4157 ?
2354 4106 2454 4157 hoc
2483 4102 2647 4172 igitur
2674 4100 2810 4156 solo.
2846 4097 3038 4153 Oamia
3072 4097 3160 4152 illa
3187 4097 3290 4151 illis
3322 4095 3502 4149 omni-

1905 4199 2025 4262 bus,
2056 4199 2157 4251 hoc
2186 4197 2362 4250 solum
2395 4209 2504 4248 non
2538 4206 2758 4260 possum
2792 4203 3007 4243 sanare.

1972 4291 2065 4344 2‘2.
2108 4289 2241 4341 Item
2281 4295 2395 4356 post
2437 4285 2700 4354 quwdam.
2733 4280 3066 4346 Quibusdam
3121 4278 3286 4348 igitur
3339 4276 3500 4346 quasi

1905 4382 2151 4454 passibus
2203 4377 2399 4432 mentis
2437 4375 2526 4429 illo
2586 4373 2827 4443 perveni,
2877 4381 2936 4424 ut
2983 4381 3037 4424 et
3078 4385 3143 4424 eo
3204 4382 3257 4423 et
3291 4368 3506 4455 caeteris

1903 4475 2156 4530 omnibus
2189 4471 2361 4524 visum
2403 4468 2534 4521 mihi
2584 4466 2748 4519 fuerit
2797 4464 3034 4518 inaniter
3073 4461 3422 4524 abstinuisse,
3451 4459 3503 4514 sl

1907 4564 2230 4620 monachum
2255 4574 2362 4624 me,
2396 4568 2452 4612 ιιι
2479 4557 2724 4628 promisi,
2754 4571 2858 4610 non
2887 4554 3078 4609 fuisset
3100 4569 3128 4607 a
3160 4554 3268 4606 Deo
3293 4553 3502 4616 datum,

1908 4653 2046 4709 finiri
2081 4651 2260 4721 (ti—il);
2299 4649 2518 4703 aitet-uis
2541 4648 2737 4717 quippe
2767 4661 2864 4715 pro
2893 4647 2993 4700 hoc
3023 4644 3137 4698 solo
3177 4643 3500 4702 destinatus,

1908 4748 2007 4802 etsi
2035 4745 2138 4798 alia
2167 4743 2314 4796 nulla
2351 4741 2684 4803 habuissem,
2715 4738 3023 4809 suppliciis.
3055 4734 3191 4802 Quid
3221 4732 3504 4802 profuerat

1912 4837 2041 4893 mihi
2076 4832 2406 4888 abstinuisse
2429 4829 2496 4884 ab
2519 4830 2602 4884 his
2626 4840 2680 4884 et
2705 4838 2811 4882 tam
2829 4827 3098 4889 dulcibus,
3119 4824 3351 4878 mundus
3372 4835 3509 4891 quas

1914 4927 2091 4992 all'ert,
2135 4925 2427 4986 illecebris,
2463 4937 2586 4976 cum
2632 4919 2969 4992 [subauditur
2998 4914 3312 4986 profuisset]
3358 4921 3509 4967 atter-

1913 5037 2103 5076 narum
2138 5034 2352 5088 quoque
2387 5031 2549 5068 usura
2580 5013 2820 5068 caruisse
2859 5011 3174 5080 pcenarnm?
3205 5006 3376 5076 Cujus
3427 5006 3503 5060 rei

1916 5112 2294 5168 certitudiucm
2319 5117 2378 5162 ut
2406 5106 2500 5160 tibi
2532 5106 2778 5178 glorianti
2809 5105 2874 5157 de
2911 5101 3141 5171 quadam
3166 5097 3508 5154 continentia

1917 5247 2164 5332 “091.534
2185 5256 2248 5332 ἐι
2275 5245 2351 5300 ⁵4
2364 5246 2416 5332 7f.

2711 5323 2891 5328 --ρ-..-⁵.
2936 5305 3092 5328 -.ΞΑ-αα
3137 5313 3323 5328 ’Δαμιαα
3361 5318 3488 5328 ...ι-Μ
