4032 5354
565 315 678 373 ιιι

1509 314 1838 373 ΒΑΤΙΙΕΜῘ
1871 313 2083 371 εριεε.
2128 312 2381 371 γειιοκ.
2421 314 2575 373 OPP.
2614 317 2798 375 ιιιιιιε
2833 317 2873 374 l.

3731 322 3833 377 ﬂ!

564 428 719 499 senio
777 428 949 501 magis
1013 443 1178 501 quam
1232 429 1432 483 virtute
1482 428 1767 498 acquisita,
1819 434 1941 497 post
1987 425 2153 482 multa
2183 430 2230 489 Α
2259 443 2484 493 tumere,
2521 440 2580 484 ut
2608 431 2740 485 mibi
2781 443 3021 502 quoque,
3068 432 3213 501 quod
3262 433 3403 487 Deus
3426 442 3664 499 avertat,
3692 440 3834 506 peri-

564 535 781 591 quoque
805 518 1070 591 ejusdem,
1093 528 1153 575 ut
1172 534 1290 574 sum
1323 526 1493 584 ratus,
1517 518 1817 589 naufragia,
1837 519 2150 581 iucuterem,

565 624 626 669 et
648 613 718 669 ab
740 614 843 669 hac
868 612 1165 669 securitate
1191 612 1259 667 ad
1282 610 1557 682 planctum
1597 610 1963 666 necessarium
1998 618 2054 665 et
2091 608 2156 663 ad

561 705 845 777 jejunium,
877 705 1175 776 praesertim
1208 713 1388 760 autem
1413 703 1481 758 ad
1510 702 1780 764 monachi,
1809 701 1966 769 cujus
1980 700 2157 755 solum

569 799 791 853 nomine
818 805 872 853 et
897 796 1083 851 habitu
1120 795 1367 865 gloriaris
1410 808 1642 856 mecum,
1682 791 1996 848 reducerem
2028 805 2155 861 pro-

565 887 836 957 'positum:
873 885 1041 941 malui
1083 899 1201 940 mea
1230 884 1412 939 dicere
1455 883 1653 945 ainaia,
1684 896 1845 951 quam
1877 888 1969 934 tua
2015 893 2159 934 nunc

570 981 665 1036 tibi
694 981 762 1038 ad
792 981 1108 1037 memoriam
1138 980 1416 1043 reducere,
1435 979 1621 1034 saltem
1647 978 1730 1032 vel
1755 977 1954 1047 aliqua.
1972 975 2162 1032 Consi-

568 1074 779 1128 deranti
809 1072 957 1144 (542)
1000 1073 1199 1143 quippe
1236 1072 1426 1142 ignaro
1451 1071 1616 1125 vestri
1656 1070 1816 1126 alicui
1854 1067 2161 1125 securitatis

568 1162 908 1218 alacritatem
940 1163 1104 1217 etiam
1146 1163 1197 1217 in
1226 1163 1324 1217 ista
1350 1160 1770 1230 Quadragesima
1798 1157 2039 1215 omnium
2069 1171 2161 1212 ve-

566 1264 761 1313 strum.
795 1253 966 1308 videri
1020 1262 1198 1323 potest
1229 1252 1435 1307 nullum
1485 1250 1646 1306 alicui
1691 1265 1756 1305 ex
1787 1248 1940 1304 vobis
1985 1248 2162 1303 inesse

565 1355 869 1414 peccatum.
908 1345 984 1402 Ita
1035 1346 1194 1415 (proh
1242 1344 1450 1415 nefas!)
1481 1343 1840 1415 (545)neseio
1889 1353 2012 1411 qua:
2063 1354 2162 1396 vos

569 1436 809 1491 obtinuit
854 1451 976 1492 meo
1019 1436 1110 1507 qni
1141 1451 1236 1491 vos
1276 1450 1498 1490 monere
1540 1432 1749 1504 neglexi
1792 1440 2036 1501 peccato,
2067 1428 2162 1485 a'ut

564 1523 714 1579 falsae
756 1525 892 1594 spei,
921 1524 1425 1594 autdesperationis
1458 1521 1771 1585 mortiferae,
1801 1520 1888 1576 vel
1927 1520 2161 1575 obdura-

568 1614 732 1670 tionis
755 1613 977 1670 nefaria:
999 1614 1185 1684 pestis,
1216 1623 1275 1668 ut
1297 1612 1640 1669 insensibiles
1676 1625 1894 1683 quoque
1931 1609 2159 1675 faceret,

563 1707 711 1778 quod
778 1707 834 1762 in
900 1706 1155 1762 omnibus
1217 1705 1590 1759 intirmitatum
1645 1703 1938 1775 generibus
1985 1702 2161 1771 magis

2257 518 2454 573 culum.
2480 519 2544 576 Hi
2560 521 2702 576 enim
2728 537 2936 577 mecum
2959 524 3155 591 potius,
3174 523 3300 578 utin
3316 526 3579 594 p'opheta
3607 524 3831 597 legitur:

2257 609 2632 680 Confregerunt
2653 613 2864 683 jugum,
2908 624 3158 683 ruperunt
3186 615 3395 669 uincula
3417 615 3554 685 (Jer.
3584 632 3639 683 ν,
3675 617 3752 688 5),
3781 629 3836 672 ut

2259 701 2569 771 nuperrime
2591 718 2730 758 unus
2766 704 2980 759 illorum
3019 704 3140 760 vide
3173 721 3336 776 quam
3384 705 3582 763 festive
3626 709 3840 765 diabolo

2259 789 2525 846 servierit.
2574 790 2708 847 Cuia
2738 793 2883 850 enim
2925 795 3136 850 causari
3186 796 3400 862 soleret,
3439 800 3667 868 penuria
3698 815 3841 854 enm—

2261 880 2539 936 munitatis
2568 880 2713 953 (5M)
2737 897 2796 937 se
2824 892 3158 954 cteterosque
3213 895 3269 941 et
3318 888 3518 957 regulae
3571 898 3839 959 precepts

2260 969 2568 1039 negligere;
2607 980 2831 1042 repente
2856 973 2946 1028 diu
2978 973 3235 1030 collectos
3271 990 3340 1031 ex
3364 979 3558 1032 eadem
3599 992 3843 1032 commu-

2261 1059 2429 1112 nitate
2457 1060 2736 1129 proferens
2776 1077 3052 1130 nummos,
3078 1071 3138 1118 ut
3171 1078 3275 1118 non
3304 1064 3539 1120 inaniter
3567 1076 3842 1122 monstra-

2260 1156 2412 1203 retur
2455 1164 2773 1205 mammontr
2808 1158 2915 1205 tam
2962 1150 3192 1208 lldrliter
3236 1154 3436 1224 diuque
3481 1157 3739 1217 servisse,
3790 1169 3846 1214 et

2260 1239 2531 1310 obsequiis
2587 1242 2846 1297 idolorum
2901 1257 3008 1299 nou
3049 1245 3185 1301 adeo
3226 1248 3466 1317 segniter
3509 1248 3846 1315 incubuisse,

2263 1331 2389 1386 fecit
2412 1333 2554 1401 quod
2587 1342 2642 1386 tu
2674 1344 2801 1389 ante
2828 1334 3034 1391 scivisti
3063 1351 3225 1406 quam
3253 1353 3375 1409 ego.
3417 1339 3475 1394 In
3505 1340 3602 1395 tali
3630 1356 3848 1413 quoque

2261 1437 2378 1478 aevo
2409 1421 2647 1480 Simonis
2674 1439 2778 1479 non
2826 1426 3033 1481 veritus
3080 1435 3166 1481 est
3192 1428 3524 1499 exemplum,
3555 1446 3685 1487 cum
3710 1447 3846 1503 pra:-

2261 1514 2448 1568 sertim
2488 1517 2941 1584 prtedecessorem
2992 1532 3147 1572 sumn
3194 1517 3434 1587 ejusdem
3477 1521 3664 1577 aetatis
3725 1538 3849 1579 reor

2262 1604 2551 1675 quemdam
2578 1605 2940 1662 latrunculum
2971 1607 3239 1674 audisset,
3287 1610 3342 1664 in
3372 1609 3515 1665 idem
3565 1612 3843 1683 negotium

2264 1696 2457 1750 collata
2505 1696 2756 1767 pecunia,
2786 1706 3077 1769 antequam
3125 1696 3232 1753 frui
3272 1699 3461 1755 saltem
3502 1701 3593 1757 die
3651 1702 3847 1759 fuisset

565 1796 933 1868 perniciosum
966 1796 1211 1851 noscitur
1262 1794 1398 1850 fore.
1444 1795 1579 1849 Dum
1639 1795 1758 1857 tibi,
1808 1793 2010 1863 inquis,
2054 1792 2153 1861 ipsi
2187 1786 2229 1845 Β
2258 1803 2596 1853 concessum,
2619 1788 2935 1855 miserabili,
2963 1797 3023 1844 ut
3059 1788 3282 1861 dignum
3315 1789 3441 1857 fuit,
3461 1791 3655 1862 iudicii
3692 1794 3848 1850 modo

566 1902 673 1943 non
714 1886 915 1955 parcis,
952 1900 1059 1947 tne,
1086 1884 1196 1940 imo
1223 1899 1320 1938 nos
1345 1898 1536 1955 omnes
1584 1884 1787 1938 acriter
1814 1882 1985 1938 rodis.
2016 1881 2161 1949 Quo-

567 1978 750 2044 modo,
780 1978 1017 2046 inquam,
1045 1978 1239 2032 aliter?
1262 1976 1361 2032 Mei
1385 1977 1529 2032 enim
1559 1976 1728 2047 ipsius
1747 1991 1932 2029 curam
1964 1988 2163 2046 gerens

566 2068 810 2138 aliosque
851 2068 1147 2139 negligens,
1200 2069 1469 2138 praecipue
1517 2082 1641 2126 vos.
1705 2066 1835 2122 mihi
1889 2066 1981 2135 qui
2029 2064 2163 2120 esuis

563 2161 865 2226 commissi,
917 2162 1083 2233 266
1111 2161 1255 2230 quod
1295 2160 1502 2215 crimen
1530 2157 1705 2226 majus
1727 2157 1809 2213 vel
1840 2156 2043 2212 habere
2078 2153 2163 2209 vel

565 2258 810 2320 pateram
841 2250 1129 2305 conliteri?
1174 2247 1304 2304 Sum
1335 2257 1538 2316 tamen,
1566 2262 1707 2312 sum,
1752 2262 1857 2301 non
1909 2243 2156 2307 dilIiteor,

566 2356 684 2395 mea
706 2340 861 2411 culpa
895 2339 1222 2409 huiusmodi,
1242 2349 1301 2393 ut
1324 2339 1655 2395 intensiusiu
1687 2338 1937 2392 oratione
1956 2337 2156 2392 dicam:

567 2429 817 2483 Miserere
839 2430 962 2491 mei,
983 2443 1146 2498 quam
1177 2446 1191 2483 :
1219 2427 1468 2482 Miserere
1494 2427 1679 2482 nostri.
1711 2426 1775 2480 Et
1801 2426 1929 2479 illud
1950 2440 2165 2496 quoque

565 2519 733 2572 nostri
755 2534 876 2574 cum
901 2518 1042 2582 dico,
1068 2518 1172 2572 mei
1202 2518 1378 2587 potius
1397 2531 1559 2586 quam
1579 2515 1804 2570 alterius
1826 2515 2164 2569 immanitate

566 2608 833 2663 scclerum
890 2617 1116 2663 coactus
1156 2608 1445 2672 recordor;
1488 2614 1542 2660 et
1586 2607 1640 2660 in
1700 2606 1803 2661 hoc
1838 2605 2163 2660 charitatem

568 2700 623 2753 iu
656 2716 742 2755 me
792 2699 1090 2770 frigescere
1141 2698 1477 2763 demonstro,
1504 2707 1561 2753 et
1587 2698 1657 2752 de
1686 2696 2005 2752 delictorum
2068 2710 2166 2751 ex-

572 2788 863 2843 stinctione
886 2788 1118 2860 amplius
1138 2788 1344 2843 dubito.
1377 2786 1421 2844 0
1448 2796 1629 2842 autem
1654 2787 1861 2841 utinam
1882 2786 1953 2839 ita
1974 2784 2166 2840 saltem

567 2879 722 2935 vobis
750 2888 927 2935 vestra
956 2880 1242 2950 aliquoties
1266 2920 1282 2945 ,
1336 2888 1397 2934 ut
1436 2880 1588 2944 mihi,
1617 2879 1745 2934 dum
1795 2879 1908 2933 haec
1954 2880 2162 2944 scribo,

574 2986 734 3036 mea,
782 2970 1145 3028 clarescerent
1200 2972 1458 3041 peccata!
1511 2986 1639 3027 nam
1687 2981 1742 3026 et
1803 2970 2165 3038 alacritatem,

580 3063 764 3128 credo,
790 3061 1089 3132 pauxillum
1115 3062 1471 3133 reprimerent
1494 3071 1731 3117 nostram
1758 3059 1848 3132 υἱ,
1877 3057 2165 3133 vestram],

2262 1881 2614 1937 exstinctum.

2331 1973 2421 2027 93.
2453 1972 2812 2028 Considerare
2862 1973 3062 2030 ixthinc
3089 1976 3577 2046 pernecessarium,
3602 1980 3849 2035 conside-

2263 2079 2408 2127 rare,
2447 2080 2610 2135 quam
2667 2066 3065 2135 retrogradum,
3106 2068 3241 2137 prob
3267 2068 3459 2124 dolori
3499 2068 3611 2125 iter
3655 2085 3851 2141 carpa-

2264 2172 2404 2220 mns,
2461 2156 2555 2226 qui
2625 2156 2914 2212 saeculares
2961 2157 3291 2224 debuimus,
3348 2167 3410 2213 ut
3478 2168 3854 2217 antecessores

2265 2245 2455 2307 nostri,
2489 2246 2543 2300 in
2580 2245 2919 2301 rectitudinis
2947 2246 3034 2301 via
3063 2247 3275 2316 prteire.
3309 2246 3604 2320 Presbyter
3651 2250 3849 2321 quipp:

2263 2336 2489 2408 quilibet
2515 2336 2788 2393 saecularis
2815 2337 2858 2391 si
2898 2336 3194 2392 Ecclesiam
3223 2338 3524 2409 quamlibet
3547 2341 3852 2410 acquisive-

2271 2430 2342 2485 rit
2371 2428 2517 2500 (για.
2546 2446 2667 2484 can.
2712 2428 2782 2484 59
2831 2438 2881 2483 et
2927 2428 2996 2484 ω
3020 2429 3203 2500 Apost.
3245 2438 3300 2484 et
3336 2430 3375 2483 l.
3434 2446 3474 2485 ιι
3517 2428 3845 2502 Cephalum,

2265 2537 2314 2578 c.
2370 2520 2526 2591 150);
2560 2520 2818 2590 quidquid
2867 2528 2993 2574 ante
3035 2520 3262 2583 habuit,
3314 2519 3440 2575 licet
3492 2522 3543 2576 ei
3590 2522 3853 2584 vendere.

2265 2610 2417 2674 dare,
2451 2611 2534 2666 vel
2567 2612 2758 2682 quovis
2779 2610 2972 2665 ordine
2997 2625 3097 2680 pro
3130 2611 3283 2665 libitu
3319 2611 3545 2666 cuilibet
3567 2612 3850 2682 delegare;

2268 2704 2430 2777 267
2456 2703 2716 2774 quidquid
2743 2719 2871 2758 vero
2896 2712 3083 2773 postea
3105 2704 3442 2774 acquisierit,
3462 2703 3572 2772 jnri
3602 2704 3852 2761 Ecclesia

2268 2797 2431 2851 cedit.
2462 2795 2756 2851 Monachus
2784 2811 2935 2860 vero,
2966 2796 3059 2866 qui
3081 2811 3183 2851 nec
3230 2796 3398 2866 ipsam
3432 2797 3767 2851 voluntatem
3798 2797 3853 2852 ia

2268 2887 2485 2957 propria
2517 2887 2677 2942 debet
2714 2886 2918 2942 habere
2940 2893 3231 2955 potestate,
3260 2886 3345 2940 cui
3372 2886 3532 2941 debet
3566 2886 3859 2957 colligere!

2269 2977 2551 3033 collectum
2576 2976 2662 3031 cui
2705 2977 2834 3031 dare
2862 2974 2946 3030 vel
2974 2975 3315 3045 relinquere?
3344 2974 3649 3044 praisr-rtim
3687 2977 3734 3031 si
3786 2993 3851 3032 es

2272 3067 2554 3139 stipendio,
2581 3066 2722 3121 unde
2747 3065 2932 3121 vestiri
2958 3065 3145 3120 debuit
3195 3075 3249 3120 et
3280 3065 3452 3136 pasci,
3481 3075 3576 3120 aut
3606 3064 3753 3123 forte
3784 3083 3853 3123 ex

569 3163 625 3208 et
667 3154 995 3209 desiderium
1043 3154 1111 3209 ab
1173 3155 1259 3209 his
1284 3154 1607 3224 quantocius
1634 3152 1895 3208 evadendi
1945 3160 2165 3223 praesta-
2194 3142 2239 3202 C
2270 3160 2497 3229 alicujus
2544 3157 2694 3230 (διες)
2741 3157 3062 3213 οὶιθάἰεηιίω
3113 3156 3421 3225 provisione
3472 3155 3663 3221 fuerit,
3713 3158 3855 3227 quod

571 3253 726 3311 rent;
757 3244 1091 3301 otiositatem
1133 3261 1348 3316 quoque
1378 3245 1582 3300 desidia
1632 3241 1962 3312 torpentium
2009 3257 2164 3297 com-

570 3344 873 3406 pescerent,
946 3337 1215 3407 praecipue
1273 3336 1469 3406 quibus
1516 3334 1748 3415 amplius
1801 3341 2158 3404 competeret,

571 3431 811 3503 priorum
841 3431 927 3488 vel
961 3447 1175 3499 senum,
1199 3432 1396 3503 quibus
1442 3432 1743 3486 maximum
1794 3428 2011 3485 noveris
2059 3427 2164 3482 im-

590 3688 591 3693 η
645 3632 794 3702 (542)
819 3632 1116 3688 Construe:
1143 3631 1314 3686 Alieni
1332 3632 1520 3702 quippe
1544 3634 1726 3699 ignaro
1753 3629 1907 3684 vestri
1930 3627 2166 3702 consile-

573 3698 711 3755 rmiti
733 3701 1057 3756 alacritatem
1088 3698 1382 3756 securitatis
1411 3698 1642 3754 ontnium
1668 3709 1767 3753 rest
1779 3715 1890 3752 rum
1913 3699 2070 3751 etiam
2111 3698 2165 3751 in

571 3770 675 3824 ista
697 3770 1115 3839 Quadragesima
1140 3772 1300 3825 videri
1311 3781 1474 3841 potest
1491 3770 1693 3824 nullum
1714 3779 1982 3839 peccatum
1997 3767 2167 3821 inesse

575 3841 736 3894 alicui
771 3857 837 3894 ea:
856 3843 1018 3896 vobis.

645 3910 796 3980 (545)
829 3910 1095 3965 Cuitstrtte
1126 3926 1142 3963 :
1182 3910 1373 3964 Nescio
1395 3925 1515 3980 qui:
1556 3911 1714 3980 pes'is
1742 3920 1829 3962 aut
1854 3908 2004 3980 falsa:
2033 3909 2163 3980 spei,

575 3977 665 4032 aut
723 3981 1097 4045 desperationis
1137 3977 1419 4047 mortiferis
1444 4020 1458 4043 ,
1505 3979 1582 4032 rel
1621 3977 1980 4032 obdurationis
2020 3977 2167 4045 nefa-

576 4050 671 4103 riae
722 4050 937 4103 oinnuit
990 4068 1076 4104 vos
1132 4061 1342 4117 peccato
1382 4066 1494 4103 meo
1523 4089 1537 4109 ,
1580 4050 1670 4118 qui
1721 4049 1921 4118 neglexi
1957 4063 2167 4101 monere

575 4134 683 4190 ros,
727 4128 783 4172 ut
833 4120 1022 4189 facere:
1093 4136 1295 4190 quoque
1353 4118 1700 4190 insensibiles,
1748 4119 1893 4190 quod,
1932 4118 2169 4190 noscitur

577 4189 690 4270 fore
728 4186 894 4259 magis
940 4186 1290 4260 perniciosum
1328 4190 1385 4244 in
1415 4187 1653 4243 omnibus
1698 4189 1972 4259 generibus
2010 4186 2164 4255 inﬁr-

579 4268 842 4314 mitatum.

650 4327 798 4401 (544)
830 4330 1063 4401 ldipsum
1092 4331 1258 4385 etiam
1283 4329 1615 4401 monasterio
1635 4328 2009 4401 Gemblacensi
2032 4351 2162 4391 con-

583 4398 789 4475 tigisse,
819 4410 878 4453 ut
903 4398 1177 4475 praetextu
1196 4401 1435 4471 penuria:
1467 4400 1543 4453 rei
1573 4400 2165 4475 communisregularis

580 4468 863 4541 disciplina
904 4468 1288 4541 _pess‘umiret,
1341 4476 1572 4523 testatur
1629 4479 1822 4541 auctor
1874 4468 2041 4530 libélli
2094 4475 2163 4530 de

579 4535 749 4610 Gestis
771 4535 1014 4610 abbatum
1037 4539 1484 4595 Gemblacensium
1505 4549 1634 4595 tom.
1661 4539 1701 4593 Il
1721 4539 1906 4610 Spicil.
1937 4546 2158 4609 Acher.,

581 4624 712 4686 pag._
737 4609 859 4686 76$.
896 4610 1037 4665 Nam
1069 4611 1464 4686 ecclesiasticis,
1494 4611 1687 4686 inquit,
1738 4612 1887 4686 rebus
1939 4616 2165 4686 undique

580 4679 870 4746 dissipatis,
899 4690 947 4734 et
988 4681 1276 4735 reddilibus
1320 4690 1366 4733 et
1396 4679 1665 4748 stipendiis
1700 4682 1994 4748 minoratis,
2042 4679 2166 4740 aite-

582 4749 845 4823 t_mabatur
890 4751 1042 4823 nimis
1067 4767 1244 4805 eorum
1293 4750 1726 4823 (monachorum)
1753 4767 1833 4823 res
1857 4754 2161 4823 familiaris.

580 4817 770 4892 Itaque
793 4824 885 4874 sub
913 4822 1120 4875 obten'u
1150 4817 1492 4892 paupertatis,
1523 4821 1649 4874 dum
1680 4817 1893 4891 quisque
1915 4825 2013 4879 sibi
2041 4842 2166 4879 con-

580 4887 728 4963 sulit,
757 4899 806 4943 et
827 4892 1122 4960 posthabita
1150 4887 1442 4963 communis
1461 4892 1577 4963 vita:
1598 4887 1861 4963 Itones‘ta'te
1883 4912 1989 4948 rem
2009 4897 2166 4963 fami-

581 4957 764 5041 liarem
807 4957 998 5043 (iugere
1035 4960 1367 5043 peculiariter
1390 4962 1598 5043 quierit,
1624 4960 1885 5043 vivebatur
1918 4957 2061 5032 justo
2099 4964 2167 5018 li-

585 5041 782 5062 rae-lano

835 5032 970 5062 nuru,
1001 5032 1208 5062 Anon-'nn
1250 5044 1351 5062 Mnes
1390 5032 1588 5062 nas-stula.)
1640 5034 2014 5062 manuni-nun...
2052 5053 2097 5062 ι..

2266 3251 2479 3306 videtur
2509 3249 2725 3311 babe:e,
2755 3246 3077 3303 collectum?
3109 3247 3173 3300 Et
3191 3247 3279 3301 ubi
3307 3247 3432 3311 erit,
3454 3247 3498 3301 si
3524 3245 3628 3301 hoc
3654 3247 3857 3302 misero

2266 3338 2424 3394 alicui
2462 3338 2751 3407 contigerit
2780 3356 2793 3391 :
2823 3345 2877 3392 et
2905 3338 3033 3406 quid
3091 3337 3143 3391 in
3192 3336 3356 3390 corde
3408 3335 3539 3397 sibi,
3570 3350 3729 3405 rogo,
3752 3337 3858 3391 erit

2266 3432 2529 3492 dicturus.
2552 3447 2674 3487 cum
2702 3430 2802 3500 legi
2844 3431 2897 3485 in
2945 3428 3181 3487 cauitulo
3210 3429 3434 3483 audiet:
3493 3426 3859 3483 Memorentnr

2267 3632 2410 3686 bant.
2429 3630 2573 3685 Idem
2598 3637 2828 3684 testatur
2852 3627 3012 3681 etiam
3037 3624 3327 3681 Fulcuinus
3348 3622 3608 3678 Ratherio
3634 3638 3851 3678 comvus

2268 3703 2332 3757 de
2362 3701 2548 3756 Gestis
2576 3701 2828 3755 abbatum
2855 3697 3219 3758 Labiensium,
3246 3710 3367 3764 cap.
3406 3694 3472 3747 i9
3519 3702 3577 3764 et
3621 3692 3715 3749 21.
3738 3693 3855 3764 βψ»

2267 3787 2430 3842 porro
2477 3770 2724 3824 monachi
2777 3769 2935 3842 lntjus
2973 3766 3280 3842 Simonidem
3316 3760 3463 3842 labis
3493 3763 3570 3816 rei
3603 3764 3709 3842 hoc
3738 3760 3856 3842 loco

2268 3833 2541 3904 notantur,
2597 3842 2687 3907 qui
2738 3839 2962 3892 collecta
3016 3837 3240 3905 pecunia
3292 3835 3528 3907 aliquant
3576 3833 3854 3907 abbatiant

2267 3902 2537 3968 emerunt.
2580 3902 2728 3966 Unus
2781 3924 2847 3963 ex
2904 3902 3319 3975 him—antequam
3363 3903 3470 3971 [mi
3525 3902 3720 3975 saltem
3759 3902 3858 3975 ille

2268 3985 2449 4055 fuisse!
2480 3996 2801 4055 concessum,
2827 3976 3132 4055 miserabili,
3162 3972 3215 4028 ut
3254 3975 3467 4055 dignum
3508 3972 3633 4054 fuit,
3664 3972 3857 4055 judicii

2268 4040 2420 4109 ἶποᾱο
2453 4052 2736 4107 exstinctus
2762 4040 2855 4102 est.
2888 4049 3037 4101 Alius
3068 4061 3216 4111 vero,
3243 4040 3332 4113 qui
3376 4040 3550 4098 eidem
3580 4040 3635 4113 in
3667 4040 3853 4113 eadem

2269 4124 2484 4178 abbatia
2515 4120 2724 4175 collatis
2755 4120 2881 4173 item
2909 4116 3145 4172 nummis
3174 4111 3435 4170 smbessit
3464 4111 3631 4177 (unde
3681 4111 3854 4182 ipsum

2266 4197 2695 4266 predecessor-em
2723 4205 2880 4266 suain
2904 4195 3060 4266 vorat
3091 4186 3247 4266 paulo
3278 4183 3417 4266 post)
3447 4182 3536 4235 ille
3560 4191 3669 4245 est,
3693 4196 3854 4251 quem

2269 4256 2411 4318 inme
2437 4263 2508 4317 ita
2539 4260 2779 4329 ejusdem
2805 4258 3048 4313 criminis
3069 4256 3264 4323 arguit,
3292 4264 3349 4307 ut
3374 4269 3433 4308 se
3455 4266 3677 4329 quoque
3701 4267 3855 4308 reum

2271 4335 2322 4390 in
2370 4322 2724 4402 sequentibus
2752 4337 2996 4402 accuset,
3030 4322 3315 4402 propterea
3342 4322 3485 4402 ιμιριΙ
3536 4322 3717 4402 eindem
3751 4337 3853 4402 non

2272 4391 2492 4466 restitii,
2542 4415 2642 4455 nec
2692 4391 3044 4452 contradixit:
3072 4391 3172 4450 llic
3232 4394 3527 4466 monachus
3572 4391 3855 4466 Oderadus

2272 4462 2509 4538 nomine,
2538 4469 2692 4524 valde
2711 4483 2901 4530 senex,
2928 4477 2985 4521 et
3001 4467 3280 4538 cujusdam
3309 4464 3521 4538 abbatis
3552 4462 3855 4538 avunculus

2274 4532 2723 4616 posteat'raditu;
2754 4538 3047 4616 :_idemque
3069 4532 3334 4616 'aliquanm
3380 4532 3668 4616 abbati_:tit1
3677 4542 3856 4616 nocui:

2272 4600 2421 4686 {ginta
2470 4612 2626 4686 libris
2673 4600 2876 4686 emisse
2924 4600 3459 4686 ititlicatur:._.Confer
3484 4601 3729 4686 nep-36,
3787 4600 3856 4686 id

2272 4672 2326 4741 iit
2350 4685 2439 4739 6|.
2468 4681 2754 4736 llatberius
2790 4694 2938 4742 vero,
2992 4692 3112 4732 cum
3158 4675 3259 4729 sibi
3298 4674 3511 4729 crimini
3543 4674 3654 4732 det,
3715 4672 3856 4740 (ιιιοἸ

2273 4758 2432 4811 istum
2476 4767 2579 4806 non
2631 4749 3052 4818 reprehetnlerit,
3088 4763 3187 4801 nec
3213 4744 3541 4818 emptionem
3590 4743 3851 4818 ejusmodi

2274 4822 2629 4897 prohibuerit,
2662 4812 2895 4887 euntque
2930 4834 3053 4872 cum
3081 4819 3200 4897 sine
3242 4812 3324 4870 sui
3361 4814 3580 4897 licentia
3622 4812 3861 4897 emptio:

2272 4882 2394 4951 item
2449 4893 2641 4948 fecisse
2690 4882 2969 4957 coarguat,
3005 4903 3062 4941 se
3118 4889 3165 4942 ei
3217 4882 3569 4957 nnntasteijio,
3604 4883 3670 4937 ad
3714 4882 3854 4952 quod

2273 4968 2412 5022 idem
2442 4961 2739 5038 monachus
2772 4956 3442 5038 pet‘tinebat,_pr§efeetuni
3465 4956 3806 5038 demonstrat
3837 4968 3850 5004 :

2332 5038 2416 5062 ..ιη
2461 5033 2619 5062 “uuln
2653 5024 2784 5062 runn-
2808 5028 3048 5062 nia-calan-
3107 5025 3205 5062 Iuni
3236 5026 3526 5062 ιηηιιηηίιηο
3581 5024 3856 5062 ςιΙΙιιηιιρικ
