4032 5354
217 321 323 376 413

1092 324 1509 382 ΕΧΕΕΗΡΤΠΜ
1547 326 1635 381 ΕΚ
1680 327 1969 386 DlALOCO
2008 333 2567 394 CONFESSIONALI.

3381 343 3484 397 411

217 452 422 503 semper
451 436 683 489 Annuit:
718 446 763 489 et
806 438 1073 506 bnpltira',
1116 458 1177 493 ne
1215 447 1349 510 forte
1405 458 1620 495 martem
1655 460 1809 512 quam
1843 452 1887 507 Α
1917 448 2143 503 vinculis
2170 451 2287 505 sine
2312 452 2523 507 licentia
2566 454 2710 525 (δι-1)
2744 456 3034 524 provisoris
3077 456 3317 525 reliquit,
3361 472 3485 524 per-

219 525 377 578 iliiiu
424 541 649 589 corpore
668 526 1005 595 pertulerunt,
1051 531 1186 583 hanc
1210 534 1316 597 isti,
1339 534 1428 601 qui
1475 533 1573 585 sibi
1610 534 1807 603 aliquid

221 625 639 680 resei'eaverunt,
690 615 765 669 rel
836 632 1010 670 omnes
1044 620 1133 687 qui
1176 619 1404 689 aliquam
1456 621 1693 686 fraudem
1747 624 1810 675 de

220 704 373 757 rebus
412 707 723 759 monasterii
767 707 1002 775 fecerint,
1054 708 1107 762 in
1142 712 1317 763 anima
1360 711 1647 779 patiantur.
1685 711 1806 774 Tot,

220 803 281 845 ut
313 803 591 857 asserunt,
633 795 783 849 libris
806 800 1009 865 argenti
1039 808 1240 867 quanta
1270 812 1583 856 ornamenta
1620 812 1806 870 potuc-

222 895 352 941 runt
384 890 435 942 in
461 884 651 945 eadem
682 890 918 945 Ecclesia
950 891 1090 952 fieri.
1119 895 1259 948 unde
1287 896 1551 965 acquisita
1603 906 1656 949 et
1701 896 1809 949 col-

224 978 363 1033 lecta
392 979 510 1049 ipsa
541 990 625 1035 est
647 982 907 1049 pecunia?
940 982 1133 1037 Audivi
1177 994 1600 1039 murmurantem
1624 1001 1808 1053 quem-

222 1072 346 1127 dam
401 1072 457 1126 in
497 1073 791 1127 secretario
831 1074 903 1128 ita
937 1091 951 1127 :
985 1073 1178 1128 Dicunt
1223 1075 1365 1145 quod
1422 1076 1556 1129 nihil
1610 1078 1806 1145 proprii

221 1163 487 1217 debemus
514 1163 749 1225 habere;
780 1165 902 1231 quis
929 1180 1056 1234 ergo
1086 1166 1185 1219 ista
1216 1175 1533 1221 ornamenta
1561 1175 1614 1220 et
1645 1166 1810 1221 libros

222 1251 346 1305 istic
374 1251 624 1315 contulit,
655 1251 753 1306 nisi
780 1250 880 1305 loci
921 1252 1076 1306 istius
1098 1254 1346 1309 monachi
1371 1254 1394 1307 ?
1418 1254 1499 1309 Ad
1539 1256 1655 1309 inec
1695 1256 1808 1325 ipse

222 1340 421 1405 fateor,
450 1341 557 1406 aio,
584 1341 777 1396 melius
817 1342 989 1397 fuerat
1012 1359 1117 1398 non
1146 1344 1399 1400 habuisse
1425 1361 1585 1415 quam
1614 1355 1807 1399 contu-

222 1431 354 1485 lisse
380 1432 450 1496 ei;
470 1431 522 1485 in
555 1430 874 1503 levigatione
901 1441 1075 1487 tamen
1102 1433 1224 1487 mali
1243 1433 1431 1489 melius
1459 1433 1557 1488 fuit
1582 1435 1668 1489 hic
1686 1435 1811 1487 reli-

223 1520 410 1588 quisse
440 1536 603 1591 quam
626 1522 751 1576 alibi
767 1521 1075 1591 dissipasse.
1095 1522 1257 1587 Bene,
1278 1524 1476 1593 inquis,
1496 1525 1648 1588 bene,
1665 1524 1811 1578 suill-

221 1611 318 1663 cit.
348 1610 426 1662 Ad
456 1618 507 1665 te
533 1620 830 1676 revertere,
864 1621 914 1665 te
955 1614 1184 1678 intuere,
1210 1627 1277 1667 ne
1300 1614 1619 1668 tibidieatur
1645 1632 1768 1671 vere
1794 1633 1805 1668 :

222 1701 536 1771 Ifypocrita,
554 1702 918 1772 ejiceprimum
944 1705 1139 1757 trabem
1155 1706 1217 1758 de
1243 1703 1392 1757 oculo
1412 1705 1659 1774 tuo;qnid
1673 1708 1809 1759 enim

1912 548 2074 606 pctuo
2124 544 2480 612 mancipatus.
2524 546 2718 599 Verum
2769 555 2825 600 ut
2883 547 2975 599 tibi
3028 548 3222 600 iterum
3278 562 3483 599 morem

1910 634 2252 702 gerendo,ita
2285 638 2429 690 illum
2454 638 2856 705 reprehendam,
2876 649 2932 692 ut
2956 639 3084 692 mihi
3114 653 3216 691 non
3241 652 3483 706 parcam,

1911 723 2105 787 fateor,
2134 726 2346 794 utrique
2385 728 2594 795 egimus
2626 728 3193 781 inconsideratissime.
3228 726 3282 780 Si
3315 728 3487 789 enim,

1910 831 2031 869 cum
2054 815 2167 885 jam
2207 832 2345 885 pene
2376 818 2699 879 silicernius,
2727 828 2784 872 ut
2815 830 2868 873 et
2889 818 2994 881 ille,
3024 820 3274 880 existim,
3306 830 3483 875 morte

1912 915 2240 975 przcventus,
2273 919 2366 962 aut
2400 908 2545 980 (5t8)
2600 910 2942 963 abscessione
2994 908 3164 972 fuero,
3197 920 3483 978 antequam

1911 998 2099 1067 viginti
2147 998 2371 1051 duarum
2428 999 2683 1053 librarum
2726 1002 2955 1069 pretium
3001 1009 3188 1053 sancto
3230 1001 3482 1062 habeam,

1909 1103 2070 1156 quem
2102 1090 2187 1143 bis
2211 1089 2455 1158 spoliavi,
2492 1090 2759 1144 redditum
2783 1091 2921 1153 loco,
2956 1090 3103 1158 (549)
3143 1091 3488 1159 compositio-

1911 1192 2033 1230 nem
2062 1178 2411 1246 geheunalem
2444 1179 2628 1233 timeo.
2669 1179 2759 1233 Ille
2786 1195 2999 1249 quoque
3036 1195 3141 1233 non
3165 1182 3342 1233 minus
3368 1180 3486 1233 loco

1911 1269 1997 1322 isti
2026 1271 2255 1333 debitor,
2288 1280 2469 1339 atque,
2517 1282 2575 1325 ut
2612 1272 2743 1336 dixi,
2771 1288 2979 1327 coaevus
3026 1274 3283 1335 existens,
3334 1274 3378 1326 si
3429 1281 3483 1325 et

1913 1362 1999 1417 hic
2029 1379 2135 1416 non
2174 1362 2333 1417 habet
2361 1363 2721 1427 satisfactum,
2752 1373 2808 1417 et
2846 1364 2972 1417 illud
2999 1364 3140 1431 quod
3187 1364 3319 1417 emit
3350 1363 3483 1417 fide-

1914 1452 2037 1506 liter
2067 1454 2416 1516 custoditum,
2447 1453 2577 1507 nulli
2600 1453 2841 1515 dubium,
2874 1455 2974 1507 nisi
3000 1454 3247 1525 [subaudi
3273 1453 3371 1525 illi]
3393 1454 3483 1522 qui

1912 1545 2178 1598 interdum
2208 1546 2442 1613 perdidit
2465 1546 2657 1607 visum,
2683 1546 2811 1613 quin
2836 1554 3096 1599 mternum
3124 1560 3245 1598 eum
3271 1554 3487 1598 maneat

1911 1649 2032 1686 cum
2078 1635 2307 1697 Anania,
2366 1633 2617 1704 Saphira,
2669 1643 2830 1703 atque
2881 1634 3100 1688 Simone
3149 1634 3488 1704 supplicium.

1914 1723 2104 1777 Petrus
2158 1741 2284 1779 vero
2338 1735 2421 1779 est
2454 1766 2467 1789 ,
2525 1740 2654 1795 rogo
2717 1741 2977 1795 agnoscas
3016 1766 3030 1791 ,
3112 1726 3201 1794 qui
3252 1734 3305 1778 et
3374 1724 3492 1778 illos

220 1792 364 1845 rides
387 1793 645 1862 festucam
674 1794 727 1846 in
748 1792 898 1846 oculo
919 1794 1102 1864 fratris
1132 1796 1227 1859 tui,
1260 1795 1456 1848 trabem
1481 1807 1673 1859 autem,
1696 1814 1809 1866 qua:

1918 1824 2179 1883 [incoepta
2207 1830 2302 1884 pro
2331 1815 2515 1867 fraude
2544 1816 2812 1883 percussit
2837 1854 2850 1876 ,
2881 1823 2936 1868 et
2964 1815 3120 1867 istum
3148 1813 3491 1866 damnatione

227 1884 282 1937 in
305 1883 463 1937 oculo
484 1892 572 1938 tuo
594 1893 689 1949 est,
722 1901 822 1938 non
862 1887 1201 1941 consideras?
1221 1886 1369 1958 (Luc.
1395 1903 1469 1953 vt,
1487 1888 1547 1942 41
1571 1907 1584 1953 ;
1626 1888 1812 1945 Matth.

222 1990 322 2040 xu,
371 1975 452 2046 5.)
519 1975 836 2042 Considero,
887 1978 1127 2047 inquam,
1192 1980 1474 2035 considero
1509 2021 1523 2044 ,
1570 1990 1623 2035 et
1677 1981 1815 2035 istud

219 2082 440 2138 quoque
476 2068 542 2120 ad
572 2068 777 2121 trabem
808 2070 1049 2123 eamdem
1081 2068 1342 2140 adjuugo;
1370 2071 1521 2140 quasi
1545 2072 1685 2125 enim
1709 2087 1812 2124 non

227 2157 498 2212 sufﬁceret
512 2158 654 2229 quod
675 2159 771 2213 feci
795 2160 956 2214 miser
971 2176 1065 2229 per
1079 2176 1183 2227 me,
1199 2162 1317 2215 dedi
1336 2161 1507 2216 locum
1525 2164 1634 2227 isti,
1652 2163 1817 2234 268

231 2257 289 2301 ut
318 2246 526 2303 faceret
571 2249 774 2303 sciente
812 2265 916 2311 me.
955 2267 1054 2306 nec
1096 2262 1276 2307 tamen
1323 2254 1661 2322 prohibente.
1692 2253 1813 2308 Non

228 2339 399 2393 solum
427 2355 555 2394 vero
574 2342 664 2409 qui
685 2339 906 2408 faciunt,
928 2342 1018 2395 sed
1038 2342 1195 2396 etiam
1228 2344 1316 2412 qui
1358 2345 1681 2397 consentiunt
1726 2344 1811 2412 [a-

221 2431 499 2495 cientibus,
523 2432 667 2501 digni
690 2443 809 2485 sunt
833 2442 993 2487 morte
1016 2433 1375 2505 (Ront.;t,5‘2).
1395 2434 1499 2490 Sed
1522 2436 1564 2489 si
1583 2437 1813 2489 humane

222 2522 362 2591 agis,
392 2536 585 2578 censes
618 2522 955 2578 tolerabilius
982 2533 1036 2578 et
1064 2525 1237 2594 magis
1266 2534 1471 2579 naturm
1509 2526 1809 2594 proximum

223 2612 417 2677 fuisse,
439 2622 498 2666 ut
515 2612 757 2683 penuria:
781 2614 1106 2668 necessitate
1123 2614 1328 2670 faceret
1342 2616 1645 2686 hujusniodi
1663 2615 1808 2685 (546)

223 2712 540 2767 extraneas,
568 2718 794 2773 pauper,
820 2705 992 2769 exsul,
1026 2707 1324 2772 mendicus,
1373 2717 1428 2763 et
1470 2708 1673 2761 advena
1719 2708 1811 2760 de-

220 2794 599 2863 ccptissimus,
653 2811 816 2864 quain
872 2796 1165 2853 ambitione
1216 2798 1595 2868 superbissima
1652 2798 1809 2862 civis,

218 2884 425 2948 incola,
459 2884 562 2939 sibi
595 2884 905 2955 plenissime
927 2886 1215 2953 subiciens,
1245 2897 1321 2952 et,
1348 2896 1406 2942 ut
1437 2889 1509 2941 ita
1541 2888 1808 2942 veraciter

217 2973 440 3044 loquar,
498 2991 687 3031 servus
739 2978 977 3046 ejusdem
1032 2979 1275 3034 ecclesia:
1322 2980 1631 3051 legitimus,
1680 2980 1806 3051 quia

220 3065 472 3135 legalitcr
504 3067 750 3131 traditus,
784 3076 838 3121 et
876 3068 959 3121 sui
995 3068 1163 3138 ipsius
1200 3086 1357 3123 manu
1390 3080 1444 3124 et
1477 3070 1806 3139 professione

1919 1914 2170 1972 perpetua
2189 1919 2286 1974 pro
2302 1905 2595 1959 ambitione
2614 1905 2841 1973 superba
2857 1904 3033 1973 perire
3050 1904 3301 1972 praecepit
3318 1902 3489 1972 (530),
3522 1934 3525 1939 ν

1918 1995 2144 2058 Petrus,
2188 1994 2342 2063 cujus
2370 1996 2471 2049 ista
2506 1993 2879 2063 fuitpecnnia;
2933 1995 3139 2051 Petrus.
3189 1992 3342 2061 cujus
3393 1991 3489 2045 ab.

1916 2087 2056 2139 batia
2082 2085 2246 2156 269
2281 2084 2629 2153 injustissiine
2656 2084 2755 2137 fuit
2783 2087 3065 2138 distracta.
3110 2084 3215 2138 Sed
3244 2082 3492 2136 conside-

1915 2193 2093 2231 remus
2118 2177 2295 2231 trabes
2318 2187 2595 2245 utrasque,
2622 2191 2793 2229 meam
2818 2176 3025 2230 scilicet
3047 2184 3101 2229 et
3123 2174 3295 2238 illius;
3329 2173 3492 2225 festu-

1914 2283 2030 2322 cam
2057 2270 2257 2323 etenim
2300 2269 2385 2322 hic
2415 2283 2579 2321 cerno
2620 2268 2810 2321 deesse
2841 2284 2853 2319 :
2887 2266 3131 2321 fortassis
3159 2265 3303 2319 enim
3332 2262 3493 2316 hodie

1912 2360 2080 2413 oculis
2126 2358 2315 2412 melius
2344 2358 2545 2427 apertis
2575 2371 2705 2410 meae
2745 2357 3029 2409 imminere
3073 2353 3270 2408 cervici
3304 2351 3495 2405 ambas

1912 2447 2137 2509 videbis,
2173 2446 2279 2499 imo
2317 2446 2381 2499 de
2420 2445 2628 2499 duabus
2656 2445 2784 2498 mihi
2819 2444 2932 2497 fore
2965 2460 3125 2497 unam
3159 2440 3490 2511 improbabi-

1912 2536 2013 2589 lem
2047 2536 2272 2589 trabem.
2303 2533 2362 2588 Si
2391 2551 2492 2587 non
2524 2532 2914 2586 annuntiaveris
2940 2532 3137 2600 iniquo,
3169 2530 3267 2593 ait,
3295 2528 3489 2596 iniqui-

1910 2636 2063 2679 tatem
2107 2642 2278 2688 snam,
2319 2625 2623 2693 sanguinem
2649 2622 2762 2690 ejus
2801 2622 2865 2675 de
2906 2638 3065 2675 manu
3107 2631 3198 2672 tua
3229 2618 3489 2686 requiram

1910 2715 2127 2785 (Ezerh.
2158 2730 2239 2775 Ill,
2278 2714 2397 2783 18);
2446 2713 2588 2781 quod
2610 2711 2968 2779 jnstissimuin
3005 2711 3118 2763 fore
3147 2706 3486 2768 monstravit,

1909 2809 1996 2876 qui
2023 2807 2158 2861 dixit
2178 2825 2188 2859 :
2210 2805 2361 2870 Quod
2388 2823 2417 2857 a
2441 2802 2708 2873 discipulis
2734 2802 3074 2871 delinquitur,
3093 2799 3162 2851 ad
3184 2798 3491 2866 magistrum

1910 2898 2148 2967 respicit;
2173 2907 2226 2950 et
2253 2896 2339 2949 ille
2370 2894 2545 2965 (cujus
2572 2893 2733 2948 edicti
2785 2893 2944 2946 ambo
2976 2900 3401 2958 transgressores
3438 2884 3491 2937 in

1907 2991 2008 3046 hoc
2040 3006 2147 3045 uno
2185 2989 2474 3059 probamur
2514 2998 2676 3056 atque
2721 2985 2965 3048 rebelles,
2996 2982 3137 3036 aliud
3184 2980 3227 3035 si
3271 2978 3492 3034 omnino

1909 3084 2140 3144 deesset,
2210 3081 2318 3145 ille,
2356 3080 2480 3149 quia
2518 3077 2660 3139 fecit,
2711 3091 2812 3146 ego
2839 3075 2963 3144 quia
3016 3088 3119 3126 non
3166 3066 3489 3135 contradixi)

225 3157 280 3212 iu
331 3159 640 3225 servitium,
702 3159 845 3225 quod
896 3158 1069 3214 fracto
1106 3158 1234 3229 jugo
1277 3171 1332 3215 et
1386 3162 1555 3231 ruptis
1612 3162 1805 3230 regulae

1913 3173 2083 3236 Sciat,
2129 3172 2334 3241 inquit,
2390 3169 2592 3231 Abbas,
2647 3165 2812 3236 culpa:
2876 3163 3099 3234 pastoris
3155 3158 3488 3220 incumbere,

317 3289 446 3359 556)
482 3288 609 3363 llaec
638 3288 899 3363 Batherio
924 3292 1274 3355 conveniunt,
1303 3294 1392 3363 qui
1426 3309 1455 3346 e
1496 3293 1806 3348 Leodicensi

228 3361 352 3415 sede
404 3361 610 3430 pulsus,
664 3362 716 3413 in
750 3362 870 3414 vitm
920 3364 1217 3417 subsidium
1267 3361 1535 3417 abbatiam
1583 3364 1810 3417 admini-

229 3433 511 3483 strandain
540 3446 603 3482 ac
630 3432 916 3499 regendam
955 3442 1255 3501 acceperat.
1304 3432 1600 3487 Extraneus
1629 3444 1806 3486 autem

232 3511 478 3564 voratur,
507 3509 562 3552 et
581 3501 800 3572 advena,
856 3510 965 3555 tuin
1001 3504 1126 3572 quia
1157 3504 1313 3572 hujus
1361 3504 1587 3556 abbaliie
1622 3519 1805 3555 tuonu-

228 3571 478 3630 steriuni,
519 3570 603 3624 cui
659 3582 908 3639 praeerat,
962 3570 1066 3626 non
1112 3570 1238 3626 erat
1280 3574 1568 3634 Lebiensc,
1607 3574 1657 3625 in
1705 3588 1811 3639 quo

231 3642 347 3708 ipse
374 3640 652 3712 professus
685 3640 896 3712 fuerat,
928 3644 1001 3696 uti
1049 3644 1291 3712 pluribus
1334 3645 1387 3697 in
1420 3644 1535 3696 \‘ita
1577 3645 1811 3695 auctoris

231 3710 625 3781 ostendimus§
679 3711 777 3791 ll;
830 3722 940 3791 tnui
991 3710 1120 3791 quia
1143 3714 1331 3767 eodem
1369 3714 1652 3791 concessit
1702 3730 1805 3791 non

233 3791 490 3848 tanquam
520 3782 813 3835 monachus
844 3782 940 3836 loci
974 3782 1232 3849 ejusdem,
1268 3792 1325 3836 ut
1368 3782 1563 3835 ibidem
1592 3784 1697 3835 Deo
1758 3783 1808 3834 in

232 3858 554 3921 perpetuum
582 3851 830 3915 serviret,
860 3854 951 3906 sed
994 3862 1247 3921 tanquam
1275 3853 1557 3921 episcolius
1594 3869 1806 3920 pauper,

234 3919 406 3992 Exsul,
436 3922 727 3984 mendicus,
778 3933 823 3975 et
856 3926 1074 3986 advena,
1102 3919 1192 3992 qui
1252 3919 1401 3991 spem
1440 3919 1706 3992 redeundi
1746 3923 1811 3974 ad

235 3975 604 4062 Veronenseni
633 3975 997 4061 episcopatum
1026 3975 1135 4047 ii'oii
1176 3975 1396 4047 omnino
1423 3990 1713 4062 abjecerat,
1756 4000 1813 4045 ut

240 4074 304 4113 ex
330 4068 442 4112 not.
479 4058 583 4129 558
604 4058 830 4129 patebit:

305 4129 456 4210 ς547)
487 4128 881 4210 ,ψοννοι-ἰδον,
910 4130 1062 4210 cujus
1092 4132 1359 4210 licentiam
1406 4147 1511 4185 non
1543 4132 1809 4210 _obtin_uit,

276 4200 326 4252 ui
357 4200 637 4272 servitium
690 4204 1001 4257 monasterii
1053 4204 1362 4272 reliquerat,
1414 4211 1496 4256 est
1542 4202 1655 4271 ipse
1704 4204 1811 4256 lla-

240 4270 487 4323 therius:
521 4286 645 4323 nam
684 4288 830 4325 num.
878 4274 947 4326 ‘25
979 4273 1043 4327 de
1076 4270 1382 4327 hoe—eodem
1431 4270 1641 4327 senitire
1696 4288 1812 4327 Ino-

240 4341 413 4393 uacho
457 4339 707 4409 loquens,
759 4344 849 4461 qui
888 4352 1064 4412 empta
1104 4344 1367 4397 abbatiola
1429 4344 1811 4396 monasterium

240 4411 571 4461 deseruerat.
606 4411 681 4461 ait
712 4430 724 4461 :
778 4411 996 4461 Iaudere
1027 4418 1126 4461 ‘me
1174 4414 1395 4461 noveris-
1425 4413 1561 4461 quod
1624 4414 1811 4461 absque

239 4411 571 4483 deseruerat,
606 4411 681 4483 ait
712 4430 724 4464 :
760 4411 996 4466 Gaudere
1027 4418 1126 4465 ‘me
1174 4414 1395 4477 noveris,
1425 4413 1561 4482 quod
1624 4414 1815 4483 absque

238 4481 338 4533 mei
383 4490 459 4533 est
509 4481 719 4533 licentia
762 4484 977 4551 factum.
1014 4483 1271 4536 Similiter
1306 4481 1452 4536 num.
1482 4483 1570 4545 3i,
1600 4484 1666 4536 de.
1706 4481 1811 4539 alio

241 4552 509 4623 nnniacho
549 4553 778 4623 scribit:
816 4552 1003 4605 Bonito
1030 4569 1250 4621 namque
1286 4563 1404 4606 tuus
1445 4553 1621 4605 lanam
1656 4554 1810 4623 jussu

238 4620 430 4693 absque
472 4636 584 4673 meo
637 4620 961 4689 dispensasse
992 4620 1242 4690 fratribus
1298 4627 1472 4693 fuerat
1518 4620 1809 4678 nuntiatus.

240 4687 442 4763 Nomen
472 4701 654 4763 autem
678 4687 952 4761 provisoris
980 4687 1043 4747 de
1068 4687 1376 4747 inonaslerii
1406 4696 1688 4763 prec-posito
1718 4712 1811 4749 seu

240 4760 434 4813 abbate
464 4760 848 4829 accipiebatur.
884 4764 972 4816 Sic
1019 4764 1124 4815 dux
1152 4760 1464 4817 Guillelmus
1493 4760 1814 4819 Cluniacen-

238 4832 306 4883 sis
335 4832 572 4885 ccenobii
605 4832 858 4885 fundator
880 4832 1167 4886 Bernonem
1196 4833 1487 4887 Balmensis
1509 4837 1813 4890 monasterii

238 4901 492 4963 abbatem,
523 4903 699 4970 quoad
730 4904 928 4967 viveret,
962 4904 1197 4971 futurum
1228 4902 1557 4957 Cluniacensi
1587 4908 1813 4960 cwnobio

237 4973 552 5045 progisorem
581 4973 906 5045 constituisse
965 4974 1193 5027 traditur
1235 4990 1266 5027 a
1324 4973 1580 5045 Nalgodio
1616 4975 1665 5027 in
1694 4974 1812 5030 Vita

240 5042 292 5094 S.
322 5039 531 5095 OJonis
554 5057 702 5096 nunt.
729 5041 818 5095 22.

308 5112 456 5181 (548)
484 5111 843 5176 Abscessione,
874 5114 926 5167 id
955 5122 1038 5167 est
1063 5122 1344 5181 antequam
1382 5130 1412 5168 e
1465 5117 1811 5181 monasterio,

238 5182 340 5243 cui,
381 5198 509 5253 cum
564 5184 679 5253 haec
731 5186 1011 5245 scriberet,
1072 5186 1356 5253 praefectus
1405 5194 1541 5244 erat,
1589 5186 1808 5242 abiret:

1910 3308 2120 3361 videtur
2179 3304 2543 3373 impendisse,
2596 3316 2717 3355 cum
2783 3303 2848 3352 ad
2897 3307 3281 3373 monasterium
3316 3305 3487 3373 ,"cut

1908 3359 2135 3448 {inccrat
2169 3417 2182 3439 ,
2249 3359 2438 3443 inagna
2491 3359 2759 3441 hospitum
2811 3369 2967 3422 turba
3022 3364 3298 3419 confluxit.
3358 3359 3490 3415 Vide

1911 3446 2023 3503 1101.
2061 3446 2181 3499 ἶ;81.
2632 3510 2639 3512 ξ
3142 3504 3153 3512 .
3350 3500 3360 3512 ⁸
3445 3500 3455 3510 ,

1981 3517 2127 3586 (549)
2163 3514 2479 3583 Compouere
2525 3510 2753 3586 verbum
2804 3517 2887 3586 est
2914 3545 2928 3568 ,
2990 3504 3193 3586 quo-[in
3231 3504 3488 3586 ‘antiqit'tis

1911 3569 2123 3641 chartis
2180 3569 2335 3654 postia
2403 3582 2583 3655 pretio
2650 3578 2942 3655 solvenda.
2984 3569 3336 3655 significatur.
3394 3569 3490 3650 llic

1912 3666 2091 3709 autem
2148 3644 2451 3722 compositio
2504 3646 2802 3720 gehennalis
2857 3644 3055 3699 inferni
3112 3655 3330 3711 pcenam
3402 3644 3487 3692 in-

1950 3730 2073 3778 icat.

1912 3729 2332 3866 ὠῖὲἒξολνει-ιω
2375 3790 2562 3866 Petrus
2602 3787 2752 3854 cujus
2782 3787 2883 3837 ista
2932 3784 3029 3866 fuit
3057 3777 3490 3866 pecunia,libra§

1914 3848 2030 3921 ruiu
2056 3848 2260 3919 scilicet
2285 3861 2577 3929 octoginta,
2618 3848 2752 3929 quas
2783 3848 3077 3929 monachus
3121 3852 3171 3903 in
3201 3848 3487 3927 emendum

1915 3935 2186 3991 abbatiam
2230 3923 2579 3991 distraierat,
2628 3923 2936 3997 referuntur
2982 3923 3049 3997 ad
3103 3923 3495 3997 monasterium

1913 3987 2313 4060 cui-[latherins
2337 3987 2584 4070 praeerat.
2625 3996 2738 4049 lloc
2759 3993 3145 4070 monasterium
3176 4005 3204 4041 a
3235 3987 3493 4070 [solrieusi

1914 4056 2248 4147 distinctum,
2276 4056 2351 4127 et.
2372 4073 2424 4125 in
2460 4070 2661 4147 ditione
2688 4063 2923 4147 episcopi
2942 4056 3488 4147 llreodieensis

1916 4156 2025 4200 tum
2052 4147 2105 4199 in
2140 4133 2253 4198 Vita
2279 4141 2514 4197 auctoris
2528 4133 2860 4208 ostendimus
2883 4133 3022 4208 §_tl,
3052 4133 3494 4208 conjeeiunisque

2130 4196 2363 4269 Aliiense
2414 4207 2821 4267 monasterium,
2849 4196 3029 4283 cujus,-
3055 4198 3288 4283 ecclesia
3343 4196 3394 4249 in

1914 4265 2078 4341 Ϊῖεέῖὗὶ⁷
2101 4265 2361 4339 honorem
2394 4287 2708 4335 consecrata
2740 4265 2857 4347 erat
2906 4265 3108 4347 ωηιξη.
3145 4280 3181 4322 t.
3215 4268 3231 4321 1
3260 4265 3493 4347 simul?

1916 4335 2376 4415 inm-6533:2778,
2411 4360 2469 4405 ut
2495 4363 2680 4405 verum
2708 4346 2776 4400 sit
2828 4344 2887 4399 S.
2915 4335 3060 4396 Petri
3091 4338 3372 4409 pecuniam
3422 4335 3499 4388 ab

1916 4444 1980 4475 eo
2028 4423 2291 4475 monacho
2331 4352 2495 4475 [)uisse
2542 4420 2879 4472 distractam.
2938 4412 3029 4466 Illa
3080 4423 3240 4475 porro
3276 4404 3487 4468 Petrus,

1916 4404 2495 4482 attona'clio—ftiiSse
2542 4412 3029 4486 distractam.‘_llla
3080 4404 3487 4486 porro_Pet'rus,

1917 4477 2325 4566 cujusiabbatia
2355 4490 2695 4566 injustissime
2721 4486 2817 4566 fuit
2864 4477 3140 4566 distracta,
3168 4477 3490 4566 refer-risi:-

1915 4552 2109 4621 deiitur
2134 4566 2199 4617 ad
2226 4552 2494 4615 abbati-am
2526 4573 2687 4627 quam
2723 4552 2870 4631 idem
2892 4552 3491 4631 monachus.octoginta

1915 4636 2069 4691 libris
2091 4632 2392 4702 acquisivit,
2433 4622 2702 4702 quamque
2727 4626 2771 4679 is
2795 4640 2923 4702 _pet_'_
2957 4622 3223 4702 ejusmodi
3250 4622 3483 4702 [emptio-2

2085 4684 2436 4774 iiijiistissiii'ie
2452 4684 2718 4774 'distraxit
2762 4684 2837 4774 ali
2856 4694 2961 4747 alia
2986 4684 3225 4774 'abbatila

1916 4752 2453 4853 iiiiiio'ii'iiiiéiipiia“:
2478 4752 2657 4838 qualis
2713 4766 2927 4853 quidem
2978 4752 3495 4853 erat:

1916 4847 2118 4902 biensis
2150 4885 2165 4909 ,
2223 4831 2307 4897 cui
2375 4831 2579 4909 aliqiiot
2626 4831 2953 4909 monasteria
3003 4831 3240 4909 subjecta
3296 4832 3493 4909 erant.

2220 4892 2575 4982 STUr—sm'ari,
2604 4917 2658 4962 et
2683 4901 3063 4982 al_ia._Ali-qu_od
3086 4892 3155 4978 es
3185 4892 3491 4982 hisiortag-

1920 4966 2475 5041 sisMi—l—Ie'monachus
2529 4966 2596 5033 ab
2626 4976 2883 5049 Habbatia
2911 4966 3206 5049 [gobieii_sir,
3247 4966 3501 5049 εξῃῦᾼῇι

1919 5029 2405 5115 ἴδηθ’
2417 5029 2557 5105 cuni
2567 5029 2691 5102 wsibi
2746 5044 2798 5098 in
2814 5044 2958 5116 illud
2973 5029 3505 5116 Δριέιειιξιὶοιιθξξι-ίψέῖ

1919 5096 3231 5188 initis"iii'iii5"JéEoini'i'm'aiidicit.“uideniui
3286 5096 3507 5188 aliqugil

1920 5177 2307 5252 nioinIsteriuIn
2386 5190 2610 5252 principi
2683 5177 2932 5239 coenobio
2984 5177 3351 5250 adhrrebal,
3404 5181 3505 5244 !D§|
