4032 5354
525 311 629 371 ius

517 514 675 568 tuerit
712 517 960 573 invenire.
1010 520 1078 577 At
1123 522 1271 593 (55l)
1320 530 1741 591 verecundahar,
1784 535 2102 603 respondes,

517 619 616 672 pro
644 610 946 663 reverentia
982 615 1296 669 senectutis.
1341 615 1605 684 Mentiris,
1636 631 1785 676 certe
1834 625 2099 689 mentiris,

513 703 572 749 et
601 697 830 766 teipsum
858 699 1089 769 decipis;
1117 718 1221 758 non
1249 708 1392 761 enim
1423 720 1777 781 senectutem,
1811 713 1904 769 sed
1935 717 2105 785 magis

517 787 826 856 superbiam
852 790 905 843 in
934 791 1025 844 illo
1052 795 1436 863 venerabaris;
1463 801 1606 869 quod
1627 813 1745 857 erat
1780 804 1968 875 utique
1993 806 2103 875 pla-

516 882 704 931 centas
727 879 924 949 regina:
944 880 1064 935 caeli
1089 882 1259 938 libare
1287 884 1422 955 (Jer.
1456 902 1553 954 vn,
1584 889 1694 961 l8),
1722 891 2012 959 diabolum,
2043 905 2104 950 ut

514 963 632 1032 ipse
656 964 704 1019 ei
751 969 1076 1035 persuadere
1120 971 1396 1028 nitebatur
1429 991 1663 1047 quoque,
1709 981 1794 1035 cui
1829 983 2103 1039 ministra-

512 1052 646 1109 bant
681 1057 890 1126 angeli,
927 1059 1173 1117 adorare.
1226 1064 1282 1118 Si
1320 1074 1501 1123 autem
1550 1069 1603 1125 in
1653 1070 1759 1127 isto
1803 1074 2097 1146 diabolum,

512 1156 674 1210 quem
720 1147 1028 1214 superbiam
1073 1150 1216 1216 dico,
1267 1161 1416 1208 tanta
1457 1163 1812 1217 veneratione
1839 1164 2096 1234 habebas,

510 1240 570 1287 ut
597 1237 741 1303 quod
769 1236 913 1294 Deus
939 1242 1196 1310 praecepit
1224 1243 1369 1314 (cum
1400 1245 1493 1301 tibi
1528 1263 1628 1304 nec
1651 1266 1773 1306 eum
1806 1250 1866 1325 [ι.
1917 1270 2094 1322 suum,

508 1339 601 1378 seu
628 1326 779 1400 illud]
814 1330 1004 1385 vitium
1039 1332 1247 1389 referre
1268 1337 1517 1409 auderet)
1544 1340 1725 1398 dicere
1755 1344 1829 1401 illi
1861 1361 1967 1402 non
2001 1364 2099 1403 au-

508 1412 697 1480 deres;
727 1419 856 1486 quid
883 1420 1095 1478 faceres
1136 1423 1180 1478 si
1226 1435 1353 1482 ante
1385 1428 1777 1488 Diocletianum
1809 1438 2098 1496 stetisses?

505 1506 847 1566 Audierasne
884 1527 1124 1583 unquam
1180 1532 1194 1569 :
1254 1516 1358 1582 Qui
1402 1535 1483 1573 me
1524 1522 1811 1591 erubuerit,
1855 1538 1903 1582 et
1956 1545 2098 1585 meos

507 1611 806 1664 sermones;
832 1610 883 1655 et
909 1602 1048 1656 hunc
1075 1602 1252 1660 Filius
1272 1608 1500 1665 hominis
1525 1613 1809 1681 erubescet,
1847 1634 1964 1673 cum
2010 1637 2096 1674 ιιι-

507 1685 639 1739 nerit
662 1687 718 1739 in
741 1687 909 1758 gloria
924 1690 1188 1758 Patris,et
1210 1712 1306 1750 sua
1331 1708 1735 1774 sanctorumque
1763 1706 2100 1777 angelorum?

506 1773 660 1844 (Luc.
694 1793 769 1844 ιιι,
804 1780 919 1852 26.)
983 1781 1299 1852 Considera,
1354 1804 1558 1859 quaeso,
1597 1773 1863 1864 ignaviam
1915 1800 1989 1853 tui
2039 1810 2095 1856 et

505 1865 871 1926 timiditatem.
895 1871 953 1927 lu
988 1881 1195 1930 tantttm
1227 1879 1370 1933 enim
1414 1890 1466 1936 te
1503 1897 1759 1939 noveram
1803 1887 2093 1945 elationem

503 1954 623 2023 ejus
671 1960 994 2017 detestatum
1044 1967 1241 2036 smpius
1285 1969 1477 2037 fuisse,
1529 1983 1588 2028 ut
1630 1991 1766 2044 pene
1816 1979 1977 2034 fuerit
2023 1982 2089 2036 ad

502 2051 685 2104 odium
714 2069 884 2123 usque
923 2056 1091 2125 ipsius
1117 2059 1452 2116 venisse.‘Et
1486 2078 1608 2119 cum
1648 2067 1721 2122 ita
1769 2067 1949 2136 fuerit,
1985 2072 2091 2126 for-

502 2141 916 2202 midolositatem
962 2158 1019 2204 et
1066 2151 1210 2207 circa
1249 2154 1570 2211 charitatem
1603 2159 1677 2212 tui
1717 2162 1897 2217 cordis
1943 2173 2090 2235 tepo-

500 2248 615 2289 rem
656 2237 982 2310 deplangere
1025 2251 1079 2298 te
1105 2248 1251 2299 omni
1285 2255 1545 2317 tempore,
1591 2251 1735 2306 aliud
1767 2254 1810 2307 si
1851 2255 2083 2325 deesset,

498 2325 716 2393 penitus
749 2332 1020 2387 convenit.
1052 2333 1270 2406 Negasti
1296 2339 1494 2409 quippe
1523 2340 1715 2409 Deum,
1742 2346 1867 2399 dum
1894 2347 1968 2401 illi
1998 2364 2089 2419 pe-

498 2419 744 2487 percisti,
769 2425 995 2495 negasti.

497 2525 633 2582 Item
657 2536 974 2612 apostropha
1017 2537 1250 2612 ejusdem
1292 2546 1360 2594 ad
1405 2545 1682 2612 quemdam
1730 2546 1947 2602 alterius
1984 2549 2086 2605 loci

814 2606 1049 2659 abbatem
1083 2609 1231 2679 (552)
1264 2606 1437 2680 quasi"
1450 2614 1768 2683 religiosum.

567 2687 614 2745 Ο
648 2690 969 2761 imitatores,
1008 2698 1084 2752 ait
1112 2701 1205 2754 sed
1243 2702 1486 2771 quidam,
1539 2721 1755 2761 servum
1805 2712 2005 2777 pecus!
2052 2726 2085 2765 ο

498 2786 554 2832 et
582 2778 635 2833 in
664 2783 871 2852 angelis
893 2787 1153 2853 pravitas,
1184 2792 1318 2859 proh
1344 2793 1535 2861 pudor,
1569 2798 1806 2864 reperta!
1834 2797 1955 2867 (Job
2003 2813 2078 2865 tv,

498 2867 610 2940 18.)
655 2868 794 2937 Quid
848 2890 1014 2946 nepos
1069 2881 1299 2950 agebas,
1347 2898 1468 2938 cum
1518 2888 1840 2943 avunculum
1899 2892 2083 2949 nescio

497 2962 657 3025 unde,
703 2964 786 3018 vel
825 2967 1033 3025 dulcius
1067 2971 1253 3028 Italica
1277 2976 1489 3033 scilicet
1533 2979 1752 3035 barbam
1799 2982 1971 3053 (555),
2009 2984 2080 3038 ita

498 3051 735 3111 insanire
760 3057 1015 3115 videbas?
1059 3063 1157 3118 Ubi
1190 3076 1324 3128 erat,
1367 3067 1472 3133 Qui
1495 3071 1664 3135 audit,
1690 3051 1873 3127 dicat:
1906 3051 2034 3128 Veni
2057 3074 2083 3128 Ρ

498 3141 678 3212 (Apoc.
709 3161 846 3214 xx",
873 3150 983 3205 17.)
1023 3150 1121 3208 Ubi
1155 3155 1369 3222 saltem,
1400 3158 1592 3230 Diliges
1611 3164 1909 3232 proximum
1931 3174 2079 3217 luunt
2113 3186 2157 3253 ρ

493 3232 627 3286 sicut
655 3239 913 3307 teipsum?
934 3241 1146 3314 (Matth.
1176 3263 1287 3312 XIX,
1318 3249 1426 3323 19.)
1456 3250 1531 3305 Tu
1566 3255 1877 3309 transitoria
1902 3258 2082 3312 omnia

496 3328 903 3394 contemnebas,
962 3331 1108 3387 illum
1157 3340 1485 3396 transitoriis
1537 3343 1907 3411 anhelantem,
1960 3362 2086 3404 cum

491 3423 639 3469 esset
667 3417 781 3484 tibi,
817 3421 917 3476 hoc
946 3425 1110 3479 etiam
1153 3440 1341 3485 contra
1382 3434 1645 3504 regulam,
1673 3437 2084 3507 dilectissimus,

492 3502 716 3563 minitne
751 3513 1082 3585 corrigehas,
1106 3522 1281 3575 unum
1309 3539 1340 3578 e
1366 3524 1576 3582 duobus
1607 3530 1749 3584 haud
1797 3546 2083 3601 creperum

492 3594 571 3668 [id
590 3610 664 3653 est
688 3601 926 3670 dubium,
954 3619 1045 3663 aut
1068 3612 1287 3686 anceps]
1340 3626 1498 3683 erat;
1532 3620 1697 3690 270
1742 3632 1836 3676 aut
1876 3594 1931 3677 tu
1971 3640 2079 3680 non

489 3703 637 3756 eras,
669 3696 812 3763 quod
843 3699 1013 3777 videri
1044 3703 1127 3757 vel
1169 3705 1273 3759 dici
1305 3707 1542 3775 volebas,
1583 3720 1677 3766 aut
1705 3712 1852 3766 illum
1883 3714 2077 3773 oderas

489 3787 667 3855 potius
697 3806 857 3859 quam
905 3797 1158 3864 amabas;
1212 3800 1256 3853 si
1305 3801 1448 3856 enim
1497 3820 1799 3873 amaveras,
1833 3824 1932 3863 cur
1969 3826 2075 3866 non

489 3884 693 3943 tecum,
740 3899 850 3953 quo
909 3896 963 3940 tu
1018 3891 1297 3955 tendebas,
1358 3895 1497 3950 idem
1557 3895 1619 3968 [Ι.
1670 3901 1944 3975 eumdem]
2006 3904 2074 3958 ad

489 3966 658 4022 Deum
693 3973 921 4030 traxisse
948 3978 1237 4035 certabas?
1270 3982 1425 4047 Vide,
1454 3966 1664 4051 meum,
1710 3998 1764 4042 et
1803 3992 1944 4059 quis,
1985 3992 2077 4063 qui

489 4060 648 4124 cadit,
694 4074 740 4117 et
773 4065 847 4117 sic
887 4069 1194 4133 aperiuntur
1223 4073 1360 4127 oculi
1396 4075 1510 4145 ejus
1561 4077 1752 4147 (Num.
1804 4097 1949 4149 xxxv,
1981 4082 2067 4155 4);

489 4149 611 4206 vide
666 4159 865 4219 tamen,
917 4159 1117 4216 suadeo
1151 4163 1510 4223 exclamative
1560 4170 1628 4222 ad
1684 4169 1859 4226 locum
1899 4149 2068 4247 (554),

490 4238 580 4292 ubi
617 4243 770 4309 quasi
813 4256 1026 4301 oratum
1071 4252 1388 4323 pergebant,
1426 4271 1675 4319 nummos
1702 4238 2068 4320 continentem

486 4340 586 4397 pro
628 4330 719 4385 tali
757 4347 919 4389 causa
972 4338 1212 4410 largitos.
1262 4342 1307 4399 Ο
1356 4347 1634 4415 spelunca,
1692 4352 1987 4422 Spelunca!
2036 4372 2070 4412 ο

485 4413 654 4487 facta,
684 4423 728 4477 si
756 4438 840 4481 est
868 4438 927 4481 ut
959 4428 1167 4498 dicunt,
1197 4435 1263 4490 de
1303 4413 1465 4493 domo
1498 4440 1765 4498 orationis
1790 4447 2067 4505 sanctissi-

737 4600 863 4659 Htcc
902 4624 1073 4688 usque
1110 4611 1177 4666 ad
1203 4612 1361 4688 linem
1392 4617 1614 4688 (numeri
1648 4617 1785 4688 ejus,
1816 4625 2066 4680 sacerdo-

485 4666 748 4761 tis_'verl.).a
793 4686 942 4761 sunt,
976 4666 1065 4749 qui
1107 4666 1962 4761 confessariipersonam,gerit.
2018 4697 2066 4751 ls

484 4739 659 4826 primo
690 4739 1361 4826 liatheriileicusatiouem
1402 4739 1653 4826 proponit
1681 4778 1694 4813 :
1723 4763 1785 4813 At
1805 4739 2067 4818 literecunu

483 4808 671 4882 dabar,
712 4821 1026 4892 _respondes,
1077 4839 1170 4892 pro
1225 4808 1527 4880 reuerentiar
1554 4832 1833 4886 senectutis
1874 4848 1892 4884 :
1941 4836 2064 4890 (lein

483 4882 743 4973 (Ejusmodi
790 4882 1192 4948 excusationem
1244 4894 1517 4963 refellens,
1563 4882 1744 4954 statim
1794 4905 2007 4973 reponit
2048 4925 2061 4960 :

485 4945 724 5022 Mentiris
747 4969 900 5022 certe,
933 4971 1037 5015 etc.

556 5018 701 5144 (5522
734 5023 830 5079 llic
870 5018 1058 5097 abbas,
1087 5048 1245 5104 queat
1274 5038 1585 5108 alloquitur,
1618 5056 1773 5108 nepos
1802 5050 1923 5096 erat
1949 5042 2067 5111 ejus

556 5093 748 5144 )nacii
819 5100 908 5144 mn
978 5101 1030 5144 in
1101 5108 1541 5144 ειηιμρρ.ιο..ι;ιιηε
1612 5111 1849 5144 manna.
1939 5129 2034 5144 πη...

482 5093 784 5181 monachi”
819 5100 908 5180 qui
977 5093 1055 5155 iu'
1100 5093 1541 5181 antecedeniibus
1571 5093 1584 5103 ’
1612 5093 1852 5181 numeris
1939 5093 2065 5181 p‘er-

483 5159 707 5246 strictus
760 5159 879 5246 fuit,
912 5159 2063 5246 proptereavquoiquam—danit—abba

483 5231 766 5321 octogiutzlt
805 5231 955 5321 libris
983 5231 1213 5308 emerat,
1248 5231 1315 5321 ei
1348 5231 1487 5303 sine.
1514 5246 1621 5321 ulla
1668 5231 2067 5321 Ratheriipro-

487 5297 680 5354 VlSOris
734 5303 946 5354 licentia
1004 5297 1316 5354 [ﬁliumﬁlium-ii
1348 5297 1668 5354 W—s-lisvrvilisnn
1731 5297 2041 5354 amamur..."

1454 320 1782 385 unum"
1828 331 2042 388 EPlSC.
2089 330 2350 392 vanos.
2395 310 2543 397 opp;
2585 341 2763 403 rans
2799 345 2841 403 t.

517 427 771 502 quitquid
799 428 855 483 in
884 431 1063 486 ovibus
1098 434 1480 504 paterfamilias
1516 441 1759 497 utilitatis
1805 445 1977 499 minus
2010 463 2103 513 ρο·
2136 448 2181 507 Α
2213 464 2316 513 ma,
2348 453 2600 522 spelunca
2634 456 2907 517 latronum
2938 444 3300 535 nequissima!

2092 4484 2144 4544 D

3699 365 3807 423 illi

3348 470 3443 530 Ha:
3483 492 3575 544 ne,
3605 479 3690 536 hac
3733 498 3799 540 ne

2208 553 2365 625 erant
2409 546 2603 606 itiones
2640 561 2694 608 et
2728 555 3019 614 reditiones
3044 563 3392 623 creberrimae
3420 569 3573 643 (555)
3608 573 3798 634 Leumi

2208 636 2268 709 [Ι.
2296 639 2626 719 Lemnum]?

2274 730 2364 823 2i.
2403 731 2700 805 Perpende,
2738 756 2889 812 rogo,
2942 749 3236 817 perpende,
3277 753 3379 823 qui
3414 753 3685 814 festucam
3734 762 3799 817 de

2204 821 2360 875 trabe
2388 826 2677 883 conabaris
2721 830 2836 886 heri
2883 834 3105 905 ejicere,
3135 847 3198 894 et
3233 821 3584 913 negationem
3620 849 3718 905 Dei
3745 862 3802 906 et

2203 911 2570 971 adorationem
2598 918 2797 976 diaboli
2824 923 2956 979 nulli
2984 928 3218 998 amplius
3248 911 3552 1002 priesumas
3580 953 3806 1009 aequare

2203 1017 2397 1059 moueo
2422 1007 2656 1063 crimini.
2685 1011 2894 1071 Nullius
2921 1019 3121 1090 quippe
3151 1020 3368 1090 horum,
3392 1043 3520 1097 qua:
3540 1007 3797 1100 superius

2203 1092 2354 1167 {Vict
2389 1115 2549 1170 supra
2594 1119 2646 1156 η.
2677 1103 2734 1177 2]
2783 1107 3087 1165 confessum
3127 1128 3212 1169 me
3263 1092 3431 1173 fuisse
3462 1092 3796 1191 recordaris.

2202 1186 2612 1247 homicidiorum
2645 1197 2849 1267 utique,
2874 1200 3339 1273 exoculationum,
3365 1212 3793 1270 exmembratio-

2202 1293 2354 1345 num,
2408 1279 2806 1350 incctuliorum,
2848 1290 3177 1357 pra-(larum,
3233 1308 3627 1356 czeterorumve
3678 1302 3795 1373 plu-

2201 1367 2363 1434 rium,
2394 1386 2479 1425 me
2523 1377 2739 1431 noveris
2779 1379 2949 1449 magis
2976 1396 3126 1437 reum
3168 1402 3332 1456 quam
3376 1389 3566 1458 istius;
3602 1395 3647 1450 si
3674 1397 3795 1464 qui-

2200 1460 2320 1515 dem
2350 1463 2483 1518 nihil
2513 1465 2702 1522 hortnn
2736 1468 2860 1535 feci,
2886 1482 2979 1527 aut
3007 1473 3167 1543 jussi,
3197 1479 3303 1545 vel,
3333 1492 3391 1535 ut
3412 1482 3591 1549 ﬁeret,
3622 1460 3791 1553 volui,

2199 1553 2291 1608 sed
2326 1552 2432 1610 tale
2465 1557 2613 1625 quid,
2663 1574 2729 1614 ex
2758 1561 2913 1629 cujus
2943 1568 3233 1624 occasione
3264 1570 3364 1625 ista
3395 1582 3523 1628 sunt
3552 1552 3791 1646 patrata,

2198 1645 2446 1701 commisi
2480 1665 2493 1702 :
2538 1648 2658 1705 istic
2685 1662 2865 1709 autem
2899 1656 3021 1725 plus
3053 1658 3259 1730 aliquid
3316 1645 3582 1733 habetur;
3620 1669 3792 1740 siqui-

2199 1733 2319 1788 dem
2348 1734 2492 1801 licet,
2523 1748 2582 1793 ut
2611 1739 2783 1809 fleret,
2814 1757 2988 1815 neque
3013 1752 3370 1820 praeceperim
3402 1768 3581 1823 neque
3607 1733 3791 1814 value.

2128 1818 2168 1875 Β
2200 1822 2322 1888 rim,
2376 1826 2496 1881 dedi
2531 1835 2706 1883 tamen
2743 1847 2862 1887 mea
2893 1835 3048 1906 culpa
3097 1818 3299 1907 locum,
3348 1851 3407 1897 ut
3455 1842 3638 1909 ﬁeret.
3683 1863 3787 1903 non

2198 1916 2557 1984 prohibendo,
2586 1924 2730 1991 quod
2776 1924 2966 1981 saltem
3012 1928 3180 1997 quivi,
3221 1947 3288 1988 ne
3333 1932 3509 1989 fieret.
3539 1935 3793 1995 Gaudere

2196 2014 2401 2061 tantum
2447 2024 2531 2063 me
2577 2014 2812 2078 noveris,
2840 2017 2984 2085 quod
3029 2018 3235 2091 absque
3290 2025 3395 2079 mei
3441 2036 3526 2081 est
3572 2026 3791 2084 licentia

2195 2094 2415 2163 factum,
2448 2099 2709 2170 siquidem
2752 2106 2966 2162 videtur
2993 2124 3115 2186 esse
3139 2112 3357 2184 aliquod
3394 2115 3786 2175 levamentum.

2195 2185 2394 2240 Delicta
2424 2190 2539 2260 quis
2560 2190 2842 2264 intelligit?
2871 2198 2948 2252 ait
2972 2198 3282 2268 Psalmista,
3309 2205 3662 2264 subinferens
3691 2227 3789 2267 nev

2193 2292 2349 2333 cessa
2362 2281 2439 2336 rio
2470 2301 2481 2336 :
2512 2283 2589 2337 Ab
2615 2287 2829 2341 occultis
2853 2291 2978 2346 meis
3007 2295 3203 2348 munda
3226 2312 3327 2362 me,
3353 2296 3599 2366 Domine,
3635 2313 3683 2355 et
3724 2304 3789 2356 ab

2190 2368 2375 2424 alienis
2404 2390 2559 2440 parce
2583 2393 2730 2430 servo
2760 2389 2887 2444 tuo;
2922 2382 3402 2456 subjungensque:
3440 2387 3503 2445 Si
3535 2391 3641 2444 mei
3676 2410 3784 2447 non

2190 2458 2383 2527 fuerint
2411 2463 2667 2519 dominati
2685 2507 2700 2530 ,
2732 2467 2930 2539 inquit,
2961 2473 3152 2544 utique
3178 2476 3356 2532 aliena
3380 2489 3629 2548 peccata,
3663 2492 3788 2538 tunc

2189 2548 2556 2607 intmaculatus
2611 2572 2719 2619 ero,
2773 2569 2821 2613 et
2874 2564 3197 2620 emundabor
3241 2583 3273 2620 a
3319 2568 3508 2624 delicto
3554 2574 3795 2627 maxime

2195 2638 2362 2712 (Paul.
2389 2659 2542 2708 xvtn,
2573 2645 2796 2718 {5,14),
2824 2652 3081 2719 maximo,
3107 2654 3350 2726 inquam,
3381 2660 3637 2715 maxime.
3670 2661 3787 2717 Non

2189 2731 2334 2785 enim
2368 2749 2470 2788 non
2503 2734 2593 2789 tibi
2625 2738 2838 2793 videtur
2864 2742 3180 2809 maximum,
3206 2746 3296 2817 qui
3330 2747 3521 2819 viginti
3550 2750 3779 2804 duarum

2187 2819 2447 2877 librarum
2495 2842 2593 2879 suo
2628 2825 2833 2900 ﬂagitio
2876 2842 2961 2887 est
3010 2834 3242 2902 debitor,
3278 2836 3505 2894 alterius
3550 2841 3782 2899 crimine

2187 2913 2460 2995 octoginta
2509 2914 2655 2989 (556)
2708 2920 2762 2973 in
2812 2922 3240 2982 cumulationem
3297 2930 3462 2985 debiti
3515 2931 3633 2987 εἱὺὶ
3658 2933 3786 3003 Ῑιιιιο

2189 2999 2372 3056 xisse?
2399 2992 2464 3058 Et
2507 3020 2540 3060 ο
2580 3006 2774 3063 misera
2811 3012 3149 3084 principandi
3178 3017 3446 3073 conditio!
3483 3020 3642 3088 Quis,
3678 3022 3794 3078 nisi.

2188 3092 2268 3144 sui
2306 3108 2546 3160 securus,
2582 3097 2885 3168 huiusmodi
2929 3120 3037 3160 non
3067 3104 3190 3175 jure
3230 3107 3399 3178 fugiat
3441 3112 3783 3185 periculum!

2189 3182 2338 3238 Alter
2362 3198 2555 3255 peccat
2582 3199 2632 3245 te
2659 3194 2954 3260 nesciente,
2980 3208 3035 3252 et
3066 3208 3120 3253 tu
3153 3215 3338 3269 poenas
3366 3201 3516 3259 luere
3546 3206 3776 3277 cogeris.

2194 3269 2391 3327 Verum
2426 3284 2484 3330 ut
2520 3290 2765 3349 nepotem
2812 3284 2968 3354 paulo
3013 3290 3261 3357 superius
3287 3269 3644 3362 prmlibatnm'
3671 3310 3785 3373 me-_

2191 3375 2314 3416 cum
2351 3364 2416 3419 de
2461 3367 2705 3439 neglectu
2740 3375 3010 3441 eumdem,
3059 3392 3194 3449 opus
3236 3390 3295 3435 ut
3343 3379 3548 3451 fuerat,
3579 3368 3780 3455 pariter

2190 3455 2472 3511 coercendi
2520 3473 2794 3527 excusem,
2839 3465 3007 3523 videri
3059 3468 3201 3523 valet
3231 3478 3287 3525 et
3333 3486 3421 3528 me
3469 3475 3775 3545 exemplum

2188 3543 2484 3600 attendisse
2512 3549 2725 3614 medici,
2757 3551 2882 3607 illud
2913 3555 3200 3627 desperato
3221 3559 3288 3615 de
3309 3562 3422 3616 vita
3446 3564 3605 3630 nihil,
3634 3543 3774 3635 quod

2188 3648 2383 3704 capere
2411 3636 2561 3704 velit,
2607 3639 2997 3700 interdicentis.
3037 3646 3189 3704 Unde
3231 3659 3287 3705 et
3327 3650 3693 3726 Hieronymus
3723 3658 3773 3711 in

2182 3742 2343 3782 causa
2366 3731 2633 3787 consimili
2662 3751 2674 3786 :
2707 3735 2873 3790 Aiunt
2900 3738 3117 3806 medici,
3160 3741 3257 3809 ait,
3295 3743 3533 3815 majores
3561 3748 3775 3803 morbos

2181 3834 2287 3874 non
2319 3834 2441 3876 esse
2468 3824 2757 3892 curandos,
2788 3828 2880 3883 sed
2919 3830 3270 3889 dimittendos
3296 3846 3527 3899 natnrm,
3562 3854 3632 3892 ne
3667 3855 3773 3893 me-

2180 3909 2298 3964 dcla
2338 3910 2577 3967 dolorem
2606 3928 2913 3987 exasperet.
2949 3920 3007 3976 Si
3036 3922 3181 3977 enim
3228 3924 3600 3984 obstinatione
3630 3946 3772 3985 mor-

2182 4000 2336 4057 tifera
2366 4012 2555 4058 contra
2596 4006 2677 4060 sui
2708 4006 2866 4078 271
2906 4014 3242 4082 propositum
3273 4015 3775 4088 irrccuperabiliter

2177 4109 2298 4149 eum
2328 4097 2537 4151 viderat
2566 4098 2915 4169 ohduratum,
2957 4106 3086 4175 quid
3132 4106 3409 4176 profuerat
3437 4112 3766 4169 interdicere

2177 4185 2393 4257 aliquod
2448 4189 2496 4243 ei
2547 4191 2730 4245 sicculi
2767 4197 3149 4252 commodum?
3177 4213 3245 4253 an
3296 4209 3353 4254 ut
3389 4201 3512 4257 istic
3553 4205 3771 4275 dispen-

2175 4275 2346 4342 dium,
2376 4287 2431 4333 et
2472 4279 2579 4336 illic
2606 4292 2882 4350 pateretur
2913 4288 3253 4357 supplicium,
3291 4295 3598 4360 praesertim
3643 4311 3779 4371 cum

2174 4362 2338 4418 sciret
2378 4365 2579 4434 optime
2629 4383 2741 4423 suae
2804 4372 3128 4441 perditionis
3174 4374 3384 4432 foveam
3435 4393 3543 4434 non
3593 4380 3770 4435 minus

2173 4470 2458 4511 secernere
2480 4457 2690 4528 ipsum?
2717 4459 2954 4518 Hoccine
2973 4474 3090 4520 erat
3115 4465 3394 4523 Dominica
3423 4472 3574 4524 omni
3601 4472 3769 4525 etiam

2243 4633 2388 4704 (55l)
2430 4633 2605 4717 Dacus
2621 4636 2824 4729 aliquis.
2847 4654 3001 4696 sacer
3024 4642 3313 4729 indicatur,
3343 4644 3432 4699 ubi
3463 4645 3532 4701 de
3559 4662 3762 4729 memo-

2174 4715 2287 4758 rata
2314 4706 2585 4786 etuptione
2621 4706 2927 4786 Simoniaca
2956 4725 3158 4786 actum,
3187 4730 3251 4770 ac
3289 4706 3386 4785 pro
3422 4730 3486 4770 ea
3520 4719 3751 4786 pretium

2172 4776 2447 4840 octoginta
2487 4776 2746 4831 librarum
2780 4780 3016 4837 solutum
3053 4776 3170 4838 fuit.

2240 4844 2388 4916 (555)
2423 4845 2544 4901 llaec
2572 4863 2638 4939 est
2673 4846 2927 4939 Tergptio
2957 4863 3193 4939 sumpta,
3222 4855 3312 4937 qui
3357 4856 3408 4910 in
3434 4856 3763 4939 Phormione

2170 4924 2276 4969 act.
2311 4931 2365 4977 v.
2397 4931 2546 4988 scen.
2587 4916 2724 4988 8,.v.
2769 4919 2838 4973 24
2883 4921 3045 4979 habet
3078 4916 3095 4976 Ξ
3130 4916 3372 4979 lla'ccittc
3436 4938 3584 4981 erant
3643 4927 3763 4981 itio-

2170 5001 2257 5038 nes
2311 4986 2544 5050 crebrae,
2610 4986 2670 5041 et
2716 4991 3014 5047 mansiones
3076 4994 3297 5048 diutina:
3361 4995 3549 5050 Lemni
3579 4997 3605 5050 .9
3667 4996 3759 5052 Ha:

2169 5066 2349 5136 autem
2409 5056 2595 5136 itiones
2640 5068 2703 5136 __et
2768 5061 3045 5136 reditiones
3075 5104 3117 5136 ,ί
3151 5080 3270 5133 qua:
3319 5066 3421 5121 hoc
3471 5067 3591 5121 loco
3636 5082 3757 5136 per-

2169 5126 2528 5194 stringuntur,
2562 5127 2801 5183 indicant
2828 5126 3085 5188 fortassis
3106 5126 3297 5190 itinera
3331 5137 3383 5190 in
3421 5136 3599 5191 locum
3631 5126 3753 5191 ante

2170 5205 2537 5271 memoratum.
2550 5210 2819 5269 suscepta,
2851 5204 3030 5270 quoad
3059 5206 3260 5274 emptio
3293 5205 3379 5260 illa
3407 5207 3753 5263 concludere-

2171 5272 2275 5321 tur.

2243 5333 2383 5354 ιρι-’1η
2447 5336 2488 5354 Ιὶ
2531 5337 2543 5350 ⁸
