4032 5354
200 334 201 337 η
268 272 375 327 ιιῑ

1138 278 1556 339 EXCEBPTUH
1611 280 1704 339 El
1742 280 2041 343 υιΑιοοο
2080 286 2642 348 CONFESSIONALI.

3454 300 3556 356 ΗΒ

266 388 401 441 talia
432 391 789 493 meditantem
818 402 1041 448 cantare
1068 408 1082 448 :
1117 395 1331 465 Oportet
1356 415 1448 453 nos
1472 402 1723 453 mundum
1747 416 1871 454 con-
1897 404 1949 462 Α
1976 410 2068 456 aut
2089 404 2256 460 ﬁlium
2280 406 2444 463 Belial
2472 420 2567 466 aut
2588 411 2760 481 ipsum
2792 412 2957 469 Belial
2976 416 3177 473 audisti
3203 430 3271 473 un
3293 435 3436 488 utam
3465 440 3563 494 per

268 489 525 541 temnere,
556 482 792 550 adjicere
813 501 1046 553 quoque,
1073 496 1127 538 ut
1150 490 1406 555 possimus
1431 492 1575 559 sequi
1600 489 1867 544 Clu-istum

269 569 515 633 Domini,
550 575 707 641 quasi
747 590 871 629 cum
901 578 1100 630 mundo
1140 594 1245 631 non
1275 580 1549 635 valeamus
1584 583 1867 635 Domimun

269 664 463 733 sequi?
514 666 990 737 Exaggerausque,
1046 685 1109 722 ne
1156 671 1436 739 perdamus
1489 674 1644 726 vitam
1689 691 1868 742 perpe-

264 763 437 817 tuam,
496 767 710 827 propter
760 775 947 812 vanam
998 760 1155 828 hujus
1204 763 1386 814 muudi
1447 763 1705 833 gloriam,
1761 780 1864 818 non

198 912 201 913 ν
266 847 563 902 verebatur
598 850 829 919 aliquem
875 866 942 904 ex
991 851 1210 922 obliquo
1260 856 1585 923 respomlere
1639 855 1859 910 valere:

252 931 346 987 .De
378 950 470 987 ore
502 945 593 989 tuo
641 946 689 990 te
721 937 921 1001 iudico,
968 956 1111 993 serve
1142 958 1361 1011 nequam
1400 941 1549 1012 (Luc.
1600 960 1709 1008 κη,
1746 944 1860 1013 22).

334 1024 426 1080 25.
459 1026 567 1081 Sed
609 1038 666 1082 ut
708 1029 774 1083 ad
819 1047 918 1085 nos
941 1032 1052 1101 jam
1096 1033 1207 1087 fore
1248 1044 1459 1103 tempus
1498 1048 1863 1092 monstremus

265 1117 449 1172 redire
480 1119 698 1186 debere,
729 1123 942 1176 noveris
983 1124 1122 1189 volo,
1164 1125 1406 1196 inquam,
1451 1129 1593 1195 quod
1626 1128 1753 1183 illud
1792 1131 1858 1184 de

262 1207 531 1275 propheta
582 1225 831 1280 magnam
884 1212 1013 1265 mihi
1061 1212 1224 1267 faciat
1278 1215 1724 1280 consolationem,
1766 1219 1860 1271 sed

266 1297 474 1349 utinam
516 1315 623 1352 non
680 1301 894 1354 inanem
947 1320 959 1354 :
1021 1300 1237 1356 Veniens
1282 1304 1351 1357 ad
1395 1304 1734 1374 Babylonem,
1790 1308 1858 1361 ibi

259 1387 569 1444 liberaberis
614 1391 799 1462 (Micli.
848 1409 922 1457 tv,
969 1394 1076 1463 10).
1116 1393 1217 1461 Qui
1265 1396 1409 1449 enim
1461 1396 1513 1449 in
1548 1397 1707 1452 domo
1740 1398 1854 1463 Dei,

254 1481 477 1536 nemine
526 1484 631 1537 nisi
666 1484 988 1549 fautoribus,
1034 1494 1090 1537 ut
1126 1486 1258 1547 dixi,
1314 1486 1540 1550 sciente,
1581 1489 1682 1541 sub
1721 1504 1857 1556 prte-

255 1570 845 1639 textu'sanctimonite,
901 1584 959 1628 ut
1003 1576 1177 1639 Inulti,
1235 1576 1463 1637 fallacis.
1522 1576 1856 1633 infrontuose

252 1662 522 1719 faciebam
553 1665 759 1720 scelera
796 1666 998 1729 multa;
1030 1682 1059 1718 a
1095 1676 1145 1719 te
1170 1666 1236 1719 de
1271 1667 1372 1721 isto
1408 1682 1516 1719 uno
1545 1663 1849 1734 deprehen-

1972 494 2345 561 pmuitentiam
2395 499 2512 553 sine
2556 504 2912 559 conversione
2940 507 3151 561 veniam
3182 519 3554 579 consecutum,

1970 585 2253 648 persuade,
2308 586 2350 639 si
2388 588 2554 652 vales,
2612 591 2776 655 mihi;
2816 602 2909 647 aut
2955 590 2998 648 Si
3056 612 3185 658 non,
3243 602 3409 654 suade
3464 602 3560 658 tibi

1968 668 2171 759 absque
2188 672 2317 744 jugo
2342 676 2474 745 legis
2508 681 2740 748 propria:
2767 684 3103 751 poenitentia:
3131 685 3368 741 laborem
3398 690 3557 759 quid-

1970 757 2097 813 libet
2136 762 2294 817 alicui
2333 768 2604 833 prodesse.
2648 770 2846 839 lpsum,
2881 774 2983 836 ais,
3040 776 3372 847 dicojugum
3412 757 3559 850 quod

1966 852 2358 941 paenitentiam.
2376 857 2527 924 Quis,
2552 860 2789 929 inquam,
2817 866 3110 933 imposuit?
3137 869 3325 931 Video,
3351 870 3554 941 inquis,

1966 940 2248 1011 impostor,
2291 947 2419 1015 quid
2469 950 2739 1016 moliaris;
2793 954 2859 1007 ad
2902 956 3151 1011 abbatem
3204 970 3258 1013 ct
3308 961 3551 1029 regulam

1966 1047 2117 1087 more
2146 1046 2237 1090 tuo
2269 1054 2354 1092 me
2387 1040 2578 1093 iterum
2608 1058 2849 1098 revocas.
2881 1046 3067 1112 Plane,
3100 1050 3341 1117 inquam,
3367 1051 3548 1119 plane.

1964 1126 2116 1190 Quod
2139 1129 2281 1182 enim
2306 1131 2423 1185 sine
2450 1135 2714 1201 permissu
2750 1136 2893 1191 illius
2926 1155 2955 1191 a
2996 1143 3259 1195 monacho
3291 1143 3382 1205 sit,
3410 1158 3521 1211 pra:
3540 1171 3553 1184 -

1963 1219 2253 1287 sumptioni
2282 1220 2628 1291 deputabitur
2649 1235 2702 1278 et
2729 1241 2880 1281 vaoce
2910 1229 3113 1297 gloriaz,
3142 1248 3247 1285 non
3287 1232 3546 1288 mercedi.

1964 1308 2097 1363 Dum
2152 1312 2545 1367 assertionibus
2598 1318 2702 1371 tuis
2739 1320 2978 1383 attendo,
3012 1324 3390 1387 scandalizari,
3445 1326 3550 1386 ais,

1962 1416 2067 1454 non
2143 1417 2328 1467 cesso;
2385 1404 2435 1457 in
2494 1405 2817 1473 quibusdam
2871 1411 3014 1463 enim
3062 1412 3439 1481 rigidissimus,
3497 1414 3552 1469 in

1960 1490 2280 1557 quibusdam
2318 1494 2471 1548 valde
2525 1497 2813 1561 remissus;
2848 1500 3047 1555 videris
3080 1504 3291 1557 haedum
3324 1506 3373 1558 in
3414 1505 3551 1560 lacte

1960 1581 2310 1646 matrissuae,
2359 1586 2500 1653 quod
2550 1596 2633 1640 est
2686 1590 3036 1656 prohibitum.
3082 1608 3314 1662 coquere
3345 1593 3544 1664 (Exod.

1959 1684 2113 1732 xxnt,
2144 1671 2249 1739 19).
2283 1672 2416 1726 Cum
2447 1674 2589 1727 enim
2620 1677 2941 1745 gravissima
2970 1689 3025 1733 et
3055 1681 3215 1760 multa
3256 1692 3343 1735 tua
3376 1698 3547 1736 enar-

248 1773 364 1821 sus,
396 1757 664 1817 detectus,
708 1758 832 1811 dum
865 1759 928 1811 ad
960 1758 1333 1811 confusionem
1370 1767 1571 1813 tantam
1604 1775 1721 1813 smn
1762 1760 1850 1814 de-
1881 1754 1922 1812 Β
1954 1758 2092 1812 raris
2134 1758 2400 1825 facinora,
2458 1771 2567 1817 tute
2618 1766 2709 1819 tibi
2766 1768 2963 1822 ostium
3014 1754 3275 1835 obs-tritis,
3320 1787 3544 1827 netesse

248 1850 488 1914 volutus,
520 1861 579 1904 ut
610 1852 726 1921 ipso
753 1851 965 1903 detecto
988 1835 1190 1902 nullum
1222 1864 1404 1903 curem
1440 1850 1611 1904 latere
1642 1851 1846 1905 crimen

248 1944 486 2014 amplius
519 1959 722 2006 meum,
761 1943 889 2011 quid
922 1941 981 2013 [Ι.
1030 1940 1192 2012 quod]
1223 1942 1289 1995 de
1318 1941 1407 1995 illo
1454 1942 1569 1995 solo
1614 1944 1724 2012 pati
1752 1959 1850 2012 po-

250 2044 465 2089 tueram
513 2033 869 2096 infructuose;
922 2033 1033 2101 pati
1082 2033 1274 2087 melius
1304 2033 1465 2087 simul
1511 2050 1634 2088 cum
1668 2034 1843 2089 fructu

249 2126 370 2195 ipso
410 2126 476 2179 de
510 2125 765 2179 omnibus
797 2132 967 2186 ratus,
1001 2124 1053 2176 in
1103 2122 1429 2194 Babylonem
1475 2124 1751 2189 nimirum,
1787 2134 1846 2179 ut

248 2216 323 2271 ita
365 2217 572 2285 loquar,
609 2230 707 2284 per
748 2223 799 2269 te
848 2216 1134 2277 adductus,
1168 2231 1386 2284 possum
1424 2217 1594 2277 credi,
1644 2226 1699 2271 et
1740 2218 1844 2272 uti-

247 2322 374 2359 nam
402 2322 497 2375 per
526 2306 617 2359 Dei
649 2304 1073 2359 miscricordiam
1108 2319 1232 2357 vere
1260 2304 1535 2359 liberatus.
1579 2305 1711 2359 Nam
1745 2324 1843 2363 nec

246 2396 400 2450 deest
444 2408 661 2464 sartago
710 2394 904 2457 ferrea,
940 2395 991 2447 in
1040 2410 1145 2464 qua
1194 2410 1318 2448 ossa
1366 2395 1529 2449 etiam
1573 2395 1843 2466 friguntur

248 2485 389 2541 forte
417 2485 715 2554 aliquidde
757 2498 815 2538 se
861 2485 1193 2537 autumantia
1244 2484 1372 2538 olim
1424 2488 1558 2541 satis
1607 2488 1842 2543 inaniter

248 2592 393 2632 mea.
425 2576 599 2631 Profui
646 2592 779 2647 ergo
812 2577 932 2640 tibi,
968 2576 1167 2645 inquis,
1220 2578 1446 2631 multum
1496 2594 1717 2643 nocens,
1747 2583 1837 2650 qui

248 2682 441 2736 parum
471 2667 775 2737 profueram
812 2668 1014 2721 favens.
1067 2667 1191 2721 Mihi
1224 2669 1314 2722 sed
1345 2670 1509 2738 quid?
1553 2681 1837 2740 quantum,

244 2758 486 2827 inquam,
536 2758 688 2813 Iuda:
737 2757 963 2812 salvatio
1012 2758 1212 2827 profuit
1265 2761 1468 2814 mundi.
1503 2759 1605 2815 Per
1643 2778 1743 2833 ego
1787 2774 1838 2818 te

239 2846 425 2903 Iesum
465 2864 725 2918 spemque
754 2864 1098 2903 communem
1129 2849 1222 2902 sed
1246 2850 1509 2918 deprecor
1534 2853 1706 2923 (557),
1762 2856 1835 2909 fc-

242 2948 414 2993 torem
464 2939 755 2993 criminum
808 2954 1049 2993 meorum
1084 2956 1113 2993 a
1152 2948 1203 2994 te
1252 2957 1487 3006 remove,
1538 2960 1603 2998 ne
1648 2943 1836 3012 juncta

244 3040 458 3084 tuorum
489 3031 596 3085 mei
625 3045 789 3085 causa
843 3040 891 3084 te
938 3031 1206 3085 interiisse
1244 3034 1482 3087 credenti
1522 3036 1651 3089 mihi
1684 3037 1835 3090 dolo-

242 3136 353 3177 rem
394 3138 605 3194 augeas.
635 3124 1029 3193 importunum,
1083 3139 1216 3178 neve
1255 3127 1491 3179 tenebris
1524 3128 1656 3181 meis
1690 3126 1829 3181 otl‘uo

1941 3122 2107 3181 ptum.
2140 3113 2204 3167 Et
2233 3114 2358 3168 alibi
2396 3134 2407 3169 :

239 3228 350 3277 sus,
386 3222 441 3267 te
484 3215 659 3283 ipsum
707 3214 1054 3269 considerare
1098 3230 1202 3268 non
1254 3215 1457 3279 Valens,
1490 3232 1597 3286 quo
1640 3221 1829 3287 pedem

238 3307 469 3361 actionis
502 3308 714 3361 mittere
766 3306 965 3361 debeas
1013 3307 1281 3370 nesciens,
1327 3306 1477 3376 pejus
1520 3324 1829 3379 quanquam

236 3398 512 3453 corrueris
576 3398 667 3470 [[1,
705 3414 866 3469 quam
936 3399 1231 3471 corrueris]
1290 3414 1513 3454 mouens
1569 3402 1831 3469 deprecor

236 3493 418 3546 cadas.
446 3492 528 3545 Ad
571 3500 886 3546 sanctorum
919 3491 1413 3562 splendidissimum
1460 3493 1638 3549 lumen
1672 3497 1827 3563 quasi

234 3584 300 3639 ad
321 3584 541 3638 aetheris
567 3584 957 3639 micantissima
982 3584 1158 3639 sidera
1191 3584 1423 3653 regulari
1454 3584 1660 3639 collirio
1696 3587 1828 3640 deli-

233 3660 423 3728 butum
474 3674 673 3729 mentis
716 3674 967 3728 intuitum
1008 3676 1185 3744 potius
1216 3674 1530 3744 dirigamus,
1576 3676 1644 3731 ibi
1681 3678 1826 3730 vidc-

233 3761 311 3816 bit
339 3763 569 3831 quisque
597 3771 839 3817 vestrum
872 3761 960 3833 [f.,
992 3762 1281 3835 nostrum],
1310 3763 1434 3833 quid
1462 3763 1528 3819 de
1557 3780 1637 3827 se,
1686 3767 1814 3836 quid

235 3851 299 3906 de
322 3852 430 3906 alio
458 3852 653 3907 debeat
701 3853 992 3907 mstimare.
1027 3852 1307 3923 Regulam,
1341 3854 1540 3921 inquis,
1565 3867 1822 3924 appet-ias

232 3944 469 3998 iterum?
497 3945 657 4011 Quid,
694 3945 935 4014 inquam,
967 3960 1028 3999 ea
1062 3946 1384 4015 posthabita,
1415 3947 1595 3999 aliud?
1623 3949 1823 4005 Oumes

231 4037 375 4090 enim
424 4051 680 4092 recurras
707 4052 829 4091 cum
863 4038 1153 4108 Evangelia
1199 4039 1313 4109 ipso
1343 4039 1655 4110 Scripturas
1690 4059 1702 4094 :
1753 4044 1819 4096 ad

230 4126 424 4195 ipsam,
473 4126 629 4191 velis,
676 4127 835 4189 nolis,
873 4129 966 4182 tibi
1007 4138 1088 4182 est
1122 4130 1473 4193 redeundmn,
1524 4133 1567 4185 si
1624 4132 1819 4187 animm

233 4228 333 4271 tuaz
376 4218 461 4271 vis
501 4232 619 4271 esse
662 4217 988 4272 consultum.
1040 4219 1154 4281 Dic,
1204 4219 1296 4273 sed
1351 4236 1499 4290 rogo,
1550 4222 1820 4276 audistine

230 4323 465 4377 unquam
520 4308 690 4361 lilium
722 4308 888 4362 Belial
936 4309 987 4363 in
1045 4309 1237 4364 bonam
1287 4322 1492 4379 parteu
1541 4313 1819 4381 positum?

231 4402 538 4473 Nunquam,
571 4401 788 4470 inquis?
834 4402 937 4455 Sed
970 4402 1092 4470 quis
1122 4412 1198 4456 est
1235 4402 1403 4473 pejor,
1443 4404 1683 4473 inquam,
1718 4422 1815 4475 pa-

230 4511 383 4564 gano.
409 4494 544 4549 Nam
570 4493 741 4548 Belial
772 4494 885 4547 sine
901 4494 1030 4563 jugo
1061 4494 1470 4563 interpretatur.
1504 4495 1655 4549 Nulla
1690 4513 1819 4551 vero

228 4587 502 4640 hominum
556 4585 802 4639 conditio
847 4593 950 4647 est,
1005 4599 1125 4653 qua:
1174 4585 1377 4654 absque
1420 4585 1819 4658 quolibctjugo

228 4675 397 4729 valeat
428 4675 541 4744 regi
574 4691 587 4727 :
617 4674 809 4743 jugum
842 4688 967 4726 vero
1005 4675 1202 4742 cuique
1237 4684 1319 4729 est
1349 4675 1483 4743 ipsa.
1518 4690 1621 4744 qua
1656 4677 1817 4730 victi-

228 4773 321 4827 tat,
348 4765 478 4835 legis
502 4780 755 4826 censura,
786 4773 843 4817 ut
872 4762 1211 4832 Langobardi
1236 4763 1356 4818 laici
1389 4762 1592 4824 Italica,
1628 4763 1813 4819 clerici

227 4856 379 4926 272
433 4855 721 4919 canonica,
773 4855 1021 4909 monachi
1082 4855 1416 4909 monachica.
1469 4855 1541 4907 Ea
1590 4854 1809 4922 rejecta,

228 4949 359 5014 quod
394 4946 589 5017 jugum
635 4955 686 5000 te
720 4945 915 4999 retinet
944 4946 1010 4997 ad
1040 4944 1240 5013 aliquid
1288 4945 1685 5005 declinandum.
1723 4947 1805 4999 vel

227 5040 421 5095 relaxat
459 5041 527 5094 ad
570 5038 911 5093 faciendum?
957 5036 1012 5089 Si
1046 5035 1208 5096 nulla,
1242 5052 1345 5089 non
1382 5037 1539 5089 modo
1568 5036 1708 5089 filius
1748 5052 1808 5092 cs

225 5128 397 5195 Belial,
440 5130 494 5185 id
519 5139 608 5184 est
632 5127 853 5191 diaboli,
902 5126 999 5207 sed
1035 5126 1149 5195 ipse
1187 5136 1239 5179 tu
1270 5142 1329 5181 es
1358 5126 1545 5181 Belial.
1597 5127 1653 5181 Si
1685 5143 1814 5197 ergo

282 5265 430 5338 (557)
452 5262 730 5319 Coustrue
761 5277 777 5316 :
805 5261 912 5317 Sed
935 5259 1301 5354 φορέει-ρων
1321 5277 1412 5330 per
1425 5258 1634 5354 .Jefu‘ni-
1651 5277 1814 5354 spem.

1948 1848 2091 1915 quod
2124 1848 2321 1913 fuerat,
2370 1854 2723 1921 pmoitcntizc,
2752 1866 2805 1910 et
2836 1872 2933 1926 pro
2979 1858 3129 1913 libitu
3168 1862 3367 1930 aperis.
3405 1862 3544 1928 Quid

1947 1953 2077 2004 ergo
2134 1940 2215 1993 vis
2266 1944 2461 2011 agere?
2512 1944 2641 1999 Sine
2684 1944 2814 2016 jugo
2870 1957 2922 2001 te
2967 1964 3088 2005 esse
3136 1954 3539 2020 conquereris;

1946 2024 2112 2079 Belial
2145 2030 2327 2098 utique
2366 2031 2533 2085 filium
2567 2044 2619 2088 te
2662 2052 2879 2106 quoque
2925 2053 3044 2093 csse
3098 2040 3323 2106 fateris;
3378 2042 3539 2110 Quid,

1946 2118 2185 2186 inquam,
2228 2136 2386 2191 rogas
2410 2126 2432 2177 ?
2456 2126 2581 2192 quid
2611 2127 2810 2181 dicitur
2838 2130 2889 2182 in
2918 2131 3144 2198 psalmo,
3176 2134 3221 2185 si
3253 2133 3343 2187 Dei
3374 2134 3537 2188 mise-

1945 2206 2175 2261 ricordia
2210 2217 2384 2263 tamen
2421 2215 2697 2279 concedit;
2729 2216 2930 2270 nullum
2961 2219 3105 2272 enim
3139 2221 3285 2275 aliud
3313 2223 3530 2277 invenio

1943 2299 2245 2353 consilium.
2279 2300 2413 2366 Quid
2439 2314 2520 2356 est
2562 2305 2700 2359 hoc?
2724 2307 2885 2372 Audi,
2919 2310 3109 2379 inquit,
3138 2311 3277 2379 ﬁiia,
3312 2324 3358 2365 et
3396 2314 3534 2379 vide,

1941 2399 1987 2442 et
2030 2391 2223 2445 inclina
2255 2410 2436 2447 aurem
2481 2405 2649 2459 tuam,
2681 2408 2728 2452 et
2768 2399 3064 2454 obliviscere
3103 2402 3354 2471 populum
3385 2414 3536 2457 tuum

1940 2489 1986 2532 et
2034 2480 2243 2534 domum
2272 2485 2439 2552 patris
2468 2487 2545 2537 lui
2592 2484 2766 2553 (Psal.
2817 2505 2959 2555 κων,
2998 2492 3102 2562 Η).
3156 2492 3409 2558 Intende;
3442 2508 3541 2562 pa-

1943 2580 2078 2626 trem
2125 2589 2182 2627 se
2209 2589 2349 2638 esse,
2390 2578 2480 2646 qui
2526 2587 2701 2643 vocat,
2733 2581 2925 2644 innuit,
2959 2590 3017 2636 ut
3044 2593 3233 2637 avocet
3280 2599 3309 2636 a
3358 2594 3533 2652 patre.

1943 2660 2331 2730 Relinquamus
2363 2679 2491 2735 ergo
2525 2666 2684 2721 istum
2710 2678 2917 2737 patrem
2944 2686 3064 2724 cum
3087 2669 3219 2739 jugo
3250 2687 3347 2725 suo
3375 2672 3533 2738 duro,

1940 2766 2230 2822 sequamur
2279 2755 2451 2820 illum,
2485 2757 2849 2827 cujusjugum
2898 2775 3085 2823 suave,
3131 2772 3181 2814 et
3210 2761 3364 2830 cujus
3395 2776 3534 2816 onus

1938 2849 2021 2894 est
2066 2840 2180 2896 leve
2212 2842 2426 2912 (Manli.
2461 2862 2537 2907 χι,
2570 2846 2682 2917 30).
2719 2847 2917 2911 Quare,
2958 2850 3156 2917 inquis,
3206 2866 3312 2903 non
3368 2849 3536 2905 facis?

1939 2931 2091 2997 Quod
2140 2931 2428 3001 loquimur,
2474 2935 2713 3006 inquam,
2762 2938 2884 2991 inde
2926 2948 3147 2992 autumo
3183 2949 3286 2992 est.
3336 2938 3441 2993 Sed
3479 2940 3526 2994 si

1939 3032 2084 3077 recte
2110 3023 2325 3088 offeras,
2349 3034 2401 3079 et
2427 3037 2569 3080 recte
2599 3044 2703 3082 non
2732 3030 2960 3095 dividas,
2990 3032 3248 3099 peccasti,
3283 3043 3363 3086 cst
3392 3033 3531 3087 scri-

2461 3115 2633 3181 Juste,
2670 3121 2810 3188 quod
2849 3120 3054 3188 justum
3099 3131 3193 3183 est,
3233 3124 3529 3193 exsequeris

1936 3204 2113 3273 (Deut.
2150 3222 2259 3269 xvt,
2286 3207 2399 3275 20).
2432 3207 2499 3261 Et
2528 3208 2819 3275 Apostolus
2850 3226 2865 3263 :
2897 3208 3086 3264 Omnia
3110 3222 3299 3275 vestra,
3328 3213 3524 3281 inquit,

1932 3296 2141 3349 honeste
2181 3313 2298 3349 cum
2344 3298 2528 3351 ordine
2565 3299 2699 3366 ﬁant
2752 3300 2803 3370 (Ι
2834 3302 2954 3355 Cor.
3005 3318 3120 3367 xxv,
3154 3303 3269 3375 49).
3318 3305 3382 3358 Et
3417 3304 3524 3360 Ro-

1933 3401 2105 3440 manae
2135 3389 2277 3441 scdis
2310 3389 2588 3461 theologus
2633 3406 2647 3443 :
2698 3390 3007 3446 Curandum
3059 3412 3121 3449 ne
3159 3396 3294 3449 bona
3344 3406 3525 3451 nostra

1931 3477 2077 3530 milia
2116 3480 2243 3543 sint,
2279 3483 2571 3535 curandum
2611 3500 2673 3537 ne
2714 3500 2895 3538 oarva.
2944 3487 3236 3539 curandum
3282 3504 3343 3539 ne
3386 3487 3529 3541 indi—

1928 3583 2126 3621 scussa.

1997 3662 2086 3715 26.
2124 3662 2436 3717 Discutieuti
2465 3674 2645 3718 autem
2676 3665 2962 3736 mihiquid
2997 3666 3232 3721 miseria:
3271 3682 3405 3721 mea:
3449 3667 3522 3721 sit

1928 3752 2252 3816 faciendum,
2301 3754 2540 3807 occurrit
2594 3755 2801 3825 fugitivi
2852 3755 3165 3819 consilium,
3203 3754 3288 3809 cui
3319 3756 3519 3810 cedunt

1926 3847 2101 3898 omnia
2156 3862 2351 3916 genera
2392 3848 2758 3909 consiliorum,
2799 3856 2855 3903 et
2902 3847 2947 3901 si
3001 3864 3107 3901 non
3154 3847 3261 3901 alio
3311 3847 3363 3900 itt
3416 3847 3520 3902 hoc

1924 3939 2095 3993 solum
2135 3957 2145 3990 :
2183 3938 2373 3992 Omnia
2408 3940 2599 3993 delicta
2642 3940 2927 4009 exstinguit
2958 3942 3189 3992 charitas
3226 3938 3409 4009 (Prov.
3462 3955 3517 3999 χ.

1928 4031 2033 4096 12).
2087 4032 2150 4085 Et
2199 4050 2211 4083 :
2271 4030 2622 4086 Remittuutur
2674 4033 2722 4086 ei
2760 4041 2973 4101 peccata
3024 4030 3212 4095 multa,
3263 4032 3517 4101 quoniam

1921 4122 2101 4176 dilexit
2138 4122 2358 4174 multum
2400 4122 2553 4192 (Luc.
2586 4138 2677 4187 vn,
2710 4122 2822 4189 47).
2871 4120 3080 4174 Infinita
3108 4123 3251 4175 enim
3292 4123 3519 4177 commi-

1922 4214 2085 4268 serim
2120 4214 2261 4277 licet,
2297 4229 2399 4267 non
2434 4222 2611 4267 tamen
2654 4213 2870 4278 munia;
2923 4222 3051 4266 sunt
3081 4212 3278 4282 quippe
3310 4223 3364 4267 et
3408 4213 3512 4266 alia

1923 4306 2109 4369 multa,
2138 4307 2188 4359 in
2218 4306 2412 4373 quibus
2448 4305 2645 4358 labitur
2673 4305 2940 4375 fragilitas
2973 4305 3231 4368 humana,
3256 4320 3284 4357 a
3309 4306 3510 4374 quibus

1925 4396 2138 4448 innoxia
2168 4404 2250 4448 est
2278 4394 2643 4449 criminositas
2665 4409 2805 4457 mea,
2836 4409 2957 4462 quas
2988 4394 3200 4448 etiamsi
3226 4396 3404 4449 omnia
3439 4396 3516 4449 l'e-

1849 4465 1897 4523 D
1923 4487 2137 4548 cissem,
2170 4485 2419 4539 charitati
2449 4485 2796 4554 exstinguere
2818 4494 2964 4538 esset
2988 4483 3266 4553 perfacile.
3302 4484 3513 4538 Habeto

1924 4578 2087 4645 igitur
2112 4592 2231 4632 eam
2263 4583 2462 4633 tantam
2497 4591 2625 4646 erga
2656 4575 2843 4639 Deum,
2878 4575 3076 4643 inquis,
3108 4584 3167 4628 ut
3196 4590 3261 4628 co
3289 4574 3404 4628 solo
3429 4590 3515 4626 rc-

1920 4666 2063 4720 lictis
2080 4666 2330 4719 omnibus
2356 4664 2519 4717 libeat
2545 4664 2678 4727 frui;
2706 4679 2832 4734 erga
2857 4666 3185 4733 proximum,
3213 4674 3270 4716 ut
3293 4661 3515 4716 util'tati

1920 4755 2037 4824 ejus
2069 4772 2163 4826 pro
2208 4771 2384 4825 posse,
2418 4766 2472 4809 et
2507 4755 2645 4808 ultra
2675 4770 2835 4824 posse
2887 4764 3041 4823 eptes
3074 4768 3416 4816 concurrere,
3451 4762 3509 4805 et

1916 4865 2141 4903 securus
2171 4849 2412 4904 nuntium
2442 4848 2731 4902 criminum
2781 4846 3082 4917 phalanges
3116 4844 3301 4898 iri-ide.
3347 4845 3451 4898 lstu
3479 4846 3514 4909 ',

1916 4942 2155 5010 inquam,
2190 4941 2331 4995 isittd
2361 4938 2488 4992 mihi
2513 4954 2634 4994 cum
2660 4938 2729 4990 sit
2758 4935 3249 5007 pernecessarium,
3279 4931 3505 4988 omnino

1916 5030 2287 5085 dilliciliimum
2318 5031 2530 5084 noveris
2557 5028 2695 5091 fore,
2730 5028 2830 5082 nisi
2866 5024 3014 5097 (558)
3045 5039 3130 5076 me
3160 5023 3512 5092 prufcssioni,

1920 5123 2089 5176 donec
2103 5122 2218 5175 dies
2233 5120 2470 5187 cst,rcsti
2481 5129 2633 5175 tuere
2647 5116 2895 5186 exemplo
2910 5112 3118 5183 fugitivi
3136 5124 3343 5168 matura
3353 5112 3522 5164 vcrim

1926 5327 1949 5354 ρ

2041 5330 2123 5354 Ιίιιί
2156 5332 2345 5354 ιιιὶΑΙᾺΙΙὶ

2181 5255 2448 5309 Construe
2480 5262 2536 5308 et
2567 5247 2785 5316 explica
2835 5265 2847 5299 :
2898 5242 3018 5298 Nisi
3039 5244 3283 5316 exemplo
3331 5238 3523 5315 (servi)

2397 5313 2677 5354 ..ηΛη-ηιιῗα
2731 5313 3100 5354 mann-minim
3150 5313 3420 5354 γιέειὶιηριορ
3447 5325 3529 5354 nia
