4032 5354
502 220 608 304 ω

1427 239 1754 300 ιιΑτιιειιιι
1796 240 2008 299 EPISC.
2051 241 2303 298 \‘ERON.
2346 243 2497 300 OPP.
2540 243 2720 301 PARS
2759 242 2798 300 Ι.

3658 244 3759 304 HO

479 374 644 414 mete:
673 356 832 430 273
856 356 998 428 quod
1028 357 1199 412 donec
1217 356 1311 410 flat
1345 356 1410 426 (si
1442 365 1618 412 tamen
1643 355 1751 410 Deo
1770 357 2064 411 miserante
2096 362 2142 418 Α
2239 357 2329 412 27.
2356 357 2460 412 Sed
2482 358 2609 428 quid
2631 359 2772 428 quod
2797 358 3160 430 [supplendum
3185 361 3386 414 videtur
3405 359 3540 434 non]
3564 361 3754 428 libens,

485 451 777 521 aliquando
802 451 940 518 fiat),
964 449 1016 503 in
1038 447 1234 503 coelum
1257 448 1580 511 conscende,
1604 447 1726 501 inde
1770 455 2062 510 revertere,

478 556 586 595 non
638 541 770 594 mihi
821 539 1024 609 poteris
1075 538 1332 600 suadere,
1387 535 1614 590 salutem
1678 535 1872 589 anima:
1935 550 2066 589 meae

477 631 694 685 aliunde
723 645 883 700 posse
914 642 1151 697 sperare.
1184 627 1423 690 Enitere,
1455 627 1650 694 inquis,
1681 626 1908 680 enitere.
1943 626 2067 679 Eni-

468 730 586 784 iar,
619 723 858 790 inquam,
909 720 954 772 si
998 717 1140 771 Deus
1187 717 1425 785 adjuvat,
1471 716 1564 770 sed
1606 731 1708 768 non
1740 724 1800 769 ut
1833 715 2066 768 malevo-

476 813 644 869 lentia
675 814 780 868 mei
806 810 1144 883 praesentiam
1175 808 1566 863 fastidientinm
1599 806 1948 879 (tranquillus
1984 815 2064 870 ut,

478 907 686 960 utinam
726 914 783 959 et
820 903 1112 964 veraciter,
1136 901 1346 972 loquar)
1378 909 1616 971 exoptat.
1651 901 1840 955 Enitar
1865 909 2063 955 tamen.

478 995 594 1049 Non
644 1009 772 1049 vero
826 993 1102 1066 gressibus
1120 992 1364 1060 corporis
1414 1007 1445 1045 a
1499 991 1610 1045 Deo
1658 991 1931 1045 receditur
1978 1001 2068 1044 aut

477 1087 898 1156 propinquatur,
950 1085 1045 1140 sed
1088 1083 1324 1148 mentis;
1367 1097 1673 1152 quanquam
1701 1091 1758 1136 et
1784 1082 2069 1138 relicturus

477 1177 618 1245 quod
637 1176 817 1239 timeo,
834 1175 1072 1245 gestibus
1097 1173 1183 1246 [[1,
1199 1171 1492 1244 gressibus]
1511 1173 1560 1226 id
1579 1173 1728 1243 prius
1745 1173 2066 1228 tentaverim

483 1268 696 1321 mentis.
736 1265 1106 1328 Satisfactum,
1139 1263 1338 1332 inquis,
1372 1263 1586 1327 fuisset,
1616 1264 1658 1317 si
1693 1279 1796 1316 non
1838 1275 2067 1317 temera-

475 1357 560 1412 rio
588 1355 676 1430 [[2,
710 1355 1016 1428 temeratio]
1042 1371 1320 1410 sacrorum
1363 1355 1538 1409 adhuc
1569 1371 1654 1409 me
1681 1356 1907 1409 multum
1949 1371 2069 1410 mo-

479 1460 651 1504 veret.
683 1447 790 1503 Sed
821 1451 872 1502 in
899 1464 968 1502 eo
1001 1447 1142 1518 quod
1167 1449 1248 1502 bis
1272 1449 1591 1518 opposuisti,
1620 1449 1670 1502 id
1701 1457 1785 1502 est
1813 1465 1826 1500 :
1855 1447 2069 1500 Iudicia

479 1542 578 1597 Dei
598 1544 816 1614 abyssus
845 1543 1010 1596 multa
1034 1541 1207 1612 (Psal.
1237 1557 1400 1605 xxxv,
1424 1542 1505 1611 7),
1538 1551 1666 1610 puto
1707 1541 1910 1610 aliquid
1939 1541 2068 1594 mihi

478 1634 783 1701 negandum
814 1632 1002 1697 latere.
1042 1631 1222 1695 Plane,
1253 1632 1492 1700 inquam,
1540 1630 1717 1698 plane,
1769 1645 1874 1684 non
1927 1630 2068 1684 enim

479 1725 701 1796 promisi
729 1725 822 1779 tibi
866 1733 1080 1786 cuncta,
1113 1738 1233 1792 quae
1274 1738 1527 1777 noveram
1559 1723 1758 1786 dicere,
1805 1722 1897 1776 sed
1937 1722 2070 1775 meis

480 1827 534 1870 te
572 1817 894 1872 criminibus
921 1831 1181 1876 onerare;
1209 1831 1328 1884 qua:
1355 1815 1398 1869 si
1441 1830 1546 1869 non
1590 1812 1879 1874 sufﬁciunt,
1903 1813 2069 1885 junge

480 1917 672 1969 tna,et
708 1923 812 1962 non
843 1907 1018 1962 inanis
1063 1907 1252 1967 abibit,
1299 1907 1430 1960 mibi
1476 1906 1661 1968 crede,
1700 1905 1910 1959 sarcina
1956 1915 2067 1959 tua.

481 1996 658 2052 Unum
687 2008 864 2050 tamen
895 1996 1092 2061 dicam,
1117 2005 1171 2050 et
1202 1997 1245 2051 si
1296 2012 1400 2050 non
1429 2009 1496 2049 eo
1521 1994 1663 2065 quod
1695 1995 1892 2063 qmeris
1924 1994 2070 2048 vales

480 2088 808 2158 exspiscari,
865 2089 986 2144 nolo
1036 2096 1212 2143 tecum
1262 2087 1494 2158 amplius
1544 2087 1791 2141 laborare
1831 2103 1845 2140 :
1887 2085 2068 2141 Nescit

479 2181 633 2234 {tanta
657 2192 832 2235 utrum
856 2181 977 2234 odio
1021 2199 1090 2235 an
1117 2197 1295 2234 amore
1338 2181 1528 2250 dignus
1563 2181 1648 2243 sit,
1689 2180 1780 2234 sed
1815 2181 1988 2234 omnia
2018 2179 2069 2232 in

480 2272 714 2338 futurum
759 2283 1033 2326 servantur
1078 2273 1276 2326 incerta
1320 2271 1520 2343 (Ecclc.
1571 2285 1650 2333 Ix,
1693 2270 1768 2340 l).
1799 2268 1996 2324 Verum
2027 2271 2070 2324 si

480 2377 587 2415 non
617 2361 686 2415 ob
713 2361 856 2416 aliud
883 2361 1044 2415 debui
1075 2359 1158 2431 (ut
1185 2361 1341 2431 longe
1375 2360 1624 2429 superius
1652 2359 1957 2414 intermissa
1986 2374 2072 2413 re-

479 2452 705 2523 petam),
751 2451 818 2505 ab
863 2450 1168 2520 huiusmodi
1197 2451 1386 2506 saltem
1418 2450 1500 2506 vel
1535 2459 1853 2520 temperare,
1882 2451 1982 2504 nisi
2016 2460 2073 2504 ut

482 2541 869 2611 temporalibus
918 2534 1092 2596 solum
1136 2551 1536 2604 remuneratus,
1577 2540 1720 2594 aliud
1763 2542 1815 2594 in
1859 2541 1950 2595 illo
1974 2556 2073 2596 sse-

483 2630 604 2686 cnlo
630 2647 732 2684 non
779 2631 1008 2686 debeant
1033 2647 1258 2702 sperare
1287 2631 1433 2702 (559)
1465 2631 1588 2696 nisi,
1618 2630 1918 2686 Recordare
1943 2633 2069 2702 quia

482 2720 718 2790 recepisti
749 2719 882 2774 bona
924 2721 980 2774 in
1012 2722 1118 2774 vita
1159 2729 1249 2774 tua
1291 2719 1441 2791 (Luc.
1485 2737 1596 2784 xvt,
1626 2721 1741 2790 25),
1769 2719 2062 2775 infaustum

483 2811 617 2866 satis
637 2812 821 2882 utique
845 2811 1228 2882 improperium
1255 2812 1460 2875 audire,
1489 2813 1616 2881 quid
1642 2813 1772 2868 mihi
1797 2813 1908 2881 ipsa
1929 2813 2068 2869 bona

483 2903 602 2958 sine
643 2903 850 2958 fruendi
883 2904 1136 2959 licentia?
1180 2904 1235 2959 Si
1288 2913 1466 2958 autem
1502 2917 1558 2957 nt
1586 2903 1732 2976 (560)
1780 2903 1887 2959 illic
1919 2914 2067 2960 tanto

484 2990 658 3060 majus
702 2992 840 3048 foret.
881 2993 1069 3048 saltem
1120 2993 1412 3063 refrigerii,
1463 3004 1665 3060 quanto
1705 2994 1884 3047 minus
1943 2994 2067 3047 mali

2168 447 2267 511 ais,
2299 449 2392 502 sed
2420 449 2610 502 timore
2631 458 2870 513 coactus,
2902 450 3168 517 pessimus
3198 452 3272 504 uti
3303 451 3514 505 scilicet
3546 466 3753 514 servus,

2166 536 2269 591 boc
2317 537 2468 608 agis?
2514 537 2679 608 274
2726 537 2802 591 Ne
2844 539 2993 591 dicas
3035 540 3308 608 pessimus,
3346 555 3507 611 rogo;
3565 540 3758 596 sufﬁcit

2166 628 2385 690 malum,
2421 629 2660 697 inquam,
2705 629 2925 684 dixisse.
2961 629 3235 686 Pessimns
3279 632 3422 685 enim
3464 632 3554 686 ille
3589 636 3756 705 niagis

2165 728 2269 780 est,
2301 719 2390 786 qui
2441 733 2540 771 nec
2577 733 2761 772 amore
2801 719 3012 781 ductus,
3049 735 3148 774 nec
3181 721 3370 774 timore
3407 733 3632 778 coactus
3678 739 3758 776 re-

2168 811 2416 864 vertitur.
2447 810 2595 865 Multi
2634 811 2777 865 enim
2808 812 2897 865 diu
2941 811 3168 866 rebelles
3206 823 3602 868 tormentorum
3649 814 3755 868 foro

2169 899 2370 954 midine
2399 900 2622 965 reversi,
2648 910 2702 954 et
2726 900 2973 955 dominos
2998 911 3182 971 postea
3215 902 3528 974 plenissime
3555 904 3759 958 dilexe-

2169 999 2316 1055 runt,
2359 999 2408 1045 et
2439 1006 2469 1044 a
2500 991 2734 1046 dominis
2771 1007 2940 1060 usque
2983 993 3050 1046 ad
3093 993 3395 1048 libertatem
3423 995 3591 1048 etiam
3629 1003 3752 1048 sunt

2168 1082 2424 1136 adamati.
2452 1082 2646 1151 Noster
2681 1093 2862 1138 autem
2907 1083 3168 1140 Dominus
3196 1086 3322 1155 quid
3351 1086 3416 1139 ad
3443 1101 3502 1141 se
3531 1086 3754 1141 venien-

2170 1171 2314 1225 tibus
2356 1172 2424 1226 de
2450 1187 2509 1226 se
2536 1173 2757 1236 dixerit,
2785 1175 2968 1242 accipe
3008 1175 3193 1244 paucis
3218 1189 3233 1226 :
3268 1174 3392 1228 Non
3432 1192 3517 1228 vos
3546 1191 3630 1228 me
3656 1177 3757 1230 ele-

2167 1259 2336 1328 gistis,
2365 1262 2454 1313 sed
2477 1278 2567 1330 ego
2593 1279 2681 1315 vos
2712 1261 2892 1332 (Joan.
2924 1278 3011 1326 xv,
3048 1263 3154 1325 16).
3187 1263 3259 1317 De
3286 1263 3389 1317 illis
3422 1279 3550 1319 vero
3578 1283 3591 1317 :
3623 1264 3762 1330 Quia

2168 1368 2256 1404 vos
2291 1367 2372 1404 me
2392 1353 2609 1404 amastis
2639 1352 2819 1422 (Joan.
2851 1354 3094 1422 νεικεῖ),
3127 1355 3268 1424 quod
3295 1355 3478 1424 utique
3509 1371 3607 1425 per
3623 1371 3757 1424 prm-

2170 1442 2474 1494 ventionem
2523 1441 2667 1494 illius
2730 1453 3044 1497 meruerunt
3092 1447 3312 1499 amoris.
3369 1443 3522 1500 Unde
3576 1456 3758 1498 autem

2169 1531 2359 1585 saltem
2390 1545 2514 1584 enm
2545 1547 2667 1585 esse
2696 1534 2831 1586 reris
2861 1533 3012 1606 (563)
3041 1535 3284 1590 timorem
3314 1551 3485 1605 usque
3517 1531 3584 1588 ad
3616 1535 3762 1589 desi-

2173 1622 2380 1676 derium
2435 1622 2760 1676 reversionis
2809 1625 3088 1691 gehennm,
3142 1625 3243 1679 nisi
3287 1626 3352 1680 de
3395 1625 3765 1696 praeveniente

2101 1707 2144 1764 Β
2175 1714 2392 1783 pietatis
2425 1713 2540 1781 ejus
2574 1730 2818 1780 munere,
2851 1731 2971 1768 cum
3015 1717 3179 1770 etiam
3229 1717 3341 1786 ipse
3385 1718 3628 1771 minatur
3652 1718 3764 1787 pri-

2174 1819 2318 1857 mum
2351 1811 2409 1856 ut
2435 1804 2644 1866 timeas,
2681 1804 2910 1875 inspirat
2941 1807 3251 1872 consilium,
3288 1808 3428 1876 quod
3459 1810 3662 1861 timens
3691 1806 3767 1859 fa-

2171 1893 2302 1957 cias,
2327 1893 2464 1948 dona
2488 1895 2752 1964 promittit
2778 1897 2821 1949 si
2849 1896 3072 1950 redeas?
3100 1897 3267 1960 Unde,
3293 1898 3397 1961 ais,
3420 1899 3622 1952 suades
3650 1900 3764 1957 tibi.

2174 1995 2426 2038 manente
2457 1994 2601 2037 tanta
2625 1984 2890 2040 scelerum
2913 1988 3258 2052 enormitate,
3285 2004 3382 2058 pro
3405 1989 3766 2044 conversione

2173 2075 2346 2129 solum
2380 2076 2446 2130 ad
2479 2078 2794 2133 monacbale
2825 2080 3177 2150 propositum,
3206 2083 3517 2138 evasionem
3571 2093 3625 2138 te
3654 2099 3765 2136 me-

2174 2165 2280 2218 reri
2309 2180 2467 2234 posse
2490 2166 2831 2221 internalium
2861 2171 3287 2224 tormentorum?
3319 2171 3454 2239 Quia
3477 2176 3764 2243 promittit.

2174 2254 2415 2324 inquam,
2454 2257 2667 2309 mentiri
2701 2259 2969 2322 nesciens,
3009 2260 3184 2314 taliter
3229 2275 3326 2329 per
3371 2261 3765 2333 Evangelium:

2177 2343 2360 2400 Omnis
2380 2347 2469 2416 qui
2501 2347 2765 2417 reliquerit
2810 2349 2984 2401 omnia
3010 2361 3220 2419 propter
3248 2367 3430 2404 nomen
3462 2369 3662 2417 meum,
3697 2355 3769 2407 ei-

2175 2447 2283 2491 tum
2313 2448 2559 2492 uernam
2582 2439 2864 2508 possidebit
2895 2439 3110 2507 (Matth.
3139 2457 3254 2505 xu,
3281 2442 3396 2512 29).
3427 2441 3530 2503 Tu,
3567 2443 3764 2512 inquis,

2177 2544 2283 2583 non
2316 2538 2537 2599 propter
2560 2545 2754 2584 nomen
2779 2531 2896 2601 ejus
2918 2531 3050 2586 dicis
3068 2543 3119 2586 te
3137 2532 3398 2602 quidlibet
3434 2534 3766 2605 relinquere,

2179 2622 2274 2676 sed
2303 2633 2524 2691 propter
2551 2623 2842 2677 infernum.
2875 2624 2940 2678 Et
2967 2625 3120 2696 cujus
3166 2627 3473 2696 potestatis,
3521 2629 3765 2697 inquam,

2174 2713 2241 2766 ad
2273 2729 2358 2768 me
2386 2714 2713 2783 puniendum
2741 2724 2829 2770 est
2858 2715 3102 2772 infernus
3126 2719 3243 2773 sine
3269 2721 3506 2790 potentia
3531 2721 3766 2775 nominis

2173 2805 2324 2874 ejus?
2351 2803 2462 2859 Nisi
2495 2805 2637 2860 enim
2672 2807 2810 2860 Deus
2855 2822 2939 2862 me
2983 2807 3110 2862 illuc
3151 2809 3472 2878 pracipitat,
3521 2810 3769 2864 infernus

2175 2911 2280 2949 non
2310 2897 2549 2964 suscipit.
2582 2895 2697 2966 Ipse
2725 2911 2854 2968 ergo
2875 2898 3050 2967 potius
3083 2897 3453 2954 formidandus
3483 2909 3570 2955 est
3595 2916 3758 2969 quam

2177 2984 2436 3048 infernus,
2464 2987 2588 3055 quia
2612 2997 2787 3056 potest
2827 2987 2974 3041 solus
3011 2988 3143 3042 dare
3183 2986 3490 3053 infernum;
3524 2989 3637 3045 imo
3672 3003 3768 3060 po-

485 3077 674 3134 fuisset
719 3081 806 3134 liic
847 3091 1233 3151 perpetratum,
1282 3082 1711 3137 infelicissimum
1739 3083 1923 3138 ethoc
1949 3083 2071 3138 levi-
2101 3069 2144 3128 (ἶ
2181 3078 2288 3132 litis
2329 3078 2628 3147 diligendus
2658 3081 2748 3148 qui
2775 3081 3067 3136 minitando
3097 3079 3274 3136 differt
3299 3083 3429 3137 dare
3469 3081 3764 3144 ἰηΐειηιιιη.

485 3172 717 3242 gationis
760 3172 1213 3238 emolumentum;
1249 3174 1437 3229 melius
1466 3175 1610 3229 enim
1651 3176 1754 3231 hoc
1786 3175 1859 3230 ita
1890 3191 1947 3230 se
1977 3177 2072 3230 ha-

484 3263 646 3318 bente
687 3263 796 3318 illic
834 3262 943 3332 jam
977 3265 1102 3318 olim
1133 3265 1214 3335 (ut
1247 3265 1653 3335 desperatorum
1697 3266 1889 3336 loquar
1918 3267 2070 3337 voce)

486 3353 661 3408 fuerat
689 3370 831 3418 esse,
871 3371 1031 3425 quam
1067 3357 1317 3410 tormenti
1352 3372 1545 3411 causas
1591 3357 1676 3412 bic
1704 3358 1947 3427 quotidie
1985 3373 2074 3412 cu-

489 3444 717 3497 mulare.
762 3443 817 3498 Si
847 3453 1025 3498 autem
1072 3445 1157 3500 bis
1182 3455 1275 3498 aut
1306 3461 1578 3513 nunquam
1607 3446 1930 3511 commissis,
1982 3456 2075 3500 aut

485 3535 798 3602 poenitentia
845 3537 1100 3600 dimissis,
1149 3537 1296 3606 (561)
1345 3538 1436 3592 illo
1484 3538 1600 3592 solo
1671 3549 1930 3603 restante,
1997 3540 2075 3593 in-

487 3625 622 3678 ferni
665 3641 854 3696 poenas
901 3628 952 3680 in
981 3639 1229 3699 promptu
1274 3639 1393 3683 erat
1432 3639 1772 3700 exspectare,
1819 3631 1910 3686 illo
1945 3647 2073 3686 vero

486 3715 603 3768 solo
637 3725 729 3770 aut
755 3733 1024 3786 nunquam
1053 3717 1217 3782 facto,
1249 3727 1343 3772 ant
1368 3735 1463 3788 per
1496 3721 1857 3776 reversionem
1892 3721 2072 3776 deleto

486 3807 728 3860 omnium
774 3809 964 3862 borum
1007 3819 1100 3864 aut
1144 3812 1480 3865 immanitate
1527 3821 1620 3865 aut
1656 3811 2070 3882 multiplicitate,

485 3895 734 3964 supplicii
780 3898 1041 3964 quidlibet
1084 3899 1135 3951 in
1179 3899 1268 3953 illo
1307 3900 1502 3954 sarculo
1532 3916 1637 3954 non
1677 3901 1967 3956 debeamus
2009 3903 2076 3956 ti-

490 4000 671 4051 mere;
714 3988 852 4040 ratio
873 3989 1063 4041 suadet
1093 3989 1378 4055 (562)‘boc
1423 3990 1644 4043 minime
1670 3990 2070 4057 dimittemlum,

489 4073 583 4128 sed
634 4073 888 4128 facultate
938 4091 1194 4130 concessa
1246 4076 1449 4146 absque
1485 4078 1740 4132 dilatione
1783 4078 1887 4132 nlla
1939 4081 2070 4133 lien-

491 4165 639 4217 dum.
686 4164 790 4218 Sed
821 4166 972 4235 quid,
1018 4166 1060 4218 si
1094 4167 1235 4221 desit
1263 4167 1533 4222 facultatis
1573 4167 1846 4222 efficacia?
1873 4169 2071 4238 inquis.

489 4257 770 4326 Speranda
805 4267 889 4312 est
917 4259 1009 4312 Dei
1041 4258 1430 4323 misericordia,
1474 4269 1530 4314 et
1563 4275 1628 4313 ne
1653 4260 1817 4325 desit,
1854 4261 2076 4328 quibus-

490 4346 620 4400 libet
665 4347 926 4402 bonarnm
989 4349 1348 4404 intentionum
1403 4350 1556 4419 quasi
1609 4349 1965 4420 legationibus
2019 4359 2074 4404 et

2179 3180 2236 3223 ut
2269 3169 2601 3233 timentibus,
2627 3170 2964 3235 carentibus,
2997 3181 3051 3226 et
3087 3173 3154 3226 ad
3183 3185 3241 3226 se
3266 3172 3618 3226 redeuntibus
3639 3187 3770 3226 con—

2180 3259 2316 3314 ferat
2369 3277 2591 3332 regnum
2642 3261 2922 3316 cmloi-um.
2973 3261 3077 3316 Sed
3136 3262 3509 3317 animadverte
3569 3278 3766 3318 nomen

2177 3347 2293 3414 ejus
2315 3363 2552 3418 quoque,
2580 3349 2738 3404 Jesus
2775 3359 2997 3404 vocatur
3035 3352 3202 3405 nostri
3229 3366 3415 3414 causa,
3450 3350 3503 3404 id
3543 3360 3628 3406 est
3653 3350 3770 3405 Sal-

2180 3447 2356 3502 vator,
2385 3453 2441 3492 et
2463 3441 2551 3507 qui
2576 3454 2674 3508 pro
2705 3454 2772 3494 eo
2802 3441 3134 3494 convertitur
3165 3457 3231 3495 ne
3253 3440 3304 3494 in
3335 3439 3610 3495 infernum
3645 3440 3768 3496 init»-

2181 3537 2340 3590 tatur,
2371 3544 2550 3584 nonne
2593 3530 2865 3584 desiderat
2897 3539 2955 3584 ut
2996 3530 3268 3585 salvetur?
3290 3531 3328 3584 Α
3360 3546 3468 3600 quo
3507 3545 3639 3586 vero
3665 3531 3764 3586 nisi

2179 3636 2207 3672 a
2233 3619 2513 3676 Salvatore
2539 3623 2813 3677 salvatur?
2840 3622 3065 3692 Propter
3088 3637 3282 3677 nomen
3314 3638 3444 3693 ergo
3469 3621 3598 3678 Jesu
3640 3638 3768 3678 con-

2177 3712 2433 3776 vertitur,
2463 3712 2554 3781 qni
2586 3721 2643 3766 ut
2673 3712 2909 3768 salvetur
2951 3714 3319 3779 convertitur;
3367 3715 3614 3767 salvatur
3639 3729 3767 3767 vero

2179 3804 2268 3871 qui
2316 3803 2384 3856 de
2424 3804 2637 3858 inferno
2671 3805 2908 3859 eruitur:
2959 3815 3180 3876 propter
3222 3821 3418 3861 nomen
3467 3821 3598 3877 ergo
3640 3804 3766 3860 Jesn

2179 3897 2540 3951 convertitur.

2247 3985 2337 4042 28.
2361 3985 2498 4052 Quid
2519 3987 2683 4055 ergo?
2705 3987 2832 4056 quid
2860 4003 3063 4052 moras,
3089 3988 3291 4058 inquis,
3310 3988 3578 4043 inneetis?
3598 4003 3766 4058 quare

2182 4094 2284 4132 non
2310 4078 2598 4147 appropias
2646 4078 2714 4135 ad
2759 4078 3043 4133 Dominum
3090 4079 3300 4134 redire?
3343 4076 3538 4134 Videre
3583 4081 3766 4135 videor

2181 4167 2380 4232 facere,
2431 4167 2671 4235 inquam.
2715 4168 2906 4222 Annon
2946 4177 3032 4222 est
3077 4169 3188 4223 ita?
3214 4169 3319 4223 Sed
3345 4168 3474 4238 quid
3503 4184 3657 4239 rogo,
3687 4167 3766 4222 in-

2177 4259 2320 4328 quis,
2351 4259 2473 4313 est?
2505 4258 2658 4325 Quod
2691 4259 2783 4312 tibi
2812 4258 3136 4328 jampridem
3182 4261 3250 4313 de
3289 4275 3470 4325 servo,
3521 4259 3761 4329 inquam,

2180 4348 2334 4403 retuli
2385 4348 2626 4417 fugitivo.
2667 4346 2861 4402 Preces
2899 4357 3042 4413 sunt,
3092 4349 3358 4419 siquidem
3389 4350 3588 4411 enitor,
3620 4363 3762 4419 quaa-

490 4447 710 4505 precum
747 4439 1125 4493 continuarnm
1154 4439 1569 4505 interventibus,
1615 4449 1676 4494 ut
1703 4437 1890 4494 eﬂ‘eelu
1933 4439 2075 4494 desi-
2107 4436 2151 4494 υ
2180 4440 2301 4494 dam
2333 4439 2512 4510 quasi,
2559 4439 2610 4492 id
2651 4450 2735 4493 est
2777 4439 3103 4494 reversionis
3143 4439 3362 4509 legatio,
3415 4439 3518 4494 nisi
3563 4456 3618 4493 in
3665 4440 3762 4493 hoc

490 4528 678 4582 iterato
732 4529 916 4597 utique
965 4529 1127 4598 potiri
1180 4531 1416 4585 inhians.
1494 4568 1512 4584 .
1591 4571 1604 4584 .
1684 4570 1696 4582 .
1773 4569 1787 4585 .
1869 4569 1883 4584 .
1959 4569 1972 4583 .
2055 4571 2068 4585 .

493 4618 694 4684 valeat,
728 4620 1080 4688 imploranda.

492 4729 726 4806 En‘itere,
778 4734 968 4804 inquis,
1012 4735 1225 4789 enitere.
1277 4733 1484 4802 Enitar,
1528 4753 1762 4806 mquam,
1818 4736 1872 4806 si
1934 4735 2073 4791 Deus

490 4801 729 4874 adjuvat,
776 4801 862 4856 sed
897 4821 999 4858 non
1040 4815 1094 4857 ut
1141 4815 1349 4874 exoptat
1397 4801 1752 4859 malivolentia
1796 4805 2077 4874 fastidien-

490 4872 623 4924 tinm
639 4875 971 4939 prteseutiam
994 4876 1116 4937 mei,
1141 4878 1216 4945 (ut
1238 4872 1556 4944 tranquillus
1572 4875 1778 4945 loquar,
1797 4872 1847 4928 et
1871 4877 2071 4945 utinam

491 4945 743 4994 veraciter
811 4944 1194 5020 tranquillus)_!
1293 4943 1483 5022 Enitar
1555 4943 1938 5024 “tinctu-etc.
1993 4943 2071 5024 .ln

2177 4550 2412 4606 quoque,
2453 4545 2511 4588 ut
2545 4535 2598 4589 in
2631 4534 2830 4599 multis,
2875 4535 3121 4589 seducor.
3175 4535 3378 4603 Tepido
3429 4533 3631 4603 quippe
3680 4545 3762 4586 me

2179 4626 2281 4680 boc
2308 4624 2592 4678 considero
2621 4621 2821 4686 facere,
2850 4632 2903 4676 et
2945 4639 3041 4692 per
3065 4624 3165 4677 boc
3197 4638 3370 4686 neque
3407 4623 3607 4687 facere,
3638 4635 3759 4676 nam

2176 4736 2318 4803 quod
2366 4735 2582 4802 quidem
2628 4733 2831 4786 crimen
2875 4748 2966 4801 per
3010 4732 3344 4785 reversionem
3403 4731 3458 4784 in
3490 4739 3757 4785 monaste-

2180 4803 2565 4879 rinnrdeletunt
2589 4819 2722 4879 more
2742 4804 2923 4856 tradit.
3037 4873 3048 4879 _
3127 4873 3137 4879 _
3493 4870 3502 4879 .
3711 4868 3722 4879 ⁸

2248 4873 2393 4945 (562)
2430 4871 2564 4945 Hoc,
2609 4873 2814 4945 scilicet
2853 4873 3086 4945 reversio
3127 4870 3622 4945 inmonastcrinm,
3646 4870 3755 4945 nti-

2177 4939 2312 4998 ninte
2349 4939 2756 5026 dimittendum‘,
2797 4957 2902 5022 _seu
2947 4943 3331 5026 (iungendum;
3382 4941 3472 4993 sed
3513 4939 3754 5026 [u‘cut'tate
