4032 5354
235 209 334 270 ω

1116 211 1538 270 ῐΧΟιὶΙὶΡΤυΜ
1589 211 1683 268 EX
1721 209 2020 268 DIALOCO
2057 204 2620 273 CONFESSIONAU.

3421 224 3529 284 te:
3599 187 3616 200 ”

233 345 337 385 non
360 336 450 383 est
474 327 592 398 ipsa
617 326 886 394 reversio;
907 327 1025 383 etsi
1046 344 1370 398 praesumere
1395 327 1832 392 audeam,mente
1861 336 1911 396 Α
1937 345 1966 383 a
1995 328 2226 386 lectione
2274 329 2341 384 ad
2390 329 2650 384 desidiam
2701 338 2753 384 et
2794 340 3085 401 torporem,
3118 350 3144 386 a
3183 335 3398 392 tristitia
3430 353 3523 396 sa-
3557 374 3561 380 -

226 418 336 488 jam
383 419 590 487 incipio
635 419 835 483 redire,
863 418 959 472 sed
996 418 1257 488 impedior
1301 419 1475 473 valde.
1501 419 1545 473 Α
1585 420 1726 488 quo?
1754 420 1835 474 in-

233 509 371 578 ~ptis.
408 507 455 561 A
487 509 718 578 meipso,
749 507 996 578 inquam;
1029 509 1152 563 nolo
1179 510 1320 563 enim
1350 509 1513 580 275
1555 510 1718 565 alium
1745 526 1835 565 ac-

231 613 443 661 cusare,
473 613 546 652 ne
578 597 748 652 Evam
774 598 955 653 videar
986 599 1183 653 imitari
1209 617 1223 663 ;
1255 600 1497 654 detinent
1524 616 1610 655 me
1633 601 1832 671 laquei,

231 689 422 757 quibus
450 705 544 742 me
571 689 688 758 ipse
714 689 896 760 ligavi,
919 699 975 745 et
1004 690 1224 744 maculae
1252 691 1384 745 retis
1409 691 1531 762 (Job
1555 710 1712 758 svnt,
1740 695 1829 768 8);

231 793 281 828 .n
307 791 410 846 qua
442 778 643 845 pedem
689 779 885 834 immisi
926 780 1278 849 improvidus.
1319 781 1604 852 Tyrannus
1641 784 1829 849 etiam,

232 866 378 933 cujus
407 868 809 938 municipatum
838 869 1039 924 domini
1088 870 1193 925 mei
1240 871 1462 926 servitio
1499 873 1734 941 prtetuli,
1765 889 1831 930 eo

231 965 307 1010 est
330 957 398 1010 ad
428 957 837 1027 impediendum
866 958 994 1012 mihi
1038 958 1308 1026 infestior,
1340 975 1448 1030 quo
1492 963 1832 1034 praecipitan-

235 1048 330 1102 tius
357 1063 480 1102 sese
513 1049 654 1104 velle
684 1050 988 1120 relinquere
1014 1067 1098 1106 me
1121 1053 1302 1118 audit;
1332 1053 1505 1122 ipsum
1533 1071 1638 1110 non
1669 1058 1828 1112 modo

229 1139 402 1205 interi,
432 1141 530 1196 sed
560 1153 621 1196 et
651 1143 958 1197 describere
987 1144 1150 1198 videt.
1196 1144 1268 1198 At
1296 1160 1490 1200 vereor
1531 1162 1598 1201 ne
1637 1147 1689 1200 in
1723 1163 1829 1204 uno

229 1231 445 1286 multum
479 1233 551 1287 de
581 1248 672 1287 me
707 1233 805 1288 sibi
831 1235 1131 1304 promittat.
1165 1235 1220 1289 In
1247 1237 1394 1305 quo?
1440 1237 1636 1306 inquis.
1671 1239 1826 1306 Quod

232 1323 374 1394 (564)
406 1339 516 1378 non
549 1326 722 1380 semel
765 1335 816 1380 tu
845 1327 959 1396 ipse
983 1328 1188 1382 dixisti.
1236 1329 1433 1398 Ipsum,
1463 1331 1698 1401 inquam,
1731 1347 1824 1387 ve-

233 1429 344 1469 reor
370 1414 571 1483 ipsum,
610 1416 817 1470 nullum
864 1418 1000 1472 adeo
1047 1418 1190 1472 scias
1235 1434 1397 1487 quant
1450 1420 1659 1490 ipsum;
1695 1421 1824 1476 illud

234 1507 363 1560 enim
410 1523 578 1562 unum
636 1508 679 1562 si
739 1518 942 1573 manet,
990 1512 1229 1564 reversio
1276 1511 1513 1580 perfecta
1560 1524 1614 1567 et
1659 1515 1823 1568 timeo

231 1596 342 1665 quia
373 1595 517 1650 nulla
546 1597 678 1652 erit.
715 1597 779 1651 Et
826 1600 1048 1653 territus
1094 1599 1281 1654 eodem
1334 1600 1582 1672 [subaudi
1631 1617 1822 1657 vereor

1937 419 2076 473 lnbri
2102 420 2167 474 ad
2195 419 2434 474 ltetitiam
2463 418 2674 472 inanem
2698 427 2752 472 et
2778 422 2993 474 noxiam
3021 425 3222 476 sa-cnli.
3273 424 3520 496 Nnnquii

1937 527 2087 575 vero,
2116 511 2216 574 ais,
2247 511 2314 564 ab
2344 511 2428 564 his
2464 527 2568 564 non
2603 527 2699 580 pro
2729 512 2923 581 gaudio
2956 524 3117 568 tanta:
3165 515 3525 572 solemnitatis

1935 610 2018 656 est
2041 601 2124 656 vel
2158 601 2600 669 temperandum?
2643 601 2883 670 nunquid
2922 619 3026 656 non
3060 605 3436 660 exsultandum
3468 617 3524 663 ct

1934 692 2221 748 laetandum
2243 693 2266 745 ?
2288 689 2740 761 Temperandum,
2766 692 3006 763 inquam,
3030 695 3195 767 276
3219 706 3521 767 temperan-

1934 784 2084 848 dum,
2117 799 2222 838 non
2253 783 2471 851 penitus
2503 797 2633 837 vero
2659 784 3014 850 cessandum;
3053 788 3429 842 exsultantium
3464 797 3521 845 et

1931 872 2258 938 laetandum;
2289 873 2383 928 sed
2412 873 2558 929 vitiis
2596 874 2819 930 minime
2859 875 3177 941 cedendum,
3229 879 3520 934 instant'us

1932 966 2023 1020 sed
2054 965 2278 1019 Domino
2300 963 2622 1017 vacandum.
2654 961 2885 1017 chtetur
2903 965 3072 1030 enim,
3104 967 3180 1019 ait
3207 965 3515 1030 Psalmista,

1928 1072 2021 1110 cor
2048 1071 2241 1120 neeum,
2288 1069 2394 1110 non
2427 1062 2486 1108 ut
2507 1068 2756 1108 securum
2781 1053 2852 1108 sit
2885 1062 3093 1108 tantum
3133 1064 3187 1109 et
3225 1055 3394 1121 ludat,
3422 1059 3516 1111 sed

1929 1155 1987 1200 ut
2026 1146 2202 1199 timeat
2250 1159 2436 1198 nomen
2474 1154 2621 1197 tuum
2659 1140 2833 1216 (Peal.
2867 1159 3067 1209 Lxxxv,
3116 1145 3239 1215 ll);
3287 1155 3342 1200 et
3385 1145 3516 1202 alibi

1930 1238 2070 1293 idem
2098 1255 2111 1291 :
2143 1235 2341 1292 Servite
2363 1235 2586 1290 Domino
2612 1237 2665 1290 in
2697 1237 2900 1299 timore,
2925 1247 2973 1292 et
2991 1237 3260 1293 vea'sultate
3289 1255 3393 1294 non
3424 1256 3518 1296 voc

1928 1333 2033 1395 bis,
2065 1334 2159 1388 sed
2206 1334 2254 1386 ei
2297 1349 2414 1386 cum
2443 1342 2662 1386 tremore
2689 1331 2860 1403 (Paul.
2900 1348 2960 1398 ιι,
2996 1332 3108 1401 ll),
3137 1347 3242 1386 non
3271 1348 3391 1387 cum
3422 1348 3514 1387 sc-

1927 1425 2180 1488 curitate,
2207 1439 2327 1493 qua:
2357 1423 2542 1492 utique
2574 1422 2781 1492 lapsum
2814 1433 3080 1492 pneparat
3109 1423 3320 1476 animae.
3361 1421 3513 1488 Quod

1926 1513 1972 1568 si
2018 1529 2122 1566 non
2175 1512 2448 1582 intelligis,
2478 1511 2653 1566 dicam
2702 1511 3014 1566 succincte:
3052 1511 3106 1565 in
3139 1511 3513 1565 manducando

1925 1602 2090 1665 enim,
2121 1601 2301 1655 carnis
2348 1601 2527 1669 potius
2569 1615 2755 1654 curam
2790 1600 2841 1652 in
2873 1599 3306 1670 concupiscentia
3345 1615 3508 1669 quam

237 1687 438 1758 ipsum],
470 1703 583 1758 quo
609 1704 696 1741 me
723 1704 892 1758 usque
919 1705 1060 1744 nunc
1098 1690 1272 1746 adhuc
1303 1692 1588 1747 considero
1615 1693 1666 1747 in
1699 1709 1820 1748 car-
1853 1687 1897 1746 B
1924 1693 1977 1747 in
2019 1692 2339 1747 necessitate
2385 1689 2614 1754 faciens,
2656 1701 2710 1744 et
2743 1690 2987 1744 illicitum
3018 1690 3277 1760 tetigisse,
3306 1699 3359 1744 ct
3397 1689 3514 1744 lau-

235 1790 362 1842 cere,
404 1777 640 1846 indeque
685 1777 752 1831 de
797 1779 1076 1847 profundis
1126 1795 1263 1850 Opus
1296 1781 1473 1836 fuerat
1529 1797 1634 1837 non
1672 1783 1816 1838 osci-

235 1866 381 1920 tando
412 1867 676 1921 clamare.
712 1866 879 1938 Opus,
917 1869 1116 1938 inquis,
1161 1888 1319 1941 opus,
1357 1873 1403 1927 si
1453 1882 1631 1927 tamen
1683 1890 1820 1944 opus

237 1969 321 2023 pro
341 1957 655 2011 necessario
678 1958 856 2026 ponis.
900 1957 1065 2013 Usum
1105 1963 1273 2024 enim,
1300 1961 1352 2014 id
1395 1971 1501 2024 est,
1531 1962 1677 2034 (565)
1708 1964 1814 2018 uti-

237 2046 422 2103 litatem
444 2050 624 2120 magis
653 2049 1038 2120 frequentavit.
1065 2066 1211 2117 reor,
1243 2053 1556 2123 antiquitas.
1587 2052 1818 2110 Necesse

237 2157 352 2198 vero
376 2158 492 2199 esse
534 2145 828 2200 consentio
868 2145 934 2198 de
959 2145 1243 2214 profundo,
1277 2147 1329 2200 in
1371 2162 1480 2216 quo
1513 2156 1562 2201 te
1595 2147 1813 2216 conspi-

237 2232 525 2301 ciojacerc,
565 2235 746 2298 lacus,
799 2251 906 2291 non
957 2236 1259 2301 oscitando,
1294 2245 1354 2290 ut
1405 2245 1460 2291 et
1505 2245 1561 2290 tu
1601 2250 1812 2302 censes,

241 2325 473 2380 clamare.
505 2325 619 2380 Sed
657 2326 815 2381 video
847 2335 899 2380 te
926 2325 1182 2381 continue
1205 2326 1450 2392 oscitari,
1482 2325 1651 2396 ipsam
1680 2340 1815 2395 quo-

239 2432 333 2486 que
357 2418 495 2473 nisus
517 2418 851 2489 legationem
879 2419 953 2473 tui
979 2419 1308 2488 pedetentim
1345 2419 1724 2483 intermittere,
1758 2427 1817 2474 et

243 2508 388 2563 timeo
421 2525 484 2563 ne
521 2511 807 2581 contingat
840 2517 892 2563 te
923 2508 1100 2564 taliter
1147 2509 1198 2563 in
1248 2507 1538 2579 Egyptum
1589 2509 1807 2572 redire;

240 2602 418 2667 redire,
445 2603 694 2672 inquam,
721 2601 930 2666 redire;
964 2603 1169 2656 utinam
1197 2601 1380 2655 datum
1407 2599 1595 2654 fuisset
1619 2599 1811 2655 saltem

238 2693 424 2748 exisse!
439 2693 566 2749 Num
602 2695 750 2749 enim
767 2711 872 2750 non
895 2709 1056 2764 super
1079 2693 1213 2748 ollas
1235 2693 1478 2748 carnium
1496 2708 1581 2748 me
1600 2694 1810 2758 sedere,

239 2799 350 2838 num
368 2783 586 2840 lateribu
601 2801 628 2840 s
647 2795 704 2840 et
725 2785 838 2840 luto
862 2801 966 2840 non
996 2784 1269 2846 insistere,
1288 2799 1415 2838 num
1438 2784 1538 2838 sub
1561 2783 1706 2838 fasce
1733 2783 1812 2838 la-

240 2874 405 2931 borum
427 2893 508 2933 me
534 2892 646 2932 non
672 2877 984 2931 consideras
1015 2876 1296 2932 oscitando
1326 2875 1491 2930 etiam
1525 2875 1811 2945 aliquoties

251 2983 459 3039 gemere,
473 2971 775 3040 suspirare,
803 2969 931 3022 loris
954 2968 1182 3039 propria:
1206 2967 1514 3038 illigationis
1540 2967 1811 3023 constrin-

243 3030 306 3128 gi,
332 3030 582 3132 repagulis
612 3030 816 3116 inolita:
861 3030 1265 3115 con-suetudinis
1283 3030 1546 3124 vretineri,
1588 3059 1812 3114 maculis
1839 3030 1884 3092 ε

245 3151 619 3207 connexissima:
670 3150 993 3219 retisligari,
1025 3160 1082 3204 et
1111 3149 1177 3204 ab
1203 3164 1307 3204 una
1340 3149 1392 3204 in
1416 3149 1578 3204 aliam
1605 3150 1813 3204 exerci-

247 3239 296 3294 tii
317 3242 488 3311 pedem
517 3242 819 3297 miserabili
849 3242 1006 3296 modo
1033 3241 1277 3297 mutare?
1301 3241 1511 3298 Vadere
1543 3257 1706 3312 super
1726 3255 1814 3297 me

245 3330 498 3389 horribiles
539 3351 652 3390 non
701 3334 1016 3390 consideras
1065 3342 1121 3389 et
1174 3335 1378 3400 venire,
1420 3335 1590 3405 signis
1623 3351 1809 3390 erum-

245 3422 464 3489 pentibus
504 3424 820 3488 incurvare,
867 3433 926 3478 ut.
959 3433 1320 3489 transeamus,
1351 3424 1589 3478 animam
1635 3440 1811 3480 meam

245 3512 412 3580 sapius
455 3515 667 3579 audire,
721 3515 908 3569 videre
953 3530 1041 3568 me
1090 3515 1305 3579 hostes,
1355 3514 1458 3568 hoc
1503 3522 1589 3569 est
1632 3528 1814 3569 mores

246 3615 374 3656 meos
396 3605 698 3670 attendere,
723 3613 779 3660 et
805 3604 1042 3660 Sabbata
1073 3621 1193 3660 mea
1220 3604 1508 3661 deridere?

301 3693 378 3750 29.
405 3695 506 3751 Sed
551 3707 607 3752 tu
661 3696 803 3753 forte
857 3697 911 3752 in
959 3699 1130 3752 arduo
1175 3699 1524 3762 constitutus,
1556 3712 1677 3752 cum
1730 3704 1812 3751 te-

243 3797 346 3838 cum
388 3801 469 3841 me
513 3787 724 3843 Pascha
758 3797 1005 3843 nostrum
1033 3797 1256 3844 cantare
1279 3788 1496 3853 audisti,
1524 3788 1811 3844 transitum

244 3888 317 3930 ne
341 3877 520 3935 fecisse
540 3880 779 3950 aliquem
804 3881 872 3935 ab
895 3881 1019 3936 imis
1039 3881 1108 3935 ad
1129 3881 1398 3936 deteriora
1421 3881 1641 3952 putasti.
1662 3879 1808 3946 Feci,

245 3965 410 4035 fateor,
456 3971 579 4037 feci,
644 3989 752 4028 non
789 3989 926 4043 nego
970 3973 1278 4039 transitum,
1309 3974 1446 4044 proh
1493 3973 1673 4028 nefas!
1716 3972 1811 4027 ab-

247 4058 452 4129 usivum,
478 4074 532 4119 et
563 4078 732 4134 quem
783 4064 1008 4120 minime
1055 4064 1323 4134 oportuit;
1354 4064 1577 4119 transivi
1608 4063 1752 4120 enim
1777 4080 1808 4118 a

241 4146 417 4218 jejunio
468 4155 534 4209 ad
581 4151 887 4226 crapulam,
929 4169 960 4208 a
1001 4153 1128 4210 ﬂetu
1169 4155 1236 4209 ad
1267 4155 1461 4219 risum,
1489 4153 1559 4208 ab
1586 4153 1709 4208 imis
1740 4153 1809 4207 ad

250 4239 427 4309 inﬁma,
451 4261 553 4300 non
582 4247 652 4301 ad
681 4261 940 4316 superna,
971 4261 1001 4300 a
1023 4246 1200 4301 noxiis
1223 4244 1288 4299 ad
1316 4245 1521 4315 pejora,
1549 4259 1580 4297 a
1608 4243 1809 4315 vigiliis

248 4335 397 4389 noctis
445 4338 512 4393 ad
554 4339 942 4394 dormitioncm
985 4353 1200 4409 quoque
1233 4339 1364 4402 diei,
1404 4339 1472 4393 ab
1510 4338 1805 4393 indiscreto
1833 4372 1884 4434 υ

252 4424 440 4483 silentio
471 4429 534 4484 ad
563 4430 986 4501 multilbquium,
1004 4434 1077 4494 et,
1105 4429 1244 4500 quod
1269 4429 1422 4500 pejus
1446 4437 1546 4492 est,
1577 4427 1810 4496 pravilo-

251 4518 408 4583 quium
429 4535 492 4576 ac
522 4522 934 4592 turpiioquium,
970 4538 999 4577 a
1022 4520 1331 4578 psalmodiis
1359 4519 1427 4574 ad
1456 4518 1806 4586 otiositatem,

311 4695 442 4766 (ὥό)
469 4698 589 4753 Non
621 4697 802 4762 semel,
832 4697 1082 4751 nimirum
1129 4695 1182 4750 in
1211 4691 1656 4766 antecedentibus
1678 4707 1807 4766 conf

257 4761 478 4821 fessarins
521 4761 1132 4832 dixerat,’Ratherium
1187 4766 1311 4820 licet
1373 4763 1679 4832 cupientem
1735 4763 1801 4816 ad

255 4839 550 4902 propositum
604 4839 916 4892 monasterii
969 4836 1186 4900 redire,
1237 4849 1342 4888 non
1397 4845 1572 4886 tamen
1628 4833 1804 4887 adhuc

256 4902 508 4961 efﬁcaciter
563 4908 718 4963 velle.
785 4907 907 4962 llzec
950 4905 1190 4960 inellicax
1241 4903 1485 4959 voluntas
1537 4912 1620 4956 est
1673 4903 1802 4956 illml

255 4985 413 5038 utmm,
437 4976 585 5044 cuius
623 4993 788 5031 causa
817 4988 970 5030 antea
1002 4977 1137 5030 idem
1169 4975 1456 5028 liathcrius
1483 4972 1619 5044 dixit
1646 4989 1670 5044 :4
1702 4970 1801 5025 Ve-

259 5055 355 5118 reor
379 5062 436 5098 ne
461 5041 512 5099 in
535 5063 656 5107 una.
683 5059 945 5118 tyrannus
973 5061 1066 5100 seu
1097 5045 1363 5118 diabolus,
1385 5041 1607 5118 multum
1637 5042 1702 5094 de
1724 5057 1804 5094 me

254 5109 335 5186 tibi
355 5119 643 5182 promittat;
672 5109 730 5174 εἰ
760 5118 826 5172 de
867 5132 973 5187 quo
991 5118 1117 5170 ‘inos
1160 5116 1344 5170 addit:
1379 5113 1556 5184 Ipsum
1604 5127 1803 5175 vereor,

256 5193 413 5246 Ipsum,
439 5197 536 5240 etc.

309 5250 603 5354 ‘;'?.‘£153~‘;”?.“i
611 5272 722 5354 PF”
736 5269 802 5354 ,Ψ
809 5257 1062 5354 ““a‘e-“P
1077 5251 1806 5354 ἱ¹ι¹¹¹-ίῖ¹’ἑιίῗθθῗῖἓῖᾆῖηιῖἷῗέῗέῗῖί

249 5329 297 5354 ac
321 5321 404 5354 ῖΙιῖρ
423 5321 702 5354 Ρ;,ζη..ηῖιεη
736 5328 802 5354 In.
846 5345 860 5354 .
906 5327 1042 5354 ,μέμυ
1082 5325 1115 5354 0
1162 5321 1340 5354 :..'l:..n
1365 5343 1378 5354 .
1413 5321 1589 5354 Ιλᾎηη-
1617 5321 1808 5354 Ιόιὶ-ἱη-

1921 1781 2057 1837 tiora
2105 1790 2390 1847 sectatum,
2423 1779 2835 1836 etsuliicientize
2877 1796 2962 1835 me
3009 1780 3272 1835 confiteor
3315 1793 3509 1834 exces-

1921 1875 2056 1928 sisse
2088 1875 2326 1940 modum,
2378 1887 2440 1927 ac
2475 1888 2571 1943 per
2606 1872 2707 1926 hoc
2738 1872 2805 1926 de
2844 1871 2989 1925 licito
3018 1870 3211 1925 fecisse
3243 1869 3508 1924 illicitum.

1919 1965 1974 2018 In
2010 1963 2432 2033 Quadragesima
2480 1960 2858 2016 abstinendum
2901 1976 2931 2014 a
2975 1960 3110 2014 cibis
3155 1969 3208 2014 et
3248 1960 3411 2024 vitiis,
3456 1960 3511 2012 in

1916 2053 2122 2108 Pascha
2161 2070 2191 2107 a
2229 2053 2378 2106 vitiis
2419 2052 2788 2117 solummodo;
2840 2051 2983 2121 quod
3036 2067 3120 2106 me
3164 2068 3268 2104 non
3316 2051 3510 2106 fecisse

1917 2141 2182 2198 confiteor
2216 2141 2562 2196 omnimodis.
2611 2140 2666 2193 In
2715 2139 3132 2211 Quadragcsima
3175 2139 3407 2193 ﬂendum
3453 2138 3509 2194 et

1916 2232 2246 2302 ejnlandum,
2274 2231 2327 2284 in
2360 2229 2564 2285 Pascha
2593 2230 2970 2302 gratulandum
3004 2239 3058 2284 ct
3091 2230 3316 2284 ilomino
3353 2230 3505 2300 jubi-

1916 2321 2156 2376 landum.
2203 2320 2508 2375 Locuturus
2547 2320 2720 2384 utilia,
2747 2320 2936 2374 miscui
2974 2320 3202 2385 inutilia,
3241 2328 3297 2374 et
3321 2320 3502 2382 etiam,

1915 2412 2057 2483 quod
2080 2409 2254 2481 pejus,
2284 2413 2564 2480 pernoxia,
2604 2410 2808 2464 ludicra
2836 2410 2992 2465 seriis
3017 2410 3391 2479 compensavi;
3424 2426 3506 2464 vae

1914 2519 2127 2574 quoque
2153 2504 2452 2558 ridentibus
2490 2500 2640 2573 (Luc.
2675 2517 2750 2566 vr,
2777 2499 2890 2572 25),
2923 2501 3246 2570 promissum
3285 2499 3504 2554 minimo

1914 2596 2057 2662 cavi,
2084 2603 2156 2665 ﬁet
2207 2595 2370 2647 etiam
2401 2607 2585 2646 vocem
2617 2591 2668 2645 in
2714 2591 2843 2654 risu,
2873 2592 3014 2659 quod
3040 2601 3124 2646 est
3169 2590 3346 2644 stultis
3383 2604 3507 2659 pro-

1913 2687 2113 2757 prium,
2144 2683 2402 2740 exaltavi.
2432 2681 2581 2736 (Icelo
2622 2690 2678 2735 et
2710 2690 2855 2734 terra
2885 2681 3249 2750 spectantibus
3289 2695 3376 2734 me
3397 2681 3505 2732 Deo

1913 2778 2250 2832 redditurum
2292 2775 2555 2828 rationem
2605 2788 2710 2827 non
2759 2773 2918 2827 modo
2963 2779 3199 2835 actuum,
3233 2787 3418 2824 verum
3449 2781 3505 2823 et

1913 2869 2300 2940 cogitationum
2329 2881 2434 2922 non
2459 2881 2570 2936 pra-2
2599 2865 2772 2920 oculis
2799 2865 2996 2920 habere
3020 2879 3257 2918 meorum
3287 2862 3373 2932 (1³..
3408 2863 3504 2916 ha-

1916 2962 2048 3017 bcus
2078 2957 2345 3028 mearum)
2371 2955 2604 3011 exaltavi
2635 2955 2992 3009 miserrimus.
3027 2952 3342 3021 llujnsmodi
3374 2965 3504 3021 quo-

1914 3069 2020 3126 que
2048 3069 2135 3109 me
2165 3053 2423 3106 miserum
2454 3049 2649 3104 invasit
2678 3048 2908 3118 torporis
2930 3045 3153 3107 desidia,
3185 3054 3241 3097 ut
3270 3045 3352 3097 vix
3385 3044 3501 3112 ipsa

1915 3145 2150 3217 explere,
2194 3144 2392 3198 nedum
2422 3140 2524 3196 alia
2548 3139 2794 3208 iunxisse
2825 3137 3058 3191 valerem
3092 3137 3308 3205 prmiixa
3342 3145 3503 3204 atquo

1913 3237 2153 3308 legitima
2183 3235 2436 3290 sittaxeos
2463 3230 2648 3286 infelix
2675 3231 2759 3285 his
2788 3229 2976 3284 diebus
3016 3225 3221 3292 ollicia;
3248 3227 3385 3280 unde
3409 3241 3505 3295 pe-

1913 3330 2062 3384 nitus
2089 3325 2396 3381 intermissa
2439 3322 2614 3386 doleo,
2644 3322 2737 3376 sed
2767 3337 2872 3374 non
2910 3319 3043 3374 satis
3090 3315 3372 3387 legationis
3402 3331 3500 3370 ne-

1912 3420 2164 3477 cessaria:
2211 3415 2518 3473 conamina.
2566 3413 2857 3468 Diﬂicultas
2902 3411 3100 3481 quippe
3142 3407 3501 3478 adipiscendae

1915 3510 2241 3569 reversionis
2271 3507 2396 3562 inde
2435 3504 2696 3568 nascitur,
2747 3513 2804 3557 ut
2844 3499 3258 3573 deceptissimus
3304 3497 3499 3560 sentio,

1913 3619 2020 3658 non
2054 3600 2287 3656 modica.

1982 3693 2070 3750 '50.
2103 3691 2373 3749 lndeficua
2397 3689 2718 3762 gratiarum,
2754 3684 2956 3755 inquis,
2987 3683 3165 3738 munia
3205 3681 3346 3753 quod
3375 3697 3499 3758 seu-1

1915 3786 1984 3841 tis
2024 3784 2216 3840 saltem
2261 3779 2569 3836 necessario
2624 3777 2834 3832 solvere
2881 3774 3163 3846 inspiranti
3195 3772 3344 3845 (566)
3378 3787 3500 3826 sua-

1910 3876 2074 3940 dens;
2107 3887 2298 3927 causas
2343 3868 2648 3940 ltnjusmodi
2680 3865 2988 3921 inefﬁcacia:
3012 3864 3226 3918 videtur
3269 3861 3422 3926 mihi,
3452 3861 3497 3916 si

1912 3973 2089 4018 tamen
2139 3961 2367 4022 valeres,
2429 3960 2588 4014 altius
2639 3968 2890 4025 oportere
2940 3954 3266 4025 disquirere.
3309 3951 3500 4007 Potest

1909 4055 2053 4113 enim
2083 4053 2198 4108 fieri
2225 4061 2281 4107 ut
2309 4050 2457 4123 (567)
2489 4048 2834 4104 interdictutn
2869 4045 3024 4116 legis,
3071 4044 3212 4114 quod
3257 4051 3306 4096 te
3354 4041 3499 4126 ferre

1909 4148 2217 4204 summatim
2263 4144 2530 4216 tangendo
2557 4156 2714 4212 posse
2743 4137 3124 4210 (mirandum!)
3159 4134 3366 4199 dixisti,
3397 4131 3501 4188 dif-

1910 4239 2200 4297 licullatem
2229 4244 2449 4308 generet
2475 4233 2797 4289 istiusmodi.
2822 4231 2915 4285 Est
2935 4229 3113 4300 plane,
3130 4236 3234 4292 est,
3254 4227 3495 4306 inquam,

1910 4339 1969 4384 ut
1993 4328 2238 4399 conjicis,
2268 4335 2324 4380 et
2352 4334 2410 4379 ut
2433 4323 2668 4386 noveris,
2713 4321 2820 4375 imo
2848 4318 3136 4389 legentium
3173 4315 3497 4369 universitas

1912 4419 2110 4481 ontnis,
2131 4415 2413 4472 enucleato
2439 4413 2568 4468 mihi
2601 4412 2699 4482 ipsi
2725 4425 2822 4479 pro
2848 4424 3032 4480 posse,
3061 4407 3291 4478 qualiter
3315 4405 3380 4460 ad
3409 4419 3500 4460 me

1909 4510 2091 4566 omnia
2121 4507 2270 4581 (568)
2296 4505 2405 4560 illic
2427 4512 2608 4558 notata
2638 4501 2812 4556 sentio
2841 4500 3138 4572 pertinere,
3160 4513 3279 4553 cmn
3304 4497 3355 4550 in
3384 4495 3497 4548 sola

1911 4694 1994 4748 nis
2018 4691 2140 4746 inde
2171 4685 2339 4750 nasci,
2360 4683 2554 4737 suadeo
2586 4692 2640 4754 te,
2658 4678 2854 4754 solvere
2881 4671 3382 4754 saltemmecessario
3410 4671 3494 4723 in-

1911 4747 2115 4832 deﬁcua
2158 4747 2449 4832 gratiarum
2499 4753 2680 4832 munia
2719 4747 3030 4832 inspirqnti,_
3057 4748 3179 4832 ⁸υρεεο
3215 4747 3494 4832 ttit‘rtiru-m,

1912 4813 2182 4904 qu'inliuno'
2229 4826 2321 4904 tibi
2361 4813 2857 4904 sensuminspirat.
2889 4817 3190 4904 Αιιιξιιςιιηῖ

1910 4885 1998 4957 sine
2019 4885 2320 4972 littjusmodi
2352 4895 2647 4964 tnelﬁcaciw
2672 4885 2830 4943 (illius
2858 4896 3092 4958 oportere
3114 4885 3422 4952 disquirere,
3451 4885 3497 4931 si

1910 4970 2325 5027 ιαηιεηύιιιρνεδ.
2572 5034 2580 5036 _
2730 5031 2759 5036 η
2953 5024 2972 5036 .
3067 5024 3123 5036 ..
3165 5025 3176 5036 .

2159 5039 2288 5092 lllud
2321 5035 2528 5117 scilicet
2570 5031 2926 5117 interdictumI
2951 5024 3180 5117 begitici
3211 5029 3502 5117 Et,"

1912 5086 2095 5180 ηὶῖἴο·
2112 5086 2438 5180 attrahe-.1
2452 5086 2667 5180 uitetur
2694 5117 2840 5153 num-
2867 5098 2928 5150 ει
2960 5091 3180 5180 afer."
3215 5086 3504 5180 @2521?

1907 5157 2698 5252 tttir’tdiilntjiiﬂqttodinaleoIdum
2725 5179 2906 5223 contra
2929 5179 3009 5216 me
3032 5167 3234 5287 meique
3255 5157 3508 5210 consimi-

1910 5262 1979 5287 lm-
2009 5255 2318 5287 ρΙιηιτηηιριη
2351 5247 2508 5287 ιηηΙὸη
2533 5259 2549 5287 _'
2587 5242 2690 5287 nm
2718 5235 2951 5287 Imbueril
2981 5248 3139 5287 macu
3165 5247 3272 5287 ant,
3296 5233 3401 5278 etc.

1907 5233 2319 5309 iéE'Eiét'hiiz’mém
2351 5233 2549 5299 audio}
2587 5242 2690 5307 Qut
2718 5235 2951 5309 habuerit
2981 5233 3275 5309 nauculam,
3296 5233 3419 5309 etc.
3445 5294 3479 5309 γ’

1981 5298 2278 5354 [ﬁerifie-
2308 5298 2312 5299 ί
2347 5317 2396 5354 ;.ι
2443 5325 2522 5354 act
2574 5298 2628 5354 εὖ
2663 5325 2728 5354 en
2756 5304 3043 5354 interdicto
3095 5304 3227 5354 lenis
3257 5298 3505 5354 Levitici.
