4032 5354
572 304 665 333 δι’.

603 312 669 369 :3
818 386 825 393 λ
1492 309 1823 373 ιιΑῑιιειιιι
1860 312 2074 371 EPISC.

2226 292 2368 369 nos”.
2415 313 2565 403 ore.
2608 314 2785 372 rans
2822 310 2862 371 ι.
2936 310 2950 349 ῖ

3729 316 3835 378 ιει
3874 323 3881 327 ’

561 428 695 487 inibi
733 439 913 488 notata
963 430 1175 487 macula
1223 433 1536 503 recOgnosci
1576 430 1940 501 indignitasin
1974 428 2147 499 perci-
2180 433 2220 490 Α
2254 426 2529 491 licultatis,
2560 443 2721 497 quant
2757 427 2809 481 in
2856 427 3132 501 redeundo
3176 426 3247 484 ad
3293 424 3583 485 Dominum
3632 435 3832 503 patior,

559 523 753 591 pienda
780 522 1081 591 praesertim
1109 522 1437 577 eucharistia
1472 520 1648 575 valeat
1683 536 1821 574 mea.
1853 520 1965 590 Age
1997 516 2141 585 jam;

559 606 776 667 locutus
802 620 885 666 est
910 612 1170 667 Dominus
1197 612 1264 666 ad
1294 612 1529 683 Moysen,
1552 611 1736 665 dicens
1765 627 1778 663 :
1812 609 2044 678 Loquere
2075 608 2144 660 ad

556 700 737 756 Aaron
766 701 983 770 fratrem
1007 711 1234 766 tuum,et
1252 701 1392 755 dices
1421 700 1490 753 ad
1522 713 1676 753 eum:
1704 698 1876 752 IIomo
1903 696 2144 751 sacerdos

556 792 623 847 de
654 792 851 846 semine
877 791 1056 846 Aaron
1083 809 1175 862 per
1194 790 1448 862 familias,
1474 791 1565 861 qui
1591 789 1828 843 habuerit
1858 786 2141 851 maculam,

557 893 663 936 non
711 883 891 953 o/feret
933 897 1093 953 panes
1136 882 1243 937 Deo
1284 899 1414 946 suo,
1461 894 1552 935 nec
1608 881 1812 934 accedet
1862 877 1932 931 ad
1981 877 2139 931 mini-

555 975 773 1029 sterium
828 974 942 1044 ejus
993 972 1191 1042 (Leuit.
1238 987 1366 1036 nt,
1427 972 1546 1042 17).
1602 972 1679 1026 De
1730 969 1940 1025 macula
1995 967 2139 1038 quod

555 1066 663 1120 dixi
729 1066 987 1133 sulliciat;
1044 1067 1250 1122 utinam
1312 1065 1502 1119 fuisset
1562 1063 1716 1128 sola;
1773 1061 2137 1131 subiectarum

553 1158 716 1228 277
770 1174 900 1213 vero
960 1173 1067 1212 non
1121 1156 1322 1226 aliqua.
1376 1155 1436 1212 Si
1487 1169 1655 1210 aecus
1712 1152 1873 1224 fuerit
1934 1148 2133 1221 (Lavit.

551 1269 668 1318 XXI,
717 1253 827 1323 {8),
883 1254 1026 1323 quod
1065 1268 1152 1307 me
1192 1265 1346 1316 esse,
1401 1250 1746 1306 considerato
1800 1246 2013 1301 incessu
2057 1243 2137 1297 vi-

549 1346 792 1401 dentium
813 1386 828 1408 ,
884 1360 1083 1417 negare
1133 1358 1237 1398 nun
1269 1341 1440 1398 valeo.
1475 1338 1536 1397 Si
1566 1339 1788 1394 claudus
1812 1378 1827 1398 .
1857 1336 1997 1407 quod
2036 1350 2132 1390 ne—

548 1450 687 1504 queo
711 1433 943 1496 dilliteri,
975 1434 1191 1504 quando
1214 1433 1378 1487 etiam
1408 1431 1535 1485 illud
1560 1429 1703 1500 quod
1729 1428 1885 1482 video
1909 1429 2131 1492 bomnu,

549 1540 644 1595 per
697 1524 1065 1579 infirmitatem
1119 1522 1318 1577 mentis
1372 1535 1583 1591 nequeo
1637 1519 1811 1589 sequi.
1866 1517 1923 1572 Si
1972 1532 2131 1586 parvo

545 1633 697 1682 naso,
746 1615 887 1685 quod
926 1631 1011 1669 me
1062 1613 1324 1668 confiteor
1385 1627 1505 1668 esse
1535 1651 1551 1676 ,
1605 1626 1728 1666 cum
1783 1606 2130 1663 discretionis

545 1710 830 1778 quemdam
861 1707 1014 1777 quasi
1055 1706 1352 1761 anhelitum
1396 1718 1607 1773 nequeo
1639 1716 1880 1772 praeceps
1899 1698 2122 1753 nimium

2247 516 2413 571 videri
2446 516 2587 571 valet
2611 516 2726 570 fore
2751 517 3031 572 indicium.

2247 623 2250 625 λ
2316 606 2502 662 5|.At
2542 622 2672 663 vero
2724 607 2853 677 quid
2905 608 3106 677 possim
3149 624 3330 677 agere,
3381 611 3541 667 video
3584 612 3830 669 minime.

2244 694 2399 751 Omni
2438 710 2573 766 pene
2617 705 2859 766 tempore
2900 696 3015 766 jam
3062 697 3191 752 olim
3231 700 3485 754 consuevi
3536 702 3826 756 Dominum

2245 802 2452 857 rogare,
2487 796 2564 852 ut,
2608 802 2862 842 concessa
2911 787 3065 841 venia
3102 790 3495 857 peccaminum,
3540 791 3758 847 auferat
3800 809 3831 847 a

2244 891 2332 931 me
2378 878 2559 931 mundi
2610 878 3101 946 concupiscentiam
3157 886 3212 932 et
3272 878 3542 933 desideria
3596 881 3828 935 carnis:

2240 970 2438 1040 quibus
2476 986 2598 1032 cum
2625 978 2739 1024 tota
2771 978 2931 1024 nocte
2972 985 3078 1023 non
3122 969 3300 1023 minus
3343 985 3507 1039 quam
3555 973 3830 1027 trecennis

2241 1061 2465 1130 quilibet
2510 1061 2802 1126 dormiens,
2845 1068 2901 1116 et
2945 1060 3179 1130 vigilans
3221 1061 3617 1125 laboraverim:
3669 1064 3831 1119 hodie

2238 1154 2404 1207 etiam
2457 1168 2602 1207 nunc
2657 1152 2982 1208 scribentem
3033 1168 3121 1208 me
3165 1156 3643 1223 septuagenarium
3692 1170 3831 1226 pene

2239 1245 2414 1300 sentio
2451 1245 2675 1299 titillari.
2710 1240 2877 1314 278
2915 1244 3111 1299 Precor
3135 1246 3299 1299 etiam
3334 1256 3395 1299 ut
3419 1245 3636 1300 auferat
3662 1262 3830 1319 appe-

2242 1336 2396 1390 titum
2427 1335 2677 1389 humana:
2706 1335 2903 1398 laudis,
2935 1350 3095 1404 quem
3132 1336 3263 1390 mihi
3287 1322 3468 1391 inesse
3501 1332 3829 1391 visceratio:

2237 1424 2291 1478 in
2318 1425 2437 1479 istis
2467 1439 2701 1494 quoque,
2732 1440 2870 1494 quas
2891 1423 3132 1479 alfectari
3162 1426 3325 1480 etiam
3359 1427 3488 1480 mihi
3529 1427 3828 1482 renitenti-

2233 1515 2334 1571 bus
2385 1513 2453 1585 U.
2483 1513 2763 1584 renitenti]
2814 1515 3021 1581 videor,
3056 1516 3401 1571 considerare
3440 1516 3589 1572 vales
3615 1558 3630 1583 ,
3688 1533 3826 1587 quas

2234 1605 2517 1661 etenodoxi
2546 1606 2770 1675 spiritus
2793 1605 2994 1675 impetu
3039 1605 3208 1677 iugeri
3249 1608 3455 1669 sentio,
3483 1607 3638 1678 (571)
3684 1607 3825 1662 face-

2233 1698 2361 1763 tiis;
2397 1699 2582 1751 vitium
2607 1712 2840 1767 quoque,
2872 1699 3016 1766 quod
3047 1714 3152 1753 non
3201 1708 3306 1753 tam
3356 1716 3612 1770 corpore,
3656 1716 3820 1771 quam

545 1798 599 1852 iu
631 1798 853 1867 agendis
902 1796 989 1851 vel
1047 1795 1396 1866 disponendis
1447 1803 1651 1849 tenere.
1706 1790 1768 1846 Si
1821 1806 1980 1859 parvo
2035 1797 2125 1841 aut
2158 1785 2199 1843 Β
2229 1794 2409 1847 animo
2431 1791 2740 1847 discurrere
2767 1806 2853 1846 me
2880 1793 3307 1862 circumquaque
3334 1792 3486 1853 facit.
3514 1794 3747 1849 desidia:
3769 1802 3825 1848 et

543 1888 731 1956 grandi
787 1887 867 1942 vel
914 1897 1051 1941 torto
1104 1895 1280 1951 unso,‘
1324 1884 1451 1954 quia
1508 1880 1738 1937 actionis
1785 1876 2124 1934 rectitudinis

546 1976 608 2050 [ι.
645 1975 1045 2050 rectitudinem]
1075 1977 1176 2031 sub
1207 1977 1391 2046 specie
1414 1972 1755 2029 discretionis
1805 1984 1947 2040 smpe
1996 1983 2124 2025 con-

540 2068 723 2124 fundo.
766 2068 823 2125 Si
849 2069 1019 2138 fracto
1048 2067 1177 2139 pede
1209 2065 1283 2121 vel
1304 2083 1484 2130 manu,
1526 2064 1650 2135 quis
1682 2063 1734 2117 in
1760 2077 1847 2116 me
1882 2062 1985 2115 hoc
2015 2074 2122 2114 non

537 2156 1014 2213 advertat?'Viam
1063 2155 1209 2210 enim
1262 2150 1472 2208 Domini
1527 2165 1790 2223 pergere,
1848 2156 1910 2204 ut
1960 2146 2123 2217 paulo

537 2248 788 2318 superius
812 2247 1030 2312 audisti,
1062 2261 1166 2300 non
1206 2245 1425 2307 valens,
1474 2258 1504 2297 a
1550 2244 1691 2297 bono
1717 2255 1907 2311 opere,
1953 2238 2122 2293 fracta

538 2350 600 2393 ut
627 2339 750 2410 quis
801 2354 1008 2404 manu,
1058 2338 1202 2391 iners
1253 2335 1555 2391 socorditer
1601 2349 1751 2387 vaco.
1803 2329 1866 2387 Si
1912 2330 2118 2400 gibbus.

535 2429 767 2494 utinam,
785 2428 1028 2493 Domine,
1049 2443 1146 2483 nec
1169 2426 1300 2498 jugo
1328 2425 1766 2495 iniquitatis,nec
1790 2432 2018 2477 terrenae
2045 2422 2118 2475 ita

532 2520 773 2589 pondere
802 2535 1061 2590 gravarer
1084 2517 1497 2572 sollicitudinis!
1535 2514 1597 2570 Si
1626 2514 1817 2585 lippus,
1850 2513 1974 2582 quis
2006 2527 2117 2566 non

535 2610 716 2665 viJeat
754 2609 915 2679 quod,
938 2607 1043 2664 etsi
1067 2607 1281 2677 aliquod
1306 2621 1404 2676 per
1427 2603 1662 2659 divinam
1687 2605 1917 2674 gratiam
1952 2603 2003 2657 iu
2031 2616 2117 2655 me

535 2703 737 2756 emicat
762 2702 1003 2756 scientiae
1033 2700 1238 2763 lumen,
1265 2697 1506 2753 carnalia
1538 2711 1701 2765 Opera
1747 2694 1945 2749 misere
1990 2692 2119 2746 illud

533 2793 827 2845 obscurare
846 2789 907 2862 [Ι.
924 2787 1277 2860 obscurent]?
1295 2784 1932 2856 Sialbugiuemhabeatin
1947 2784 2117 2849 oculo,

534 2892 585 2936 et
620 2880 941 2953 arrogantiae
967 2880 1182 2935 accitas
1211 2892 1343 2933 mea:
1380 2877 1490 2931 Deo
1516 2875 1614 2931 soli
1650 2875 1892 2944 mihique
1919 2874 2118 2945 partim

534 2968 810 3042 comperta
838 2979 1041 3040 quanta
1065 2970 1156 3033 sit,
1201 2967 1331 3022 nulli
1378 2967 1533 3021 valeo
1570 2967 1771 3029 dicere,
1809 2965 1934 3019 dum
1965 2964 2113 3019 illam

534 3063 773 3119 omnium
831 3060 1097 3115 malorum
1151 3074 1372 3114 causam
1418 3065 1741 3126 computans
1768 3097 1784 3121 ,
1830 3054 2116 3110 cmnodoxi

2228 1887 2480 1956 torpor-is,
2514 1886 2929 1941 inconstantiam
2975 1892 3029 1941 et
3076 1884 3347 1940 levitatem
3395 1886 3615 1948 mentis.
3672 1887 3826 1940 duri-

2226 1979 2352 2033 tiam
2379 1986 2434 2034 et
2461 1978 2827 2048 duplicitatem
2857 1977 3039 2032 cordis
3062 2018 3077 2041 ,
3110 1976 3508 2048 praviloquium
3538 1979 3729 2033 cordis
3763 1978 3829 2032 et

2223 2068 2375 2122 oris:
2408 2082 2526 2137 qua:
2549 2067 2725 2121 oumia
2766 2075 2942 2120 tecum
2990 2066 3041 2119 in
3088 2081 3175 2121 me
3210 2066 3357 2136 juste
3408 2065 3820 2138 reprehendens

2223 2157 2470 2227 conjecto
2492 2157 2615 2211 inde
2647 2157 3004 2226 contingere;
3040 2158 3165 2225 quia
3211 2157 3500 2226 implorata
3527 2198 3545 2226 ,
3592 2167 3655 2212 ut
3691 2172 3823 2214 cou-

2224 2248 2389 2309 venit,
2410 2247 2780 2302 misericordia
2796 2256 2849 2301 et
2877 2248 3077 2317 gratia,
3096 2256 3154 2301 ut
3177 2248 3245 2302 ab
3263 2247 3349 2303 his
3361 2265 3546 2315 eruar,
3565 2250 3688 2313 Dei,
3711 2266 3817 2306 non

2223 2335 2578 2398 collaborare,
2605 2346 2663 2389 ut
2695 2334 2788 2389 fiat
2814 2335 3044 2390 liberum
3083 2338 3364 2407 compello,
3395 2347 3455 2394 ut
3475 2349 3829 2410 oportuerat,“

2226 2442 2441 2493 vecors,
2467 2429 2610 2498 quod
2651 2427 2781 2482 mihi
2832 2428 3002 2498 magis
3028 2437 3205 2493 nocet,
3236 2445 3398 2499 quam
3425 2430 3647 2500 adjuvet
3673 2432 3820 2487 arbi-

2224 2518 2406 2572 trium.
2436 2517 2680 2587 Dumque
2703 2517 3015 2587 impendere
3038 2519 3169 2573 mihi
3197 2521 3409 2591 neglige
3438 2523 3584 2590 quod
3633 2535 3703 2577 ex
3730 2536 3817 2576 me

2220 2618 2324 2672 est,
2352 2609 2683 2663 mendaciter
2707 2618 2892 2678 petere
2923 2624 3006 2665 me
3033 2613 3273 2681 approbo
3308 2613 3451 2682 quod
3479 2628 3548 2669 ex
3574 2614 3690 2669 Deo
3711 2625 3811 2668 est.

2232 2697 2387 2753 Verbi
2406 2699 2576 2770 gratia
2595 2699 2836 2768 postulo:
2856 2708 2975 2769 post
2987 2698 3324 2772 naufragium
3339 2703 3531 2758 saltem
3546 2705 3814 2761 castitatis

2219 2789 2567 2844 continentia:
2608 2788 2789 2854 littus;
2843 2789 2937 2845 sed
2989 2804 3089 2846 nec
3130 2794 3554 2849 macerationem
3590 2797 3807 2860 carnis,

2221 2896 2321 2936 nec
2351 2881 2531 2949 fugam
2561 2880 3089 2937 fornicationis‘volo
3113 2882 3244 2938 mihi
3281 2883 3525 2940 indicere
3559 2898 3805 2956 prorsus.

2289 2972 2380 3027 32.
2406 2972 2538 3026 Esse
2567 2981 2622 3025 et
2644 2971 2791 3027 aliud
2820 2972 2963 3041 quod
2993 2974 3318 3029 interdicere
3353 2975 3647 3046 legationis
3677 2991 3809 3032 meo

2220 3064 2336 3118 vias
2382 3079 2487 3118 non
2539 3079 2730 3133 parum
2774 3064 3068 3131 confiteor;
3114 3066 3181 3120 ad
3226 3081 3387 3121 omne
3443 3068 3616 3132 enim,
3669 3068 3810 3139 quod

534 3153 755 3222 spiritus
799 3151 1164 3225 incurrionem
1215 3149 1417 3204 soleam
1475 3147 1780 3202 nominare.
1834 3143 1894 3199 Si
1934 3144 2115 3213 jugem
2147 3136 2190 3195 C
2226 3155 2401 3210 cuivis
2466 3164 2551 3210 ρει
2600 3157 3004 3220 ιηρεεεπίυηι,
3040 3157 3200 3213 nihil
3247 3168 3358 3213 tam
3405 3136 3811 3229 ορνοηαηίηη,

531 3245 775 3305 scabiem,
809 3243 954 3314 (569)
997 3242 1139 3296 istud
1183 3240 1555 3310 superioribus
1583 3238 1886 3310 perpensis,
1921 3251 1985 3290 ex
2013 3250 2120 3305 quo

529 3335 785 3391 lascivire
813 3334 1071 3405 cmperim
1133 3333 1320 3403 utique
1367 3345 1649 3401 quousque
1701 3327 2030 3388 duraverim,
2070 3326 2115 3379 si

530 3426 765 3483 scabiem
795 3420 1062 3479 luxuriam
1107 3422 1222 3479 fore
1267 3422 1386 3493 capi
1413 3420 1626 3476 noveris
1655 3459 1673 3485 ,
1704 3418 1835 3473 mihi
1869 3415 2107 3486 peculia.

528 3517 645 3571 rius
669 3531 843 3585 neque
873 3514 1086 3571 inlicior
1118 3512 1431 3577 convenire,
1488 3519 1545 3566 et
1601 3510 1771 3579 ipsam
1820 3523 1889 3563 ex
1942 3507 2119 3575 ipsius

526 3606 835 3663 incursione
862 3605 1108 3676 generari
1137 3604 1444 3675 perspicue.
1477 3600 1579 3657 Ubi
1629 3598 1793 3653 fuerit
1833 3598 2110 3667 superbia,

527 3696 637 3752 illic
657 3698 760 3752 erit
782 3705 837 3751 et
863 3695 1210 3760 contumelia,
1236 3696 1363 3750 dum
1386 3693 1585 3748 dicitur
1605 3706 1765 3747 nosse
1786 3689 2113 3752 certissime,

527 3789 654 3843 dum
685 3803 784 3842 nec
820 3787 991 3857 ipsam
1014 3787 1189 3842 relatis
1220 3784 1642 3841 invaletudinem
1671 3796 1831 3853 posse
1858 3779 2117 3835 videoilli

528 3880 921 3936 contradicere.
955 3878 1017 3935 Si
1045 3879 1393 3949 impetiginem
1427 3880 1482 3932 in
1504 3892 1739 3944 corpore,
1773 3874 1904 3929 mihi
1949 3888 2114 3943 pecu-

529 3973 720 4030 liarius
735 3989 909 4044 neque
939 3975 1472 4029 inticiorconremre.
1489 3973 1727 4028 Oautem
1743 3979 1871 4026 utet
1895 3972 1962 4025 ab
1985 3984 2115 4025 ava-

530 4067 655 4122 ritia
693 4066 774 4122 vel
800 4074 1025 4130 tantum,
1055 4074 1114 4119 ut
1141 4063 1274 4119 mihi
1322 4065 1554 4141 videtur,
1584 4062 1719 4117 liber
1749 4060 1971 4116 fuissem
2005 4063 2018 4111 ε
2054 4061 2114 4115 Si

528 4158 880 4227 ponderosas,
913 4171 992 4213 we
1029 4155 1161 4212 mihi
1202 4155 1509 4210 miserrimo
1537 4194 1550 4219 ,
1586 4156 1680 4223 qui
1724 4153 2110 4223 turpitudinem

529 4260 583 4302 et
606 4249 820 4318 quando
849 4247 1208 4318 corporaliter
1233 4261 1337 4300 non
1378 4242 1598 4299 exercui
1619 4282 1634 4307 ,
1661 4241 1969 4296 animaliter
1994 4256 2114 4312 gra-

529 4337 644 4390 vari
680 4353 765 4392 me
793 4337 980 4392 eadem
1007 4351 1147 4407 pene
1173 4334 1319 4390 omni
1354 4342 1597 4403 tempore
1645 4347 1819 4401 usque
1860 4332 1927 4387 ad
1968 4330 2112 4385 istud

531 4429 737 4485 scilicet
777 4430 985 4485 senium
1031 4444 1198 4493 sensr,
1249 4437 1305 4483 et
1343 4427 1549 4483 sentire
1574 4426 1745 4481 miser
1769 4441 1872 4481 non
1897 4425 2107 4480 desino.

530 4521 627 4577 His
648 4522 871 4577 maculis
891 4522 1198 4577 sordidatus
1220 4536 1343 4576 cum
1367 4518 1488 4575 aliis
1502 4518 1912 4590 quampluribus
1938 4529 2108 4587 panes

530 4622 721 4668 contra
767 4613 1111 4668 interdictum
1157 4611 1387 4668 Domino
1429 4627 1515 4667 me
1552 4611 1816 4666 confiteor
1846 4609 2110 4664 hactenus

529 4700 813 4768 obtulisse,
841 4711 894 4755 et
916 4702 1058 4772 quod
1091 4702 1285 4757 salutis
1323 4710 1410 4757 est
1450 4701 1610 4771 digne
1647 4697 1999 4754 offerentibus
2025 4712 2109 4750 re-

531 4792 790 4858 medium,
816 4791 949 4847 mihi
981 4792 1172 4847 fecisse
1200 4791 1564 4847 damnationis
1585 4798 1802 4845 actorum
1822 4788 2105 4859 judicium:

530 4883 679 4956 (570)
709 4883 850 4952 quod
888 4884 1278 4950 certissimum,
1309 4892 1366 4936 ut
1398 4881 1515 4938 fieri
1565 4895 1720 4951 posse
1751 4879 1970 4943 dixisti,
2001 4877 2106 4931 dif-

605 5015 754 5086 (569)
785 5015 939 5072 Istud
970 5016 1204 5074 refertur
1248 5020 1315 5074 ad
1367 5019 1477 5083 illa,
1508 5018 1635 5073 mihi
1676 5017 1994 5081 peculiarius
2020 5034 2109 5070 ne-

530 5103 637 5160 que
655 5086 865 5160 inﬁcior
884 5090 1173 5144 convenire.
1214 5089 1335 5144 Mox
1366 5100 1411 5143 et
1442 5090 1634 5160 ipsum,
1663 5088 1715 5141 id
1739 5096 1823 5141 est
1845 5086 2104 5153 scabiem,

531 5156 598 5210 ea:
621 5156 785 5227 ipsius
802 5156 1036 5227 luxuria:
1062 5161 1361 5215 incursione
1398 5156 1657 5227 generari,
1693 5166 1799 5210 etc.

527 5251 530 5254 ’
559 5304 589 5324 .,
611 5224 1092 5324 (stateem;
1113 5224 2105 5324 σξοέυτέιίέ(ξ’.ἷῗ⁴⁶²“3;ίὲ’ῖῗιῗξῐ’ἔῖ⁸ι⁸δ’2ῗ⁴”ἐε

1158 5294 1195 5324 :'
1248 5298 1496 5324 :...l.'.:.....
1521 5321 1523 5323 .
1555 5294 1871 5324 J:m...lo-u'.

643 5295 817 5324 ,ῆι-ἑ-οὲ
859 5306 1006 5324 --~..-
1062 5295 1173 5324 4-2.:
1248 5298 1523 5324 :...l:.:......
1555 5295 1871 5324 J:m...lo-u'.
1953 5312 2103 5324 -.......

2225 3261 2388 3316 quam
2441 3246 2574 3301 illud
2617 3245 2895 3316 singulare
2940 3247 3309 3311 sacrificium,
3371 3250 3516 3316 quod
3567 3250 3811 3319 quotidie

2224 3336 2381 3391 nobis
2404 3343 2757 3405 repraesentat
2782 3335 2989 3389 Pascha
3015 3344 3284 3401 nostrum,
3316 3336 3595 3392 Christum
3621 3339 3811 3409 utique

2221 3441 2322 3496 pro
2348 3427 2506 3482 nobis
2534 3426 2802 3481 veraciter
2833 3426 3186 3482 immolatum.
3220 3427 3374 3493 Quod
3412 3428 3458 3481 si
3502 3428 3671 3500 digne
3694 3445 3813 3483 mu-

2222 3532 2345 3582 nus,
2392 3516 2534 3587 quod
2583 3528 2765 3570 tamen
2820 3529 2926 3571 non
2972 3517 3353 3586 consequitur,
3383 3514 3680 3583 oﬂ‘errem,
3709 3517 3810 3572 etsi

2220 3624 2326 3664 non
2355 3607 2614 3677 quotidie,
2640 3605 2832 3662 saltem
2880 3621 3051 3676 smpe;
3101 3606 3233 3661 nulli
3280 3615 3496 3677 poterat
3551 3605 3815 3675 legationi

2220 3699 2287 3753 ad
2315 3698 2710 3768 impetrandum
2761 3706 2914 3767 puto,
2969 3706 3028 3752 ιιι
3078 3697 3263 3769 plures
3309 3698 3482 3762 aiunt,
3528 3698 3815 3753 conﬁteri-

2221 3790 2328 3846 Sed
2365 3790 2591 3857 impedit
2629 3788 2772 3860 quod
2822 3789 2984 3844 audio
3021 3803 3036 3843 :
3082 3786 3221 3843 Vade
3273 3788 3420 3856 prius
3470 3780 3808 3843 reconciliari

2220 3883 2375 3952 fratri
2403 3892 2492 3937 tuo
2523 3881 2737 3953 (Matth.
2770 3897 2825 3947 v,
2853 3880 2970 3953 24).
3001 3880 3218 3937 Fratres
3241 3895 3373 3937 vero
3393 3897 3439 3937 SI
3479 3896 3676 3937 omnes
3713 3896 3805 3935 su-

2220 3991 2342 4031 mus
2365 3976 2418 4030 in
2435 3976 2614 4045 capite
2626 3974 2865 4039 Christo,
2883 3975 3006 4044 quis
3021 3976 3137 4045 ipso
3151 3975 3327 4030 minus
3337 3972 3724 4041 ot'fendendus,
3739 3986 3809 4028 ne

2224 4068 2423 4125 habeat
2454 4068 2654 4137 aliquid
2681 4069 2967 4123 adversum
2996 4083 3114 4133 nos,
3140 4070 3207 4123 de
3227 4065 3807 4137 quoampliu'seStfor—

2224 4162 2540 4217 midandum
2558 4161 2582 4214 ?
2606 4161 2779 4216 liabet
2801 4175 2931 4215 vero
2944 4160 3227 4216 adversum
3243 4175 3351 4225 me,
3365 4158 3799 4223 eonﬁteor,duo,

2218 4252 2439 4322 etquod
2466 4251 2663 4306 laedere
2692 4252 2932 4306 membra
2952 4251 3119 4322 ipsius
3144 4251 3351 4321 utique,
3366 4252 3579 4320 etquod
3603 4249 3802 4307 ludere

2216 4358 2322 4398 non
2350 4342 2540 4398 desino
2564 4342 2760 4410 ipsum.
2791 4342 2857 4396 Et
2886 4358 3010 4397 eum
3034 4342 3150 4397 dies
3186 4352 3479 4410 noctesque
3508 4342 3576 4398 ad
3602 4356 3793 4399 recon-

2217 4433 2544 4489 ciliationem
2574 4432 2744 4487 solam
2772 4433 2993 4489 minime
3019 4431 3305 4499 subiciant,
3337 4435 3611 4497 muneris.
3641 4449 3796 4506 rogo,

2216 4525 2474 4581 efferendi
2501 4525 2729 4594 quando
2742 4523 2891 4577 locus
2912 4524 3157 4592 patebit?
3182 4522 3288 4578 Sed
3330 4533 3560 4593 pateret,
3597 4539 3803 4595 pm:-

2217 4616 2513 4681 mo,.locus
2548 4615 2616 4670 ad
2643 4615 2841 4684 ipsum,
2871 4615 2915 4669 si
2938 4615 3153 4684 quidem
3196 4630 3395 4670 munus
3428 4617 3804 4673 reconciliatio

2217 4709 2379 4774 foret,
2408 4709 2452 4763 si
2497 4706 2761 4777 proximis
2806 4705 3144 4761 satisfactum
3196 4705 3417 4769 fuisset;
3449 4723 3588 4776 quos
3613 4709 3799 4779 utique

2216 4816 2483 4872 nusquam
2504 4797 2734 4868 amplius
2769 4812 2855 4852 me
2888 4798 3111 4864 lmsisse,
3141 4810 3263 4852 eum
3302 4799 3356 4852 in
3393 4799 3641 4868 pluribus
3668 4815 3801 4856 con-

2217 4893 2396 4958 ﬁteor,
2425 4907 2587 4961 quam
2638 4891 2692 4944 in
2733 4905 2818 4955 eo,
2858 4889 2999 4960 quod
3050 4904 3214 4960 quam
3261 4893 3503 4961 graviter
3550 4891 3799 4947 Salvator

2214 5041 2347 5100 quas
2394 5022 2565 5100 sentiq
2607 5019 2776 5100 iugeri
2796 5020 2999 5100 impetu
3040 5022 3254 5100 spiritus
3276 5023 3588 5100 cognodoxi;
3608 5031 3656 5076 et
3682 5039 3795 5100 pre.

2215 5091 2326 5159 cor,
2365 5102 2421 5147 ut
2463 5091 2670 5160 auferat
2718 5091 2899 5145 citium
2940 5106 3142 5159 quoque
3182 5092 3401 5144 desidite
3439 5104 3486 5144 et
3545 5091 3786 5162 tor-paris.

2213 5165 2353 5237 quod
2385 5163 2514 5231 facit
2540 5162 3054 5237 nte_circumquaque
3099 5162 3395 5237 discurrere
3423 5176 3526 5214 non
3549 5174 3658 5237 tam
3684 5179 3795 5214 cor-

2213 5230 2339 5324 pore
2367 5230 2524 5304 quam
2555 5232 2731 5324 animo
2756 5247 2774 5284 :
2794 5232 2951 5324 litem.
2970 5230 3045 5282 ‘ut
3075 5230 3279 5324 auferat
3297 5232 3793 5324 inconstantiam.“

2964 5316 3037 5324 η...
3103 5298 3155 5324 -.⁷
3188 5298 3546 5324 Δ-...Ιέ-ἔι--ι-...
