4032 5354
185 320 295 380 ωε

1099 314 1527 378 EXCERPTUM
1566 310 1660 374 EX
1712 312 2013 374 DlALOGO
2048 308 2614 375 CONFESSIONALI.

3364 298 3513 380 4261

187 430 478 494 denuntiet
506 432 766 491 attende:
818 432 921 502 Qui
960 434 1437 500 scandalizaverit,
1489 431 1780 501 inquiens,
1811 436 1857 495 Α
1888 429 2053 485 fuerit
2102 446 2301 497 causa;
2356 430 2489 485 mihi
2537 427 2793 498 videtur,
2827 425 2972 501 quod
3016 444 3102 487 me
3145 429 3211 505 [l.
3245 430 3301 489 in
3355 436 3474 511 me]

187 546 351 585 unum
379 528 447 582 de
473 528 685 599 pusillis
715 528 848 594 istis,
874 528 965 595 qui
998 528 1052 582 in
1083 545 1163 582 me
1192 528 1443 591 credunt,
1476 524 1677 595 expedit
1711 523 1784 590 ei,

188 632 244 676 ut
276 621 636 691 suspendatur
664 620 803 674 mola
831 620 1066 673 asinaria
1091 620 1143 672 in
1176 616 1310 671 collo
1333 617 1471 686 ejus,
1500 624 1547 670 et
1575 613 1779 669 demer-

188 720 345 783 gatur
378 711 434 765 in
468 711 797 781 profundum
834 710 996 764 maris
1028 709 1245 781 (Matth.
1278 724 1433 773 xvm,
1467 707 1543 776 6).

642 801 876 873 Itemque
908 812 1023 872 post
1060 802 1329 873 quoniam.

256 892 349 949 35.
382 892 792 964 Tergiversari,
839 894 940 959 ais,
992 894 1221 948 nimium
1274 892 1475 949 videris
1523 892 1679 959 mihi,
1729 900 1786 948 et
1824 893 1835 907 '

186 986 309 1043 eolli
358 986 536 1041 instar
582 985 819 1042 volucris
866 986 1126 1040 Enniana:
1176 984 1412 1040 colorem
1464 1001 1587 1040 cum
1632 992 1784 1039 motu

187 1087 423 1135 mutare.
456 1077 615 1134 Nunc
646 1078 791 1134 enim
837 1070 1062 1132 nimium
1117 1078 1353 1149 rigorem
1380 1118 1395 1143 ,
1432 1076 1597 1148 279
1640 1090 1785 1133 nunc

187 1170 244 1227 in
284 1179 336 1226 te
366 1169 664 1225 maximam
690 1169 931 1226 admiror
957 1169 1271 1234 mollitiem;
1309 1185 1453 1224 nunc
1483 1169 1639 1240 quasi
1674 1170 1785 1224 fer-

186 1276 375 1317 vorem
399 1302 418 1329 ,
447 1260 612 1318 modo
655 1271 937 1333 teporem;
993 1277 1139 1316 nunc
1191 1260 1555 1316 constantiam
1582 1301 1598 1326 ,
1639 1276 1785 1317 nunc

186 1355 380 1412 studeo
431 1352 558 1428 [leg.
592 1352 770 1425 video]
800 1352 1242 1417 dissolutionem;
1283 1367 1426 1406 nunc
1458 1350 1667 1407 sincere
1707 1350 1785 1423 (et

188 1446 397 1501 utinam
427 1444 512 1500 vel
546 1444 879 1516 aliquoties),
902 1460 1044 1499 nunc
1067 1442 1319 1498 simulate
1346 1442 1498 1509 mihi,
1531 1451 1611 1509 ut,
1646 1443 1784 1513 proh

186 1535 660 1608 nefaslsemper,
715 1546 908 1592 cuncta
953 1535 1156 1591 videris
1212 1533 1460 1600 referre,
1516 1543 1573 1588 et
1624 1534 1786 1589 modo

188 1629 489 1685 miserabili
519 1630 770 1701 quzedam
804 1628 1110 1684 conﬁtendo
1154 1641 1370 1698 quoque
1398 1624 1608 1692 celare;
1642 1625 1786 1681 sicut

186 1721 316 1779 illud
346 1724 609 1794 primum,
640 1722 783 1795 quod
837 1723 971 1778 mibi
1026 1723 1212 1789 etiam,
1258 1720 1350 1793 qui
1380 1729 1433 1776 te
1469 1736 1577 1776 non
1606 1720 1785 1776 minus

186 1830 351 1887 quam
378 1815 521 1872 idem
554 1816 773 1888 agnovi,
807 1816 881 1872 ita
912 1815 1113 1888 legenti
1159 1816 1449 1881 occulitur,
1481 1830 1546 1869 ac
1596 1813 1642 1869 si
1684 1813 1784 1868 mi-
1811 1831 1861 1894 Β

184 1910 335 1966 nime
366 1909 660 1966 diceretur.
694 1909 795 1976 lta,
824 1910 1065 1980 inquam,
1096 1910 1171 1964 ita
1204 1925 1327 1965 esse
1356 1908 1643 1975 conﬁteor,
1687 1922 1785 1978 pa-

185 2002 321 2059 riter
348 2012 407 2059 et
450 2003 669 2059 actibus
718 2003 1053 2057 demonstro.
1107 2002 1182 2057 De
1233 2001 1326 2056 illo
1376 2009 1557 2055 tamen
1587 2039 1602 2065 ,
1636 1998 1785 2069 quod

185 2089 341 2154 faris,
368 2091 497 2161 quia
522 2091 680 2162 pejus
713 2090 850 2157 fore,
895 2091 939 2145 si
989 2090 1242 2145 omnibus
1284 2097 1515 2161 pateret,
1548 2088 1781 2154 adverti,

186 2181 438 2238 sumcere
466 2182 699 2247 credidi,
748 2182 793 2237 si
834 2182 1028 2252 quovis
1080 2182 1240 2236 modo
1285 2189 1340 2234 tu
1394 2180 1541 2236 solus
1569 2179 1785 2235 valeres

186 2270 315 2333 inde
343 2272 543 2329 melius
579 2272 889 2330 certiﬁcari.
926 2272 1002 2327 Te
1028 2287 1159 2327 vero
1190 2272 1318 2327 dum
1350 2271 1614 2343 alloquor,
1655 2287 1785 2328 ocu-

186 2365 359 2423 lstum
419 2367 759 2440 quemlibet,
812 2366 1031 2439 qualem
1077 2366 1285 2424 scilicet
1332 2368 1515 2441 regula
1552 2388 1583 2425 a
1626 2369 1782 2425 nobis

188 2466 533 2530 transgressa
578 2461 807 2527 suadet,
852 2460 1088 2532 aSpicio,
1132 2462 1223 2531 qui
1263 2461 1447 2530 utique
1495 2477 1591 2517 sua
1638 2461 1785 2517 norit

188 2565 405 2618 curare,
437 2563 493 2610 et
523 2552 700 2609 aliena
728 2552 954 2609 vulnera
985 2569 1093 2608 non
1116 2552 1367 2623 detegere
1398 2562 1451 2607 et
1479 2552 1779 2621 publicare.

184 2638 331 2698 Nam
372 2658 479 2699 nec
501 2644 662 2700 debes
690 2643 960 2710 oblivisci,
991 2628 1134 2713 quod
1173 2644 1239 2698 de
1288 2642 1533 2714 neglecta
1582 2643 1784 2699 diutius

184 2736 533 2795 confessione
567 2738 816 2809 superius
844 2738 1062 2793 audisti.
1093 2736 1306 2805 Quare,
1340 2737 1521 2808 inquis
1542 2778 1558 2805 ,
1594 2746 1651 2793 et
1694 2738 1784 2794 cui

184 2826 494 2894 conﬁteris,
517 2827 563 2882 si
590 2826 811 2883 aﬂ'ectas
841 2826 1009 2884 celari
1044 2828 1068 2882 ?
1096 2828 1229 2895 Deo,
1262 2828 1505 2899 inquam,
1536 2837 1592 2885 et
1620 2829 1776 2885 mihi.

186 2918 417 2976 Deocur
445 2920 470 2974 ?
500 2920 701 2991 inquis.
734 2919 849 2976 Non
899 2929 962 2975 ut
1002 2921 1217 2976 noverit
1244 2961 1260 2988 ,
1294 2921 1515 2993 inquam
1538 2963 1552 2988 ,
1583 2922 1675 2991 qui
1706 2920 1784 2976 nil

186 3010 329 3067 valet
348 3012 624 3082 ignorare,
669 3012 765 3067 sed
796 3020 858 3067 ut
884 3012 1137 3084 dignetur
1166 3012 1467 3069 remittere.
1519 3013 1595 3068 Ita
1638 3012 1781 3069 enim

187 3103 345 3158 audio
372 3111 430 3158 et
454 3102 784 3174 PrOpbetam
825 3118 1179 3174 praesumere,
1220 3104 1353 3159 mihi
1397 3112 1458 3158 ut
1504 3104 1784 3175 aliquanto

1888 519 1979 576 illa
2009 562 2025 587 ,
2073 538 2234 593 quam
2275 531 2590 591 putaveram
2622 562 2636 587 ,
2669 530 2833 588 esset,
2883 522 3010 593 quia
3062 523 3341 583 humilitas
3395 528 3471 585 sit

1886 613 2136 669 elationis
2157 614 2331 685 (572),
2352 612 2504 684 pejor
2524 614 2699 668 ruina.
2716 613 2844 670 Inde
2864 616 3009 671 enim
3032 618 3303 688 superbia,
3328 621 3475 678 unde

1886 724 1974 764 me
2024 709 2487 779 despectissimum
2543 708 2845 765 certissime
2888 717 2944 766 et
2998 711 3138 767 infra
3193 706 3477 773 universos

1886 800 2127 866 attendo,
2168 814 2292 854 cum
2343 800 2523 855 caeteri
2554 798 2678 855 inde
2706 798 2915 856 soleant
2938 801 3327 873 gloriari,unde
3357 822 3471 862 ca:-

1887 890 2021 947 teris
2072 907 2131 947 se
2156 891 2342 946 vident
2378 891 2665 948 excellere.
2716 890 2871 958 Quod
2924 894 3029 950 nisi
3083 896 3474 971 turpiloqnium

1886 982 2077 1039 saltem
2106 982 2160 1036 in
2193 982 2298 1037 isto
2336 992 2610 1053 praecepto
2640 986 2895 1053 vitarem,
2943 988 3243 1056 apostolico
3290 989 3478 1045 condi-

1887 1089 1991 1147 gno
2013 1073 2354 1129 enuclearem
2379 1074 2544 1145 280
2571 1077 2838 1148 exemplo.
2876 1077 2948 1133 At
2983 1079 3111 1149 quia
3140 1079 3321 1137 deﬁcit
3359 1080 3477 1137 elo-

1890 1165 2099 1235 quium,
2129 1180 2229 1220 nec
2255 1165 2381 1232 fari,
2438 1167 2583 1237 quod
2612 1184 2643 1223 a
2678 1184 2765 1225 me
2818 1170 2937 1240 ipso
2980 1171 3179 1241 patior,
3234 1187 3475 1243 possum,

1887 1259 2129 1314 exterius
2157 1259 2283 1314 dum
2315 1274 2400 1315 me
2429 1260 2526 1314 tibi
2559 1275 2725 1316 cerno
2755 1262 3116 1328 notissimum,
3145 1279 3213 1319 ne
3246 1264 3478 1321 interius

1893 1350 1987 1403 tibi
2013 1365 2231 1421 quoque
2255 1350 2473 1417 lateam,
2512 1350 2689 1422 dirigo
2719 1360 2773 1407 te
2813 1353 2880 1408 ad
2934 1353 3255 1425 Gregorium
3300 1354 3478 1412 Deilo-

1888 1456 2075 1511 quum,
2106 1442 2254 1497 illum
2284 1443 2597 1514 interroga;
2644 1445 2774 1515 quid
2801 1444 2870 1501 de
2893 1447 3140 1516 reprobis
3178 1447 3481 1519 bypocritis

1886 1540 1943 1587 et
1971 1534 2351 1604 arrogantibus
2392 1535 2615 1601 sentiat,
2658 1536 2857 1591 hauri:
2904 1537 2975 1591 ibi
3028 1553 3115 1593 me
3159 1540 3478 1609 conspicere

1888 1632 2060 1681 totum
2099 1626 2322 1682 valebis.
2392 1626 2450 1682 lu
2491 1630 2785 1686 evitatione
2808 1670 2824 1697 ,
2863 1629 3042 1701 inquis
3067 1671 3081 1696 ,
3144 1630 3479 1689 soltecismo-

1888 1730 2010 1769 rum
2062 1718 2483 1774 constructionis
2547 1736 2710 1791 quam
2772 1720 2998 1777 rationis
3052 1735 3221 1791 vero,
3278 1723 3478 1780 dictio-

1888 1823 2210 1878 numquam
2271 1810 2546 1866 actionum
2596 1812 2770 1868 videri
2823 1811 2966 1867 valet
3016 1812 3387 1883 perspicacius
3426 1821 3481 1871 te

1887 1913 2009 1955 esse
2038 1901 2181 1970 quod
2205 1900 2361 1969 dicis,
2391 1902 2518 1957 dum
2560 1904 2736 1975 magis
2763 1904 2954 1974 utique
3000 1903 3246 1972 aﬁ‘ectas,
3270 1906 3317 1962 si
3355 1920 3485 1962 suc-

1886 1993 2105 2048 cederet
2139 2002 2341 2060 tamen,
2386 1996 2559 2051 videri
2613 1996 2898 2068 eloquens,
2956 2014 3122 2068 quam
3175 1999 3289 2070 ipse
3333 1999 3479 2070 quod

1885 2083 2025 2140 bene
2039 2084 2278 2155 loqueris
2293 2086 2462 2157 (575),
2479 2102 2802 2158 exsequens.
2821 2088 3102 2147 Plantares
3120 2090 3481 2147 libentissime

1885 2174 2065 2239 video,
2107 2184 2297 2231 contra
2339 2176 2683 2233 interdictum
2746 2178 2897 2245 licet,
2951 2180 3005 2234 in
3066 2181 3226 2237 domo
3262 2179 3479 2238 Domini

1885 2282 2099 2335 nemus,
2136 2270 2229 2339 qui
2256 2270 2310 2326 in
2338 2271 2750 2327 arbusculorum
2780 2272 2888 2327 situ
2914 2280 3025 2327 tam
3063 2288 3125 2330 es
3169 2274 3473 2331 studiosus.

1885 2360 2060 2428 Mane,
2100 2362 2342 2433 inquam,
2387 2380 2546 2420 mane
2596 2366 2823 2432 videbis,
2881 2367 3004 2438 quis
3032 2368 3155 2436 sim,
3211 2370 3477 2441 spondeo,

1884 2452 2104 2522 clarius,
2154 2470 2253 2512 nec
2272 2464 2453 2512 tamen
2508 2458 2836 2530 reprimetur
2881 2468 3063 2517 tumor
3091 2460 3160 2517 ob
3192 2461 3247 2518 id
3283 2462 3476 2531 semel,

1883 2547 2166 2618 promitto,
2196 2560 2509 2619 conceptus.
3496 2536 3497 2539 Ἰ

1957 2638 2045 2693 54.
2075 2638 2441 2711 Iniquitatem,
2490 2642 2567 2697 ait
2601 2641 2912 2710 Psalmista,
2955 2646 3002 2701 si
3027 2647 3208 2717 aspexi
3236 2647 3292 2702 in
3318 2648 3479 2704 corde

1884 2747 2020 2799 meo,
2050 2749 2154 2787 non
2194 2734 2440 2789 exaudiet
2490 2734 2749 2792 Dominus
2796 2736 2971 2809 (Psal.
3006 2753 3131 2807 va,
3174 2739 3284 2814 18).
3317 2739 3473 2809 Quod

1886 2824 2015 2881 licet
2046 2840 2146 2896 pro
2172 2825 2400 2881 arbitrio
2443 2827 2524 2884 sic
2577 2827 2665 2883 vel
2713 2830 2793 2885 sie
2826 2829 3007 2886 valeat
3055 2830 3301 2903 intelligi,
3345 2832 3480 2888 dicit

1886 2917 2031 2973 enim
2086 2916 2387 2973 Dominus:
2423 2916 2484 2973 Si
2515 2935 2619 2974 non
2664 2921 2972 2976 remiseritis
3021 2921 3321 2977 hominibus
3358 2938 3482 2993 pec-

1887 3018 2006 3064 cata
2046 3025 2246 3074 eorum,
2294 3026 2386 3064 nec
2418 3008 2581 3065 Pater
2604 3021 2768 3068 vester
2812 3013 3029 3069 caelestis
3078 3016 3303 3070 remittet
3334 3014 3480 3071 vobis

1889 3100 2085 3169 (Marc.
2116 3118 2195 3169 χι,
2221 3102 2333 3174 25).
2368 3102 2436 3159 Et
2460 3104 2586 3160 alibi
2617 3124 2629 3159 ί
2662 3104 2769 3171 Qui
2808 3109 2993 3163 avertit
3038 3125 3223 3163 aurem
3265 3126 3418 3164 suam
3443 3126 3480 3165 α

187 3208 368 3249 verius
427 3203 593 3264 atque
648 3194 893 3251 securius
940 3194 1149 3251 valeam
1206 3195 1389 3252 dicere
1448 3212 1464 3250 :
1519 3195 1781 3251 Delictum
1808 3199 1857 3265 ο
1887 3194 2120 3250 clamore
2145 3197 2413 3268 pauperis,
2445 3208 2494 3252 et
2538 3199 2649 3268 ipse
2671 3198 2923 3254 clamabit
2959 3210 3009 3255 et
3038 3218 3143 3257 non
3163 3203 3484 3257 exaudiatur

188 3301 360 3340 meum
386 3301 571 3340 coram
611 3302 692 3341 me
736 3296 811 3341 est
858 3302 1063 3357 semper
1090 3284 1263 3358 (Psal.
1294 3302 1348 3353 ι,
1376 3287 1456 3360 5),
1489 3288 1634 3357 quod
1673 3303 1782 3345 non

188 3379 368 3435 fuerat
395 3378 605 3451 utique,
636 3379 681 3435 si
711 3394 817 3436 non
848 3380 1167 3452 contigisset
1194 3380 1512 3451 scripsisse;
1543 3381 1785 3437 dictum-

189 3486 292 3542 que
318 3471 592 3543 gaudere:
622 3471 817 3527 Beatus
857 3472 949 3542 qui
985 3487 1189 3543 semper
1235 3481 1309 3527 est
1346 3472 1568 3543 pavidus
1598 3471 1782 3545 (Prov.

187 3581 360 3622 xxvttt
388 3606 406 3633 ,
446 3566 560 3637 14).
615 3565 683 3621 Et
721 3583 735 3621 :
770 3565 897 3632 Cor,
946 3565 1085 3636 quod
1128 3566 1327 3620 noverit
1375 3566 1785 3621 amaritudinem

184 3661 383 3714 anime
406 3674 542 3725 suae,
564 3659 622 3712 in
648 3658 841 3728 gaudio
872 3656 1017 3712 illius
1044 3674 1149 3712 non
1177 3657 1481 3712 miscebitur
1501 3666 1784 3714 extraneas

187 3749 374 3823 (Prov.
407 3767 521 3817 XIV,
548 3752 660 3823 10).
688 3752 795 3807 Sed
827 3752 1042 3819 melius,
1072 3753 1272 3823 inquis,
1294 3752 1473 3808 fuerat
1503 3752 1556 3807 in
1585 3752 1786 3809 tabulis

187 3844 366 3899 cordis
395 3845 701 3916 scripsisse.
725 3844 936 3912 Melius,
965 3846 1206 3916 inquam,
1239 3845 1454 3911 melius,
1477 3854 1533 3900 et
1580 3844 1689 3901 illic
1729 3854 1787 3901 et

187 3935 312 3992 istic
326 3951 456 3992 vero
484 3954 555 4009 pu
565 3946 618 3993 to
630 3938 994 4009 praestantius.
1014 3937 1289 3994 Habemus
1304 3953 1436 3994 vero
1457 3953 1580 3993 cum
1597 3938 1783 4009 Augu-

186 4026 313 4083 stini
331 4043 550 4099 quoque
564 4029 811 4100 exemplo
827 4030 879 4085 in
894 4030 1225 4085 membranis
1239 4031 1421 4085 avium
1434 4032 1572 4087 conti
1581 4040 1781 4087 tentem

186 4119 503 4190 Apostolum
536 4139 550 4175 :
584 4121 686 4189 Qui
718 4124 863 4193 prius
892 4123 970 4193 fui
986 4122 1316 4194 blasphemus
1339 4134 1784 4195 etpersecutor,et

187 4212 596 4267 contumeliosus
632 4212 683 4285 (I
726 4212 859 4267 Tim.
896 4230 946 4281 ι,
984 4215 1092 4285 15).
1126 4215 1382 4286 Subrepit
1414 4216 1547 4283 tibi,
1577 4216 1778 4285 inquis,

185 4301 309 4359 hinc
342 4313 435 4358 aut
465 4304 737 4375 superbia:
766 4314 859 4359 aut
894 4306 1073 4361 inanis
1096 4307 1304 4377 glorise,
1334 4317 1429 4362 aut
1449 4316 1596 4363 certe
1625 4321 1782 4363 vanae

185 4396 497 4452 securitatis
526 4397 756 4452 tentatio
783 4398 984 4468 aliqua.
1017 4398 1162 4454 Pene
1182 4440 1197 4465 ,
1225 4400 1445 4469 inquam
1468 4440 1483 4467 ,
1514 4414 1685 4469 usque
1711 4399 1781 4453 ad

186 4485 621 4557 desperationem
671 4488 1030 4545 mortiferam.
1072 4489 1209 4545 Cum
1262 4491 1407 4547 enim
1438 4492 1618 4556 audio,
1652 4490 1779 4561 quia

1889 3286 2071 3358 (Prov.
2106 3303 2224 3355 xxi,
2257 3288 2344 3359 15)
2382 3306 2394 3343 :
2429 3289 2680 3361 exemplo
2727 3289 2961 3347 Herodis
2998 3292 3319 3365 hypocritze,
3349 3294 3480 3365 quia

1888 3367 2219 3435 Deum‘ﬁcte
2242 3388 2512 3449 quaerunt,
2544 3396 2821 3451 nunquam
2865 3382 3110 3439 invenire
3164 3394 3469 3442 merentur.

1887 3468 2031 3524 Nulli
2078 3484 2211 3525 vero
2264 3484 2408 3540 saepe
2458 3469 2831 3529 continuatius
2892 3472 3207 3543 psalmodiis
3254 3483 3477 3541 vacant,

1886 3561 2136 3618 crebrius
2176 3560 2470 3617 missarum
2512 3561 2773 3618 solemnia
2819 3562 3115 3629 celebrant,
3146 3564 3478 3635 pauperibus

1886 3654 2195 3710 necessaria
2224 3653 2487 3721 tribuunt,
2535 3656 2911 3726 praedicationi
2934 3656 3167 3728 amplius
3196 3658 3475 3728 insistunt,

1885 3745 1943 3801 in
1973 3745 2171 3816 quibus
2204 3746 2415 3802 cunctis
2450 3746 3068 3804 evidentissime-videri
3097 3750 3230 3806 mihi
3262 3750 3479 3822 erperi-

1885 3848 2071 3895 mento
2121 3839 2393 3911 praecipue
2431 3840 2539 3895 mei
2592 3840 2876 3907 conﬁteor,
2912 3842 3257 3912 iniquitatem
3311 3859 3478 3915 quam

1885 3929 2019 3985 dicit
2048 3930 2241 4001 ipsam,
2292 3945 2453 4001 quam
2484 3931 2536 3986 in
2561 3945 2647 3986 me
2672 3933 2981 4001 considero,
3032 3932 3151 3991 fore
3180 3934 3473 4006 duplicita-

1885 4029 2017 4079 tem.
2057 4022 2277 4078 Duabus
2319 4024 2463 4079 enim
2509 4024 2667 4095 quasi
2715 4024 2912 4097 linguis
2940 4027 3047 4083 duo
3083 4028 3331 4099 quaadam
3389 4043 3481 4085 re-

1884 4114 1993 4170 cito
2017 4114 2190 4187 (574),
2215 4116 2559 4173 audientibus
2578 4116 2817 4189 psalmos
2843 4118 2927 4174 vel
2949 4119 3094 4175 aliud
3119 4121 3273 4191 quid,
3295 4122 3480 4181 cordis

1886 4207 2181 4277 inspectori
2226 4208 2381 4279 longe
2426 4209 2710 4265 dissimilia
2765 4210 2870 4265 alia
2898 4221 2954 4268 et
2982 4212 3305 4283 innumera;
3333 4215 3479 4273 sicut

1884 4299 1940 4355 in
1973 4300 2074 4355 ista
2129 4311 2308 4367 nocte,
2334 4301 2475 4357 istud
2505 4300 2659 4371 cujus
2688 4311 2771 4359 est
2800 4319 2961 4361 mane
3003 4305 3208 4379 (vigilia
3241 4322 3372 4365 vero
3394 4316 3481 4366 est

1883 4394 2250 4463 apostolorum
2278 4394 2509 4465 Philippi
2545 4405 2600 4451 et
2623 4394 2833 4467 Jacobi)
2861 4412 2985 4453 cum
3020 4398 3256 4470 impulsu
3280 4401 3481 4459 adver-

1884 4486 2014 4542 sarii
2038 4485 2313 4557 vigilarem
2347 4494 2405 4540 ut
2434 4501 2596 4555 saepe,
2627 4488 2865 4544 dormire
2918 4504 3041 4543 cum
3072 4490 3259 4547 utilius
3288 4491 3480 4562 utique

184 4580 368 4637 Justus
408 4584 465 4638 in
498 4583 793 4655 primordio
826 4594 1105 4639 accusator
1147 4593 1222 4640 est
1266 4585 1349 4639 sui
1386 4584 1566 4657 (Prov.
1603 4600 1733 4640 xvnt
1756 4625 1772 4651 ,

1888 4578 2041 4645 foret,
2059 4578 2111 4633 in
2128 4577 2304 4633 cubile
2319 4578 2494 4634 adhuc
2513 4589 2751 4636 tumente
2765 4595 2928 4651 super
2942 4598 3021 4649 re,
3043 4583 3174 4640 mihi
3189 4599 3308 4655 qua:
3324 4583 3476 4658 (575)

186 4672 302 4745 l7);
335 4675 751 4731 submurmurat
777 4676 976 4733 misero
1013 4677 1146 4733 mihi
1185 4678 1491 4734 miserrima
1520 4677 1776 4749 stultitia,

185 4765 267 4821 vel
305 4767 628 4823 stultissima
676 4768 900 4824 miseria
924 4810 939 4836 ,
972 4771 1118 4845 quod
1150 4770 1392 4827 imitatur
1438 4772 1490 4827 in
1540 4771 1645 4827 isto
1674 4771 1777 4827 sim

189 4856 370 4914 infelix
396 4857 943 4930 alicujusjustorum,
986 4870 1042 4917 et
1075 4863 1150 4917 ita
1179 4879 1306 4935 erga
1332 4864 1699 4921 miserrimum
1723 4872 1780 4920 et

189 4952 636 5022 perditissimum,
671 4957 717 5011 si
750 4956 825 5011 ita
854 4958 1023 5023 vadit,
1056 4957 1138 5028 agi
1163 4958 1459 5029 conspicio,
1483 4967 1541 5013 ut
1568 4966 1779 5029 specta-

190 5042 344 5100 bilius
370 5047 616 5118 conspici
643 5047 699 5102 in
725 5054 867 5104 terra
896 5056 1203 5104 monstrum
1238 5065 1345 5107 non
1378 5049 1543 5105 fuerit
1568 5050 1774 5106 datum.

192 5129 319 5189 Cum
350 5136 495 5191 enim
525 5135 803 5209 superbia,
835 5154 1070 5211 semper,
1104 5138 1159 5194 id
1198 5148 1282 5195 est
1312 5140 1569 5209 ambitio,
1606 5139 1779 5196 ruinae

199 5264 409 5354 “(572)
436 5267 706 5350 Construe
742 5286 756 5323 :
793 5268 926 5326 Mihi
956 5269 1184 5354 uidetur,
1223 5275 1362 5354 quod
1385 5272 1481 5354 illa
1505 5272 1561 5354 in
1586 5285 1777 5354 τηεβες

1884 4678 2073 4725 contra
2124 4676 2309 4724 votum
2361 4670 2658 4727 acciderat.
2709 4670 2905 4730 Bonito
2947 4689 3183 4746 namque
3229 4684 3355 4731 tuus
3394 4675 3478 4731 la-

1884 4778 2035 4828 nam,
2065 4762 2221 4834 jnssn
2244 4763 2450 4833 absque
2488 4779 2634 4831 meo,
2658 4764 3006 4837 dispensasse
3042 4766 3324 4833 fratribus,
3353 4765 3474 4823 fue-

1883 4863 1969 4911 rat
2002 4855 2315 4922 nuntiatus;
2343 4870 2577 4926 cumque
2606 4856 2713 4912 ista
2736 4866 2792 4914 et
2825 4858 2931 4914 alia
2954 4857 3241 4931 illegaliter
3258 4857 3347 4914 hic
3374 4873 3474 4913 ac-

1882 4945 2065 5001 cidere
2091 4959 2499 5018 exaggerarem,
2523 4955 2580 5003 et
2598 4947 2831 5017 vigilans
2854 4964 3046 5005 eorum
3074 4949 3206 5005 mihi
3239 4949 3473 5023 phanta-

1886 5048 2063 5096 smata
2092 5050 2568 5113 repraesentarem,
2612 5046 2840 5113 perveni
2874 5043 3124 5112 cogitans
3158 5043 3283 5102 loco
3303 5042 3483 5117 (576),

1885 5134 1977 5192 ubi
2009 5133 2242 5194 habetur
2282 5135 2338 5192 in
2362 5150 2446 5203 ea,
2474 5150 2637 5207 quam
2685 5137 2876 5195 miseri
2921 5135 3315 5204 abdicavimus,
3341 5136 3489 5210 lege,

1956 5271 2110 5354 (ξπ)
2161 5273 2585 5354 Becitgscilicet
2608 5286 2706 5327 ore
2743 5274 2984 5354 psalmos
3039 5274 3410 5354 audientibus“,
3430 5281 3492 5330 et
