4032 5354
530 291 638 350 427

1498 290 1830 352 BATHEBll
1864 292 2081 352 EPISC.
2124 293 2386 352 VERON.
2428 294 2581 355 OPP.
2624 294 2805 354 PARS
2842 294 2885 352 Ι.

3715 293 3827 357 428

537 411 682 483 quod
710 410 896 482 utique
919 418 1202 481 tantopere
1221 426 1340 475 nos,
1365 411 1622 481 peculiari
1654 429 1785 468 vero
1809 413 1899 468 illo
1925 412 2119 479 nostri,
2150 423 2199 479 Λ
2226 413 2588 479 mentissima,
2620 413 2775 468 istius
2800 410 3004 468 festuca
3041 411 3379 470 tenuissima.
3412 412 3482 470 Et
3515 412 3672 486 (578)
3700 426 3828 470 ecce

537 498 647 558 non
676 501 771 556 Dei
811 517 997 558 amore
1018 502 1399 571 amplectimur
1435 501 1669 556 abbatuli
1697 520 1710 555 :
1738 501 1864 559 Sine
1877 503 2124 575 jussione

532 595 738 650 abbatis
768 594 897 649 nihil
932 594 1118 666 faciat.
1166 593 1487 650 Incumbens
1532 611 1661 667 ergo
1693 595 1822 660 illic,
1853 606 1908 651 et
1929 613 2125 653 causas

532 686 661 745 inde
691 697 1044 758 comportans
1095 688 1370 756 vindictae,
1405 689 1547 761 (εωρί
1592 689 1851 762 cogitare,
1906 700 2050 747 esset
2077 690 2123 747 si

448 786 457 794 ’
529 786 698 852 aliud,
731 802 900 857 quare
927 787 994 842 ad
1029 785 1333 856 huiusmodi
1377 789 1531 859 quasi
1567 789 1829 844 honorem
1856 798 1965 844 Iam
1998 790 2118 845 avi-

530 880 601 935 de
644 878 996 934 inhiaremus.
1032 878 1175 934 Nihil
1210 880 1353 950 aliud
1405 881 1651 936 invenire
1680 879 1822 938 valui
1869 896 2116 952 prorsus.

528 972 691 1044 28],
721 970 850 1026 lude
875 987 997 1027 cum
1033 969 1224 1028 fuisset
1250 982 1469 1027 ventum
1513 973 1580 1028 ad
1624 973 1951 1040 matutinos,
1982 971 2126 1042 psal-

529 1078 682 1119 mum
710 1078 805 1117 ore
827 1062 1096 1128 dicebam,
1120 1064 1282 1119 corde
1302 1064 1637 1119 clamabam:
1662 1064 1707 1120 0
1730 1064 1976 1122 Oderade
1996 1065 2125 1121 stul-

528 1151 739 1208 tissime
778 1151 950 1224 (577),
984 1153 1213 1209 hoccine
1244 1164 1395 1219 erat,
1444 1154 1588 1226 quod
1630 1155 1901 1226 octoginta
1939 1153 2119 1224 libris,

526 1256 911 1315 tenacissimus
942 1273 1067 1313 cum
1110 1259 1382 1329 putareris
1424 1258 1536 1332 (sic
1562 1261 1707 1316 enim
1735 1261 1849 1328 sic,
1895 1276 2038 1332 saepe
2065 1260 2124 1317 in

518 1347 740 1420 iudiciis
783 1365 1070 1417 erramus,
1130 1351 1354 1418 miseri,
1406 1352 1610 1408 nostris
1630 1351 1675 1427 ),
1726 1369 1834 1410 non
1864 1353 2123 1409 dubitasti

524 1442 765 1500 emisse?
799 1442 933 1509 Sile,
972 1444 1091 1510 sile,
1124 1460 1359 1512 moneo;
1399 1461 1591 1502 moneo
1623 1446 1863 1519 inquam,
1888 1463 1924 1504 o
1946 1449 2121 1520 hypo-

523 1536 694 1601 crita,
741 1551 969 1603 moneo,
1018 1536 1151 1603 sile,
1201 1537 1337 1606 ccepi
1370 1548 1609 1593 actutum
1645 1538 1921 1608 clamare;
1959 1549 2011 1595 te
2038 1540 2122 1597 in-

525 1636 720 1695 tuere;
763 1628 914 1685 illum
945 1628 1211 1701 relinque.
1242 1630 1392 1702 Ejice
1416 1632 1625 1688 trabem
1655 1634 1721 1689 de
1748 1633 1908 1690 oculo
1931 1645 2043 1701 tuo,
2066 1643 2123 1692 et

521 1730 653 1780 tunc
682 1723 868 1780 fratris
894 1725 960 1781 de
1002 1725 1232 1791 intuitu,
1277 1726 1323 1781 si
1366 1727 1517 1782 voles
1555 1735 1649 1782 aut
1677 1727 1857 1794 vales,
1881 1728 2121 1801 propelle

2228 505 2370 560 inter
2401 505 2489 560 illa
2519 506 2682 577 282
2707 506 3029 578 hymnorum
3053 505 3307 561 melliflua
3331 505 3576 563 carmina
3597 519 3828 577 magnus

2228 611 2261 651 a
2302 594 2535 651 Leodico
2566 597 2652 651 ille
2679 611 2848 666 nuper
2874 596 3088 652 habitus
3116 595 3277 652 irruit
3295 596 3593 663 exercitus,
3625 610 3821 653 servo-

2227 704 2347 744 rum
2377 688 2768 744 inaestimabilis
2789 687 3080 744 multitudo
3101 730 3116 755 ,
3144 698 3200 745 et
3222 688 3510 759 qualium?
3544 689 3830 758 Equorum

2228 782 2770 854 generosissimarum
2806 781 2951 838 mille
2990 781 3167 838 modis
3194 783 3512 854 discrepans
3536 781 3826 852 hinnitus,

2228 881 2628 929 mastrucarum
2653 882 3083 947 cmterorumque
3118 883 3429 942 ornatuum,
3459 874 3825 944 mensalium,

2226 964 2607 1031 scamnahum,
2632 974 2967 1020 cortmarum
2990 1005 3007 1033 ,
3034 965 3478 1038 reliquorumque
3503 966 3825 1023 commodo-

2226 1078 2345 1118 rum
2367 1078 2487 1119 esse
2514 1065 2605 1133 qui
2633 1072 2883 1134 potuerat
2922 1064 3328 1121 diversissimus
3365 1073 3688 1137 apparatus,
3719 1064 3829 1122 cle-

2226 1154 2465 1213 ricorum
2484 1155 2630 1229 (579)
2649 1166 2701 1211 et
2728 1155 3118 1213 cucullatorum
3142 1155 3607 1213 nobilissimorum
3634 1157 3829 1230 cigneo

2226 1260 2429 1308 canere
2459 1249 2667 1306 dulcior
2696 1266 2879 1316 sonus,
2919 1260 3273 1324 cognatorum
3320 1250 3540 1319 nobilis,
3569 1250 3826 1321 inﬁnita,

2224 1355 2589 1428 pulcherrima
2616 1366 2779 1426 atque
2806 1355 3147 1423 charissima,
3177 1353 3314 1412 ﬂens
3336 1371 3555 1427 quoque
3603 1362 3665 1414 es
3706 1355 3830 1430 eju-

2226 1447 2346 1503 lans
2390 1448 2474 1519 (ut
2500 1448 2880 1519 pauperiorum
2927 1447 3309 1518 meminerim)
3335 1446 3567 1518 relinqui
3598 1464 3659 1504 se
3681 1446 3828 1520 quod

2224 1538 2463 1603 videbat,
2497 1547 2712 1594 caterva
2737 1537 2925 1610 (580):
2968 1537 3374 1594 desertitudinis
3410 1537 3563 1611 (581)
3608 1537 3825 1595 illorum

2227 1628 2480 1704 [subaudi
2509 1628 2808 1700 irruerunt]
2836 1628 3147 1701 praeiudicia
3176 1649 3189 1685 :
3222 1630 3386 1703 283
3421 1628 3638 1688 labores
3667 1631 3825 1688 innu-

2226 1722 2516 1779 merabiles
2538 1732 2700 1793 atque
2725 1721 3061 1794 periculosos
3090 1722 3368 1791 itinerum,
3393 1725 3823 1797 dispendiorum,

523 1815 810 1873 festucam.
839 1815 999 1884 Nam,
1023 1826 1084 1873 ut
1102 1818 1389 1875 verissime
1413 1819 1610 1887 fatear,
1636 1821 1690 1876 in
1716 1822 2121 1892 comparatione
2147 1808 2197 1870 B
2224 1826 2280 1872 et
2300 1815 2676 1871 inﬁrmitatutn
2708 1816 2809 1872 bac
2839 1815 2954 1872 sola
2983 1832 3082 1888 pro
3107 1817 3374 1873 sententia
3413 1818 3696 1890 perpessi;
3724 1832 3824 1890 pe-

520 1906 711 1976 istius,
737 1925 901 1982 quam
934 1910 1188 1980 miraris,
1232 1912 1461 1969 stultitia
1508 1923 1597 1970 tua
1631 1923 1717 1971 est
1743 1915 1926 1973 trabes
1953 1916 2116 1974 vehe-

521 2070 764 2145 habetur,
790 2071 1026 2145 inquam,
1045 2072 1105 2145 id
1124 2073 1265 2145 quod
1288 2090 1382 2145 nos
1408 2072 1648 2127 abbatuli
1677 2083 1945 2143 tantopere
1968 2093 2112 2131 com-

523 2140 823 2212 plectimur,
849 2140 1108 2212 peculiari
1135 2140 1278 2197 'vero
1311 2143 1403 2198 illo
1444 2162 1622 2198 amore
1652 2140 1834 2209 nostri,
1866 2163 1965 2199 non
1998 2146 2115 2202 Dei.

521 2210 649 2268 Sine
670 2210 909 2284 jussione
934 2213 1161 2279 abbatis,
1195 2226 1302 2270 etc.
1362 2214 1683 2268 Abbatnlum
1707 2231 1765 2271 se
1795 2215 2117 2273 humilitatis

523 2283 689 2358 causa
712 2284 976 2358 nominat,
1003 2283 1088 2339 vel
1107 2285 1274 2358 etiam
1300 2288 1427 2356 quia
1449 2302 1556 2341 non
1587 2286 1868 2356 insigniori
1896 2298 1952 2342 ct
1973 2290 2117 2358 priu-

521 2355 633 2425 cipi
660 2356 1016 2416 monasterio.
1044 2355 1122 2409 uti
1149 2368 1273 2410 erat
1304 2358 1595 2421 Lobieuse,
1619 2355 1715 2411 sed
1763 2358 1921 2412 alicui
1973 2355 2118 2414 infc-

519 2424 655 2497 riori
695 2426 1027 2497 monasterio
1076 2428 1422 2497 praesidebat,
1451 2428 1609 2497 quale
1661 2428 1829 2484 fuisse
1857 2428 2115 2486 Almense

517 2495 853 2561 coniecimus
876 2497 928 2550 in
955 2494 1085 2553 Vita
1104 2495 1222 2552 loco
1248 2507 1408 2552 antea
1437 2494 1757 2553 memoratu.

596 2567 743 2638 (577)
774 2566 879 2640 Hic
902 2565 1182 2640 Oderadus
1206 2579 1288 2623 est
1312 2569 1744 2640 illerlnouachus,
1768 2586 1927 2640 quem
1951 2571 2115 2627 simo-

517 2637 692 2694 niacaé
718 2637 1166 2710 emptioni_rcuut
1199 2639 1458 2710 coarguit
1482 2656 1631 2693 num.
1661 2640 1753 2694 ‘22.
1782 2637 1982 2696 Confer
2016 2643 2115 2697 ibi-

518 2718 649 2781 dem
666 2718 778 2763 not.
807 2708 932 2781 544.
965 2706 1102 2761 Hinc
1131 2718 1308 2781 autem
1334 2706 1461 2779 quid
1488 2710 1684 2764 emerit
1715 2712 2112 2781 cognoscimus,

516 2778 776 2834 nimirum
801 2779 1036 2849 aliquam
1058 2778 1452 2846 praelationem,
1476 2795 1568 2835 seu
1594 2778 1813 2849 parvam
1838 2778 2111 2838 abbatiam

517 2850 573 2905 in
602 2849 784 2921 aliquo
798 2849 1042 2922 fortasse
1078 2865 1146 2904 ex
1177 2850 1700 2917 iismonasteriolis,
1739 2869 1861 2922 qme
1887 2855 1953 2907 ad
1997 2855 2110 2922 pri-

516 2920 751 2976 marium
795 2920 1063 2991 Lobiense
1105 2923 1496 2978 monasterium
1545 2920 1912 2991 pertinebant.
1958 2920 2113 2980 Post-

515 3006 680 3063 quam
711 3008 841 3063 vero
877 2990 1107 3050 Oderadi
1139 2994 1465 3062 emptionem
1509 2990 1785 3063 coarguit,
1824 3010 1945 3050 mox
1986 3012 2109 3052 cum

514 3063 594 3136 ait
617 3083 629 3117 :
653 3061 787 3127 Sile,
809 3063 927 3136 sile,
951 3080 1154 3128 moneo,
1177 3061 1380 3128 moneo,
1403 3061 1791 3136 inquam,_etc.,
1819 3069 2111 3136 reprehen-

515 3133 727 3189 sionem
759 3133 824 3187 ad
850 3149 909 3189 se
933 3143 1289 3198 convertens,
1330 3133 1552 3203 majoris
1583 3136 1751 3191 multo
1776 3133 2020 3193 criminis
2049 3153 2108 3194 se

2220 1910 2418 1978 cunia,
2458 1916 2724 1980 quantum
2751 1909 2819 1965 ad
2846 1924 2966 1979 me,
2994 1909 3235 1966 maxima
3271 1910 3342 1967 ob
3371 1909 3426 1966 id
3465 1910 3692 1968 datione
3734 1910 3820 1967 di-

2217 2088 2251 2128 ν
2284 2090 2376 2137 na,
2399 2080 2554 2141 atque
2575 2068 2885 2124 charissima
2914 2081 3281 2141 cognatorum,
3312 2068 3405 2141 qui
3432 2068 3645 2126 scilicet
3663 2084 3823 2126 occa-

2218 2144 2370 2200 sione
2395 2151 2694 2198 mcmorata
2712 2143 2785 2196 ad
2808 2142 3195 2196 monasterium
3217 2142 3629 2208 conﬂuxerunt;
3652 2142 3820 2197 irruit

2218 2231 2430 2287 quoque
2443 2224 2651 2268 caterva
2676 2214 2810 2287 [iens
2833 2223 2879 2287 et
2917 2212 3127 2287 ejulans
3161 2219 3255 2287 (ut
3269 2213 3597 2269 meminerim
3617 2228 3821 2286 panpe-

2220 2282 2441 2353 riorum)
2464 2301 2524 2338 eo
2553 2282 2693 2355 quod
2724 2283 2928 2338 videbat
2950 2300 3004 2355 se
3033 2282 3275 2355 relinqui.
3618 2282 3631 2285 ’
3724 2282 3756 2355 Ἀ
3830 2282 3836 2289 ’

2292 2352 2442 2427 (5st)
2476 2352 2745 2427 Construe
2774 2354 3063 2427 etcxplica
3090 2352 3413 2427 zilrruerunt
3437 2354 3601 2410 menti
3618 2353 3822 2425 preju-

2218 2424 2359 2481 dicia
2390 2424 2783 2499 desertitudinis
2813 2424 3027 2499 illorum
3050 2442 3069 2480 :
3110 2426 3376 2480 irruernnt
3413 2424 3646 2499 perpessi
3685 2424 3817 2499 (seu

2217 2499 2273 2554 hi
2307 2499 2397 2567 qui
2435 2497 2678 2568 perpessi
2712 2497 2875 2558 sunt)
2907 2495 3134 2568 (labores
3167 2498 3612 2564 innumerabiles,
3634 2495 3817 2568 ﬁatque

2216 2566 2547 2641 periculosos:
2575 2570 2844 2641 itinerum,
2880 2566 3304 2641 dispendiorum,
3353 2566 3814 2641 et'in/irmitatunt

2216 2637 2312 2711 pro
2339 2641 2439 2711 hac
2467 2640 2580 2693 sola
2604 2640 2859 2711 sententia
2883 2638 3007 2711 (nisi
3036 2637 3379 2711 participium
3411 2638 3645 2711 perpessi
3670 2639 3816 2694 acci~

2216 2708 2469 2793 piendum
2501 2710 2753 2790 credatur
2781 2708 3185 2793 signiﬁcatione.
3204 2709 3449 2793 passiva,
3488 2708 3577 2793 illi
3612 2709 3690 2793 ista
3712 2711 3816 2765 hoc

2218 2778 2335 2851 ipso
2361 2795 2523 2851 opere
2558 2779 2817 2851 superius
2859 2789 3135 2851 nacta,ret
3165 2779 3419 2850 largitos,
3449 2788 3511 2851 et
3531 2795 3588 2833 n.
3619 2778 3694 2835 40
3713 2796 3813 2851 pro

2215 2849 2683 2907 innumerabilibus
2704 2850 2760 2905 in
2785 2849 2882 2904 hoc
2906 2850 3102 2905 saeculo
3145 2849 3424 2920 perpessis,
3463 2850 3610 2904 idem
3639 2849 3816 2919 parti-

2216 2924 2415 2991 cipium
2461 2924 2715 2992 perpessis
2754 2920 2967 2993 passiva
3001 2921 3395 2993 significatione
3435 2921 3814 2993 accipiuntur;

2216 2990 2323 3065 quo
2346 2990 2474 3047 casu
2507 2990 2884 3065 explicandum
2931 3002 2987 3046 et
3032 2990 3313 3060 legendum
3357 2999 3502 3047 esset
3537 2990 3818 3065 irrumat

2216 3063 2420 3119 labores
2446 3063 2852 3118 innumerabiles
2883 3073 2931 3115 et
2964 3065 3245 3132 periculosi
3277 3106 3289 3116 .
3315 3103 3330 3119 .
3364 3102 3379 3118 .
3408 3103 3426 3119 .
3450 3063 3688 3133 perpessi
3716 3079 3813 3132 pro

2214 3138 2316 3190 hac
2336 3135 2451 3191 sola
2473 3135 2750 3191 sententia)
2775 3150 2794 3189 :
2830 3134 2986 3188 irruit
3016 3136 3236 3197 pecunia
3256 3135 3514 3190 distracta
3540 3133 3608 3187 ob
3636 3134 3696 3205 id
3717 3135 3823 3205 ἐστ

515 3218 669 3278 reum
698 3205 948 3278 traducit.
984 3205 1295 3278 Cujusmodi
1331 3215 1508 3278 autem
1539 3205 1701 3261 fuerit
1736 3209 1839 3264 hoc
1862 3210 2068 3264 crimen
2089 3250 2106 3276 ,
2135 3214 2182 3278 ο
2212 3208 2353 3262 tione
2377 3217 2631 3277 quantum
2671 3205 2740 3278 ad
2762 3221 2863 3278 (me
2897 3205 3150 3278 maxima,
3184 3206 3259 3278 nd
3282 3218 3441 3278 quam
3462 3221 3585 3259 cum
3611 3204 3815 3259 solum-

514 3276 853 3347 cenjicieudo
906 3276 1294 3347 explicabimus
1324 3277 1376 3331 in
1407 3276 1517 3332 ﬁne
1547 3278 1843 3334 notationis
1868 3279 1956 3335 65.
1999 3280 2112 3336 Ra-

514 3346 687 3421 tlterii
714 3356 893 3421 autem
920 3363 1036 3421 mos
1066 3356 1148 3403 est
1174 3348 1352 3421 aliena
1380 3348 1594 3418 quidem
1621 3365 1848 3421 carpere
1866 3392 1882 3419 ,
1923 3362 1980 3407 at
2009 3366 2107 3409 sua

513 3416 644 3475 licet
675 3417 875 3474 leviora
913 3418 1082 3473 multo
1119 3418 1291 3487 magis
1317 3416 1662 3488 exaggerare.
1718 3416 1753 3481 ⁷,

582 3489 736 3560 (578)
782 3489 1407 3561 Evagationemmentis
1452 3491 1727 3561 designat,
1774 3507 1925 3561 quae,
1976 3494 2104 3549 dum

510 3561 796 3621 matutinis
825 3560 1135 3627 interesset,
1176 3560 1319 3633 inter
1347 3569 1543 3616 cantus
1576 3560 1909 3633 psalmorum
1948 3564 2106 3621 irruit

509 3633 571 3688 in
611 3633 875 3705 animum,
906 3648 973 3687 ex
1002 3647 1067 3705 eo
1106 3631 1362 3705 excitata,
1397 3633 1541 3701 quod
1571 3631 1736 3705 nuper
1760 3634 2100 3705 contigerat,

508 3718 632 3759 cum
655 3719 687 3758 e
711 3700 1026 3758 Leodicensi
1049 3705 1181 3757 urbe
1219 3703 1284 3756 ad
1315 3700 1704 3774 monasterium
1728 3700 1949 3774 quidam
1978 3700 2101 3761 cum

510 3784 710 3844 magno
738 3773 997 3844 comitatu
1041 3773 1288 3830 accessit.
1328 3773 1560 3844 Quinam
1594 3787 1725 3830 vero
1754 3773 1855 3830 hic
1899 3775 2098 3842 fuerit,

508 3843 723 3901 reticet.
769 3843 921 3899 Licet
962 3853 1142 3899 autem
1190 3844 1525 3900 subobscure
1551 3843 1834 3912 loquatur,
1863 3861 1929 3902 ae
1954 3847 2103 3903 velut

508 3915 864 3984 cnigmatice;
888 3930 1010 3970 cum
1030 3925 1207 3969 tamen
1226 3913 1517 3969 Fulcuinus
1530 3915 1594 3967 de
1614 3914 1781 3970 Geslis
1802 3916 1921 3970 abb.
1947 3916 2098 3984 Lob.,

508 3983 685 4045 αλδ,
733 3995 938 4048 narret,
993 3984 1296 4039 Baldricum
1348 3983 1732 4039 Lcodicensem
1787 3983 2097 4055 episcopum

511 4071 634 4127 cum
666 4056 863 4127 comite
907 4056 1175 4127 Raginero
1213 4056 1479 4111 avunculo
1505 4070 1623 4121 suo,
1664 4057 1747 4111 cui
1780 4055 2099 4113 Lobieusem

511 4126 786 4182 abirntiam
812 4127 955 4181 idem
981 4126 1164 4196 episco
1203 4142 1266 4180 us
1292 4127 1546 4190 dederat,
1594 4127 1663 4182 ad
1710 4130 2099 4184 monasterium

511 4196 781 4251 Lobieuse
810 4198 1124 4251 accessisse.
1153 4143 1335 4251 iﬁiaue
1355 4196 1632 4251 solendide
1655 4196 1821 4251 fuisse
1841 4210 2099 4251 exceptos

510 4196 781 4254 Lobiense
810 4198 1124 4270 accessisse,
1153 4196 1335 4270 ibique
1355 4196 1632 4270 splendide
1655 4196 1821 4253 fuisse
1841 4210 2099 4270 exceptos

511 4284 634 4340 cum
682 4284 875 4338 magno
916 4268 990 4323 rei
1040 4268 1342 4340 communis
1370 4268 1733 4340 detrimento;
1774 4268 1990 4340 aliquid
2024 4271 2099 4326 si-

508 4338 639 4394 mile
660 4339 987 4395 monasterio
1011 4339 1235 4408 pariter,
1260 4340 1344 4393 cui
1372 4338 1658 4393 Ratherius
1686 4338 1930 4410 prmerat,
1967 4356 2099 4397 con-

508 4410 718 4481 tigissc,
748 4411 854 4465 hoc
898 4410 1016 4465 loco
1058 4409 1287 4464 indicari
1315 4410 1607 4474 credimus,
1639 4409 1761 4466 cum
1807 4413 2095 4482 pecuniam

507 4482 608 4538 abs
630 4496 689 4537 se
709 4482 812 4536 hac
830 4482 1117 4537 occasione
1144 4483 1460 4537 distractam
1486 4492 1871 4552 conqueratur.
1896 4482 2095 4540 Clerici

2212 3282 2368 3334 modo
2392 3276 2669 3332 conversus
2694 3276 2929 3347 fuissem,
2956 3276 3225 3329 recolendo
3247 3276 3592 3347 considerans
3616 3285 3812 3330 restent

2211 3350 2648 3420 pretiosissimam
2688 3346 3071 3420 illius,»quam
3102 3349 3203 3420 huc
3229 3348 3412 3420 attuli,
3462 3346 3809 3420 distractam,

2211 3417 2368 3474 etiam
2396 3428 2607 3472 nactam
2645 3417 2922 3487 sacrilegio
2958 3417 3366 3483 evidentissima,
3405 3418 3691 3473 valuissent
3716 3434 3815 3473 ex—

2209 3492 2413 3562 spirare
2440 3489 2622 3562 dolore
2648 3490 3061 3562 immanissima,
3089 3489 3137 3562 si
3163 3498 3353 3562 natura
3378 3487 3624 3562 dedisset
3644 3487 3813 3562 emori

2209 3557 2444 3618 tristitia.
2469 3560 2608 3628 Quid
2637 3568 2818 3613 autem
2846 3558 2929 3614 his
2955 3558 3132 3613 verbis
3163 3558 3449 3623 indicetur,
3480 3558 3625 3612 haud
3651 3557 3811 3615 tacile

2210 3633 2483 3704 conjicere
2508 3632 2650 3704 licet.
2681 3628 3026 3704 Prmjudicia,
3051 3629 3246 3704 inquit,
3271 3628 3670 3704 desertiludinis
3689 3628 3811 3685 illo-

2209 3699 2352 3769 rum,
2378 3703 2429 3757 id
2459 3713 2543 3758 est
2569 3702 2890 3756 clericorum
2921 3710 2978 3756 et
3004 3701 3410 3756 monachorum.
3447 3699 3593 3767 Quid
3621 3710 3807 3758 autern

2208 3774 2577 3831 desertitudo?
2613 3771 2749 3827 Num
2779 3773 3001 3844 desertio
3040 3788 3140 3844 pro
3177 3772 3518 3844 dissipatique
3540 3770 3569 3826 ἒ
3600 3771 3807 3827 deserto

2208 3846 2355 3916 enim
2379 3860 2481 3916 pro
2501 3845 2698 3915 dissipa
2722 3843 2905 3898 medio
2923 3841 3378 3916 aevo—usurpatum
3399 3841 3609 3916 aliquot
3629 3857 3810 3916 axem:

2208 3915 2293 3987 pla
2339 3912 2479 3987 apud
2514 3912 2774 3987 Cattgittm
2809 3916 3157 3969 coutirmant.
3210 3913 3323 3987 Hoc
3370 3927 3532 3987 sensu
3571 3912 3805 3987 indicari

2206 3983 2393 4057 posset
2420 3987 2698 4056 dissipatio
2725 3985 2987 4057 bonorum
3012 3985 3324 4040 monasterii
3353 3984 3423 4039 ob
3450 3983 3803 4057 splendidam

2209 4054 2289 4112 iot
2317 4073 2382 4112 ac
2417 4054 2689 4113 tantorum
2726 4055 3000 4126 hospitum
3048 4058 3452 4126 receptionem;
3492 4055 3560 4126 de
3596 4070 3709 4126 qua
3747 4054 3807 4110 in

2207 4144 2336 4184 casu
2373 4144 2477 4183 non
2529 4125 2759 4184 absimili
2810 4124 3121 4182 monasterii
3174 4124 3458 4181 Lobiensis
3502 4124 3802 4181 Fulcuiuus

2204 4198 2325 4255 loco
2351 4198 2591 4265 laudato,
2617 4214 2663 4253 c.
2697 4195 2789 4260 ‘26,
2814 4197 2884 4250 ait
2917 4212 2931 4250 :
2958 4196 3175 4251 Fratres
3199 4198 3295 4251 sibi
3328 4197 3515 4258 minui,
3541 4196 3684 4250 unde
3708 4195 3803 4250 alii

2204 4269 2760 4339 ingnrgrtarenturtin
2796 4269 3060 4321 communi
3101 4266 3399 4339 deplorant.
3422 4267 3489 4321 Et
3512 4268 3801 4339 auctorde

2202 4338 2383 4397 Gestis
2404 4341 2656 4395 abbatum
2677 4338 2982 4405 Gemblac.,
3007 4347 3135 4394 tom.
3166 4338 3211 4392 ll
3238 4338 3425 4407 Spicil.
3452 4353 3610 4394 novae
3637 4338 3797 4405 edit,
3828 4378 3835 4393 .

2202 4428 2325 4484 pag.
2343 4411 2468 4477 762,
2486 4410 2776 4484 monachos
2790 4408 2959 4484 refert
2969 4409 3257 4484 clamantes
3266 4419 3313 4464 et
3328 4420 3699 4484 conquerentes
3714 4424 3796 4464 res

2202 4480 2327 4539 suas
2350 4484 2564 4554 prodige
2596 4481 2967 4554 dilapidari,et
2988 4480 3337 4554 substantiam
3363 4480 3672 4554 monasterii
3691 4496 3795 4554 non

504 4561 564 4632 et
582 4553 958 4632 monachi,_qui
981 4553 1353 4632 advenientem
1373 4568 1530 4632 sacro
1552 4543 1712 4608 cantu
1733 4565 2092 4632 exceperunt,
2123 4543 2176 4604 Ι)
2200 4543 2470 4632 moderate
2493 4543 2721 4632 5bsaniis
2760 4551 3097 4632 amatorium
3120 4566 3465 4632 personarum
3487 4550 3795 4632 castirpari.

505 4622 795 4695 insignem
827 4622 1058 4694 aliquem
1105 4624 1568 4689 ecclesiasticum,
1620 4641 1649 4678 a
1693 4641 1799 4692 quo
1845 4622 2090 4682 Ratherii

505 4694 897 4766 monasterium
925 4696 1203 4766 penderet,
1228 4710 1354 4766 cum
1374 4695 1634 4749 comitatu
1658 4697 1939 4766 advenisse
1964 4697 2092 4752 sub-

505 4765 768 4839 indicant.
817 4764 1200 4839 Bicl'ortassis
1236 4765 1341 4839 fuit
1381 4766 1632 4839 laudatus
1660 4765 1941 4824 Baldricus
1969 4768 2091 4839 epi-

504 4851 705 4909 scopus
732 4836 1097 4909 Leodicensis,
1125 4837 1191 4890 ad
1223 4836 1378 4909 cujus
1417 4837 1599 4892 sedem
1634 4838 1938 4909 pertinebat
1971 4836 2090 4893 nio-

505 4907 805 4963 nasterium
832 4908 1099 4972 Alueuse,
1137 4907 1299 4977 quod
1325 4907 1582 4962 Ratherio
1622 4907 1685 4962 ex
1728 4909 1916 4964 eadem
1964 4910 2093 4965 sedc

503 4978 658 5048 pulso
700 4980 764 5033 ad
801 4979 923 5033 vitae
967 4978 1261 5033 subsidium
1292 4978 1459 5033 fuisse
1486 4994 1800 5033 concessum
1832 4979 2095 5048 probabi-

2200 4625 2372 4681 Porro
2400 4625 2525 4679 dum
2572 4625 2649 4679 ait
2687 4627 2913 4694 perpessi
2949 4622 3153 4677 labores
3195 4622 3461 4694 itinerum.
3493 4620 3801 4694 dispendia-

2201 4712 2342 4763 rum,
2369 4706 2418 4751 et
2444 4691 2810 4766 inﬁrmitatum
2829 4710 2923 4764 pro
2947 4695 3048 4749 hac
3063 4694 3180 4748 sola
3198 4692 3479 4754 sententia,
3501 4691 3649 4746 illam
3674 4706 3803 4766 seu?

2202 4761 2424 4823 tentiam
2454 4761 2741 4837 intelligit,
2762 4761 2922 4835 quam
2951 4766 3175 4837 abbates
3203 4761 3796 4837 tantoperecomplectl

2200 4838 2362 4910 paulo
2400 4848 2526 4910 ante
2572 4831 2904 4910 tradiderat:
2970 4832 3095 4910 Sine
3137 4831 3373 4910 iussione
3410 4831 3797 4910 abbatisgniltil

2202 4904 2388 4980 iaciat.
2415 4909 2549 4964 Cum
2582 4907 2836 4961 nimirum
2865 4908 2965 4961 hac
2990 4906 3067 4980 de
3089 4921 3261 4980 causa
3279 4904 3495 4980 abbatis
3520 4904 3714 4980 titulos
3732 4912 3794 4980 et

2202 4975 2499 5036 auctoritas
2544 4986 2928 5048 expeteretur;
2978 4978 3198 5047 quidam
3250 4975 3412 5043 hujus
3458 4975 3793 5047 pra’lstionis
