4032 5354
495 355 600 420 451

1464 349 1799 414 RATHERH
1831 347 2048 414 EPISC.
2093 348 2344 414 vsnon.
2386 355 2538 416 opp.
2575 356 2757 417 PARS
2791 350 2836 416 I.
2919 328 2926 334 “

3031 264 3066 290 ρ

3653 358 3765 420 452

486 491 610 548 qum
641 473 711 530 sit
739 470 984 546 ejusdem
1019 468 1110 543 qui
1147 469 1400 544 protulit,
1449 472 1574 528 volo
1601 481 1660 528 ut
1687 472 1876 528 audias
1898 469 2077 526 verbis
2102 474 2152 534 Α
2183 473 2406 540 lendas;
2445 474 2588 529 canis
2617 489 2835 546 quoque
2867 484 3097 528 reversus
3126 467 3196 526 ad
3222 471 3469 528 vomitum
3497 483 3766 544 quantum

485 565 771 637 Gregorii:
798 562 946 620 Sicut
972 563 1062 634 qui
1091 563 1361 628 invitatus,
1390 562 1584 634 inquit,
1610 563 1801 628 renuit,
1827 561 2076 634 qutcsitus

483 656 697 727 refugit,
718 654 884 710 sacris
905 664 977 709 est
1005 652 1263 708 altaribus
1287 653 1702 724 promovendus;
1733 653 1807 707 sic
1830 651 1918 722 qui
1941 649 2077 704 ultro

471 747 674 812 ambit,
694 745 771 802 vel
795 745 1144 816 importunius
1174 761 1230 800 se
1254 745 1461 816 ingerit,
1494 755 1568 800 est
1601 743 1965 816 proculdubio
1996 757 2078 796 re-

479 838 775 912 pellendus.
826 837 969 894 Nam
1007 837 1098 909 qui
1127 835 1315 891 nititur
1355 837 1426 891 ad
1470 836 1662 892 altiora
1701 835 2074 900 conscendere,

481 932 610 1006 quid
641 933 748 1002 agit
779 930 878 986 nisi
907 939 962 984 ut
983 928 1261 984 crescendo
1283 927 1586 984 decrescat?
1608 925 1716 984 Cur
1738 943 1842 983 non
1864 915 2078 996 perpeti?

484 1022 584 1089 dit,
615 1023 739 1094 quia
769 1020 934 1092 285
972 1020 1259 1075 benedictio
1297 1019 1378 1075 illi
1403 1021 1460 1075 in
1500 1019 1836 1075 maledictum
1871 1032 2080 1072 conver-

481 1117 633 1182 titur,
657 1117 748 1188 qui
769 1116 839 1170 ad
861 1116 979 1182 hoc,
998 1125 1053 1170 ut
1076 1116 1170 1186 ﬁat
1191 1116 1492 1182 Itwreticus,
1512 1115 1886 1186 promovetur?
1905 1113 2076 1178 Quam

483 1208 926 1265 maledictionem
957 1208 1128 1280 (586),
1169 1208 1406 1274 attende,
1438 1223 1712 1280 quamque
1741 1206 2076 1262 mortiferam

480 1312 788 1372 sequuntur
811 1301 1156 1373 (antecedere
1177 1301 1425 1370 quamvis
1445 1299 1748 1371 debuerint)
1771 1296 2076 1354 istiusmodi

485 1389 739 1465 [subaudi
767 1388 1234 1463 maledictiones]:
1277 1389 1579 1457 Maledicti,
1612 1390 1822 1460 inquit,
1866 1389 1956 1460 qui
1988 1389 2080 1444 de-

480 1485 683 1542 clinant
705 1504 738 1541 a
767 1485 1034 1541 mandatis
1069 1486 1171 1539 tuis
1199 1483 1373 1555 (Psal.
1401 1499 1588 1549 CXVIII,
1621 1483 1736 1556 21).
1762 1481 2078 1537 Maledictus

477 1578 570 1650 qui
597 1577 990 1633 annuntiaverit
1019 1576 1161 1647 patri
1185 1593 1300 1631 meo
1327 1576 1538 1630 dicens:
1561 1586 1716 1630 natus
1737 1585 1810 1630 est
1837 1575 1930 1629 tibi
1949 1590 2079 1646 puer

477 1669 746 1725 masculus
785 1669 919 1740 (Jer.
974 1683 1066 1733 xx,
1100 1667 1196 1735 i5;
1257 1684 1450 1734 XLVIII,
1479 1667 1591 1740 10).
1629 1666 1945 1722 Maledictus
1989 1666 2079 1737 qui

476 1761 800 1834 prohibuerit
825 1760 1062 1832 gladium
1090 1777 1246 1815 suum
1285 1778 1318 1815 a
1357 1761 1617 1830 sanguine
1646 1758 1783 1832 (Jer.
1812 1775 1924 1814 vaI
1945 1798 1960 1825 ,
1998 1757 2075 1828 5).

2177 566 2363 623 oculos
2383 566 2622 623 offendat
2645 567 2958 623 memineris
2977 567 3297 624 intuentum.
3326 566 3478 635 Quod
3499 567 3614 639 jam
3640 569 3766 635 illis,

2177 659 2376 730 quibus
2403 668 2455 717 te
2482 660 2732 716 laborare
2775 660 2951 716 adhuc
2989 659 3136 714 vitiis
3177 659 3364 728 doleo,
3402 659 3601 716 feceris
3632 676 3766 716 con—

2177 751 2424 806 vertendi
2475 762 2531 807 et
2589 752 2868 807 avertendi
2919 767 2949 806 a
3003 750 3231 807 Domino
3283 750 3559 807 volumina
3611 767 3769 807 vere-

2178 842 2354 897 cunde
2372 841 2544 914 (587),
2562 851 2621 897 ut
2635 843 2918 909 condecet,
2936 842 3172 898 recolas:
3193 841 3354 898 etiam
3378 858 3548 908 nunc,
3566 841 3695 897 dum
3714 842 3770 897 in

2179 933 2473 989 novissima
2507 934 2691 1004 utique
2715 935 2846 991 hora
2869 935 3148 1000 consistis,
3168 935 3220 989 in
3238 934 3507 990 soliditate
3525 933 3768 989 animum

2179 1023 2347 1094 ligas;
2376 1024 2566 1079 stultus
2597 1026 2732 1080 enim
2761 1037 2816 1080 ut
2841 1025 2968 1080 luna
3000 1035 3236 1080 mutatur
3254 1024 3634 1096 (Eccliaxvu,
3653 1023 3768 1094 12),

2179 1118 2321 1190 quod
2351 1119 2418 1174 de
2446 1129 2497 1176 te
2526 1121 2888 1187 somniatum,
2935 1130 2994 1176 ut
3042 1123 3269 1178 actitare
3312 1121 3558 1187 solebas,
3604 1121 3774 1177 fuerit

2178 1225 2279 1265 nec
2307 1224 2395 1275 ne,
2429 1211 2526 1266 tibi
2554 1211 2715 1266 dubio
2740 1212 2950 1283 pI'OClll,
2977 1221 3152 1268 tamen
3178 1215 3401 1284 optime,
3427 1214 3601 1270 videri
3626 1213 3774 1270 valet

2178 1313 2499 1371 congruere.
2534 1300 2676 1368 Quot
2703 1302 2848 1356 enim
2882 1302 3091 1358 vicibus
3122 1303 3344 1358 fortunii
3375 1313 3431 1360 et
3463 1304 3770 1372 infortunii,

2180 1390 2550 1446 conversionis
2577 1400 2629 1446 et
2650 1391 2950 1446 aversionis
2974 1393 3140 1464 286
3167 1393 3558 1452 obtenebratus
3589 1393 3775 1465 Splen-

2178 1481 2382 1548 dueris,
2411 1498 2602 1537 rursus
2637 1481 2832 1536 iterum
2863 1482 3293 1538 obtenerandum
3329 1484 3625 1539 cismarina
3659 1525 3675 1549 ,
3711 1493 3774 1540 ut

2180 1572 2254 1628 ita
2281 1572 2503 1644 loquar,
2531 1571 2645 1644 jam
2675 1583 2861 1630 cantat
2891 1574 3067 1630 tellus.
3102 1573 3440 1642 Curavimus,
3477 1577 3552 1632 ait
3587 1578 3772 1633 Domi-

2179 1681 2282 1721 nus
2307 1665 2384 1721 tui
2415 1666 2547 1738 (Jcr.
2582 1683 2656 1734 LI,
2687 1666 2766 1739 9),
2810 1675 2867 1722 ut
2905 1668 3148 1724 cernitur
3175 1685 3367 1735 causa,
3410 1669 3773 1742 Babylonem,

2180 1767 2228 1813 et
2255 1775 2357 1812 non
2379 1768 2452 1812 est
2483 1769 2692 1826 sanata,
2718 1759 2845 1815 dum
2869 1760 3045 1816 adhuc
3074 1761 3314 1816 rediviva
3346 1761 3513 1817 miser
3542 1763 3776 1833 pullulat

479 1851 802 1908 Maledictus
830 1853 953 1924 qui,
986 1863 1045 1908 ut
1075 1869 1106 1907 a
1136 1851 1364 1908 Domino
1393 1851 1612 1907 recedat
1651 1867 1747 1906 cor
1769 1849 1906 1920 ejus,
1937 1867 2078 1922 spem
2107 1841 2156 1903 B
2183 1846 2431 1902 confusio
2459 1857 2568 1902 tua.
2603 1847 2778 1903 Frons
2807 1851 3092 1904 meretricis
3121 1850 3264 1920 facta
3290 1861 3363 1906 est
3398 1851 3526 1917 tibi;
3557 1852 3776 1907 noluisti

478 1965 634 2003 suam
667 1949 813 2019 ponit
854 1948 910 2003 in
938 1947 1147 2002 homine
1178 1945 1323 2020 (Jer.
1365 1961 1534 2008 vaIII
1557 1986 1572 2012 ,
1603 1945 1712 2012 10).
1763 1943 2077 2000 Maledictus

479 2039 572 2111 qui
635 2055 765 2110 opus
824 2037 1041 2092 Domini
1081 2035 1207 2106 facit
1251 2036 1571 2108 negligenter
1609 2034 1802 2107 (Ibid.)
1842 2042 1942 2091 :et
1999 2035 2078 2090 ir-

478 2130 850 2188 recordabiles
887 2147 1032 2188 nunc
1096 2129 1253 2198 aliae,
1306 2129 1362 2185 in
1414 2129 1612 2200 quibus
1653 2127 1727 2184 nil
1785 2128 1959 2200 magis
2022 2127 2078 2183 in

476 2236 567 2278 me
597 2221 935 2288 mirandum,
983 2235 1156 2292 quare
1191 2221 1334 2290 quod
1385 2234 1482 2276 eas
1524 2218 1830 2286 recordari,
1880 2218 2079 2274 nedum

480 2313 726 2369 scribere
757 2311 844 2369 vel
873 2325 1136 2368 enarrare
1179 2309 1340 2367 siccis
1369 2309 1580 2365 valeam
1621 2308 1836 2376 oculis;
1878 2308 1931 2364 in
1970 2322 2079 2379 quo

474 2400 600 2458 luce
624 2401 828 2458 clarius
856 2400 1206 2458 considerare
1252 2399 1360 2457 mei
1407 2399 1665 2457 duritiam
1693 2399 1865 2466 vales,
1905 2398 2078 2455 conli-

477 2500 619 2560 teor,
651 2493 834 2550 cordis
1931 2555 1944 2566 ,

545 2585 638 2642 56.
674 2585 741 2642 Ut
763 2583 921 2652 dicis,
951 2582 1028 2639 ita
1052 2592 1157 2650 est,
1188 2583 1402 2656 inquis;
1435 2583 1717 2640 levitatem
1745 2582 2066 2638 inconstan-

482 2677 576 2734 tiae
601 2692 728 2732 nam
753 2685 858 2732 tuae
885 2674 1076 2730 mirari
1123 2691 1230 2730 non
1267 2675 1540 2742 desinens,
1586 2689 1692 2730 non
1730 2675 1900 2731 miror
1939 2673 2075 2743 jam,

473 2769 524 2826 si
558 2770 665 2826 tale
694 2769 825 2840 quid
857 2769 913 2825 in
958 2769 1064 2826 ista
1096 2769 1194 2825 tibi
1241 2777 1405 2826 aetate
1444 2769 1525 2842 (ut
1572 2769 1703 2825 illud
1749 2768 1888 2836 fuit,
1937 2767 2080 2839 quod

475 2864 626 2935 novi)
653 2864 892 2935 quiverit
918 2863 1282 2934 corporaliter
1320 2865 1639 2936 contingere
1667 2905 1681 2929 ,
1728 2877 1850 2918 cum
1903 2861 1978 2915 ita
2025 2869 2078 2916 te

475 2955 797 3026 spiritaliter
827 2954 1006 3010 adhuc
1033 2953 1192 3011 video
1233 2953 1504 3010 lascivire.
1553 2953 1652 3008 Tui
1704 2952 1875 3023 ipsius
1926 2949 2074 3005 enim

476 3047 684 3118 scripto
713 3056 878 3119 atque
902 3048 1086 3104 verbis
1117 3045 1353 3116 conjicio
1373 3049 1517 3119 quod
1547 3045 1855 3118 prastendis,
1887 3060 1996 3100 non
2026 3053 2079 3099 te

481 3138 737 3194 meditari
767 3139 931 3196 corde
978 3140 1111 3196 satis
1142 3140 1376 3196 sincero.
1408 3140 1466 3196 Si
1499 3140 1646 3194 enim
1668 3139 1736 3194 de
1762 3137 2077 3194 reversione

477 3232 548 3286 ad
576 3231 886 3301 Dominum,
919 3233 973 3288 id
1011 3242 1097 3289 est
1133 3233 1200 3288 de
1231 3233 1584 3289 conversione
1615 3232 1682 3288 de
1710 3231 1856 3286 malo
1888 3229 1956 3286 ad
1978 3231 2076 3286 bo-

476 3339 610 3381 num
642 3326 913 3381 veraciter
958 3325 1348 3393 deliberasscs;
1383 3325 1528 3380 istud
1558 3324 1653 3381 tibi
1676 3339 1895 3395 quoquo
1917 3322 2078 3380 modo

479 3433 801 3476 concessum
819 3427 930 3475 tam
951 3419 1042 3475 vili
1067 3419 1292 3475 minime
1317 3417 1524 3493 [supple
1545 3415 1842 3490 aestimare]
1861 3415 2075 3472 debuis-

477 3527 598 3581 ses;
639 3513 903 3586 quidquid
949 3513 1096 3570 enim
1140 3511 1498 3584 expendendo
1544 3510 1628 3566 vel
1677 3510 1969 3566 tribuendo
2020 3509 2076 3564 in

477 3601 812 3672 huiusmodi,
851 3604 1008 3676 quasi
1040 3604 1313 3676 perditum
1345 3611 1399 3660 te
1427 3602 1585 3659 video
1631 3601 1811 3658 dolere
1859 3601 2076 3674 (aurum

477 3693 674 3752 fuisset
698 3696 1016 3767 Arabicum)
1043 3705 1188 3753 esset
1214 3694 1545 3752 omnimodis
1571 3693 1814 3760 salvum;
1844 3693 1889 3749 si
1921 3693 1996 3748 ita
2020 3701 2075 3749 te

479 3786 736 3856 deinceps
767 3788 994 3854 vivere,
1045 3796 1105 3842 ut
1151 3787 1383 3842 modicis
1428 3785 1629 3857 regulae
1673 3785 1848 3855 ipsius
1892 3785 2075 3840 verbis

479 3877 848 3946 perstrinxisti
873 3918 889 3944 ,
937 3877 1128 3934 fuisset
1163 3878 1377 3933 caelitus
1401 3917 1418 3943 ,
1463 3886 1662 3947 quotus
1692 3877 1923 3946 quisque
1951 3884 2077 3931 ante

478 3965 673 4033 fueris,
704 3967 922 4035 datum;
949 3967 1042 4024 sed
1075 3967 1317 4022 dictante
1346 3964 1667 4036 Scriptura:
1703 3965 1808 4032 Qui
1836 3966 2072 4021 observat

479 4068 678 4123 ventos,
723 4075 825 4112 non
869 4059 1124 4124 seminat,
1170 4067 1219 4112 et
1263 4057 1352 4128 qui
1393 4055 1689 4110 considerat
1723 4055 1916 4120 nubes,
1970 4071 2076 4110 non

483 4150 628 4205 metit
659 4147 858 4221 (Eccle.
890 4166 968 4216 XI,
997 4147 1078 4220 Δ).
1122 4146 1264 4203 illius
1299 4147 1444 4202 modi
1481 4154 1534 4205 te
1568 4145 1853 4202 considero
1899 4145 2072 4201 imbe-

481 4238 748 4305 cillitatis,
776 4238 1269 4308 pusillanimitatis,
1313 4235 1642 4303 timiditatis,
1671 4235 2073 4303 inconstantiae,

481 4331 847 4402 duplicitatis,
881 4341 938 4387 et
961 4331 1178 4388 enervis
1209 4329 1440 4386 nimium
1469 4329 1700 4401 ignavia:
1725 4369 1741 4396 ,
1788 4336 1850 4385 ut
1889 4328 1958 4385 de
1996 4327 2076 4383 tui

481 4424 764 4495 ereptione
788 4438 1014 4495 cogerer
1041 4423 1257 4494 penitus
1286 4423 1580 4493 desperare
1602 4463 1617 4490 ,
1650 4422 1755 4478 nisi
1787 4422 2072 4478 inenarra-

479 4512 623 4572 biles
652 4513 874 4570 divitias
908 4513 1450 4584 omnipotentissimte
1478 4513 1574 4569 Dei
1609 4513 1948 4569 attenderem
1973 4513 2076 4568 mi-

479 4608 819 4676 sericordia,
857 4606 1137 4676 bonitatis,
1164 4615 1220 4662 et
1241 4606 1462 4678 pietatis
1489 4607 1740 4680 gratuita:
1766 4607 2075 4664 innumera-

478 4700 682 4760 bilibus
700 4707 891 4756 contra
908 4714 1059 4770 spem
1080 4699 1244 4755 etiam
1267 4699 1506 4755 abinitio
1529 4698 1714 4756 saeculi
1735 4709 2068 4771 praerogatat.

481 4787 558 4847 Ut
583 4789 729 4847 enim
756 4788 938 4844 verbis
968 4803 1056 4844 me
1079 4788 1416 4860 propheticis
1438 4797 1492 4844 te
1514 4787 1715 4858 alloqui
1739 4788 2068 4856 consideres,

479 4895 644 4953 quam
665 4878 779 4935 vilis
799 4878 972 4950 [actus
993 4895 1070 4946 es,
1094 4893 1227 4951 rogo
1251 4878 1573 4950 perpendas,
1596 4877 1794 4932 iterans
1818 4879 1926 4934 vias
1952 4890 2071 4934 tuas

481 4969 622 5046 (Jer.
654 4987 716 5038 II,
734 4970 850 5044 56);
873 4971 1109 5042 dumque
1131 4981 1184 5026 te
1205 4979 1545 5042 peccatorem
1566 4969 2070 5027 criminosissimum

476 5062 767 5120 verissime
803 5061 1100 5133 scriptitas,
1127 5061 1392 5117 monitum
1420 5069 1472 5116 te
1500 5075 1684 5130 quzeso
1709 5059 1979 5127 advertas,
2007 5077 2072 5116 ne

479 5155 639 5211 iteres
661 5145 873 5210 verbum
898 5154 954 5207 in
977 5153 1213 5208 oratione
1239 5161 1331 5206 tua
1355 5151 1546 5224 (Eccli.
1567 5167 1667 5218 vII,
1693 5151 1782 5223 15)
1802 5167 1817 5217 ;
1845 5168 1934 5206 sus
1961 5151 2071 5207 lota

478 5245 540 5302 in
567 5245 841 5302 volutabra
896 5244 980 5318 (Il
1011 5242 1160 5301 Petr.
1189 5259 1261 5312 ιι,
1291 5243 1387 5317 22)
1413 5243 1542 5315 quid
1578 5243 1830 5315 proficiat
1865 5243 1963 5299 luti
1989 5253 2071 5300 at-

2181 1937 2483 1994 erubescere
2510 1936 2646 2008 (Jer.
2678 1953 2770 2004 III,
2815 1939 2907 2009 5),
2939 1939 3006 1994 de
3035 1951 3088 1994 te
3123 1941 3350 2006 dictum,
3381 1957 3561 1996 caecus
3591 1950 3775 1996 mente

2180 2029 2288 2085 nisi
2315 2037 2405 2084 tua
2431 2029 2764 2100 professione
2795 2030 3014 2098 fuisses,
3054 2031 3269 2087 valuisti
3295 2033 3601 2097 advertere,
3642 2047 3768 2088 cum

2181 2120 2248 2177 de
2279 2131 2330 2176 te
2365 2120 2527 2186 talia,
2564 2129 2714 2176 tanta
2740 2163 2754 2188 ,
2790 2129 3011 2193 tamque
3055 2123 3298 2190 inlinita,
3341 2125 3459 2181 sine
3489 2123 3698 2198 pudore
3721 2132 3780 2181 et

2180 2210 2384 2283 gemitu
2411 2211 2637 2281 potuisti
2678 2211 2902 2280 referre,
2932 2222 2989 2268 et
3022 2229 3123 2270 nec
3149 2215 3500 2281 nominanda,
3532 2224 3592 2270 ut
3625 2217 3774 2286 Apo-

2179 2303 2348 2360 stolus
2374 2304 2618 2374 pratcipit
2646 2302 2860 2376 (Ep/ws.
2889 2321 2939 2370 v,
2965 2305 3045 2376 5),
3073 2306 3226 2376 quasi
3261 2308 3509 2374 honesta,
3539 2323 3772 2379 pompa-

2181 2394 2288 2450 tice
2317 2409 2551 2464 quoque,
2581 2395 2626 2450 si
2655 2395 2940 2464 valuisses,
2973 2412 3222 2453 narrare.
3255 2397 3364 2454 Sed
3394 2398 3615 2454 intueor
3642 2398 3776 2470 quid

2177 2487 2419 2544 moliaris
2464 2487 2929 2557 impudentissime
2955 2530 2970 2556 ,
3019 2498 3079 2544 ut
3127 2491 3271 2546 enim
3325 2490 3482 2546 multi
3512 2490 3608 2563 [{.,
3634 2500 3696 2546 ut
3719 2497 3779 2546 et

2178 2580 2357 2652 multi]
2389 2581 2442 2635 in
2475 2581 2580 2637 hoc
2607 2581 2900 2652 complices
2933 2583 3040 2648 tui;
3067 2584 3192 2638 dum
3224 2583 3489 2654 scriptum
3520 2583 3774 2654 amplecti

2180 2675 2248 2730 ab
2276 2675 2528 2731 omnibus
2549 2675 2700 2732 vides
2732 2695 2744 2730 :
2776 2675 2964 2731 Justus
2984 2676 3039 2731 in
3068 2678 3358 2748 primordio
3385 2686 3667 2733 accusator
3698 2683 3776 2731 est

2178 2767 2264 2823 sui
2299 2767 2482 2839 (Prov.
2511 2784 2668 2835 xvm,
2702 2769 2818 2835 17),
2847 2770 2912 2825 de
2949 2771 3290 2827 confessione
3313 2780 3665 2841 peccatorum
3693 2771 3775 2825 in-

2180 2858 2475 2916 dicibiliter
2505 2859 2864 2932 lugendorum
2905 2863 3094 2918 ornari
3136 2863 3336 2931 mavis,
3385 2879 3549 2934 quam
3585 2862 3768 2918 humi-

2180 2951 2335 3018 liari;
2365 2963 2420 3007 et
2444 2951 2566 3007 ideo
2594 2962 2938 3024 pcccatorem
2970 2965 3020 3009 te
3051 2954 3177 3010 licet
3205 2955 3554 3011 veracissime
3594 2955 3769 3024 dicas,

2180 3045 2394 3112 callide,
2425 3045 2469 3100 si
2495 3062 2704 3116 posses,
2735 3047 3080 3102 audientibus
3109 3048 3482 3118 persuaderes,
3512 3047 3688 3118 magis
3716 3058 3770 3102 te

2181 3138 2285 3194 hoc
2308 3155 2375 3195 ex
2405 3139 2711 3194 humilitate
2753 3139 2936 3195 dicere
2965 3154 3126 3210 quam
3162 3154 3232 3195 ex
3259 3139 3527 3206 veritate;
3559 3155 3690 3195 nam
3722 3137 3769 3193 si

2179 3239 2432 3302 peccator
2456 3232 2528 3286 ita
2560 3240 2717 3287 tenus
2738 3231 2909 3286 videri
2937 3241 2992 3286 et
3015 3231 3138 3296 diei,
3169 3239 3229 3286 ut
3255 3232 3554 3302 scriptitas,
3583 3230 3767 3296 velles,

2179 3339 2267 3380 Ine
2300 3333 2351 3379 te
2394 3323 2700 3395 publicasse
2739 3340 2845 3379 non
2892 3332 3170 3396 tantopere
3207 3323 3492 3381 doluisses.
3537 3324 3599 3380 Si
3640 3337 3770 3380 vero

2179 3431 2286 3472 non
2315 3415 2463 3472 vales
2504 3416 2710 3488 justum
2747 3415 2996 3490 [subaudi
3022 3416 3486 3491 persuadere.te],
3536 3417 3684 3487 quod
3717 3424 3774 3472 te

2179 3525 2288 3565 non
2321 3524 2441 3566 esse
2475 3509 2747 3564 oculatum
2780 3523 2888 3565 non
2919 3509 3160 3581 subfugit
3190 3509 3390 3574 ullum;
3435 3509 3633 3565 saltem
3674 3507 3774 3565 ali-

2178 3609 2374 3681 quibus
2403 3608 2730 3679 persuadeas
2755 3607 3071 3663 litteratum.
3109 3607 3293 3678 ltaque
3328 3608 3497 3664 vitam
3539 3617 3690 3664 tuam
3719 3615 3773 3664 te

2175 3714 2276 3770 per
2293 3699 2538 3768 exempla
2563 3699 2846 3754 meliorum
2877 3713 2981 3754 non
3009 3698 3281 3754 discutere
3299 3699 3596 3764 certilicor,
3614 3698 3766 3770 [sub-

2177 3789 2305 3844 audi
2349 3787 2471 3861 nec]
2517 3788 2816 3844 fteditatem
2864 3789 3217 3844 considerare
3257 3797 3365 3844 tuze
3404 3805 3505 3844 nec
3539 3788 3770 3859 duplici-

2178 3889 2344 3937 tatem
2375 3880 2775 3947 inconstantia),
2807 3897 2980 3952 neque
3010 3889 3061 3937 te
3091 3882 3396 3953 reprobari,
3427 3897 3553 3937 cum
3582 3881 3767 3936 audie-

2177 3991 2300 4032 ras:
2334 3975 2428 4030 Vir
2448 3975 2641 4046 duplex
2659 3976 2833 4030 animo
2856 3977 3158 4031 inconstans
3180 3977 3234 4030 in
3257 3976 3494 4031 omnibus
3518 3977 3615 4031 viis
3637 3977 3769 4041 suis;

2176 4073 2234 4121 et
2278 4066 2422 4136 quod
2469 4064 2757 4121 Sallustius
2800 4065 3050 4122 Ciceroni
3087 4066 3334 4138 [subaudi
3363 4065 3548 4139 dixit],
3594 4080 3771 4136 neque

2176 4155 2340 4222 huic,
2391 4169 2565 4226 neque
2596 4155 2671 4210 illi
2717 4155 2876 4211 fidem
2926 4156 3146 4223 habere,
3188 4171 3365 4227 neque
3407 4157 3637 4225 (Itesari,
3671 4172 3772 4213 nec

2176 4246 2451 4319 Pompeio,
2481 4248 2668 4318 utique
2689 4249 2757 4304 ad
2789 4258 2841 4304 te
2869 4251 3174 4321 pertinere;
3203 4259 3256 4305 tu
3283 4252 3428 4306 enim
3467 4267 3648 4322 neque
3666 4253 3773 4308 Do-

2176 4343 2347 4408 mino,
2379 4356 2555 4411 neque
2581 4343 2670 4398 cui
2694 4343 3010 4412 obsequeris
3036 4343 3373 4412 adversario,
3403 4347 3770 4401 constantiam

2177 4431 2324 4497 fidei,
2353 4439 2412 4486 ut
2441 4431 2519 4486 ita
2546 4431 2797 4500 dixerim,
2829 4446 3050 4489 servare
3073 4433 3342 4503 probaris.

2248 4523 2338 4580 57.
2377 4523 2538 4598 Nam,
2569 4533 2631 4579 ut
2663 4524 2761 4580 tibi
2799 4525 2972 4581 vicem
3015 4527 3330 4596 rependam,
3357 4526 3484 4597 quia
3514 4527 3772 4584 videlicet

2179 4631 2302 4673 cum
2329 4624 2420 4671 tua
2450 4631 2694 4684 narrare,
2727 4625 2790 4672 ut
2827 4617 3202 4686 praatendebas
3227 4657 3242 4684 ,
3293 4633 3626 4688 proponere:
3659 4617 3774 4676 cri-

2179 4708 2346 4773 mina,
2371 4721 2404 4762 a
2429 4707 2565 4763 meis
2587 4707 2738 4778 (588)
2757 4707 2992 4778 coepisti,
3017 4707 3070 4762 in
3095 4706 3200 4763 tuis
3221 4707 3465 4762 desinam
3493 4724 3618 4781 ego.
3653 4711 3766 4778 Qua

2179 4799 2478 4856 calliditate
2503 4799 2632 4855 illud
2657 4800 2833 4872 egeris
2861 4799 3131 4855 revelabo.
3165 4799 3263 4862 Tu,
3299 4798 3426 4854 licet
3453 4799 3768 4870 obtenderis

2179 4890 2276 4945 tibi
2307 4890 2523 4960 penitus
2565 4906 2672 4946 non
2716 4890 2954 4955 eluceri;
2995 4905 3064 4946 ne
3096 4888 3241 4944 enim
3269 4897 3343 4956 te,
3379 4897 3439 4944 ut
3464 4891 3764 4959 verebaris,

2177 4981 2532 5053 publicarem,
2556 4982 2710 5047 satis,
2739 4991 2798 5038 ut
2822 4981 2916 5036 tibi
2939 4980 3239 5046 videbatur,
3268 4990 3470 5046 astute,
3491 4997 3554 5037 re
3580 4991 3762 5038 autem

2175 5091 2306 5132 vera
2336 5075 2562 5131 nimium
2593 5074 2818 5130 subdole
2855 5087 2975 5129 mea
3019 5072 3316 5144 opposuisti
3353 5089 3473 5143 quae
3511 5074 3758 5129 attende-

2175 5181 2316 5232 rem,
2344 5174 2400 5220 et
2427 5174 2517 5220 tua
2550 5165 2948 5235 relinquerem;
2971 5157 2976 5170 ’
2997 5173 3053 5218 et
3089 5161 3233 5234 quod
3259 5162 3325 5219 de
3350 5162 3645 5219 violatione
3673 5177 3758 5218 re-

2177 5257 2332 5327 gulae,
2366 5257 2746 5330 loquacissima
2782 5263 3103 5327 prosecutus
3128 5269 3207 5322 es,
3237 5262 3297 5309 ut
3333 5254 3522 5311 videre
3550 5254 3755 5321 videor,
