4032 5354
291 332 401 387 455

1199 324 1620 386 EXCERPTUM
1661 324 1753 383 EX
1789 323 2085 384 DlALOGO
2122 322 2679 385 CONFESSIONALI.

3438 330 3547 388 ιδι

292 440 621 514 arrogantia:
650 440 735 494 vel
766 438 1148 510 inquietudinis
1174 442 1411 496 vanitate
1431 484 1446 507 ,
1487 441 1557 496 ob
1587 440 1730 495 aliud
1759 456 1867 498 non
1892 445 1941 506 Α
1971 441 2106 496 oculi
2131 443 2210 497 tui
2238 440 2453 513 (Thren.
2492 457 2573 506 ιιι,
2603 441 2714 512 18).
2748 438 2815 497 Ut
2846 438 3126 499 divisiones
3164 458 3419 515 aquarum
3450 444 3565 503 de:

293 535 426 587 mihi
461 533 662 587 videris
693 532 905 596 fecisse,
933 535 1035 587 nisi
1066 542 1124 587 ιιι
1154 534 1295 588 illius
1327 533 1581 589 facinoris
1606 534 1869 605 magnitu-

294 627 420 681 dine
445 641 656 698 posses,
684 625 823 695 quod
855 626 907 680 in
934 635 983 680 te
1007 643 1280 691 noveram,
1311 626 1549 697 levigare
1573 636 1867 696 utcunque.

293 716 428 786 Ego,
462 716 707 785 inquam,
738 731 837 785 ego
864 725 923 769 ut
953 715 1038 770 fur
1057 726 1111 771 et
1143 718 1195 772 in
1218 718 1319 772 hoc
1342 733 1552 787 quoque
1575 718 1871 788 deprehen-

292 822 405 871 sus,
440 807 570 876 quid
599 807 951 876 respondeam
991 810 1172 864 nescio
1211 824 1452 880 prorsus.
1487 810 1688 880 Stupeo
1719 825 1867 875 vero,

294 909 474 953 tamen
502 898 549 951 si
580 899 723 968 quod
758 913 916 968 agere
951 900 1230 968 competit,
1260 899 1402 955 facio
1429 900 1709 965 attonitus,
1748 916 1873 971 per-

290 991 532 1061 pendere
563 1005 669 1045 non
696 992 831 1044 satis
855 991 1173 1059 praevalens,
1210 1008 1306 1045 cur
1334 992 1445 1057 ho.
1460 1007 1546 1047 me
1586 991 1763 1047 facere
1788 990 1872 1047 vel

290 1082 626 1153 permiserit,
642 1080 726 1135 vel
747 1081 975 1135 voluerit
996 1081 1155 1136 Deus.
1186 1081 1254 1136 Ut
1278 1082 1453 1144 video,
1476 1082 1674 1152 inquis,
1693 1089 1872 1138 mente

289 1171 549 1237 excessit,
574 1171 717 1242 quod
749 1173 801 1225 in
824 1170 935 1240 jam
963 1171 1088 1226 dicti
1111 1172 1287 1242 legisti
1313 1172 1524 1244 dialogo
1551 1173 1617 1227 de
1638 1173 1870 1242 quodam

248 1250 251 1253 ’
290 1264 609 1336 Cbrysario,
631 1263 796 1317 divite
818 1264 1204 1333 superbissimo
1220 1264 1412 1335 (Gneo.
1444 1264 1649 1335 Dialog.
1669 1263 1704 1317 1.
1730 1280 1803 1330 IV,
1820 1279 1870 1329 ς.

288 1355 416 1426 38),
450 1348 707 1424 qui'dum
751 1364 1053 1409 moreretur
1078 1394 1094 1419 ,
1145 1354 1459 1410 insistentes
1500 1354 1602 1411 sibi
1650 1354 1871 1410 humani

289 1446 509 1518 generis
533 1444 875 1499 adversarios
914 1444 1085 1509 vidit,
1118 1444 1362 1500 inducias
1393 1445 1477 1501 vel
1512 1460 1681 1515 usque
1715 1459 1872 1501 mane

290 1540 572 1610 quaesivit,
622 1553 757 1608 quas
801 1545 977 1591 tamen
1023 1538 1244 1592 minime
1287 1539 1530 1607 accepit,
1560 1547 1614 1593 et
1641 1538 1873 1593 circum-

289 1630 566 1684 stantibus
594 1628 792 1693 celare,
820 1629 961 1698 quod
991 1629 1315 1698 patiebatur,
1349 1630 1511 1700 287
1542 1646 1648 1685 non
1680 1630 1869 1684 valuit.

289 1723 371 1776 Ex
402 1737 511 1792 quo
545 1722 788 1792 ejusdem
819 1721 991 1776 sancti
1014 1720 1258 1791 Gregorii
1290 1722 1612 1776 auctoritate
1633 1728 1870 1786 constat,

288 1816 435 1885 quod
462 1830 561 1884 pro
595 1814 765 1877 nobis,
809 1828 916 1868 non
961 1830 1056 1883 pro
1085 1830 1142 1869 se
1175 1815 1302 1870 talia
1332 1814 1519 1869 vivens
1549 1815 1666 1869 sine
1694 1814 1872 1869 fructu

288 1906 547 1961 utilitatis
573 1905 768 1960 viderit
796 1920 928 1961 suae.
960 1905 1035 1960 lta
1065 1922 1196 1977 ergo
1224 1906 1364 1961 etde
1397 1915 1490 1961 tuo
1512 1906 1619 1962 isto
1642 1904 1873 1960 mirabili

287 1996 443 2050 vales
465 1996 759 2060 aestimare,
790 2004 1009 2049 autumo
1038 1994 1210 2062 facto,
1240 2005 1333 2061 ut,
1380 1997 1423 2051 si
1464 1996 1559 2051 tibi
1596 1995 1735 2051 forte
1765 2011 1873 2050 non

288 2088 515 2157 prodest
541 2129 555 2151 ,
604 2072 1063 2155 prodesse'valeat
1094 2088 1273 2143 forsan
1304 2087 1545 2151 lecturis,
1574 2086 1700 2141 dum
1731 2088 1783 2140 in
1817 2100 1876 2141 se

288 2191 511 2247 quoque
540 2176 665 2229 talia
688 2178 1121 2248 recognoverint,
1150 2177 1327 2247 qualia
1358 2186 1409 2230 te
1434 2176 1498 2231 de
1523 2185 1577 2231 te
1606 2177 1721 2246 ipso
1748 2192 1875 2230 con-

290 2266 500 2321 fessum
548 2268 690 2323 bono
737 2268 917 2323 animo
966 2267 1133 2323 fuisse
1178 2269 1452 2338 putarint,
1496 2284 1618 2322 cum
1660 2267 1875 2321 dicente

260 2362 261 2365 ’
291 2358 608 2429 Scriptura:
653 2358 803 2414 Venit
836 2360 1067 2426 amicus,
1112 2370 1158 2414 et
1190 2359 1513 2430 investigabit
1542 2376 1658 2413 eum
1688 2357 1871 2430 (Prov.

292 2467 449 2515 xvtu,
480 2450 591 2523 Π),
624 2452 689 2507 de
721 2461 770 2505 te
810 2452 1031 2507 meliore
1076 2453 1323 2521 quamvis
1370 2451 1628 2521 loquens,
1662 2467 1769 2507 non
1809 2451 1877 2508 de

293 2542 515 2606 futuris,
540 2542 718 2611 possis
747 2542 1015 2597 veraciter
1041 2543 1206 2608 scire,
1234 2542 1361 2612 quia
1389 2542 1751 2597 ostentatione
1774 2557 1873 2612 po-

291 2632 404 2686 tius
428 2640 483 2685 et
504 2631 785 2699 plausuum
812 2630 1173 2697 affectatione,
1198 2642 1252 2687 et
1281 2633 1520 2704 ingenita
1547 2632 1667 2697 tibi,
1684 2642 1743 2686 ut
1762 2631 1872 2700 jam

297 2722 591 2791 smpissime
620 2731 977 2776 monstratum
1007 2732 1110 2787 est,
1142 2723 1375 2791 quadam
1408 2724 1625 2787 mentis,
1658 2722 1873 2790 utdixi,

295 2812 665 2883 inquietudine
709 2823 764 2868 et
802 2814 1171 2869 inventionum
1201 2825 1411 2869 tuarum
1442 2816 1873 2886 pecnliarissimo

292 2921 479 2963 amore
509 2908 674 2979 (quod
702 2910 1080 2980 arrogantibus
1120 2910 1423 2982 proximum
1463 2910 1706 2965 noscitur
1733 2908 1872 2982 fore)

288 3007 346 3053 te
379 3000 789 3069 deprehendant
834 3000 958 3055 talia
995 3000 1346 3071 congessisse.
1379 3000 1533 3055 Unde
1564 3008 1614 3054 te
1642 3016 1746 3055 non
1770 2999 1876 3054 mi-

292 3092 400 3145 rari
433 3092 703 3147 debueras
719 3092 876 3162 paulo
899 3093 1147 3162 superius
1174 3091 1311 3146 fretc
1340 3090 1431 3164 υ..
1457 3090 1595 3146 frete
1616 3108 1709 3161 pro
1735 3106 1864 3145 con-

1969 533 2125 587 ducat
2154 531 2335 586 oculus
2365 548 2507 586 meus
2534 532 2745 602 (Tltren.
2794 548 2875 599 ιιι,
2903 534 3027 605 48),
3070 549 3279 605 posses,
3310 544 3369 591 ut
3392 552 3548 593 com-

1970 632 2203 695 peteret,
2230 624 2283 679 in
2313 625 2445 680 hora
2477 624 2668 679 ultima
2691 633 2877 680 contra
2903 626 3217 684 insistentes
3241 628 3429 684 saltem
3458 644 3548 686 ac-

1969 726 2251 776 cusatores
2286 717 2528 789 proferre
2554 759 2569 784 ,
2597 718 2688 789 qui
2720 718 3195 775 calumniabuntur
3220 722 3550 791 certissime,

1969 812 2174 867 nullum
2225 822 2436 867 tuorum
2487 820 2539 868 te
2580 811 2907 878 criminum,
2956 814 3237 883 scripseris
3285 829 3350 870 ea
3398 815 3544 881 licet,

1970 912 2335 973 competenter
2361 903 2580 960 deflesse
2602 945 2617 970 ,
2649 905 2965 960 emendasse
2990 946 3006 972 ,
3055 906 3406 976 paenituisse,
3448 923 3553 965 nec

1970 995 2303 1051 visceraliter
2332 1012 2567 1067 unquam
2598 1005 2841 1067 optasse:
2881 996 3011 1063 Qui:
3049 999 3194 1053 dabit
3239 1000 3397 1070 capiti
3437 1018 3552 1056 meo

1970 1105 2181 1161 aquam,
2202 1097 2250 1143 et
2274 1089 2437 1143 oculis
2464 1089 2589 1143 meis
2612 1088 2803 1158 fontem
2826 1088 3177 1160 lacrymarum
3201 1087 3333 1161 (Jer.
3362 1108 3439 1158 Ix,
3470 1092 3548 1162 l),

1972 1188 2030 1234 ut
2052 1178 2255 1249 plorem
2292 1178 2673 1233 contritionem
2719 1193 2914 1244 meam,
2948 1178 3144 1234 nedum
3172 1180 3353 1250 populi
3401 1180 3551 1247 mei,

1972 1269 2075 1324 hoc
2112 1276 2215 1334 est,
2246 1270 2423 1339 gregis
2464 1267 2593 1322 mihi
2638 1268 2947 1324 commissi?
2974 1268 3110 1323 Nam
3147 1267 3274 1324 dum
3303 1271 3553 1341 proximo

1973 1368 2252 1416 cantares:
2277 1357 2510 1425 Ululate,
2530 1369 2786 1430 pastores,
2818 1368 2867 1414 et
2891 1359 3133 1425 clamate,
3174 1362 3429 1432 aspergite
3458 1378 3549 1417 vos

1972 1453 2177 1517 cinere;
2199 1461 2282 1507 et:
2318 1450 2536 1521 Plange,
2564 1451 2715 1519 quasi
2744 1451 2909 1524 virgo,
2940 1452 3080 1521 plebs
3118 1470 3232 1506 mea
3261 1453 3394 1523 (Jer.
3421 1469 3553 1521 xxv,

1973 1542 2083 1609 34;
2124 1542 2263 1596 Joel.
2296 1558 2335 1606 ι,
2367 1542 2454 1611 8);
2504 1542 2625 1611 quis
2672 1542 2725 1595 in
2774 1550 2865 1596 tuo
2908 1540 3057 1595 vultu
3108 1541 3309 1611 aliquid
3355 1543 3554 1598 nedum

1974 1634 2229 1696 tristitize,
2259 1633 2449 1688 saltem
2481 1633 2797 1704 gravitatis;
2829 1634 2952 1703 quis
2980 1634 3033 1688 iu
3060 1634 3233 1690 oculis
3259 1634 3555 1705 lacrymas,

1962 1734 2035 1785 ut
2058 1724 2154 1788 ita,
2181 1724 2321 1779 sicut
2344 1723 2671 1794 scripseras,
2690 1724 2857 1794 288
2878 1723 3173 1781 criminoso
3196 1736 3554 1795 congruerat;

1978 1814 2122 1884 quis,
2161 1814 2413 1883 inquam,
2452 1828 2550 1883 pro
2585 1812 2689 1867 tuis
2734 1812 2924 1867 saltem
2975 1821 3085 1867 tam
3114 1813 3407 1884 gravibus,
3444 1822 3557 1870 tam
3626 1884 3636 1892 ⁴

1978 1905 2161 1960 multis
2187 1946 2201 1971 ,
2244 1913 2353 1958 tam
2402 1902 2562 1957 fmdis
2588 1942 2604 1968 ,
2636 1917 2704 1958 ne
2734 1902 2861 1957 dum
2894 1916 2993 1973 pro
3017 1903 3115 1957 tibi
3144 1904 3558 1959 commissorum

1977 1995 2219 2058 delictis,
2247 1995 2297 2048 in
2326 2002 2604 2064 pastorum
2644 1992 2791 2065 (589)
2823 2008 2947 2049 cum
2985 2007 3136 2049 esses
3179 1994 3467 2065 dupliciter
3496 1994 3555 2052 in

1979 2086 2054 2141 tui
2096 2084 2399 2141 miserrimc
2437 2083 2804 2154 praejudicium
2829 2100 3075 2152 numero,
3109 2086 3193 2142 vel
3227 2087 3555 2158 condignum

1977 2177 2183 2251 audivit
2219 2177 2547 2247 suspirium?
2572 2176 2640 2230 Et
2668 2184 2793 2233 tunc
2822 2178 3038 2245 quidem
3066 2218 3081 2245 ,
3129 2181 3270 2235 sicut
3314 2180 3555 2251 plurimi,

1975 2284 2075 2339 pro
2105 2268 2403 2322 reverentia
2434 2266 2575 2321 illius
2601 2267 2761 2321 tridui
2794 2267 2941 2338 (590)
2974 2284 3097 2324 eras
3126 2270 3444 2336 abstemius,
3475 2271 3554 2326 si-

1976 2360 2111 2425 lens,
2140 2359 2366 2414 crimina
2394 2365 2481 2411 tua
2505 2358 2846 2422 describens,
2884 2359 3189 2429 paschalem
3225 2360 3379 2431 quasi
3423 2376 3556 2433 azy-

1976 2466 2123 2507 mum
2166 2464 2508 2520 przeparans;
2544 2448 2638 2503 sed
2665 2448 3105 2521 subterfugerant
3142 2450 3463 2522 improvido,
3494 2458 3558 2506 ut

1974 2552 2178 2598 cretum
2201 2549 2304 2605 est,
2330 2548 2568 2611 agrestes
2590 2540 2830 2606 lactucae,
2848 2540 2966 2596 sine
2986 2541 3182 2611 quibus
3201 2540 3283 2597 fas
3304 2556 3409 2596 non
3430 2555 3557 2597 esse

1975 2634 2238 2689 debueras
2271 2631 2493 2686 credere
2511 2672 2523 2696 ,
2557 2630 2866 2702 paschalem
2900 2648 3096 2703 agnum
3114 2648 3223 2711 pro
3250 2641 3301 2687 te
3324 2642 3379 2688 et
3406 2634 3555 2689 occi-

1974 2738 2094 2779 sum
2135 2722 2438 2777 comedere.
2466 2719 2583 2775 Jam
2615 2730 2741 2777 tunc
2778 2722 3160 2793 praeﬁgurabas
3184 2762 3199 2788 ,
3246 2723 3420 2778 fateor
3444 2762 3460 2789 ,
3501 2732 3557 2779 te

1974 2804 2317 2886 quandoque,
2346 2814 2487 2884 quod
2515 2822 2695 2868 actum
2726 2822 2831 2880 est,
2863 2814 3050 2884 utique
3076 2814 3394 2881 obliturum,
3418 2814 3550 2885 quid

1974 2910 2042 2964 de
2083 2923 2238 2964 servo
2260 2907 2524 2977 judicaris
2563 2920 2781 2961 reverso
2810 2945 2826 2971 ,
2867 2904 2980 2974 jam
3013 2906 3183 2977 signis
3228 2906 3554 2977 quibusdam

1973 2997 2253 3065 fatebaris,
2280 3012 2387 3052 non
2414 2996 2572 3052 modo
2600 3012 2707 3051 non
2735 2996 3096 3067 cogitaturum
3125 3005 3176 3052 te
3205 2996 3396 3052 saltem
3429 3004 3557 3067 post

1973 3088 2183 3145 Pascha
2232 3088 2431 3144 nedum
2475 3086 2781 3153 dicturum,
2834 3087 2975 3157 quod
3020 3087 3373 3143 exclamative
3420 3086 3557 3142 mihi

291 3181 544 3253 ﬁdenter]
571 3152 770 3248 dicere,
803 3185 945 3252 quod
966 3152 1132 3238 siccis
1162 3152 1483 3239 oculislalia
1514 3152 1723 3237 valeres
1745 3198 1869 3251 pro-
1896 3152 1944 3216 ο
1976 3181 2224 3237 dixeras:
2256 3180 2333 3235 Nc
2360 3192 2671 3250 peccemus,
2712 3152 2963 3248 inquam:
2995 3178 3125 3248 quid
3160 3178 3390 3248 amplius
3420 3192 3551 3247 pec-

289 3269 456 3326 ferre.
486 3272 619 3339 Quis
645 3273 789 3327 enim
814 3274 1097 3327 charitatis
1129 3274 1289 3327 ardor
1311 3288 1449 3338 eam,
1478 3288 1598 3342 quae
1625 3273 1679 3326 in
1708 3280 1758 3326 te
1789 3280 1875 3327 est

288 3362 603 3433 frigiditalis
627 3364 854 3435 glaciem
883 3366 934 3419 in
963 3366 1111 3421 rivos
1150 3366 1445 3421 resolveret
1475 3362 1870 3436 lacrymarum?

286 3453 493 3508 Cereus
522 3468 653 3508 sane
685 3463 830 3509 totus
874 3470 998 3510 cum
1045 3456 1155 3521 sis,
1188 3471 1293 3511 non
1338 3466 1422 3511 est
1467 3458 1794 3522 mirandum,
1825 3455 1870 3511 si

289 3540 580 3609 aliquoties
621 3542 799 3612 aliqua
826 3544 1039 3598 elicitur
1069 3560 1136 3599 ex
1162 3553 1212 3599 te
1242 3544 1559 3616 lacrymula,
1610 3562 1771 3616 quam
1801 3561 1869 3601 ex

280 3633 643 3689 instabilitate
669 3644 727 3689 ut
751 3636 967 3691 Balaam
995 3638 1138 3693 illius
1164 3636 1411 3711 [subaudi
1443 3637 1640 3712 potius]
1671 3636 1867 3710 prece-

289 3724 438 3789 dere,
465 3740 626 3794 quam
652 3740 719 3780 ex
745 3726 945 3781 salubri
966 3728 1402 3798 eompunctione,
1431 3730 1560 3783 illud
1585 3731 1869 3801 perspicue

288 3818 570 3887 approbat,
605 3818 746 3888 quod
778 3818 971 3875 elicere
1015 3834 1120 3875 non
1156 3822 1302 3876 vales
1341 3822 1609 3892 lacrymas
1636 3822 1868 3891 aliquas,

286 3907 395 3961 nisi
430 3915 482 3963 te
511 3908 706 3978 aliquis
740 3909 942 3976 videat,
972 3920 1064 3965 aut
1090 3927 1273 3967 coram
1298 3921 1351 3967 te
1376 3913 1673 3983 plorantem
1705 3914 1869 3968 alium

287 4013 517 4063 cernas,
567 4000 707 4069 quod
734 4009 790 4055 et
819 4018 849 4057 e
879 4004 1109 4073 vestigio
1146 4007 1483 4076 subsequens
1513 4007 1865 4061 immoderata

286 4098 558 4143 monstrat
601 4091 674 4144 ita
718 4106 837 4146 esse
876 4107 1116 4165 persmpe
1159 4095 1425 4149 hilaritas.
1481 4096 1648 4162 Quem
1689 4106 1867 4151 tamen

284 4178 469 4234 ﬂetum
502 4182 686 4250 quanti
706 4182 907 4251 pendat
928 4185 1130 4239 arbiter
1154 4186 1398 4241 internus
1429 4186 1645 4242 attende
1670 4204 1684 4241 :
1712 4185 1868 4240 Filia:

282 4269 601 4335 Jerusalem,
629 4271 824 4341 inquit,
856 4271 1013 4327 nolite
1033 4275 1157 4345 ﬂere
1178 4292 1334 4345 super
1358 4293 1458 4343 me,
1485 4277 1575 4331 sed
1598 4292 1753 4346 super
1778 4291 1867 4331 vos

286 4360 441 4431 (Luc.
474 4377 629 4428 χχιιι,
656 4363 783 4435 28);
823 4380 985 4435 super
1026 4360 1192 4421 alium
1240 4368 1383 4423 enim
1408 4409 1423 4432 ,
1475 4383 1583 4424 non
1622 4382 1785 4437 super
1807 4381 1867 4423 se

283 4452 399 4515 flet,
428 4454 522 4525 qui
547 4471 707 4525 super
733 4456 955 4513 alterius
977 4458 1118 4513 bono
1140 4470 1517 4530 compunctus,
1546 4462 1744 4516 imitari
1771 4476 1865 4518 ne-

285 4540 461 4611 gligil,
492 4556 600 4610 quo
630 4542 745 4610 ipse
770 4558 987 4613 quoque
1014 4547 1426 4617 compungitur,
1472 4546 1706 4611 bonum;
1743 4562 1865 4616 per-

284 4630 412 4684 ditae
432 4630 578 4685 enim
601 4634 901 4701 computari
921 4633 1100 4688 valent
1124 4634 1392 4707 lacrymze,
1417 4651 1536 4705 qua:
1559 4636 1682 4690 inde
1705 4636 1862 4702 fiunt,

284 4720 429 4776 unde
453 4722 667 4776 animus
697 4722 1050 4793 lacrymantis
1075 4740 1180 4779 non
1216 4735 1388 4781 curat.
1413 4727 1573 4781 Deest
1602 4740 1734 4781 sane
1764 4727 1863 4783 tibi

284 4812 626 4866 necessarius
653 4814 744 4882 qui
771 4812 969 4877 fuerat,
1001 4814 1212 4871 scilicet
1238 4817 1600 4872 amicissimus
1618 4818 1863 4874 interius

284 4900 600 4969 clamitans,
647 4920 847 4972 cerno,
894 4921 1119 4962 suasor:
1163 4906 1341 4962 Deduc
1382 4910 1534 4979 quasi
1585 4918 1866 4965 torrentem

282 4992 544 5066 lacrymas
587 5014 679 5067 per
710 4998 848 5052 diem
872 5008 921 5053 et
949 5010 1149 5054 noctem
1174 5040 1188 5065 ,
1228 5010 1275 5054 et
1316 5018 1419 5056 non
1457 5010 1625 5056 taceat
1663 5002 1864 5073 pupilla

348 5129 493 5254 (589)
529 5132 884 5204 Apographus
914 5134 1145 5189 habebat
1172 5135 1534 5205 impastorum,
1560 5138 1814 5194 mendose
1842 5157 1856 5196 :

348 5218 355 5254 ι
397 5201 681 5254 Ιειιειιιιιιιιι
707 5207 761 5254 in
790 5215 1057 5254 mulorum
1094 5218 1282 5254 sensus
1307 5208 1492 5254 exigit-
1522 5207 1855 5254 Constrnan-

284 5201 371 5300 s'ed
397 5201 681 5300 legenduim
707 5201 761 5258 in
790 5215 1057 5300 paslg‘rum
1094 5201 1282 5285 sensus
1307 5208 1496 5300 exigit;
1522 5207 1855 5300 Construen-

282 5270 400 5300 J'IIM
450 5270 719 5300 ;:I-.‘.IAAM
766 5270 818 5300 Α-Αε

1891 4514 1942 4573 D

1976 3271 2242 3327 canduml
2281 3270 2667 3342 Superabunde
2702 3277 2979 3339 peccatum
3010 3276 3124 3324 est:
3165 3269 3319 3340 quasi
3349 3267 3555 3323 delibe-

1974 3377 2155 3416 rasses
2178 3360 2287 3430 jam
2322 3360 2551 3431 amplius
2577 3374 2685 3413 non
2717 3373 2978 3430 peccare;
3006 3360 3099 3414 sed
3122 3357 3341 3413 Balaam
3372 3372 3555 3412 exem-

1974 3451 2084 3521 plo,
2109 3451 2221 3521 jam
2251 3450 2448 3519 quibus
2476 3448 2832 3503 benedixeras
2859 3446 3168 3512 virtutibus,
3196 3447 3391 3517 incipis
3422 3462 3553 3501 con-

1973 3541 2151 3595 silium
2183 3539 2421 3595 scandali
2471 3538 2801 3602 ministrare,
2837 3537 2947 3606 jam
2982 3538 3178 3593 reverti
3210 3546 3268 3592 ut
3296 3538 3449 3591 cauis
3479 3537 3550 3591 ad

1972 3633 2231 3688 vomitum
2256 3671 2271 3697 ,
2309 3628 2420 3698 jam
2452 3629 2505 3683 in
2535 3628 2745 3691 eodem,
2782 3643 2891 3698 quo
2921 3627 3119 3682 dudum
3148 3627 3351 3692 fueras,
3390 3641 3551 3682 caeno

1970 3722 2156 3785 lutari,
2181 3721 2292 3790 jam
2325 3734 2432 3775 non
2464 3733 2656 3774 curare
2681 3758 2697 3783 ,
2728 3720 2869 3787 quod
2896 3718 3194 3772 cavendum
3228 3717 3282 3772 in
3320 3718 3552 3772 ambone

1972 3819 2028 3869 ῐιι
2060 3814 2265 3868 Pascha
2297 3812 2518 3877 dixisti,
2558 3826 2625 3865 ne
2667 3809 2875 3865 scilicet
2916 3811 2969 3865 in
3015 3811 3427 3882 quadragesima
3455 3810 3553 3865 do-

1970 3918 2118 3958 mum
2163 3910 2530 3958 constructam
2578 3909 2852 3956 transacto
2894 3902 3151 3957 vecordes
3195 3900 3403 3957 Pascha
3451 3900 3547 3956 de-

1972 4005 2339 4059 strucremus,
2388 4002 2481 4048 aut
2526 3993 2772 4049 immisso
2816 3994 3255 4049 combureremus
3299 3994 3451 4065 igne,
3484 4008 3554 4047 ne

1969 4087 2250 4157 expulsum
2295 4101 2324 4139 a
2358 4085 2512 4140 nobis
2550 4083 2884 4139 immundum
2922 4100 3019 4155 per
3056 4083 3431 4155 pmnitentiam
3463 4098 3551 4139 re-

1971 4195 2292 4235 vocaremus
2314 4180 2563 4250 spiritum
2592 4187 2813 4249 septeno
2839 4178 3093 4233 nimirum
3120 4178 3344 4249 collegio
3368 4192 3551 4232 rever-

1970 4284 2155 4324 surum
2180 4268 2394 4340 (Matth.
2429 4285 2524 4335 xu,
2548 4269 2661 4339 45).
2684 4268 2803 4323 Jam
2824 4270 2969 4323 enim
2994 4269 3350 4341 repinguaris,
3377 4268 3551 4323 videri

1970 4360 2129 4415 detur
2157 4368 2216 4415 ut
2243 4360 2411 4430 optio,
2440 4360 2672 4430 qualiter
2700 4374 2913 4431 quoque
2945 4360 3215 4430 pascaris;
3244 4359 3357 4430 jam
3389 4359 3479 4413 vix
3510 4373 3544 4412 a

1968 4450 2184 4506 lascivia
2217 4441 2464 4506 retineris
2489 4492 2505 4517 ,
2547 4452 2651 4506 huc
2693 4451 2929 4522 illucque
2959 4451 3229 4506 desidiose
3254 4450 3547 4513 discurris;

1968 4543 2060 4612 qui
2091 4541 2310 4607 silebas,
2344 4541 2574 4609 rixaris,
2620 4542 2893 4608 detrahis;
2925 4542 3203 4598 securitati
3235 4541 3550 4597 familiaris-

1968 4633 2118 4687 sima:
2155 4646 2367 4702 semper
2404 4631 2534 4697 tibi,
2566 4642 2625 4687 ut
2650 4632 2723 4687 ita
2756 4633 2965 4704 loquar,
3008 4633 3369 4700 reconciliari,
3398 4630 3545 4703 quod

1966 4738 2086 4778 eam
2122 4723 2188 4777 ad
2218 4723 2488 4778 modicum
2528 4724 2846 4794 reliqueris,
2894 4723 3064 4780 solers
3120 4724 3335 4794 incipis,
3385 4731 3441 4777 et
3473 4734 3545 4775 ne

1970 4814 2113 4869 vires
2171 4815 2401 4885 perdat,
2446 4816 2775 4885 turpiloquia
2827 4831 2951 4871 cum
3013 4813 3243 4869 fallaciis
3286 4811 3546 4886 providus

1968 4906 2183 4961 misces.
2214 4905 2313 4961 Cui
2343 4908 2505 4960 raclia
2536 4906 2684 4978 (591)
2712 4906 2885 4962 vitare
2926 4906 3283 4971 successerit,
3324 4902 3551 4959 minime

1967 4997 2095 5052 licet
2119 5009 2365 5054 conatus.
2396 4996 2877 5069 Quadragesimam
2908 4997 3075 5068 (loqui
3118 4996 3346 5052 timuisti
3375 4990 3547 5065 fatue)

1967 5150 1999 5189 a
2026 5134 2286 5190 Ratherio
2313 5133 2548 5189 maxima
2575 5149 2641 5189 ex
2674 5140 2829 5199 parte
2859 5129 3127 5251 descriypta
3156 5128 3281 5188 fuit.

2045 5204 2196 5251 fSQIl
2228 5205 2531 5251 Legebamu-
2567 5206 2620 5251 in
2657 5203 2966 5251 anoaranho
3050 5215 3097 5251 vt
3137 5205 3281 5251 racht

2005 5204 2196 5300 ⁵,(591)
2228 5205 2621 5294 Ιίνεεεὺιιιυιίοὶιι
2657 5203 2966 5278 apographo
3004 5199 3101 5272 thi
3137 5205 3327 5261 racha.
3369 5199 3573 5256 Correo
