4032 5354
490 342 598 403 435

1468 341 1798 400 BATHERII
1835 338 2055 399 EPISC.
2096 318 2353 399 vanos.
2391 341 2543 400 ore.
2582 341 2764 400 rans
2798 342 2843 400 ι.

3668 342 3774 402 456

462 478 473 481 -
484 460 595 528 jam
610 457 979 516 conviciorum
1000 458 1167 514 millia
1184 456 1959 529 etiaminveuienstransgredi
1977 471 2084 511 non
2111 460 2160 519 Α
2190 459 2536 529 compertas?
2572 459 2845 524 lnterdici,
2883 459 3024 531 quod
3068 459 3204 516 facis
3245 448 3557 527 temerarie,
3598 462 3774 529 audis,

488 551 717 617 vereris,
743 551 876 621 ipsis
902 550 1063 606 etiam
1092 567 1269 622 neque
1292 551 1541 606 manibus
1567 551 1831 607 excedere
1855 552 2074 606 timens.

476 644 607 701 .Jam
647 645 846 715 quibus
880 645 1032 715 quasi
1067 644 1324 716 gradibus
1356 645 1557 700 reverti
1598 645 1664 699 ad
1705 644 1992 699 Dominum
2016 644 2077 699 in

489 736 635 792 edito
658 737 893 808 positum
926 746 978 792 te
1009 737 1148 793 velle
1177 737 1490 804 simulabas,
1521 749 1669 794 retro
1705 739 1919 809 pergis;
1952 736 2078 807 qui-

490 845 597 901 que
635 845 857 903 surgere
905 840 956 886 te
1000 830 1138 886 velle
1177 830 1310 886 mihi
1363 832 1746 899 mentiebaris,
1790 831 2077 903 perspicue

488 923 641 989 ruis,
690 933 744 980 te
791 925 857 979 de
900 933 1015 980 rete
1057 924 1301 995 pristina:
1330 924 1762 980 conversationis
1803 938 2074 990 asserens,

489 1015 679 1084 quanti
707 1015 882 1072 adhuc
906 1032 1024 1072 eam
1055 1017 1276 1081 habeas,
1306 1016 1511 1089 prodis.

559 1108 646 1164 38.
675 1108 779 1167 Sel
805 1109 933 1180 quid
964 1109 1166 1181 magis?
1186 1108 1329 1177 Quid
1352 1108 1442 1164 alii
1471 1109 1538 1164 de
1561 1117 1611 1164 te
1636 1109 1892 1172 sentiant,
1920 1108 2075 1165 vide-

487 1197 630 1266 rint;
671 1199 800 1254 mihi
833 1199 1035 1255 videris
1062 1200 1214 1270 peior
1248 1200 1484 1268 pessimo
1522 1199 1825 1256 istiusmodi
1858 1199 2074 1257 confes-

486 1289 661 1347 sionis
712 1301 1033 1360 argumento
1087 1289 1353 1358 ell’ectus,
1411 1289 1459 1346 si
1515 1291 1658 1346 desit
1710 1304 1807 1362 per
1861 1288 2077 1345 miseri-

484 1382 722 1438 cordiam
789 1383 885 1439 Dei
943 1384 1224 1440 donandus
1261 1424 1277 1449 ,
1338 1392 1396 1440 et.
1458 1382 1529 1439 ob
1603 1383 1657 1438 id
1729 1383 1936 1453 absque
1996 1382 2078 1437 in-

482 1474 829 1530 termissione
867 1475 936 1531 ab
978 1488 1045 1530 eo
1077 1474 1353 1547 quaerendi
1381 1473 1443 1547 [l.
1475 1471 1820 1546 quaerendus]
1852 1472 2081 1528 interior

483 1577 540 1624 et
578 1568 895 1634 continuus,
933 1583 1094 1640 quem
1143 1568 1235 1623 tibi
1285 1583 1390 1625 non
1429 1582 1550 1623 esse
1592 1574 1650 1623 et
1697 1566 1977 1622 conﬁteris
2021 1572 2079 1621 et

484 1664 667 1732 video,
714 1665 966 1737 gemitus.
1013 1665 1070 1721 Si
1118 1666 1263 1721 enim
1320 1666 1597 1721 dormiens
1647 1664 1722 1719 nil
1759 1663 1950 1730 videt,
1989 1670 2074 1720 est

480 1759 669 1829 utique
718 1759 1007 1825 naturale;
1064 1758 1378 1831 vigilantem
1438 1757 1587 1830 (592)
1642 1772 1774 1813 vero
1827 1765 1889 1811 ut
1946 1771 2078 1812 con-

2183 563 2237 610 et
2261 570 2421 625 agere
2449 571 2790 627 nequaquam
2816 556 3081 611 dimittis?
3107 554 3214 612 Sed
3238 556 3404 628 quid?
3430 555 3487 612 Si
3518 556 3777 625 dimittis,

2182 648 2251 704 de
2278 649 2638 705 inobedientia
2660 649 2953 719 iudicaris;
2982 649 3104 719 quia
3131 649 3274 703 enim
3302 648 3528 704 sortitus
3554 663 3617 703 es
3638 664 3778 719 quo-

2181 754 2291 811 quo
2320 742 2479 796 modo
2521 741 2909 806 ministerium,
2941 740 3235 795 necessitas
3270 740 3364 795 tibi
3401 739 3677 794 incumbit
3718 739 3780 795 il-

2181 830 2270 887 lud
2300 833 2546 904 explere,
2570 848 2638 888 ne
2671 833 2722 887 in
2747 831 3012 904 judicium
3051 830 3220 902 magis
3246 845 3408 901 quam
3442 831 3496 885 in
3532 830 3781 885 ministe-

2181 924 2322 980 rium
2364 923 2494 979 illud
2521 923 2758 980 videaris
2784 923 3011 980 sortitus
3052 921 3243 978 fuisse.
3274 920 3387 977 Hoc
3426 920 3599 993 igitur
3633 920 3781 977 bivio

2180 1017 2513 1089 interceptus
2556 1009 2719 1089 Quam
2770 1016 3123 1088 desperabilis
3168 1016 3246 1072 sis
3290 1026 3454 1088 atque
3490 1014 3779 1083 dolendus,

2179 1111 2489 1167 consideres
2513 1126 2697 1182 qureso
2723 1110 3009 1167 sollicitus.
3045 1107 3157 1165 Nisi
3184 1123 3315 1164 vero
3348 1116 3402 1163 tu
3430 1108 3574 1187 idem
3606 1106 3785 1163 conli-

2182 1205 2283 1260 teri
2333 1206 2715 1276 anticipasscs,
2754 1219 2977 1260 vererer
3015 1211 3215 1269 tamen,
3244 1218 3312 1258 ne
3361 1199 3587 1258 subdole
3619 1200 3779 1271 quid-

2180 1295 2309 1368 quid
2335 1295 2629 1367 Gregorius
2663 1303 2852 1351 contra
2883 1295 3161 1365 reprobos,
3194 1292 3562 1357 simulatores,
3597 1300 3659 1347 et
3689 1307 3783 1348 ar-

2179 1397 2435 1461 rogantes
2476 1390 2529 1444 in
2560 1388 2855 1445 Moralibus
2886 1388 3143 1459 loquitur,
3170 1387 3417 1443 absolute
3447 1386 3545 1443 tibi
3578 1400 3783 1442 conve-

2180 1483 2299 1536 nire
2328 1480 2650 1554 proferrem.
2682 1481 3096 1552 Loquacitatem
3137 1479 3337 1552 quippe
3375 1486 3481 1534 tute
3524 1477 3779 1535 conside-

2181 1586 2309 1627 rans
2351 1573 2713 1645 arrogantiae,
2769 1571 2887 1628 Elin
2942 1571 3100 1644 quasi
3146 1570 3307 1626 audio
3355 1570 3584 1627 dicere:
3617 1568 3784 1642 290

2181 1667 2378 1726 Plenus
2437 1687 2555 1727 sum
2625 1670 2988 1736 sermonibus,
3032 1678 3081 1724 et
3133 1676 3367 1723 coarctat
3429 1683 3513 1722 me
3565 1667 3782 1738 spiritus

2180 1762 2318 1817 uteri
2355 1763 2476 1829 mei,
2509 1780 2574 1819 en
2612 1774 2790 1819 ventus
2836 1761 2898 1836 [ι.
2931 1759 3143 1835 venter]
3184 1777 3330 1816 meus
3360 1760 3513 1833 quasi
3550 1770 3782 1814 mustum

478 1859 589 1906 stat
615 1851 784 1924 289
808 1852 1020 1918 videre,
1052 1851 1125 1906 ita
1156 1858 1210 1907 et
1245 1866 1341 1907 sua
1381 1849 1610 1915 referre,
1645 1849 1691 1904 si
1720 1849 2073 1920 interempto-
2105 1843 2153 1905 Β
2181 1857 2375 1928 absque
2409 1855 2701 1928 spiracula,
2736 1856 2876 1929 quod
2920 1854 3231 1927 lagunculas
3271 1870 3430 1909 novas
3474 1851 3783 1923 disrumpit,

479 1956 599 1997 rem
627 1943 708 1997 sui
739 1958 921 1998 coram
964 1957 1025 1999 se
1054 1944 1289 2014 positum
1320 1942 1542 2015 negligit
1573 1940 1862 1997 declinare.
1893 1940 2080 2009 Quan-

482 2044 568 2091 tos
604 2035 767 2107 igitur
812 2037 1008 2092 anima:
1050 2045 1157 2092 tuae
1200 2037 1555 2092 subversores
1601 2043 1726 2091 ante
1774 2043 1827 2091 te
1871 2035 2077 2092 habeas

476 2130 684 2202 positos
723 2132 926 2198 cernis,
956 2143 1012 2187 et
1049 2130 1322 2187 declinare
1355 2130 1635 2185 interitum
1664 2128 1930 2201 gemendo
1969 2127 2079 2185 sal-

478 2231 606 2289 tem,
631 2224 675 2280 si
699 2225 965 2297 condigne
988 2224 1300 2297 pmnitendo
1326 2240 1432 2280 non
1453 2223 1624 2292 vales,
1648 2223 1971 2295 negligiskt
1990 2237 2078 2280 me

476 2332 584 2373 non
609 2318 677 2372 de
707 2325 762 2375 te
794 2320 1082 2390 desperare
1117 2318 1396 2390 compellis
1432 2318 1603 2391 (595).
1632 2317 1770 2385 Quid
1798 2317 1943 2372 enim
1972 2316 2077 2372 mi-

475 2420 566 2465 ser
590 2419 748 2481 putas
777 2412 1031 2482 prodesse
1060 2427 1182 2482 qum
1212 2410 1385 2482 (594),
1418 2411 1706 2466 imminent
1733 2410 1993 2474 crevisse,
2022 2407 2071 2466 si

475 2500 753 2569 contingat
773 2518 878 2556 non
902 2502 1178 2558 evasisse?
1209 2501 1438 2573 Repelli,
1461 2502 1716 2558 sacerdos
1746 2517 1869 2558 cum
1893 2502 1993 2568 sis,
2018 2510 2073 2559 te

475 2590 544 2643 ab
587 2590 880 2648 olfcrendis
917 2593 1030 2648 Deo
1072 2593 1301 2663 panibus
1329 2593 1503 2660 vides,
1539 2602 1595 2647 et
1638 2592 1862 2648 minime
1889 2592 2077 2664 luges?

472 2679 941 2739 Maledictionibus
977 2692 1028 2739 te
1061 2685 1272 2739 Domini
1307 2685 1493 2757 impeti
1522 2685 1697 2751 vides,
1726 2695 1780 2741 et
1810 2684 1940 2741 ﬂere
1966 2702 2075 2742 non

472 2772 662 2829 vales?
691 2774 863 2830 furem
894 2785 948 2830 te
974 2775 1142 2832 miser
1170 2785 1334 2849 atque
1360 2777 1627 2833 latronem
1661 2776 1865 2834 veritas
1892 2777 2078 2850 appel-

476 2864 577 2933 lat,
608 2877 664 2921 et
699 2883 799 2923 nec
837 2868 1015 2924 furata
1058 2869 1139 2925 vis
1182 2871 1443 2938 reddere,
1492 2887 1594 2928 nec
1630 2872 1684 2928 vi
1723 2881 1874 2944 rapta
1911 2874 2072 2931 relin-

474 2974 675 3030 quere;
707 2977 809 3017 nec
832 2962 1025 3018 saltem
1054 2979 1161 3019 non
1191 2964 1350 3019 modo
1380 2981 1481 3037 pro
1511 2956 1736 3022 furto’et
1761 2965 2073 3036 latrocinio,

473 3065 665 3107 verum
696 3067 796 3123 pro
826 3054 939 3125 ipsa
972 3069 1077 3109 non
1110 3056 1433 3112 emendandi
1464 3056 1662 3113 duritia
1691 3058 1961 3131 lacrymas
1988 3058 2074 3116 vel

474 3141 685 3214 aliquas
712 3145 893 3199 animo
920 3152 1300 3202 consternatus
1329 3146 1580 3218 suspiriis
1610 3149 1878 3205 miscere?
1910 3150 2073 3207 Veste

474 3232 702 3302 nuptiali
746 3242 800 3289 te
838 3234 1015 3290 carnis
1066 3251 1289 3304 carere;
1334 3246 1391 3293 et
1438 3238 1491 3293 in
1541 3239 1742 3311 nuptiis
1777 3239 1983 3297 Christi
2018 3249 2075 3298 et

480 3324 762 3395 Ecclesiae,
791 3329 1017 3400 pedibus
1044 3341 1099 3386 et
1126 3331 1377 3387 manibus
1405 3332 1588 3405 ligatis
1616 3334 1767 3393 nein
1798 3334 2072 3392 caminum

478 3417 627 3489 ignis
668 3421 963 3476 mittendus
990 3423 1221 3493 turpiter
1248 3425 1557 3481 extrudaris
1578 3441 1682 3482 non
1709 3442 1924 3493 verens,
1955 3426 2076 3485 sine

482 3513 744 3586 lacrymis
773 3514 940 3568 audes
976 3514 1166 3569 saltem
1207 3516 1562 3572 recumbere?
1588 3517 1891 3575 Anathema
1920 3518 2077 3575 audis

481 3605 792 3675 recipienti,
823 3616 879 3661 et
905 3605 1036 3661 ﬂere
1065 3607 1399 3679 impossibile
1431 3617 1516 3665 est
1550 3609 1686 3665 tibi?
1716 3608 1950 3667 Pecunia
1982 3620 2076 3666 tua

479 3706 648 3753 tecum
693 3698 761 3751 sit
808 3696 864 3751 in
908 3697 1250 3769 perditionem
1281 3698 1421 3772 (Act.
1460 3716 1583 3766 vtu,
1611 3700 1738 3774 20),
1771 3700 2076 3773 apostolum

478 3789 632 3843 audis
664 3788 884 3844 Petrum
914 3789 1121 3846 Simoni
1152 3790 1307 3862 Mago
1331 3791 1624 3860 dicentem,
1651 3804 1706 3849 et
1730 3804 1791 3849 ut
1815 3811 1847 3850 a
1873 3804 1924 3852 te
1952 3810 2082 3866 per-

482 3877 616 3932 ditio
645 3886 942 3945 avertatur,
981 3895 1087 3935 non
1129 3880 1371 3951 postulas
1397 3898 1614 3953 precem
1653 3883 1732 3958 [id
1759 3895 1835 3940 est
1862 3884 2077 3960 orem]?

477 3970 748 4025 Ananiam
794 3981 851 4027 et
882 3970 1170 4044 Saphiram
1218 3989 1317 4045 pro
1363 3975 1651 4047 sacrilegio
1692 3992 1724 4031 a
1771 3984 1824 4032 te
1861 3992 2078 4049 quoque

479 4065 770 4119 commisso
792 4066 1065 4136 conspicis
1094 4066 1365 4137 expirare,
1400 4077 1454 4124 et
1486 4068 1578 4122 tibi
1607 4066 1737 4124 ﬂere
1765 4070 2075 4128 nullatenus

480 4166 563 4213 est
597 4157 886 4228 possibile?
927 4157 1078 4214 Giezi
1118 4159 1391 4231 conspicis
1435 4159 1675 4232 lepram;
1706 4169 1761 4218 et
1802 4161 2070 4233 leprosam

479 4249 698 4305 ﬂetibus
731 4265 834 4305 non
878 4251 1052 4305 delnis
1090 4252 1365 4307 animam?
1395 4251 1674 4323 Templum
1716 4252 1810 4310 Dei
1846 4255 1900 4309 in
1940 4266 1990 4311 te
2020 4263 2077 4312 et

483 4342 538 4397 in
569 4342 689 4397 aliis
718 4343 954 4409 violasti,
981 4343 1308 4400 oblationem
1331 4344 1511 4400 Patris
1534 4346 1610 4401 tui
1639 4345 1868 4403 Domino
1892 4348 2077 4404 abstu-

478 4433 621 4502 listi;
667 4444 724 4490 et
770 4435 822 4490 in
872 4437 1029 4492 domo
1077 4436 1331 4493 Ecclesia:
1371 4437 1468 4494 Dei
1519 4436 1842 4495 liducialiter
1885 4455 2070 4513 agens,

478 4524 637 4580 altari
680 4524 796 4596 ejus
839 4528 956 4582 sine
1006 4527 1260 4599 lacrymis
1297 4528 1600 4585 oblationes
1635 4529 1872 4586 ﬁdelium
1915 4546 2072 4589 secu-

479 4633 575 4674 rus
598 4618 868 4690 imponis?
896 4620 1098 4676 Deesse
1123 4620 1217 4701 tibi
1246 4620 1517 4692 conspicis
1540 4620 1781 4678 lactucas
1802 4634 2063 4696 agrestes,

479 4721 537 4766 et
563 4728 759 4782 agnum
802 4711 895 4768 Dei
934 4713 1218 4770 comedere
1248 4714 1454 4770 audes?
1488 4729 1735 4786 azymam
1767 4730 1872 4771 non
1901 4716 2067 4772 habe-

392 4862 401 4871 ,
479 4818 564 4872 re,
592 4814 646 4861 et
672 4794 970 4861 de'Pascha
1011 4806 1375 4876 praesumere?
1403 4805 1750 4863 Fermentum
1776 4807 1831 4863 in
1862 4817 1915 4865 te
1944 4822 2069 4864 sen-

480 4899 552 4955 tis
581 4898 798 4954 malitiae
829 4909 883 4955 ct
910 4899 1195 4970 nequitim;
1229 4907 1283 4954 et
1307 4899 1510 4970 epulari
1541 4899 1595 4953 in
1628 4900 1858 4956 Domino
1898 4900 2067 4957 audes

475 4999 530 5044 te
553 5000 723 5047 salem
768 4990 857 5064 [[1,
886 4990 1098 5065 saltem]
1130 4991 1216 5046 vel
1241 4991 1502 5047 credere?
1538 4990 1750 5048 [labere
1775 4991 2065 5047 adversum

372 5110 389 5115 -
479 5090 534 5139 te
563 5085 765 5139 multos
792 5085 960 5140 multa
994 5100 1099 5139 non
1133 5085 1368 5155 ignoras,
1396 5091 1451 5138 et
1485 5097 1708 5137 munera
1735 5091 1863 5137 ante
1891 5082 2065 5139 altare

551 5196 702 5268 (592)
729 5195 1029 5252 Construe:
1070 5195 1260 5250 Verum
1284 5202 1340 5248 ut
1370 5204 1572 5268 constat
1597 5191 2068 5268 vigilantem_vide-

477 5249 1026 5326 refuga—constat
1061 5249 1256 5326 referre
1293 5281 1421 5326 sua,
1461 5264 1505 5319 si
1543 5249 1755 5326 negligit
1804 5262 2067 5319 declinare

2097 4584 2150 4645 D

2181 1946 2371 2020 loquar
2416 1956 2465 2003 et
2508 1948 2775 2018 respirabo
2820 1947 3095 2020 paululum
3134 1945 3257 2020 (Job
3309 1961 3484 2011 xxxu,
3510 1942 3629 2017 18.)
3675 1941 3785 2001 Sed

2182 2039 2414 2094 multum
2457 2038 2637 2095 vereri
2683 2046 2790 2093 tam
2845 2046 2901 2093 tu
2953 2038 3251 2104 debueras,
3286 2052 3449 2110 quam
3490 2035 3787 2107 complices

2182 2131 2238 2188 in
2267 2131 2575 2201 huiusmodi
2606 2130 2703 2197 tui,
2733 2130 2826 2203 qui
2859 2131 2984 2186 dum
3010 2129 3253 2186 aemulari
3293 2129 3614 2200 eloquentes
3652 2143 3787 2185 con-

2182 2223 2403 2279 tenditis
2431 2222 2754 2294 vaniloquos
2773 2262 2788 2289 ,
2824 2221 3114 2277 imitamini
3146 2220 3319 2294 magis
3347 2219 3705 2292 philosophos
3731 2225 3787 2276 et

2180 2314 2471 2386 sequimini
2511 2314 2910 2386 philopompos,
2941 2312 3118 2369 notari
3154 2312 3210 2367 in
3246 2326 3355 2367 uno
3387 2327 3497 2368 non
3529 2325 3633 2367 vos
3662 2325 3785 2381 per-

2180 2407 2511 2474 pendentes,
2557 2419 2680 2459 cum
2731 2403 2839 2459 dici
2875 2402 3112 2459 auditis:
3145 2399 3354 2456 Stultus
3383 2411 3552 2457 totum
3581 2400 3784 2473 profert

2180 2511 2391 2550 sensum
2427 2511 2582 2549 suum
2601 2491 2787 2567 (Prov.
2816 2510 2974 2559 xxix,
3001 2493 3114 2565 ll),
3142 2502 3199 2548 et
3221 2501 3282 2547 ut
3303 2491 3558 2562 adjiciam
3593 2509 3607 2547 :
3634 2489 3783 2547 Sicut

2180 2587 2305 2643 urbs
2327 2599 2511 2659 patens
2532 2596 2581 2643 et
2606 2588 2799 2661 absque
2820 2603 3092 2643 murorum
3121 2585 3411 2654 obstaculo,
3442 2588 3519 2642 sic
3549 2587 3643 2659 qui
3674 2602 3781 2642 non

2180 2692 2345 2753 potest
2367 2682 2423 2736 in
2447 2681 2707 2753 loquendo
2727 2681 2965 2737 cohibere
2988 2682 3233 2752 spiritum
3255 2697 3411 2737 suum
3435 2677 3628 2754 (Prov.
3650 2694 3781 2749 xxv,

2178 2771 2295 2845 28).
2331 2770 2406 2829 Ut
2431 2771 2543 2827 dixi
2566 2788 2720 2840 vero,
2750 2772 2929 2828 vereri
2954 2772 3246 2839 debueras,
3275 2788 3345 2828 ne
3367 2788 3491 2829 cum
3516 2771 3634 2839 illo,
3663 2771 3785 2829 imi-

2182 2864 2289 2921 tari
2322 2880 2482 2936 quem
2506 2864 2728 2937 satagis,
2761 2863 2829 2921 de
2860 2873 2913 2920 te
2954 2863 3063 2920 dici
3107 2865 3357 2932 audires;
3402 2863 3659 2937 [subaudi
3692 2864 3784 2920 de-

2180 2956 2401 3030 bueras]
2445 2956 2637 3013 timere
2661 2956 2850 3023 etiam,
2884 2972 2954 3013 ne
2978 2965 3036 3013 et
3081 2956 3216 3013 illud
3251 2957 3318 3012 de
3360 2956 3579 3013 turbine
3608 2969 3784 3026 nequ

2178 3068 2278 3124 per
2306 3051 2523 3123 aliquod
2552 3051 2718 3108 etiam
2740 3050 3071 3106 sacrificium
3098 3049 3535 3106 reconciliandus
3559 3047 3783 3121 [sabaia

2180 3143 2236 3198 tli
2261 3142 2499 3217 audires]
2533 3158 2549 3197 :
2576 3142 2708 3210 Quis
2732 3152 2807 3198 est
2834 3141 3099 3198 involvens
3136 3142 3423 3197 sententias
3447 3140 3780 3196 sermonibus

2101 3216 2148 3280 ο
2178 3236 2434 3309 imperitis
2450 3216 2640 3308 νέμοι
2683 3251 2916 3302 xxxvut,
2944 3234 3025 3305 2.)
3063 3233 3238 3303 Quam
3264 3246 3393 3290 vero
3432 3230 3577 3287 infra
3628 3247 3783 3288 eum-

2178 3328 2336 3397 dem,
2382 3344 2546 3401 quem
2599 3326 2875 3398 sequeris,
2924 3326 3112 3397 utique
3147 3325 3257 3392 sis,
3308 3322 3781 3395 comprehendere

2174 3423 2350 3490 vales,
2387 3437 2512 3480 cum
2554 3429 2607 3477 te
2647 3420 2948 3492 prophetiae
2986 3420 3240 3491 spiritum
3276 3419 3505 3484 habere,
3535 3426 3598 3474 ut
3628 3416 3780 3472 illum

2173 3513 2455 3582 habuisse,
2491 3511 2798 3568 nullatenus
2839 3511 3013 3569 vides.
3066 3509 3125 3567 Si
3172 3525 3302 3567 vero
3345 3509 3661 3581 huiusmodi
3704 3507 3776 3565 de

2173 3608 2440 3681 propheta
2461 3605 2522 3661 lit
2540 3604 2915 3676 exprobratio;
2942 3605 3007 3661 de
3025 3602 3379 3677 compilatore
3397 3612 3456 3658 et
3472 3601 3780 3674 sycophan-

2177 3708 2255 3765 ta,
2288 3698 2406 3770 qui,
2448 3706 2508 3752 ut
2541 3697 2805 3770 scriptum
2847 3704 2950 3764 est,
2981 3697 3038 3753 in
3077 3695 3479 3753 similitudinem
3523 3692 3687 3749 arioli
3724 3698 3776 3751 et

2176 3792 2489 3863 coniectoris
2527 3791 2765 3861 wstimat
2796 3790 2937 3863 quod
2979 3790 3188 3862 ignorat
3228 3788 3416 3858 (Prov.
3460 3802 3640 3855 xxm,
3682 3786 3775 3859 7),

2176 3886 2322 3957 quod
2365 3884 2475 3942 dici
2517 3882 2666 3941 valet
2702 3882 3001 3953 vanissimo
3029 3890 3108 3951 et,
3157 3881 3302 3955 quod
3340 3878 3520 3954 pejus,
3550 3878 3777 3938 menda-

2177 3978 2437 4036 cissimo?

2247 4069 2338 4126 59.
2381 4069 2455 4127 Ut
2488 4084 2621 4127 vero
2662 4067 2951 4143 agnoveris
2979 4082 3143 4140 quam
3172 4065 3396 4123 vilescat
3434 4062 3772 4137 sapientibus

2173 4163 2388 4219 vanitas
2434 4163 2540 4220 ista
2592 4163 2712 4220 haec
2757 4170 2883 4229 tua,
2930 4161 3217 4218 considera
3250 4175 3372 4217 cum
3413 4157 3524 4214 illis
3564 4156 3776 4229 pariter

2176 4256 2525 4328 reprobatum
2556 4255 2710 4322 Saul,
2735 4254 3091 4326 prophetasse
3115 4252 3413 4325 Caipbam;
3446 4249 3619 4306 redde
3658 4262 3773 4305 meo

2175 4350 2366 4407 moria:
2402 4348 2630 4405 rationis
2668 4347 2838 4403 verba
2880 4347 3088 4405 asinam
3118 4359 3186 4401 ex
3212 4344 3421 4399 visione
3460 4339 3642 4411 angeli
3681 4351 3771 4395 ac-

2175 4442 2407 4514 cepisse,
2445 4440 2731 4505 datmonia,
2769 4436 3001 4504 Scimus,
3044 4437 3161 4508 quis
3205 4436 3300 4501 sis,
3344 4432 3587 4488 Christus
3623 4428 3770 4495 ﬁlius

2175 4532 2276 4589 Dei
2319 4531 2475 4605 (Luc.
2505 4547 2582 4600 1v,
2613 4531 2729 4603 '54),
2760 4530 2985 4595 dixisse,
3015 4537 3071 4585 et
3101 4526 3300 4584 nullius
3327 4526 3400 4582 ob
3423 4524 3530 4579 hoc
3569 4530 3624 4579 te
3656 4534 3771 4578 mo-

2174 4623 2364 4690 menti,
2408 4623 2457 4679 si
2496 4621 2775 4694 loquacior
2819 4622 2897 4677 sis
2944 4619 3181 4685 cteteris,
3216 4631 3360 4683 esse,
3389 4614 3597 4687 poteris
3638 4627 3769 4670 coa-

2166 4718 2394 4790 jectare.
2445 4714 2545 4772 Vir
2585 4715 2764 4781 enim,
2819 4714 2908 4786 qui
2955 4715 3161 4784 [luteum
3208 4708 3421 4765 seminis
3464 4706 3769 4780 patiebatur

2174 4809 2364 4883 (Leuit.
2396 4823 2486 4872 xv,
2518 4806 2601 4878 2),
2636 4805 2937 4877 immundus
2973 4802 3131 4873 juxta
3168 4801 3366 4873 legem,
3397 4814 3507 4855 non
3550 4795 3767 4869 conspi-

2172 4916 2308 4958 cuus
2345 4899 2430 4972 (ut
2459 4897 2636 4954 videri
2684 4897 2884 4966 inltias)
2922 4895 3058 4961 erit;
3092 4892 3236 4950 sicut
3274 4898 3332 4946 et
3375 4888 3445 4944 de
3486 4886 3764 4943 laboribus

2174 4989 2585 5063 inquietissimae
2608 4987 2998 5060 inquietudinis
3022 4994 3149 5050 tum,
3174 4982 3373 5055 quibus
3396 4988 3581 5037 erecto
3602 4977 3762 5044 collo,

2173 5083 2480 5155 superciliis
2530 5081 2755 5137 elevatis
2812 5078 2978 5154 (595)
3029 5074 3411 5148 ampliﬁcatam
3462 5070 3756 5128 Ecclesium

2175 5193 2409 5251 ecclesia
2455 5190 2833 5261 intelligendus
2874 5189 2975 5254 sit,
3017 5189 3373 5261 vehementer
3409 5183 3753 5261 ambigimus.

2177 5249 2364 5326 Neque
2389 5249 2533 5321 enim
2567 5249 2841 5326 perabile
2876 5249 2972 5314 est
3005 5259 3295 5316 factionem
3337 5249 3621 5311 hominum
3658 5249 3752 5326 sd:-
