4032 5354
201 293 306 350 437
373 348 376 349 ν

1119 290 1542 349 EXCERPTUM
1596 292 1684 348 EX
1725 291 2024 351 DlALOGO
2063 293 2626 352 CONFESSIONALI.

3407 293 3522 352 438'

204 403 448 482 spatiolo
496 403 854 471 minoratam,
911 402 1118 458 meritis
1167 403 1475 465 dilatatam,
1523 411 1808 460 structurae
1837 415 1888 474 Α
1914 405 2078 468 veris,
2112 405 2238 460 dum
2280 407 2578 476 prmniissis
2618 403 2936 461 fortioribus
2976 420 3193 476 semper
3225 406 3292 463 ad
3326 423 3515 480 super-

205 499 497 553 vilissima:
524 499 579 553 in
610 497 1014 568 comparatione
1041 496 1266 551 millium
1310 496 1434 550 licet
1462 499 1809 563 cnormitate,

206 590 355 646 nulla
387 606 522 644 vero
558 590 832 659 religionis
863 590 1235 644 nielioratione
1260 589 1541 646 (concedat
1567 591 1813 644 oniniva-

206 683 330 738 lens
378 681 716 752 pejoratione
765 697 869 736 non
911 681 1109 752 alqua)
1142 681 1684 735 Nabuchodonosoris
1738 681 1812 737 tui

206 791 368 831 more
417 776 638 832 dicebas
681 775 732 829 in
778 775 984 829 intimis
1019 791 1033 829 :
1072 772 1261 826 Nonne
1297 775 1407 827 ha’c
1450 784 1523 828 est
1552 772 1810 843 Babylon,

206 885 373 942 quam
432 867 691 936 rrdiﬁcavi
740 867 791 920 in
836 868 1017 920 robore
1069 866 1339 936 dignitatis
1389 876 1435 921 et
1488 865 1814 935 fortitudinis

207 962 384 1020 metu?
414 960 581 1031 (Dan.
616 977 689 1025 tv,
719 959 986 1030 27.)Vide
1030 959 1208 1029 igitur.
1241 974 1401 1028 quam
1427 958 1706 1031 .niversis
1735 957 1816 1010 vi-

208 1053 400 1118 luerit,
428 1053 573 1124 quod
607 1053 702 1108 tibi
752 1052 1062 1107 immaniter
1090 1051 1480 1121 complacebat,
1516 1067 1637 1105 cum
1679 1065 1816 1121 quos

206 1154 512 1216 putaveras
543 1144 852 1200 laudatores
900 1143 1112 1198 futuros
1161 1153 1282 1212 post
1330 1143 1560 1208 obitum,
1592 1142 1814 1213 conglo-

209 1237 326 1293 bati
375 1246 427 1293 te
476 1238 694 1293 vivente
738 1253 766 1291 a
814 1237 1053 1291 maximo
1098 1251 1270 1306 usque
1314 1236 1382 1291 ad
1429 1237 1712 1290 minimum
1761 1235 1817 1289 in

211 1336 430 1386 tantum
476 1330 804 1384 exstiterunt
849 1329 1246 1400 vituperatores
1289 1344 1516 1393 eorum,
1561 1338 1620 1383 ut
1670 1329 1817 1398 regia

207 1424 542 1479 auctoritate
593 1422 810 1477 militari
872 1437 1031 1476 manu
1087 1422 1518 1491 depoposcerint'
1553 1422 1818 1493 sacrilega

209 1518 380 1581 dirui,
409 1533 532 1588 qua:
563 1525 616 1572 tu
652 1516 928 1571 ambiebas
968 1516 1336 1569 sacratissima
1384 1514 1542 1569 laude
1574 1516 1816 1586 omnium

211 1612 501 1669 celebrari.
538 1610 683 1667 Bene
709 1610 799 1664 tibi
825 1609 1088 1673 fecerunt,
1115 1609 1254 1665 bene
1282 1610 1375 1664 tibi
1402 1610 1645 1680 contigit,
1673 1611 1820 1665 cine-

213 1716 333 1764 rate
359 1704 698 1778 (596)291
743 1713 798 1758 et
826 1703 1115 1768 cacabate,
1166 1703 1257 1773 qui
1313 1719 1433 1758 cum
1481 1718 1582 1758 nec
1626 1702 1816 1758 saltem

1919 513 2084 550 vacua
2117 497 2281 552 verba
2311 499 2587 554 relaberis.
2626 499 2939 564 Considera,
2971 499 3166 569 inquit,
3205 519 3361 565 opera
3392 502 3512 571 Dei,

1915 589 2052 658 quod
2108 606 2258 642 nemo
2318 592 2477 656 possit
2527 592 2823 660 corrigere,
2874 608 3026 662 quem
3082 591 3168 645 ille
3222 593 3515 663 despexerit

1918 679 2114 750 (Eccle.
2141 698 2234 742 vn,
2273 685 2296 736 -l
2317 683 2382 752 ί).
2420 683 2475 737 Si
2499 685 2809 753 ennn'quod
2837 685 2930 738 tibi
2961 685 3132 755 magis
3157 695 3513 757 competeret,

1917 772 2235 843 cogitasses,
2266 789 2294 826 a
2326 774 2617 827 scribendo
2647 783 2793 828 tanta
2823 775 3136 830 desisteres.
3168 774 3338 846 Magis
3365 777 3514 834 enim

1917 879 2038 918 cum
2075 863 2287 917 interno
2315 865 2516 935 rugitu,
2547 864 2835 920 recollecto
2867 865 2921 919 in
2960 864 3162 920 talibus
3190 866 3282 934 qui
3311 867 3520 938 spargi-

1921 962 2007 1008 tur
2035 955 2218 1008 animo
2247 956 2452 1025 utique,
2493 957 2634 1028 quod
2673 964 2857 1011 tamen
2906 973 3012 1011 non
3049 957 3231 1013 valere
3258 967 3308 1013 te
3332 959 3516 1027 video,

1917 1049 2149 1104 orationi
2177 1057 2231 1103 et
2257 1049 2471 1104 ﬂetibus
2496 1050 2566 1105 ob
2595 1050 2742 1115 talia,
2773 1065 2894 1120 quae
2923 1051 3225 1122 scriptites,
3252 1051 3518 1110 deluenda

1921 1140 2096 1197 fuerat
2135 1140 2468 1207 instandum,
2500 1155 2663 1210 quam
2696 1140 3002 1209 hujusmodi
3035 1144 3263 1198 vanitati
3295 1143 3517 1202 studen-

1920 1233 2064 1288 dum.
2100 1232 2234 1286 Dum
2279 1233 2421 1288 enim
2461 1242 2510 1287 te
2545 1233 2596 1288 in
2632 1234 2832 1289 talibus
2857 1248 3099 1306 persrepe
3124 1237 3366 1291 mstimas
3394 1236 3516 1292 lau—

1920 1328 2068 1393 dari;
2117 1328 2308 1398 magis,
2333 1328 2493 1382 crede
2541 1329 2885 1396 mihihverso
2926 1328 2979 1384 in
3020 1329 3356 1384 contrarium
3390 1339 3519 1387 voto

1919 1405 2244 1489 vituperaris
2289 1434 2354 1473 ac
2404 1417 2688 1472 derideris.
2739 1418 2962 1490 Legitur
3008 1419 3282 1490 quondam
3318 1420 3520 1476 vidisse

1921 1512 2208 1581 quemdam
2258 1508 2729 1575 infelicissimum,
2781 1513 2906 1566 dum
2964 1520 3292 1578 moreretur,
3348 1512 3521 1568 Inaxi-

1922 1621 2069 1659 mum
2117 1603 2313 1657 librum
2347 1604 2446 1657 sibi
2477 1620 2506 1657 a
2535 1605 2872 1659 dmmonibus
2903 1604 3111 1672 oll'erri,
3142 1606 3404 1675 scriptum
3439 1606 3523 1660 in-

1923 1707 2009 1752 tus
2031 1707 2086 1752 et
2115 1697 2276 1764 foris;
2307 1698 2400 1752 scd
2430 1707 2489 1752 ut
2515 1698 2567 1752 in
2613 1699 2715 1754 hoc
2752 1698 2843 1753 tibi
2876 1699 3134 1763 alludam,
3158 1716 3265 1754 non
3304 1701 3409 1755 erit
3442 1701 3525 1758 eis

209 1801 373 1856 homo
400 1799 499 1864 sis,
533 1799 759 1854 rationis
787 1800 974 1869 utique
1019 1799 1070 1854 in
1113 1797 1360 1868 pluribus
1390 1813 1606 1868 expers,
1641 1797 1815 1852 hono—
1850 1801 1895 1860 Β
1923 1806 2080 1861 opus,
2105 1791 2269 1846 alium
2300 1792 2393 1846 tibi
2421 1791 2640 1856 offerre,
2674 1808 2835 1861 quam
2861 1809 3020 1863 quem
3055 1794 3356 1862 scripseras
3384 1795 3521 1866 ipse,

211 1909 441 1965 lenique
479 1903 630 1947 tuum
665 1908 770 1948 non
818 1893 1146 1962 intelligens,
1178 1901 1527 1961 comparatus
1549 1888 1814 1958 jumentis

211 1987 602 2056 insipientibus
649 1995 705 2040 et
759 1984 863 2039 illis
914 1999 1021 2038 non
1067 1983 1347 2055 dissimilis
1404 1981 1581 2035 factus
1621 1979 1811 2052 (Psal.

210 2094 382 2134 ιινιιι
404 2119 421 2143 ,
464 2078 580 2149 15),
614 2077 726 2133 Deo
751 2077 850 2132 soli
877 2077 1069 2131 debitis
1096 2076 1342 2130 laudibus
1370 2086 1420 2130 te
1446 2073 1626 2129 ell'erri
1657 2073 1811 2128 adul-

212 2171 389 2226 terina
417 2169 628 2235 fraude,
661 2170 708 2224 si
756 2169 999 2234 daretur,
1029 2169 1297 2222 ambibas.
1343 2165 1456 2221 Hoc
1484 2175 1602 2220 erat
1647 2165 1813 2220 nimi-

213 2277 360 2328 rum,
391 2261 538 2332 quod
591 2260 723 2317 ﬂere
771 2261 1055 2332 nequibas,
1093 2261 1217 2330 quia
1264 2269 1317 2316 te
1367 2259 1575 2314 scilicet
1614 2258 1816 2328 aliquid

213 2373 336 2414 esse
383 2356 692 2426 hujusmodi
741 2358 1058 2428 deceptione
1091 2356 1349 2427 putabas;
1385 2357 1480 2410 sed
1515 2355 1818 2424 deprehen-

216 2451 440 2517 derunt,
474 2451 585 2506 Deo
618 2451 846 2522 gratias,
886 2451 1081 2523 dignus
1111 2461 1170 2505 ut
1207 2450 1408 2515 fueras,
1441 2449 1712 2503 veraciter
1741 2457 1816 2514 te,

214 2543 313 2614 qui
348 2544 418 2598 ad
456 2557 514 2598 se
539 2541 628 2597 vel
672 2542 739 2597 ad
783 2552 1009 2598 czeteros
1053 2541 1210 2612 talpae
1255 2541 1308 2595 in
1346 2548 1398 2594 te
1436 2548 1491 2594 et
1526 2553 1817 2609 caprarum

217 2642 352 2690 sunt
393 2633 595 2688 lumine
629 2632 740 2697 usi,
773 2633 1049 2687 scribimus
1078 2632 1274 2686 indocti
1302 2631 1542 2702 doctique
1571 2638 1818 2700 poemata

220 2728 424 2798 passim
451 2727 680 2799 (Ηοωιτ.
711 2726 749 2782 l.
780 2743 838 2790 tt,
869 2745 947 2796 ep.
980 2742 1017 2792 ι,
1044 2746 1090 2782 υ.
1126 2727 1272 2796 117).
1300 2726 1472 2794 Quam
1503 2726 1666 2797 igitur
1687 2740 1821 2794 que-

218 2819 510 2874 rimoniam
533 2821 700 2875 etiam
725 2820 1058 2890 sapientibus
1080 2818 1261 2874 saeculi
1291 2818 1502 2888 irroges
1530 2819 1668 2882 vide,
1693 2833 1818 2873 cum

221 2910 390 2967 libros
417 2912 629 2982 absque
652 2911 916 2966 doctrinae
940 2911 1130 2982 peritia
1162 2910 1445 2980 pnesumis
1472 2924 1817 2979 componere,

219 3013 295 3068 et,
325 3019 359 3059 ο
385 3012 522 3076 quot
560 3003 788 3068 bestias,
815 3005 942 3058 dum
977 3012 1028 3058 te
1053 3003 1187 3059 tanti
1222 3004 1430 3073 pendis,
1461 3003 1726 3058 attendis!
1761 3001 1821 3058 Si

220 3095 366 3150 enim
396 3095 652 3151 homines
681 3095 1028 3159 attendisses,
1061 3095 1282 3166 peccavi
1325 3095 1514 3163 utique
1553 3094 1816 3160 dixisses;

1918 1885 2010 1957 qui
2045 1893 2100 1939 et
2144 1885 2668 1953 interpretalmntur,
2708 1887 2946 1950 noveris,
2980 1887 3108 1956 quid
3135 1887 3188 1940 in
3230 1887 3310 1941 eis
3344 1885 3434 1958 Π..
3465 1885 3523 1942 in

1919 1974 2006 2047 eo]
2034 1973 2374 2029 all'ectaveris
2397 1975 2558 2046 292
2593 1991 2824 2046 quoque.
2858 1978 2934 2031 De
2966 1976 3104 2032 libro
3133 1986 3223 2031 tuo
3249 1987 3300 2031 te
3315 1977 3523 2044 judico,

1919 2081 1988 2120 ne
2033 2064 2128 2119 tibi
2180 2066 2461 2135 contingat
2514 2066 2740 2129 audire,
2776 2065 2868 2120 sed
2923 2082 3152 2134 moneo,
3187 2067 3310 2121 vide
3349 2067 3522 2138 (597).

1920 2158 2054 2213 Cum
2099 2157 2243 2230 opim
2277 2159 2344 2212 de
2374 2173 2537 2212 cursu
2579 2158 2760 2212 debito
2791 2157 3109 2228 srepissime,
3155 2173 3210 2212 et
3257 2157 3422 2212 etiam
3463 2165 3527 2212 ut

1919 2251 2081 2306 modo
2124 2251 2191 2304 de
2236 2249 2437 2315 missa,
2484 2248 2873 2320 inquietudinis
2918 2250 3051 2304 vitio
3094 2265 3344 2320 surgens,
3377 2249 3526 2319 quod

1921 2351 2104 2397 mente
2157 2341 2405 2396 canendo
2455 2341 2620 2395 etiam
2671 2354 3020 2410 conceperas,
3057 2341 3301 2394 scribere
3347 2339 3525 2404 vadis,

1925 2436 2013 2490 ubi
2043 2449 2174 2506 rogo
2203 2441 2284 2490 est
2317 2433 2459 2503 quod
2489 2432 2996 2502 suprascripseras?
3027 2432 3130 2486 hoc
3169 2439 3253 2486 est
3281 2449 3294 2485 :
3331 2429 3526 2485 Omnia

1922 2545 2043 2582 vero
2073 2545 2190 2598 qua:
2225 2525 2510 2595 discipulos
2553 2525 2788 2581 docuerit
2833 2541 2944 2579 esse
2993 2524 3283 2588 contraria,
3310 2523 3368 2576 in
3413 2523 3526 2577 suis

1923 2619 2078 2690 [actis
2108 2620 2300 2674 indicet
2336 2636 2440 2673 non
2467 2619 2692 2688 agenda.
2726 2618 3023 2672 Dicendum
3057 2617 3256 2687 quippe
3287 2615 3527 2686 discipu-

1923 2708 1990 2764 lis
2017 2725 2174 2765 nemo
2203 2710 2443 2780 ejusdem
2475 2709 2754 2778 religionis
2782 2723 2947 2779 quam
2977 2708 3221 2762 ambibat
3249 2721 3412 2777 saepe,
3443 2705 3530 2760 ni-

1924 2804 2002 2859 hil
2051 2805 2199 2874 operi
2253 2803 2344 2858 Dei
2391 2810 2757 2874 praeponatur.
2801 2799 2862 2856 Si
2912 2801 3072 2867 nihil,
3114 2799 3294 2856 inanis
3338 2797 3526 2871 glorias

1925 2896 2160 2972 qualiter
2186 2895 2417 2966 pompa?
3497 2935 3500 2940 -

1996 2987 2087 3042 40.
2128 2987 2266 3054 Quid
2307 3003 2436 3042 vero
2491 2986 2709 3054 laboro,
2756 3002 2880 3042 cum
2928 2986 3064 3042 nihil
3115 3001 3204 3042 me
3253 2985 3522 3058 proﬁcere

1927 3081 2123 3136 video?
2147 3081 2374 3136 Restare
2403 3097 2565 3136 unum
2599 3081 2937 3136 solummodo
2962 3096 3149 3146 cerno,
3172 3081 3307 3135 alias
3335 3081 3531 3150 despe-

221 3188 270 3244 si
300 3189 482 3244 lucem
510 3188 744 3251 videres,
780 3189 1034 3244 tenebras
1077 3203 1198 3244 non.
1231 3188 1365 3243 tanti
1411 3198 1650 3258 putares.
1684 3188 1821 3243 Dum

1928 3191 2054 3231 rare
2090 3183 2142 3230 te
2173 3174 2479 3230 nullatenus
2509 3174 2719 3240 desino,
2750 3183 2804 3229 et
2844 3174 2947 3228 hoc
2984 3189 3148 3228 suasu
3183 3173 3318 3244 legis
3351 3181 3528 3230 atten-

221 3282 369 3337 enim
398 3290 453 3336 te
483 3281 673 3337 bestiis
713 3281 1000 3346 excellere,
1032 3281 1160 3336 dum
1199 3281 1360 3336 caecis
1395 3280 1599 3336 clarius
1643 3289 1826 3335 atten-

222 3375 304 3431 dis
333 3375 538 3440 videre,
577 3391 763 3446 quem,
794 3391 949 3446 rogo,
981 3376 1106 3431 inde
1135 3377 1317 3432 cordis
1346 3385 1614 3430 tumorem
1641 3391 1824 3431 socor-

223 3467 450 3525 dissime
475 3468 626 3525 vales
662 3469 990 3540 concipere?
1019 3469 1151 3539 quid
1193 3469 1373 3540 magni
1406 3470 1575 3530 enim,
1603 3469 1648 3524 si
1685 3469 1822 3523 stul-

221 3573 312 3620 tus
356 3566 648 3636 pecudem,
685 3580 782 3621 seu
833 3565 1023 3621 videns
1069 3580 1274 3621 ciccum
1325 3563 1633 3634 prtecellat?
1688 3563 1824 3619 Cum

219 3673 358 3715 vero
385 3659 634 3715 conferre
660 3666 716 3714 te
742 3657 828 3714 vel
864 3657 1092 3729 sapienti
1124 3657 1286 3712 alicui
1318 3657 1405 3712 vel
1427 3655 1577 3725 justo
1604 3655 1828 3710 minime

221 3753 427 3825 possis,
455 3754 620 3819 unde,
658 3767 812 3824 rogo,
853 3752 1140 3822 superbis?
1183 3767 1252 3806 an
1298 3751 1441 3820 quod
1487 3747 1828 3804 stultissimis

227 3855 396 3917 atque
422 3845 806 3916 perditissimis
845 3860 950 3899 non
995 3844 1192 3899 saltem
1218 3842 1488 3913 :equaris?
1515 3842 1638 3896 vide
1673 3856 1742 3896 ne
1773 3841 1829 3895 in

227 3935 318 3994 his
345 3936 563 3993 stultior
602 3945 770 4008 atque
803 3925 1070 4007 perditior
1103 3937 1170 3991 ab
1201 3936 1416 3991 interno
1454 3934 1663 3989 arbitro
1686 3933 1832 4005 judi-

226 4029 397 4086 ceris.
439 4027 636 4085 Iisdem
664 4029 813 4084 enim
845 4029 1020 4084 acutis
1049 4027 1357 4092 sententiis,
1387 4027 1588 4098 quibus
1618 4026 1831 4082 hostem

230 4119 390 4191 quasi
426 4122 753 4192 prosternis,
778 4121 1026 4176 Eleazari
1057 4121 1305 4192 exemplo
1348 4129 1400 4176 te
1442 4120 1620 4192 ipsum
1663 4120 1833 4176 inter—

229 4212 375 4278 ﬁcis,
401 4215 526 4269 dum
566 4215 622 4269 in
653 4214 758 4278 his,
785 4229 907 4285 qua:
943 4223 1091 4270 recte
1115 4215 1182 4270 de
1221 4214 1332 4269 Deo
1373 4213 1604 4269 forsitan
1636 4213 1828 4280 sentis,

231 4313 409 4368 tuam,
434 4321 541 4361 non
573 4305 672 4362 Dei
702 4305 932 4379 gloriam
966 4306 1186 4376 quieris,
1237 4306 1476 4378 gaudens
1503 4306 1654 4376 quasi
1687 4322 1835 4376 quae-

231 4397 359 4453 dam
391 4399 518 4469 quia
546 4399 820 4471 repererit
852 4413 1047 4455 manus
1078 4409 1191 4464 tua,
1218 4415 1329 4455 non
1359 4402 1563 4470 potius,
1591 4412 1651 4454 ιιι
1675 4415 1838 4471 opor-

231 4495 437 4556 luerat,
479 4489 692 4563 lugens,
736 4490 867 4560 quia
909 4507 1017 4546 non
1063 4490 1261 4547 feceris
1305 4506 1403 4555 ea;
1454 4500 1512 4547 et
1560 4491 1836 4547 osculatus

1929 3278 2047 3325 tare
2077 3284 2363 3340 praesumo,
2398 3283 2560 3338 quam
2595 3276 2648 3322 te
2681 3267 3089 3337 prmvaricasse,
3118 3273 3178 3320 ut
3225 3265 3529 3335 praetende-

1926 3362 2044 3426 bas,
2073 3375 2194 3416 cum
2225 3360 2484 3422 dolueris,
2519 3358 2865 3429 praevaricari
2895 3359 3115 3412 omnino
3149 3372 3257 3411 non
3291 3358 3523 3416 desinis.

1928 3453 1988 3509 Si
2038 3453 2284 3508 exhibuit
2326 3451 2584 3515 fomenta,
2613 3452 2657 3505 si
2708 3450 3066 3504 medicamina
3110 3449 3524 3517 Scripturarutn

1930 3547 2255 3608 divinarum,
2290 3545 2332 3598 si
2378 3543 2480 3599 hoc
2524 3543 2608 3596 vel
2660 3542 2813 3606 illud,
2853 3551 2908 3596 et
2947 3556 3101 3595 suam
3148 3541 3282 3595 nihil
3327 3540 3529 3595 viderit

1929 3637 2225 3712 prawalere
2276 3636 2629 3701 industriam,
2682 3633 2960 3697 adhibeat,
3011 3632 3152 3702 quod
3197 3632 3371 3702 majus
3418 3638 3524 3696 est,

1932 3749 2085 3790 suam
2128 3731 2378 3786 videlicet
2409 3740 2570 3800 atque
2613 3728 2856 3782 omnium
2886 3741 2983 3796 pro
3017 3741 3083 3780 eo
3108 3726 3436 3790 orationem,
3465 3733 3530 3779 ut

1934 3828 2103 3890 Deus,
2131 3826 2224 3895 qui
2253 3823 2435 3878 omnia
2483 3829 2682 3892 potest,
2710 3829 2966 3890 operetur
3003 3819 3233 3872 salutem
3261 3817 3409 3873 circa
3444 3817 3524 3874 iu-

1935 3922 2150 3976 ftrmum
2192 3918 2438 3972 fratrem.
2481 3915 2680 3972 Veniat
2721 3914 2902 3985 igitur,
2936 3911 3142 3982 ﬂagito,
3177 3919 3354 3964 mater
3384 3909 3530 3966 Cha-

1935 4028 2122 4070 nanaaa
2147 4012 2440 4083 quondam,
2467 4009 2518 4063 id
2541 4017 2626 4063 est
2654 4007 2754 4061 nisi
2779 4005 2958 4070 fallor,
2986 4020 3016 4058 a
3044 4003 3332 4058 maledicto
3355 4003 3528 4057 (ibam

1937 4107 2003 4161 ad
2040 4103 2469 4160 benedictionem
2498 4099 2699 4156 Christi
2726 4112 3008 4161 conversa,
3039 4096 3126 4151 cui
3157 4095 3355 4149 merito
3382 4093 3533 4150 dica-

1937 4206 2026 4252 tur
2053 4217 2067 4251 :
2100 4197 2298 4268 Magna
2322 4203 2397 4250 est
2425 4193 2555 4263 fides
2584 4202 2676 4246 tua
2704 4189 2923 4263 (Matth.
2955 4205 3044 4253 xv,
3072 4187 3186 4257 28),
3220 4202 3319 4258 pro
3346 4201 3451 4257 qua
3477 4191 3536 4241 et

1938 4290 2186 4361 discipuli
2227 4288 2440 4344 Domini
2480 4303 2605 4343 eum
2645 4283 3010 4354 interpellent.
3045 4280 3374 4336 Sanctorum
3414 4293 3535 4335 ont-

1937 4384 2089 4440 nium
2139 4380 2486 4451 congregatio
2528 4377 2716 4448 utique
2765 4383 2954 4431 sancta
3002 4373 3248 4429 clamet:
3283 4370 3534 4426 Miserere

1938 4483 2061 4546 mei,
2083 4480 2210 4536 Jesu
2230 4479 2330 4549 ﬁlii
2359 4475 2544 4540 David,
2572 4473 2684 4542 ﬁlia
2705 4488 2820 4526 mea
2854 4469 2994 4524 male
3023 4485 3055 4523 a
3089 4465 3349 4522 dtemonio
3369 4479 3531 4519 vexa-

233 4583 392 4655 quasi
421 4552 565 4640 γονον
595 4552 823 4656 proprio
875 4600 1094 4642 manum
1141 4552 1447 4656 procaciter
1495 4592 1642 4638 tuam
1662 4625 1678 4651 ,
1726 4601 1835 4641 non
1865 4563 1918 4622 Ῑ)
1941 4584 2029 4630 tur
2057 4571 2246 4637 (lbid.,
2273 4569 2387 4639 22),
2421 4567 2473 4622 id
2502 4573 2586 4622 est
2609 4565 2790 4619 anima
2814 4563 2968 4618 istius
2995 4560 3084 4656 (de
3106 4567 3159 4614 te
3181 4565 3360 4656 autem
3386 4552 3532 4656 dico)

223 4673 460 4732 laudare
493 4677 660 4732 etiam
692 4677 810 4749 ipse
838 4679 982 4748 quod
1027 4675 1182 4743 facis,
1217 4677 1346 4732 dum
1381 4691 1486 4732 non
1518 4677 1680 4730 etiam
1723 4689 1837 4732 me-

236 4769 376 4836 tuis,
431 4772 750 4828 testimonio
801 4771 1037 4842 propriae
1086 4771 1375 4827 locutionis
1427 4771 1684 4825 virtutem
1737 4770 1835 4827 tibi

236 4862 430 4920 tribuis
463 4864 749 4936 operantis
803 4862 926 4934 (Job
954 4879 1109 4930 xxxr,
1145 4863 1261 4933 27).
1306 4863 1505 4918 Verum
1535 4863 1637 4919 hoc
1662 4862 1838 4919 scelus

237 4956 533 5012 maximum
582 4965 639 5012 et
686 4954 1033 5027 negationem
1080 4955 1344 5010 Altissimi
1395 4954 1695 5010 assertione
1737 4953 1840 5011 Job

225 5049 569 5106 sanctissimi
603 5063 727 5104 esse.
754 5045 950 5118 (Ibid.,
977 5047 1094 5118 28),
1129 5047 1274 5112 dico,
1304 5045 1634 5109 memineris,
1662 5054 1719 5100 et
1747 5062 1840 5102 ar-

245 5143 543 5215 rogantium
577 5150 634 5198 te
661 5155 833 5196 unum
861 5155 926 5196 ex
959 5139 1434 5212 prmstantioribus
1464 5153 1570 5192 non
1603 5137 1838 5211 denega-

237 5266 569 5354 proventn‘ra
610 5263 776 5354 esset;
808 5261 1030 5338 repente
1075 5260 1258 5334 totam_
1289 5247 1553 5319 ejusmodi
1600 5250 1834 5354 ze'ditica-

1941 4665 2248 4740 peccatoris
2273 4678 2344 4719 ex
2367 4676 2453 4716 me
2479 4675 2576 4731 per
2599 4657 2929 4728 baptismum
2959 4653 3162 4725 genita,
3191 4658 3248 4705 et
3275 4645 3537 4740 doctrina:

1943 4734 2081 4817 ruere
2126 4759 2268 4814 lacte
2317 4755 2547 4818 nutrita,
2585 4766 2708 4823 quae
2751 4750 2963 4805 scilicet
3003 4743 3141 4799 male
3192 4757 3223 4796 a
3271 4734 3540 4794 dannonio

1945 4861 2192 4915 vexatur,
2225 4866 2346 4906 cum
2393 4848 2580 4914 etiam,
2614 4845 2760 4917 quod
2804 4852 2890 4900 est
2931 4837 3259 4919 pessimum,
3306 4830 3542 4887 obdura-

1944 4955 2064 5013 tur;
2110 4945 2355 5000 miserere
2395 4941 2535 5007 mei,
2583 4938 2688 4995 etsi
2739 4930 3054 5005 dedignaris
3099 4925 3203 4990 illi;
3261 4937 3416 4978 meus
3456 4928 3542 4975 est

1945 5040 2089 5094 enim
2117 5038 2271 5108 quasi
2302 5034 2548 5091 defectus
2587 5030 2850 5100 baptizati
2893 5025 3265 5092 cujuscunque
3287 5015 3544 5108 perditio,

1945 5131 2087 5187 sicut
2117 5107 2391 5202 profectus
2423 5125 2675 5180 salvatio.
2714 5122 2863 5177 Idem
2904 5129 3073 5184 usque
3108 5112 3174 5166 ad
3217 5107 3546 5181 importuni-

1915 5246 1918 5248 ’
1949 5244 2042 5298 ubi
2070 5243 2137 5297 dc
2161 5243 2427 5304 daemone,
2467 5239 2631 5308 quem
2667 5232 2881 5304 Meys‘es
2897 5221 3549 5308 _nionac_htls_exi‘jl_‘9“ato

1948 5295 2136 5354 esss“.
2169 5295 2461 5354 Ῑζοζιζριιηοέ
2491 5295 2620 5354 "ns;
2648 5295 2850 5354 ἐξελὸὼν
2885 5301 3050 5354 {Amr
3082 5296 3255 5354 ἔαυτῶ
3277 5297 3442 5354 καλῶς
3471 5311 3556 5348 σοι
