4032 5354
223 227 333 283 411

1151 222 1577 278 ΕΧΕἶ-ζξὶῐίῖἱῗιὶ
1627 225 1716 278 rx
1761 224 2056 281 MALOCO
2097 226 2662 290 CONFESSIONALI.

3344 275 3359 280 -
3420 234 3522 291 112

228 345 385 402 facta
409 342 613 400 duritie
641 341 823 399 cordis
882 342 980 415 tui)
1028 342 1216 414 utique
1245 355 1491 397 crescere
1538 356 1569 395 a
1600 341 1827 397 Domino
1855 348 1907 409 Α
1932 340 2042 406 nia,
2072 358 2191 396 cum
2224 352 2283 398 ut
2321 346 2743 401 clementissime
2794 344 2868 401 ita
2923 344 3033 400 sint
3079 353 3133 402 et
3178 346 3521 405 veracissrme

226 444 705 511 fructificandum,
750 452 807 499 et
840 444 960 500 coeli
1016 444 1238 512 horreo,
1268 444 1634 501 criminositas
1674 444 1831 500 etin-

228 537 676 594 oonvertibilitas
726 545 815 591 tua
836 537 1194 618 interdiceret
1240 538 1343 593 nisi
1376 538 1699 603 miserrime,
1740 552 1831 593 re«

228 626 606 685 condendum.
639 626 779 695 Quid
822 628 966 682 enim
1009 642 1199 683 censes
1230 629 1295 683 de
1333 629 1514 700 culpa,
1571 646 1732 700 quam
1766 629 1833 684 de

229 718 348 777 isto
375 718 555 775 solum
584 720 786 791 probro
816 720 1324 789 contraxisti,cujus
1352 738 1497 776 nunc
1526 737 1623 792 pro
1652 723 1832 776 anima

230 809 477 880 vigilias,
517 818 578 864 ut
609 810 775 864 moris
796 820 898 873 est,
931 825 960 863 a
994 807 1251 866 fratribus
1283 810 1398 865 ﬁeri
1430 812 1673 877 audiens,
1697 827 1834 881 prte-

232 902 538 974 eipitanter
566 902 757 956 tuatim
791 900 939 973 (602)
986 901 1190 965 divisti,
1243 916 1348 957 non
1392 918 1490 973 pro
1530 918 1595 957 eo
1628 912 1679 957 te
1708 919 1834 957 ora-

236 1004 428 1053 turum
453 1035 469 1061 ,
504 995 632 1065 quia
660 994 829 1049 scires
854 1009 976 1049 eum
1001 994 1053 1049 in
1082 994 1293 1049 inferno
1320 1010 1462 1060 esse,
1508 1011 1607 1065 pro
1636 1012 1700 1051 eo
1731 996 1836 1051 sci-

233 1084 393 1151 licet,
432 1086 579 1157 quod
603 1100 725 1142 cum
747 1083 861 1154 jam
885 1086 1093 1143 diutino
1111 1088 1437 1142 monachum
1470 1104 1527 1143 se
1561 1088 1673 1143 ﬁeri
1701 1088 1835 1143 velle

236 1179 381 1235 adeo
406 1178 743 1249 promiserit,
781 1186 839 1233 ut
862 1180 1023 1235 etiam
1061 1181 1332 1249 stipendio
1359 1182 1593 1236 cmnobii
1640 1181 1834 1237 introi-

235 1280 357 1325 tum
388 1270 534 1334 dato,
562 1270 879 1340 acquisierit
909 1270 1082 1341 (605),
1115 1287 1181 1325 ex
1211 1289 1318 1343 quo
1351 1273 1448 1328 tibi
1490 1288 1705 1343 quoque
1729 1288 1833 1327 una

234 1360 383 1419 libra
407 1363 699 1434 provenit;
751 1363 1007 1421 dilatione
1060 1366 1280 1420 corvina
1318 1367 1657 1422 miserrimus
1693 1366 1835 1422 facta

226 1456 299 1512 ein
323 1455 618 1513 clericatus
645 1457 832 1513 habitu
876 1458 1088 1522 infelix,
1118 1469 1179 1514 ut
1223 1460 1318 1515 tibi
1347 1461 1579 1525 videtur,
1618 1460 1832 1515 obierit.

239 1544 413 1617 Cujus
459 1547 606 1602 enim
655 1546 811 1619 culpa
856 1557 980 1617 post
1011 1549 1185 1618 ipsum
1233 1550 1409 1621 magis
1454 1559 1538 1604 est
1568 1550 1737 1619 ipsius
1766 1548 1835 1620 (si

230 1645 328 1693 est
359 1646 544 1693 tamen
571 1638 837 1709 perditus)
874 1639 1125 1710 perditio,
1158 1656 1317 1710 quam
1358 1652 1444 1695 tua
1487 1640 1834 1709 omniumque

1935 439 2162 511 prolata,
2188 439 2325 493 male
2355 441 2701 511 intclligcntis
2723 440 2869 494 vitiat
2903 440 3247 511 negligentia,
3278 450 3367 496 aut
3391 458 3522 513 pra:-

1935 532 2098 586 missa
2135 532 2358 595 scil'cet.
2394 541 2484 586 aut
2546 535 2927 605 subsequentia
2978 535 3157 588 minus
3201 550 3355 605 aequo
3401 552 3522 605 per-

1935 625 2192 694 pendens.
2240 624 2279 677 E
2310 624 2502 693 quibus
2550 634 2608 678 u-t
2661 642 2766 679 uno
2805 634 2999 680 cretera
3050 626 3524 696 comprehendam,

1939 717 2189 787 gaudium
2236 733 2354 772 esse
2387 719 2438 772 in
2492 719 2634 773 coelo
2684 719 2952 789 promittit
3003 733 3163 789 super
3197 736 3299 774 uno
3332 735 3524 789 pecca-

1936 819 2075 874 tore,
2107 826 2268 879 quam
2302 826 2465 880 super
2512 814 2803 883 nonaginta
2853 828 3043 867 novem
3079 812 3256 881 justos
3288 830 3302 880 ;
3342 814 3433 868 sed
3482 813 3524 869 si

1938 901 2138 972 gaudes
2180 901 2299 957 ideo
2334 903 2559 966 dictum,
2614 905 2737 972 quia
2795 913 2845 958 te
2878 913 3218 974 peccatorem
3270 904 3524 969 atteudis,

1938 993 2062 1047 audi
2102 1008 2262 1063 super
2282 1009 2388 1064 quo
2420 1004 2704 1065 peccatore
2728 997 2982 1065 gaudium
3021 998 3195 1067 ipsum
3221 1012 3341 1052 esse
3377 998 3525 1052 dicat

1938 1085 1993 1142 in
2022 1087 2178 1151 coelo;
2218 1098 2270 1142 et
2298 1097 2353 1142 tu
2385 1097 2639 1157 peccator
2668 1104 2787 1143 esse
2815 1088 2955 1153 talis,
2980 1089 3169 1144 saltem
3203 1090 3328 1158 quia
3350 1088 3525 1158 justus

1937 1196 2058 1237 esse
2089 1197 2193 1237 non
2243 1181 2410 1248 vales,
2465 1190 2669 1253 satage,
2724 1185 2789 1237 de
2819 1199 2925 1253 quo
2956 1182 3152 1237 dicitur
3195 1182 3334 1253 ipso,
3371 1182 3531 1251 paeni:

1942 1276 2175 1340 tentiam,
2205 1274 2400 1345 inquit,
2434 1286 2617 1345 agente
2642 1275 2832 1345 (lbid.)
2886 1274 3003 1342 Quo
3032 1290 3204 1345 usque
3233 1275 3257 1329 ?
3296 1274 3409 1328 Non
3435 1270 3529 1329 tibi

1940 1365 2082 1429 dico,
2115 1365 2238 1434 quia
2266 1365 2355 1419 hic
2406 1365 2605 1419 dictum
2640 1380 2743 1419 non
2777 1364 2955 1419 audio.
2992 1365 3126 1420 Cum
3175 1379 3302 1419 vero
3334 1363 3385 1417 in
3418 1362 3534 1431 lege

1942 1458 2009 1511 de
2043 1458 2316 1511 mundatis
2342 1472 2438 1527 per
2465 1457 2675 1510 diversa
2714 1455 2984 1511 sacrificia
3007 1455 3199 1527 culpis,
3230 1454 3534 1511 immundus

1942 1549 2038 1602 erit
2061 1566 2221 1615 usque
2260 1549 2327 1601 ad
2359 1565 2619 1619 uesperam
2674 1546 2861 1618 (Leuit.
2908 1564 3001 1613 xv,
3028 1549 3142 1616 11),
3189 1548 3350 1602 audio
3375 1546 3479 1601 dici
3515 1562 3532 1610 ;

1943 1641 2361 1710 unumquodque
2404 1647 2686 1709 peccatum
2728 1640 2890 1693 etiam
2928 1638 3213 1694 dimissum
3268 1652 3438 1707 usque
3467 1634 3535 1691 ad

239 1725 501 1793 fratrum,
530 1729 621 1799 qui
660 1730 911 1801 receptis,
940 1746 1062 1800 quae
1091 1731 1259 1801 ipsius
1296 1740 1472 1797 erant,
1510 1732 1575 1788 de
1599 1732 1690 1787 illo
1728 1748 1834 1787 non
1866 1723 1914 1785 Β
1940 1734 2128 1789 horam
2153 1732 2440 1803 lugendum
2463 1740 2764 1787 extremam
2788 1729 2939 1796 mihi,
2965 1728 3159 1793 fateor,
3184 1726 3370 1781 videri.
3399 1724 3536 1779 Pec-

234 1820 508 1885 curastis,
552 1819 647 1875 sed
692 1837 813 1875 cum
840 1821 1053 1876 diabolo
1102 1822 1404 1879 dimisistis.
1449 1824 1555 1879 Vos
1585 1824 1729 1879 enim
1758 1824 1836 1879 in-

241 1920 529 1965 cessanter
553 1910 817 1971 debuistis
852 1927 974 1967 eum
1000 1929 1244 1980 monere,
1284 1914 1449 1985 295
1473 1924 1555 1981 ut,
1578 1916 1719 1985 quod
1744 1930 1839 1970 vo-

241 2012 424 2067 verat,
459 2001 571 2059 Deo
629 2003 857 2058 reddere
909 2003 1217 2071 festinaret,
1277 2016 1567 2075 antequam
1621 2008 1722 2061 hoc
1764 2006 1837 2081 ci,

242 2096 391 2168 quod
418 2097 583 2152 modo
608 2097 760 2152 novit
801 2096 1049 2170 [subaudi
1090 2097 1433 2171 contigisse],
1481 2099 1837 2169 contingeret.

242 2188 314 2245 Et
338 2188 467 2260 quia
500 2204 606 2243 non
640 2188 866 2255 fecistis,
897 2188 1225 2261 interrogate
1266 2190 1609 2261 prophetam,
1643 2191 1761 2261 ipso
1784 2190 1840 2247 in

243 2288 473 2353 peccato
496 2295 595 2335 suo
617 2288 852 2345 mortuo,
878 2282 943 2336 de
964 2281 1118 2351 cujus
1146 2297 1308 2336 manu
1337 2283 1653 2354 sanguinem
1674 2283 1842 2354 ipsius

246 2374 393 2429 Deus
422 2371 619 2428 debeat
655 2372 932 2443 requirere
962 2372 1181 2443 (Ezech.
1209 2392 1296 2439 Ill,
1324 2374 1435 2447 18),
1473 2392 1594 2430 cum
1626 2376 1841 2432 etiamsi

247 2466 437 2521 datum
468 2473 633 2530 esset,
661 2473 723 2519 ut
750 2464 978 2533 faceret,
1008 2467 1277 2521 sententia
1302 2467 1391 2521 illa
1429 2483 1526 2521 vos
1551 2467 1760 2521 Domini
1786 2468 1841 2522 in

253 2557 453 2612 bocita
481 2557 881 2627 constringeret
907 2571 921 2610 :
965 2554 1054 2612 Va:
1077 2557 1218 2611 vobis
1246 2556 1507 2613 Pharisa’i
1535 2559 1839 2629 hypocrita,

251 2651 384 2722 quia
405 2650 628 2705 circuitis
668 2667 813 2703 mare
844 2660 892 2703 et
936 2650 1162 2715 aridam,
1188 2661 1235 2704 et
1270 2651 1443 2720 facitis
1475 2668 1636 2705 unum
1667 2654 1844 2722 prose-

253 2741 443 2811 lytum,
489 2752 536 2796 et
575 2759 696 2796 cum
747 2742 903 2811 fuerit
944 2742 1137 2811 factus,
1186 2742 1364 2811 facitis
1395 2760 1513 2797 eum
1545 2743 1716 2812 ﬁlium
1756 2761 1844 2815 ge-

248 2834 439 2889 henme
462 2834 621 2904 duplo
654 2853 809 2905 quam
856 2852 942 2890 vos
968 2834 1185 2904 (Matth.
1208 2851 1368 2901 xxm,
1405 2836 1511 2907 15).
1541 2835 1845 2891 Miserrimo

250 2927 421 2998 igitur
447 2928 735 2991 misereor,
767 2927 893 2996 quia
928 2937 1019 2981 tua
1050 2943 1157 2982 non
1188 2937 1342 2997 potes
1373 2928 1571 2983 deflere
1596 2936 1843 2998 peccata,

251 3019 348 3091 qui
398 3018 653 3091 plangere
697 3018 1003 3083 debueras,
1060 3019 1185 3073 dum
1235 3020 1397 3073 etiam
1450 3019 1795 3088 compelleris
1824 3061 1840 3085 ,

1941 1825 2092 1887 casti,
2151 1823 2246 1887 ait,
2286 1823 2491 1892 quiesce
2542 1820 2732 1889 (Eccli.
2785 1818 3003 1885 xxt,l).
3062 1816 3320 1871 Dimisisti
3370 1828 3535 1869 unum

1941 1927 2245 1987 peccatum,
2280 1916 2499 1986 quiesce
2547 1931 2613 1969 nc
2667 1913 2835 1968 facias
2876 1913 3039 1977 idem,
3072 1920 3166 1965 aut
3217 1908 3413 1974 simile,
3446 1914 3543 1963 aut

1942 2012 2170 2070 forsitan
2196 2012 2367 2083 pejus.
2421 2011 2580 2080 Pejus
2610 2020 2787 2065 autem
2814 2018 2914 2073 est,
2947 2008 2991 2063 si
3020 2007 3162 2078 quod
3194 2004 3395 2068 fecisti,
3432 2016 3540 2058 non

1940 2104 2201 2175 plangas;
2238 2116 2466 2172 peccare
2514 2102 2710 2171 quippe
2738 2115 2844 2153 non
2896 2113 3104 2162 cessas,
3156 2096 3200 2150 si
3233 2094 3399 2165 296
3428 2108 3538 2147 non

1940 2196 2230 2267 pceniteas.
2255 2194 2439 2263 Neque
2460 2193 2602 2246 enim
2621 2191 2839 2253 delesti,
2856 2189 2997 2260 quod
3020 2187 3310 2257 scripsisti,
3327 2183 3542 2241 etiamsi

1942 2287 2181 2342 scribere
2212 2285 2420 2339 desiisti
2448 2301 2462 2349 ;
2496 2282 2837 2338 contumeliis
2878 2296 2976 2336 nec
3000 2280 3161 2334 allcui
3194 2278 3379 2342 illatis,
3412 2276 3542 2347 quia

1945 2381 2157 2437 tacuisti
2181 2395 2274 2434 eas
2308 2379 2481 2449 (605),
2515 2378 2636 2432 ideo
2660 2376 2983 2432 emendasti.
3014 2374 3279 2439 Blanxisti
3310 2371 3540 2426 forsitan

1944 2473 2010 2527 ad
2040 2480 2253 2540 tempus
2288 2469 2507 2538 aliquod
2554 2469 2783 2532 crimen,
2825 2482 2920 2521 cor
2963 2464 3289 2520 contrivisti.
3327 2461 3383 2516 Si
3412 2474 3545 2515 vero

1943 2564 2149 2618 crimen
2175 2577 2280 2615 non
2311 2559 2598 2614 deseruisti
2655 2558 2738 2612 vel
2788 2556 3124 2627 pmnituisti;
3158 2570 3254 2609 cor
3282 2554 3408 2623 quia
3438 2566 3545 2606 non

1944 2656 2109 2711 etiam
2155 2652 2473 2717 humiliasti,
2503 2667 2532 2705 a
2557 2650 2668 2705 Deo
2696 2657 2748 2704 te
2796 2657 3036 2719 spretum
3064 2655 3221 2717 potes
3250 2659 3428 2713 neque
3455 2644 3544 2698 in-

1944 2745 2331 2801 convenienter
2381 2752 2436 2797 et
2486 2758 2592 2797 non
2646 2742 2764 2796 sine
2795 2740 3119 2795 auctoritate
3173 2735 3371 2791 vereri.
3426 2734 3545 2803 Qua

1944 2854 2074 2893 vero
2100 2837 2276 2891 fronte
2316 2836 2457 2890 inter
2487 2835 2778 2905 nonaginta
2807 2847 2998 2887 novem
3025 2831 3204 2904 justos
3248 2838 3302 2884 te
3339 2828 3545 2894 audes,

1945 2931 2155 2988 etiamsi
2212 2930 2606 2995 invenirentur,
2659 2926 2957 2991 ascribere,
2989 2935 3050 2980 ut
3099 2923 3287 2993 utique
3337 2919 3547 2992 majora

1947 3026 2043 3080 tibi
2078 3038 2240 3094 quam
2272 3022 2376 3077 illis
2428 3037 2534 3077 non
2581 3022 2784 3092 cogites
2824 3019 3101 3091 expedire,
3149 3017 3241 3087 qui
3270 3023 3325 3071 et
3365 3014 3549 3084 justus

248 3110 449 3167 aliena-
478 3110 545 3165 Ει
567 3118 772 3181 quanto
822 3110 999 3165 minus
1026 3118 1079 3165 te
1120 3109 1249 3166 “ere
1279 3127 1386 3166 non
1422 3111 1642 3176 SUmCiS.
1691 3120 1841 3166 ῐειηιο
1870 3088 1917 3151 C
1950 3119 2233 3180 debueras,
2263 3124 2322 3171 ut
2354 3115 2477 3186 ipsi,
2536 3114 2803 3169 manere?
2852 3113 2988 3181 Quia
3032 3127 3166 3167 vero
3188 3126 3297 3168 non
3348 3108 3548 3174 fecisti,

250 3203 430 3274 magis
458 3217 489 3257 a
511 3202 669 3257 bonis
697 3202 949 3257 omnibus
985 3212 1037 3256 te
1086 3200 1322 3258 flendum
1375 3203 1548 3273 (604),
1578 3217 1844 3274 perpenso

248 3304 424 3352 etiam
462 3295 715 3366 colapho,
772 3297 915 3367 quod
966 3297 1125 3352 hodie
1177 3297 1370 3351 dedisti
1419 3298 1597 3396 ad.te
1635 3296 1846 3367 procla-

252 3390 431 3447 manti
482 3392 705 3457 rustico,
755 3389 1059 3446 decernens
1108 3399 1372 3459 quantum
1428 3388 1573 3445 absis
1624 3390 1729 3456 his,
1778 3388 1847 3445 de

253 3484 459 3555 quibus
486 3483 720 3540 Iacobus
747 3483 1024 3555 apostolus
1073 3483 1241 3538 dicit:
1278 3480 1334 3537 Si
1361 3482 1476 3553 quis
1506 3500 1559 3536 se
1582 3490 1731 3551 putat
1759 3497 1845 3536 re-

236 3574 504 3647 ligiosum
545 3591 678 3642 esse,
710 3591 815 3629 non
859 3575 1130 3644 refrenans
1178 3574 1412 3643 linguam
1440 3590 1613 3639 suam,
1644 3574 1733 3628 sed
1766 3589 1848 3628 se-

236 3666 456 3722 ducens
479 3684 568 3722 cor
614 3683 791 3731 suum,
821 3666 1032 3721 scilicet
1077 3664 1363 3735 cogitando
1390 3664 1534 3734 quod
1564 3663 1849 3734 religiosus

251 3762 531 3834 sit,ltujus
562 3779 699 3817 vana
739 3770 813 3816 est
858 3760 1039 3831 religio
1068 3758 1211 3830 (Jac.
1236 3774 1277 3822 ι,
1312 3758 1423 3828 26),
1453 3757 1687 3822 noveris,
1722 3758 1849 3813 dum

254 3864 318 3910 tu
344 3856 544 3911 nedum
577 3854 841 3926 linguam,
867 3868 1064 3909 manus
1100 3853 1292 3909 saltem
1326 3867 1434 3908 non
1469 3850 1618 3907 vales
1654 3851 1849 3906 miser-

254 3948 434 4003 rimus
466 3946 763 4003 refrenare.

330 4038 425 4093 42.
453 4038 611 4094 Falsa
635 4046 893 4094 caeterum
926 4052 1021 4107 spe
1050 4035 1224 4105 decipi
1257 4042 1308 4090 te
1344 4049 1558 4105 quoque
1584 4034 1638 4089 in
1670 4033 1851 4090 verbis

254 4126 570 4197 hujusmodi
626 4128 785 4184 video
827 4127 1090 4183 Domini:
1148 4124 1409 4191 Pcccasti,
1460 4126 1686 4197 quiesce,
1732 4125 1850 4180 uolo

255 4227 480 4274 mortem
534 4219 821 4290 peccatoris
874 4216 1065 4288 (Eccli.
1112 4234 1224 4283 xxr,
1260 4217 1333 4288 1).
1369 4217 1475 4271 Et:
1531 4216 1854 4288 Quacunque

256 4312 393 4366 liora
436 4322 681 4382 peccator
718 4327 994 4366 conversus
1030 4311 1213 4381 fuerit,
1270 4310 1446 4365 salvus
1491 4310 1589 4364 erit
1633 4308 1851 4379 (Ezecli.

256 4418 461 4468 xum,
488 4404 599 4475 12).
624 4402 691 4458 Et
716 4421 729 4458 :
789 4402 1160 4459 Convertimini
1189 4404 1257 4457 ad
1306 4420 1409 4469 me,
1436 4413 1484 4457 et
1507 4420 1600 4475 ego
1627 4411 1857 4457 revertar

258 4496 330 4549 ad
358 4511 447 4549 vos
470 4492 659 4565 (Zach.
694 4510 736 4561 ι,
762 4494 842 4563 5).
873 4494 941 4550 Et
970 4494 1097 4550 illud
1127 4495 1193 4550 de
1230 4494 1556 4565 Evangelio:
1587 4490 1853 4547 Gaudium

257 4594 334 4640 est
351 4586 406 4641 in
434 4586 561 4641 caelo
584 4603 742 4657 super
764 4603 867 4641 uno
890 4596 1176 4657 peccatore,
1202 4602 1359 4658 quam
1388 4602 1543 4656 super
1572 4586 1856 4657 nonaginta

260 4693 442 4733 novem
468 4677 649 4749 justas
678 4676 831 4748 (Luc.
857 4693 950 4745 xv,
982 4679 1038 4750 7)
1068 4697 1081 4733 :
1124 4686 1179 4734 et
1223 4679 1312 4733 bis
1359 4677 1625 4733 similibus
1674 4677 1858 4734 multls

260 4785 360 4841 per
385 4785 615 4843 campos
671 4769 974 4827 divinorum
1005 4772 1208 4843 sparsis
1257 4770 1559 4837 librorum;
1592 4786 1712 4841 quae
1741 4786 1857 4827 om-

260 4906 427 4961 inesse
456 4904 578 4969 tibi,
610 4913 770 4976 atque
808 4905 1107 4974 madefacta
1136 4905 1331 4959 duritie
1370 4904 1544 4976 cordis
1590 4904 1689 4976 tui)
1718 4904 1859 4975 face-

262 4987 371 5031 rent
398 4993 639 5031 crescere
666 4974 722 5030 in
752 4984 799 5029 te
844 4993 1017 5030 semen
1045 4976 1181 5030 verbi
1213 4978 1389 5046 utique
1431 4974 1860 5043 fructi/icandum

200 5058 203 5059 '
258 5047 565 5108 aDomino.
614 5056 665 5101 et
717 5046 1101 5100 recondendum
1128 5046 1312 5101 horreo
1354 5046 1492 5111 cmli,
1534 5047 1634 5099 nisi
1679 5047 1862 5101 miser-

256 5120 386 5175 rime
407 5117 775 5174 criminositas
805 5127 851 5169 et
882 5117 1346 5171 inconvertibilitas
1378 5129 1471 5170 tua
1505 5116 1859 5187 interdiceret.

1944 3208 2319 3282 pmnitentiam
2337 3206 2534 3261 debeas
2556 3204 2647 3278 [f.,
2670 3204 2858 3277 debes]
2885 3219 3067 3276 agere,
3084 3211 3140 3259 et
3166 3201 3419 3274 gaudium
3444 3199 3552 3254 sal-

1952 3315 2061 3361 tem
2111 3304 2355 3374 aliquod,
2386 3302 2438 3357 id
2485 3310 2589 3365 est,
2620 3301 2921 3356 secundum
2946 3296 3285 3369 paenitentiae
3324 3293 3546 3351 modum

1948 3400 2002 3455 in
2031 3398 2171 3455 coelo
2194 3396 2400 3468 angelis
2430 3395 2599 3450 facias
2626 3394 2717 3467 [[2,
2758 3391 2972 3465 facies].
3001 3390 3155 3460 Quod
3179 3389 3234 3445 in
3271 3396 3325 3444 te
3366 3396 3551 3443 tamen

1948 3506 2069 3547 cum
2121 3489 2216 3545 Dei
2247 3488 2418 3555 gratia
2450 3501 2589 3551 esse,
2636 3484 2980 3539 considerata
3030 3480 3242 3537 arbitrii
3273 3479 3550 3544 libertate,

1948 3581 2097 3637 vales
2131 3579 2485 3651 perpendere.
2530 3576 2645 3644 Qua
2699 3590 2827 3631 vero
2872 3581 3052 3629 mente
3081 3580 3137 3627 tu
3179 3571 3367 3641 culpas
3411 3567 3545 3623 ﬂere

1950 3671 2193 3742 negligas
2220 3676 2341 3739 post
2366 3669 2694 3738 baptismum
2733 3664 3018 3728 admissas,
3055 3660 3271 3733 quando
3306 3671 3552 3715 summus

1950 3774 2139 3837 pastor
2190 3762 2453 3833 quosdam
2505 3758 2773 3814 malorum
2830 3771 3051 3812 suorum
3110 3750 3553 3809 consideratione

1952 3858 2173 3914 territos
2202 3856 2520 3917 admonere,
2546 3861 2606 3907 ut
2632 3852 3064 3921 baptizarentur,
3096 3848 3357 3920 gestiens,
3404 3859 3551 3917 prm-

1949 3950 2101 4005 misit
2124 3949 2311 4004 dicens
2346 3964 2359 4001 :
2398 3940 2761 3999 Paenitentiam
2809 3943 2947 4014 agite
2994 3941 3135 4011 (Act.
3161 3955 3228 4006 tt,
3257 3937 3350 4009 58)
3379 3953 3396 4004 ;
3427 3951 3553 3993 cum

1954 4056 2058 4096 non
2092 4039 2384 4103 dubitaret,
2420 4042 2766 4092 sacramento
2805 4030 3149 4103 baptismatis
3192 4028 3379 4084 omnia
3428 4041 3555 4099 pec-

1952 4143 2099 4200 cata,
2136 4132 2357 4189 etiamsi
2397 4130 2543 4185 nulla
2596 4129 2972 4201 praecessisset
3015 4125 3363 4197 paenitentia,
3390 4138 3553 4179 mun-

1955 4227 2072 4283 dari
2099 4225 2299 4281 valere.
2338 4222 2490 4278 Talia
2519 4236 2650 4278 vero
2698 4220 2793 4275 tibi
2827 4219 3127 4285 inculcans,
3158 4217 3356 4289 quibus
3387 4216 3555 4271 etiam

1956 4316 2161 4372 ferrum
2188 4314 2418 4371 emolliri
2442 4313 2651 4383 loquar,
2692 4319 2752 4366 ut
2773 4312 2845 4365 ita
2866 4318 3147 4381 potuerat,
3180 4317 3234 4364 te
3265 4304 3556 4378 compungi

1958 4408 2027 4463 ad
2048 4405 2233 4461 fletum
2257 4404 2384 4475 quia
2411 4418 2518 4458 non
2550 4416 2736 4467 cerno,
2768 4401 2863 4455 tibi
2903 4400 3106 4455 dictum
3151 4397 3417 4470 suspicari
3445 4411 3556 4451 non

1960 4499 2190 4562 desino;
2249 4495 2420 4565 Plaga
2476 4492 2677 4548 inimici
2727 4491 2963 4562 percussi
3008 4499 3057 4543 te
3085 4487 3222 4561 (Jer.
3272 4502 3404 4553 xxx,
3440 4483 3555 4557 M).

1958 4591 2211 4647 Attamen
2247 4602 2316 4643 ne
2345 4599 2489 4641 δωνο
2528 4597 2798 4639 venenum
2851 4581 3090 4652 adjicere
3118 4581 3311 4636 videar
3352 4577 3556 4649 gladio,

1960 4684 2016 4740 id
2043 4690 2127 4739 est
2176 4679 2389 4737 duritia:
2429 4678 2507 4733 tui
2556 4675 2741 4733 cordis
2797 4675 3234 4746 desperationem
3285 4672 3556 4740 ingerere,

1961 4789 2093 4831 curo
2121 4782 2175 4828 te
2226 4772 2359 4838 Deo,
2398 4770 2513 4842 jam
2553 4782 2699 4825 nunc
2750 4765 3063 4824 confutandi
3100 4763 3333 4819 termino
3389 4760 3560 4830 facto,

1963 4922 2091 4964 vero
2112 4908 2357 4980 syntaxis
2382 4902 2633 4980 Ratherii
2662 4900 2964 4980 peculiaris
2984 4900 3077 4980 sit,
3120 4896 3355 4980 nihilnin
3384 4892 3560 4980 collo-

1965 4965 2179 5034 catione
2204 4982 2495 5035 verborum
2547 4965 2842 5048 immutare
2881 4971 3172 5025 voluimus.
3230 4965 3563 5048 Stipendium

1966 5052 2204 5119 speciem
2255 5050 2399 5105 dotis
2447 5044 2744 5120 significat,
2786 5057 2948 5115 quam
2994 5044 3327 5120 monasteria
3368 5044 3566 5120 ingre-

1967 5114 2178 5176 dientes
2206 5114 2549 5177 oii'erebant':
2577 5114 2727 5169 unde
2752 5114 2885 5190 cum
2904 5114 3055 5190 pueri
3086 5114 3433 5190 monasteriis
3458 5114 3568 5189 traf
