4032 5354
521 205 634 280 ω

1464 207 1797 266 RATHERl-l
1836 207 2052 265 EPiSC.
2096 205 2349 264 VERON.
2391 205 2542 262 OPP.
2585 203 2764 261 PARS
2800 205 2842 260 1.

3691 213 3790 274 448

524 285 687 391 guine
735 321 862 385 tuo,
919 330 1041 374 cum
1090 333 1355 392 nusquam
1406 336 1505 391 per
1551 322 1886 378 divinitatem
1922 324 2062 380 desis
2088 365 2104 391 ,
2133 327 2191 388 Α.
2211 324 2358 395 patio
2385 325 2674 380 momordit
2704 324 2757 379 in
2789 322 3051 380 subditos.
3075 323 3340 398 Quidquid
3359 326 3544 383 minus
3571 327 3641 384 de
3666 329 3790 386 boni

525 420 813 484 praesente,
842 419 903 466 ut
940 411 1143 481 justum
1186 423 1305 479 est,
1339 413 1504 468 feriar
1529 413 1650 486 [al.,
1685 413 1872 488 ferias]
1901 433 1913 469 :
1943 431 2104 486 parce

527 514 729 570 tamen,
755 507 932 562 adhuc
958 522 1289 577 pra:sumens
1316 509 1593 576 deprecor,
1625 509 1885 578 piissime,
1913 524 2104 577 parce;

525 595 680 652 differ
711 595 873 650 ictum
898 637 912 660 ,
963 597 1229 666 suspende
1258 597 1550 652 vindictam
1575 639 1589 662 ,
1620 607 1676 653 et
1705 615 1809 654 non
1841 599 2108 669 aspiciens

524 689 594 743 ad
642 686 958 757 iniquitates
981 728 996 752 ,
1042 685 1245 742 scelera
1274 728 1289 754 ,
1315 697 1369 742 et
1402 689 1594 744 delicta
1615 688 1918 758 juventutis
1951 707 2105 759 mete,

524 785 582 832 et
607 784 627 843 ,”
673 786 733 832 ut
772 776 925 847 pejus
953 818 968 843 ,
1023 776 1240 844 fateor,
1285 780 1448 833 etiam
1508 784 1842 849 senectutis;
1899 785 1991 840 sed
2041 785 2108 839 ad

421 915 424 919 .
523 866 926 922 misericordias
970 875 1023 922 et
1073 868 1446 924 miserationes
1493 880 1612 925 tuas
1642 872 1839 928 multas
1865 915 1878 939 ,
1912 874 2109 944 quibus

525 957 708 1028 generi
733 959 967 1012 humano
990 972 1206 1028 semper
1230 959 1471 1014 misereri
1499 963 1828 1018 consuevisti
1845 1005 1858 1026 ,
1893 966 2109 1035 suscipe

527 1037 717 1118 preces
765 1058 816 1102 et
849 1048 1056 1103 hostias
1081 1089 1094 1112 ,
1128 1064 1262 1118 quas
1308 1065 1406 1120 pro
1441 1053 1679 1119 peccatis
1718 1055 1852 1109 meis
1876 1095 1892 1122 ,
1931 1065 1985 1112 et
2012 1073 2109 1128 pro

529 1137 771 1208 peccatis
798 1137 1036 1193 ﬁdelium
1077 1147 1289 1193 tuorum
1341 1148 1447 1194 tam
1476 1141 1751 1209 vivorum,
1780 1159 1942 1214 quam
1967 1161 2111 1202 mor-

523 1216 741 1284 tuorum
771 1227 1034 1298 maiestati
1065 1237 1169 1284 tute
1203 1228 1399 1285 offerre
1441 1246 1728 1301 praesumo.
1761 1235 2069 1292 Recordare
2091 1277 2108 1303 ,

523 1320 668 1391 quod
711 1335 838 1376 caro
875 1335 1062 1376 sumus
1107 1336 1174 1376 ex
1224 1319 1401 1392 fragili
1467 1323 1692 1378 materia
1735 1327 1936 1381 conditi
1989 1327 2109 1397 (Job

526 1430 618 1480 xv,
650 1415 758 1485 15).
781 1414 955 1470 Etiam
976 1415 1096 1472 coeli
1127 1432 1234 1472 non
1261 1426 1383 1473 sunt
1410 1419 1591 1472 mundi
1617 1418 1671 1472 in
1697 1427 1985 1488 conspectu
2020 1427 2111 1475 tuo

527 1503 652 1577 (Job
681 1520 755 1571 tv,
790 1505 900 1574 18),
928 1515 984 1561 et
1032 1507 1205 1576 angeli
1232 1508 1304 1562 tui
1332 1509 1542 1578 reprobi
1562 1509 1762 1564 inventi
1786 1518 1910 1564 sunt
1930 1524 2113 1565 coram

534 1603 587 1652 te
638 1610 654 1650 :
710 1605 911 1666 quanto
949 1597 1121 1666 magis
1179 1598 1428 1655 homines
1478 1599 1720 1664 terreni,
1767 1599 2012 1670 indigni,
2060 1608 2116 1655 et

2207 416 2536 487 pcrfectione
2571 415 2826 482 diximus,
2868 431 3063 485 parce;
3112 417 3368 486 quidquid
3411 418 3788 490 incongruum,

2208 507 2291 562 vel
2331 508 2506 561 minus
2539 515 2831 576 temperate
2858 505 3203 576 protulimus,
3229 514 3281 559 tu
3307 506 3545 575 ignosce.
3569 507 3686 564 Non
3714 509 3793 563 in-

2207 606 2422 652 cautum
2469 597 2817 668 praesumptio
2865 596 3089 666 puniat;
3141 598 3234 652 sed
3272 607 3663 668 agnoscentem
3704 615 3792 656 me

2209 689 2518 760 iniquitates
2546 703 2693 743 meas
2716 688 2888 757 pietas
2914 697 3016 741 tua:
3044 687 3404 743 miserationis
3427 687 3694 743 absolvat.
3726 691 3794 746 Et

2208 777 2334 848 quia
2381 793 2486 832 non
2533 778 2665 832 mihi
2706 777 2832 831 alibi
2862 784 2944 832 est
2973 775 3165 832 fiducia
3195 777 3296 832 nisi
3339 778 3393 832 in
3420 777 3796 836 misericordia

2211 877 2340 935 tua;
2385 875 2439 923 tu
2469 878 2524 924 et
2549 883 2610 925 os
2656 885 2835 924 meum
2875 870 3143 939 praeconio
3175 871 3418 926 veritatis
3440 885 3717 940 perarata,
3741 881 3799 927 et

2209 975 2348 1029 opus
2385 958 2613 1030 pleniori
2641 961 2887 1016 ubertate
2925 959 3227 1025 sanctiﬁca,
3255 969 3312 1014 ut
3351 971 3406 1016 et
3451 961 3678 1030 dignum
3714 977 3800 1017 me

2211 1052 2418 1114 salves,
2448 1059 2504 1104 et
2539 1050 2686 1122 (6'20)
2720 1051 3065 1106 commissum
3109 1051 3239 1105 mibi
3289 1067 3506 1122 gregem
3559 1066 3663 1121 pro
3710 1062 3800 1107 tua

2208 1140 2712 1210 pietatejustiliccs.
2738 1140 3009 1212 Quidquid
3043 1141 3095 1195 in
3124 1141 3231 1196 illis
3263 1142 3512 1195 vitiatum
3552 1143 3798 1212 respicis,

2211 1246 2382 1298 sana;
2422 1230 2679 1301 quidquid
2720 1233 2773 1287 in
2825 1247 2911 1287 me
2952 1232 3209 1287 vitiosum
3267 1233 3510 1302 inspicis,
3563 1248 3718 1288 cura.
3741 1232 3800 1290 Si

2211 1321 2526 1391 quamvitio
2554 1321 2844 1392 tepiditatis
2865 1337 2998 1378 mea:
3025 1322 3107 1377 vel
3143 1323 3350 1378 incuria
3387 1332 3798 1390 contraxerunt,

2213 1414 2296 1468 vel
2333 1414 2661 1470 contrahunt
2706 1414 2904 1481 labem,
2941 1414 3130 1469 omitte
3176 1413 3236 1486 [Ι.
3282 1413 3538 1486 dimitte].
3585 1413 3646 1480 Si
3695 1429 3800 1485 quo

2211 1505 2376 1560 etiam
2415 1519 2502 1559 me
2531 1505 2810 1574 ignorante
2843 1503 2925 1560 vel
2960 1504 3174 1576 cognito
3196 1503 3514 1559 deciderunt
3536 1503 3637 1576 [αι.
3659 1504 3802 1558 deci-

2215 1595 2418 1669 derint]
2461 1597 2513 1651 in
2572 1597 2818 1662 crimine,
2851 1607 3012 1667 atque
3061 1598 3107 1651 si
3154 1595 3382 1666 exempli
3432 1597 3540 1651 mei
3571 1595 3799 1652 offendi-

532 1677 836 1742 immundi?
885 1686 1002 1744 Non
1057 1688 1203 1742 enim
1251 1704 1536 1760 possumus
1591 1705 1712 1745 esse
1749 1691 1970 1755 mundi,
2005 1684 2334 1746 nischuvlo
2392 1696 2757 1759 provenerunt
2796 1687 2916 1760 [al.,
2973 1686 3342 1760 provenerint]
3428 1687 3484 1742 in
3561 1687 3801 1758 culpam,

533 1791 563 1832 a
611 1785 702 1833 tua
760 1779 957 1849 pietate
1009 1788 1064 1835 et
1120 1781 1489 1837 misericordia
1547 1782 1786 1853 quotidie
1839 1782 2001 1838 corde
2053 1791 2110 1837 et

529 1880 758 1936 corpore
808 1882 1113 1924 mereamur
1172 1870 1440 1925 mundari.
1485 1869 1824 1942 Quapropter
1868 1881 1955 1938 tu,
2006 1871 2110 1927 Do-

530 1957 710 2024 mine,
765 1966 819 2013 tu
846 1999 861 2023 ,
904 1959 995 2030 qui
1029 1960 1378 2016 intentionem
1430 1971 1485 2017 et
1512 1963 1850 2018 devotionem
1892 1971 2111 2032 torpen-

530 2058 668 2118 tem,
698 2052 951 2109 miseram
973 2095 988 2121 ,
1033 2071 1104 2126 ac,
1143 2056 1400 2127 pollutam
1428 2058 1494 2112 ad
1545 2068 1948 2115 sacrosanctum
1979 2059 2113 2114 alta-

530 2142 609 2198 ris
665 2143 742 2199 tui
779 2146 1098 2216 mysterium
1127 2147 1496 2217 accipiendum
1531 2148 1680 2222 (616)
1725 2150 1965 2205 excitare
1995 2148 2113 2220 (vo-

527 2231 730 2304 luisti),
757 2249 953 2306 meque
991 2235 1267 2307 indignum
1317 2249 1373 2292 et
1409 2247 1750 2308 peccatorem
1787 2240 1854 2294 ad
1888 2240 1981 2295 tibi
2013 2240 2115 2295 mi-

461 2331 465 2338 '
529 2325 866 2381 nistrandum
893 2327 1186 2398 permisisti
1212 2369 1226 2394 ,
1258 2328 1600 2398 impudenter
1627 2330 1788 2396 licet,
1818 2331 2111 2396 accedere;

529 2415 747 2472 contine
766 2416 941 2472 adhuc
965 2417 1276 2473 misericors
1295 2432 1456 2488 quam
1484 2434 1700 2475 mereor
1723 2420 1857 2474 iram
1878 2461 1892 2486 ,
1922 2420 2116 2476 exhibe

532 2509 820 2579 gratuitam
874 2509 1255 2578 clementiam,
1304 2519 1359 2566 et
1408 2511 1642 2568 concede
1694 2511 1999 2582 propitius,
2055 2519 2117 2565 ut

533 2600 826 2657 celebratio
853 2601 1026 2673 hujus
1055 2603 1195 2658 sacri
1236 2604 1476 2675 mysterii
1500 2643 1515 2670 ,
1546 2604 1610 2658 ad
1639 2603 1798 2674 quod,
1823 2604 2031 2673 tepidus
2061 2610 2118 2658 et

533 2693 758 2763 pavidus
803 2695 1033 2758 accedo,
1065 2709 1171 2750 non
1201 2696 1269 2750 ad
1307 2696 1564 2767 judicium
1603 2705 1660 2752 et
1691 2695 1759 2750 ad
1787 2697 2117 2751 condemna-

537 2783 866 2849 tionem,sed
881 2784 947 2839 ad
961 2784 1330 2841 remissionem
1347 2793 1692 2856 peccatorum
1717 2795 1771 2842 et
1796 2786 1862 2841 ad
1889 2785 2115 2842 salutem

537 2873 669 2930 mihi
716 2876 995 2947 proveniat
1041 2877 1446 2948 sempiternam.

1246 2985 1398 3027 ITEH.

606 3058 705 3124 Ita,
760 3059 1010 3127 Domine,
1062 3061 1313 3117 immensi
1376 3060 1620 3118 criminis
1663 3061 1741 3117 rei
1796 3061 2123 3118 conscientia

540 3157 676 3205 teste
702 3149 1100 3218 confundimur,
1131 3161 1190 3207 ut
1226 3153 1292 3206 ad
1312 3149 1542 3206 ollicium
1570 3161 1718 3206 tuum
1747 3166 1923 3221 neque
1947 3151 2125 3206 securi

538 3241 806 3312 possimus
825 3242 1032 3307 venire,
1055 3257 1156 3298 nec
1194 3242 1373 3298 liberi.
1414 3242 1545 3309 Quis
1567 3241 1708 3297 enim
1737 3257 1970 3312 pensans
1994 3256 2125 3312 pec-

547 3341 730 3388 catum
759 3349 934 3400 suum,
965 3350 1073 3390 non
1106 3350 1166 3392 se
1194 3349 1224 3388 a
1245 3333 1386 3390 facie
1417 3344 1504 3388 tua
1526 3333 1686 3389 vellet
1707 3332 2054 3397 abscondere,
2079 3331 2125 3388 si

547 3421 734 3478 liceret
777 3431 937 3479 tanta:
965 3426 1262 3497 majestatis
1285 3427 1471 3483 oculos
1497 3427 1788 3494 declinare,
1816 3428 1860 3483 si
1885 3436 1977 3482 aut
1997 3442 2125 3483 eva-

543 3529 702 3570 surus
727 3513 943 3582 lateret,
967 3525 1060 3571 aut
1081 3517 1383 3574 occultatus
1413 3519 1695 3574 evaderet?
1718 3520 1825 3573 Aut
1865 3519 1986 3588 quis
2018 3533 2126 3573 non

542 3604 714 3676 magis
739 3600 927 3660 videre
966 3614 1018 3660 te
1051 3615 1292 3678 cuperet,
1329 3608 1374 3663 si
1411 3623 1538 3674 non,
1576 3609 1718 3678 quod
1747 3624 1869 3664 eum
1901 3623 2128 3678 peccan-

543 3701 653 3750 tem
702 3693 993 3765 prospicis,
1033 3694 1153 3765 plus
1193 3697 1450 3752 timeret?
1496 3698 1636 3769 Ergo
1671 3699 1795 3769 quia
1845 3708 1899 3752 tu
1931 3699 2130 3767 ubique

548 3798 648 3844 nos
685 3783 919 3850 invenis,
969 3785 1037 3840 ad
1089 3795 1140 3842 te
1187 3785 1550 3860 confugimus,
1577 3803 1733 3858 quem
1766 3787 1949 3861 fugere
1991 3805 2130 3844 nun-

545 3891 708 3947 quam
737 3877 999 3935 valemus.
1036 3878 1224 3936 Restat
1254 3881 1466 3938 miseris
1497 3897 1603 3937 non
1634 3882 1869 3937 latebras
1895 3882 2129 3937 interve-

545 3970 664 4026 nire
690 3970 781 4043 [f.,
808 3970 1097 4044 invenire],
1121 3973 1214 4028 sed
1241 3973 1526 4046 lacrymas.
1551 3973 1752 4029 Foveat
1776 3973 2128 4044 indulgentia,

549 4074 688 4130 quos
723 4069 887 4117 terret
908 4061 1132 4118 offensa.
1165 4062 1397 4119 Minatur
1419 4065 1677 4134 potentia,
1709 4065 1803 4119 sed
1827 4066 2131 4120 misericor-

548 4153 633 4208 dia
660 4154 988 4212 consoletur.
1029 4157 1108 4211 Ex
1140 4164 1194 4212 te
1221 4165 1304 4212 est
1331 4158 1422 4226 qui
1450 4157 1642 4214 liberet
1668 4157 1836 4230 (617),
1859 4173 1955 4228 per
1978 4166 2026 4211 te
2049 4164 2132 4213 est

547 4245 639 4317 qui
659 4255 894 4302 excuset.
921 4247 1089 4302 Parce
1116 4247 1457 4316 omnipotens
1484 4247 1666 4312 Pater,
1697 4254 1751 4301 et
1774 4261 1908 4316 quos
1933 4246 2131 4316 aspicis

548 4336 778 4399 bumiles
813 4352 909 4407 per
947 4346 1175 4406 reatum,
1211 4346 1424 4394 erectos
1449 4353 1734 4393 munerare
1765 4337 1910 4408 (618)
1944 4338 2128 4408 digne-

2211 1781 2452 1852 iguosce,
2491 1789 2547 1835 et
2591 1796 2692 1850 pro
2735 1781 2908 1852 culpis
2956 1781 3152 1836 talibus
3197 1781 3396 1837 misero
3422 1781 3555 1836 mihi
3581 1781 3803 1839 ultionis

2212 1885 2318 1925 non
2352 1870 2602 1924 restituas
2635 1871 2829 1925 vicem.
2876 1869 2972 1926 llis
3000 1879 3204 1936 tamen,
3246 1869 3444 1940 quibus
3471 1870 3802 1940 increpatio-

2211 1961 2299 2016 nis
2338 1961 2484 2016 visus
2509 1975 2627 2015 sum
2665 1961 2920 2016 adhibere
2954 1960 3232 2032 judicium,
3269 1970 3325 2015 et
3353 1961 3654 2031 increpatio
3690 1961 3804 2031 ipsa

2219 2051 2300 2104 eis
2329 2050 2577 2120 proﬁciat
2604 2050 2670 2104 ad
2697 2051 2946 2116 salutem,
2977 2058 3032 2105 et
3060 2052 3236 2106 oratio
3279 2050 3392 2106 haec
3429 2051 3803 2122 interpellans,

2215 2139 2504 2194 commisso
2536 2154 2630 2195 eos
2669 2149 2885 2194 revocet
2934 2141 3002 2195 ab
3041 2155 3246 2205 errore,
3278 2148 3338 2194 ut
3379 2156 3485 2195 non
3523 2139 3806 2210 perferant

2217 2240 2489 2288 tartareos
2507 2233 2811 2289 cruciatus:
2836 2233 3031 2304 quibus
3048 2241 3236 2304 utpote
3257 2231 3515 2287 mortales
3537 2229 3638 2304 [αι.
3662 2246 3807 2287 mor-

2223 2323 2370 2397 talis]
2399 2325 2729 2394 ptenitentiae
2765 2324 3057 2380 indiximus
3107 2324 3270 2396 leges,
3306 2336 3416 2393 quo
3449 2315 3805 2392 utrorumque

2224 2415 2582 2472 incommodis
2606 2431 2856 2487 parcens,
2881 2423 2936 2471 et
2957 2415 3169 2470 illorum
3194 2413 3571 2485 iniquitatibus
3597 2413 3804 2468 tribuas

2217 2505 2476 2572 veniam,
2536 2513 2592 2560 et
2625 2519 2803 2560 meam
2855 2505 3042 2560 abluas
3080 2513 3411 2559 contractam
3457 2505 3523 2560 de
3585 2503 3803 2575 regendi

2217 2595 2658 2652 incommoditate
2682 2595 2940 2652 olleusam
2969 2596 3138 2669 (621).
3173 2597 3388 2661 Praebe,
3418 2596 3585 2662 Deus,
3616 2611 3802 2651 aurem

2218 2687 2498 2745 sacrificiis
2526 2688 2743 2755 nostris,
2768 2704 2855 2744 me
2883 2690 3120 2759 mihique
3135 2689 3454 2744 commissos
3473 2688 3805 2743 tuisascribe

2220 2780 2274 2836 in
2297 2779 2528 2851 paginis,
2555 2794 2663 2848 quo
2693 2794 2815 2834 cum
2853 2794 3015 2851 grege
3046 2779 3178 2834 mihi
3213 2779 3418 2834 credito
3441 2787 3498 2834 et
3537 2794 3571 2832 a
3609 2789 3806 2835 cuncto

2221 2871 2374 2926 eluar
2399 2871 2648 2939 crimine,
2673 2879 2728 2927 et
2751 2872 2818 2926 ad
2845 2881 2895 2926 te
2916 2887 3127 2928 merear
3147 2872 3428 2942 pervenire
3449 2872 3501 2926 in
3521 2887 3678 2943 pace.
3705 2871 3809 2927 Pa-

2219 2971 2404 3018 catum
2434 2963 2619 3027 redde,
2642 2965 2802 3028 Deus,
2827 2972 3134 3019 nostrorum
3160 2963 3405 3019 cordium
3433 2963 3806 3018 habitaculum

2150 3039 2197 3104 C
2227 3053 2540 3124 expulsione
2575 3054 2873 3109 carnalium
2919 3054 3210 3121 vitiorum;
3257 3061 3312 3108 et
3353 3056 3444 3124 qui
3484 3055 3539 3109 in
3579 3054 3810 3109 subditis

2224 3159 2390 3200 conor
2411 3143 2522 3212 jam
2551 3159 2815 3199 summam
2840 3159 3096 3200 exercere
3132 3143 3198 3216 [f.
3243 3143 3491 3217 exerere]
3520 3143 3806 3210 virtutum,

2224 3233 2428 3302 pacatis
2451 3234 2711 3287 mentium
2733 3248 3127 3303 corporumque
3148 3234 3524 3300 incommodis,
3549 3234 3812 3303 paciﬁcus

2225 3339 2453 3389 merear,
2506 3332 2557 3378 te
2607 3324 2901 3394 judicante,
2952 3325 3202 3380 coronari
3251 3340 3374 3381 cum
3427 3325 3656 3396 angelis.
3703 3325 3812 3381 Fac

2225 3431 2372 3488 ergo,
2403 3430 2731 3485 qumsumus,
2771 3432 2868 3472 nos
2888 3417 2993 3489 pie,
3018 3417 3160 3474 Deus
3189 3418 3514 3490 aSpieientes
3544 3419 3720 3491 (622),
3752 3419 3809 3474 in

2226 3516 2517 3578 conspectu
2573 3517 2665 3563 tuo
2705 3507 3136 3565 llammescentes
3174 3519 3276 3564 tuae
3316 3509 3503 3580 gratia:
3548 3509 3716 3575 dono,
3753 3518 3816 3563 ut

2227 3599 2374 3654 zelus
2403 3608 2505 3652 tute
2529 3598 2721 3654 domus
2747 3614 2846 3654 nos
2869 3601 3137 3664 comedat,
3160 3607 3321 3669 atque
3343 3599 3414 3652 ita
3443 3612 3542 3668 per
3568 3599 3812 3670 vigorati

2226 3691 2400 3745 sancti
2427 3690 2648 3760 spiritus
2683 3699 2933 3762 regentes
2968 3692 3210 3747 subditos
3239 3699 3625 3762 temperemus,
3667 3699 3726 3745 ut
3759 3699 3817 3745 et

2227 3783 2523 3854 disciplinis
2548 3783 2716 3837 nostri
2740 3783 3017 3853 regiminis
3047 3784 3326 3839 obtineant
3349 3783 3583 3849 lucrum,
3607 3793 3664 3838 et
3691 3783 3812 3838 illo—

2228 3891 2348 3932 rum
2375 3877 2573 3930 duritia
2628 3874 2926 3947 frangatur,
2973 3891 3038 3931 ac
3087 3875 3198 3930 vita
3246 3875 3614 3931 sanctiﬁcetur
3641 3874 3812 3947 (623).

2230 3965 2480 4036 Suscipe,
2511 3966 2756 4030 Domine,
2805 3974 3051 4019 votorum
3103 3975 3412 4020 nostrorum
3447 3964 3730 4027 libamina,
3756 3972 3816 4018 ut

2229 4072 2328 4128 per
2355 4058 2493 4122 haec,
2523 4056 2780 4126 quidquid
2821 4055 2874 4110 in
2898 4056 3140 4112 subditos
3160 4055 3514 4111 correctionis
3539 4056 3706 4110 verbo
3734 4053 3816 4110 vel

2239 4149 2434 4203 merito
2482 4147 2841 4218 impertimur,
2877 4163 2986 4203 non
3017 4149 3083 4203 ad
3113 4147 3439 4204 discordiam
3486 4147 3685 4213 nostri,
3724 4145 3816 4201 sed

2234 4241 2299 4294 ad
2330 4250 2654 4312 perpetuum
2683 4240 2982 4296 dulcedinis
3001 4241 3253 4312 gaudium
3283 4240 3441 4295 nobis
3474 4248 3530 4294 et
3559 4239 3669 4293 illis
3689 4254 3815 4309 pro-

2233 4333 2426 4390 fecisse
2462 4333 2726 4388 laetemur.
2780 4332 3009 4388 Absolve
3063 4348 3180 4398 nos,
3220 4332 3391 4397 Deus,
3431 4339 3486 4386 et
3528 4331 3707 4386 alieno
3765 4338 3818 4384 et

549 4428 626 4482 ris
663 4427 718 4481 in
754 4429 1066 4496 praemium;
1090 4437 1146 4484 et
1167 4444 1301 4500 quos
1325 4429 1578 4499 intelligis
1602 4443 1698 4499 per
1727 4407 2116 4484 confeSsionem
2153 4407 2203 4466 D
2229 4440 2418 4488 nostro
2447 4430 2664 4496 delicto,
2690 4439 2753 4485 ut
2783 4430 2837 4484 in
2863 4438 3096 4501 utroque
3131 4427 3428 4500 spiritualis
3476 4427 3667 4498 gratia:
3703 4426 3816 4481 efﬁ-

546 4521 800 4588 miseros,
831 4537 938 4578 non
964 4522 1131 4580 facias
1161 4523 1216 4580 in
1246 4523 1642 4580 examinatione
1670 4521 1941 4579 confusos.

884 4653 892 4662 σ
1182 4629 1313 4670 ιτειι
1343 4630 1486 4670 ALIA.

621 4703 875 4770 Dimitte,
892 4703 1057 4771 Deus,
1079 4703 1336 4774 quidquid
1362 4717 1459 4773 per
1487 4703 1949 4772 intemperantiam
1978 4701 2124 4772 (619)

549 4797 820 4854 mordacis
839 4796 1029 4869 linguze
1044 4795 1243 4853 incauti
1269 4795 1364 4869 [αι.
1382 4795 1616 4869 incaute]
1633 4796 1744 4851 oris
1767 4795 1933 4850 nostri
1957 4795 2129 4850 incre-

578 5038 586 5048 .
621 4996 769 5068 (616)
801 4995 998 5053 Vocem
1022 4996 1402 5068 accipiendum,
1432 5010 1552 5066 qua:
1580 4996 1634 5051 in
1663 4995 1794 5052 edit.
1825 4995 2032 5059 deerat,
2059 5008 2128 5049 ex

552 5067 857 5138 apOgrapho
883 5067 1266 5137 supplevimus.

625 5135 880 5220 (617)”lta
919 5135 999 5193 ei
1033 5145 1220 5193 nostro
1247 5137 1554 5208 apographo
1578 5135 1848 5192 Lobiensi.
1881 5136 2017 5191 Male
2072 5135 2124 5190 in

554 5208 894 5320 vuiﬁihi‘z‘i‘;
935 5279 1124 5320 moli-Ic
1171 5280 1225 5320 in
1271 5275 1459 5320 pminm
1493 5278 1815 5320 nnnm-nnhrv
1875 5290 2032 5320 mmm
2069 5274 2120 5320 in

2227 4525 2477 4580 cientiam
2531 4524 2806 4594 capientes
2862 4523 3038 4595 («2.1),
3091 4520 3394 4578 liducialius
3450 4528 3542 4576 tuo
3607 4519 3811 4576 nomini

2233 4617 2618 4688 supplicemus.
2654 4616 2758 4672 Per
2785 4616 3073 4672 Dominum

2942 4721 3073 4762 ITEM

2303 4797 2535 4870 Impellit
2578 4800 2918 4856 ministrandi
2942 4798 3181 4856 ofﬁcium
3209 4797 3386 4854 hostia
3424 4795 3684 4854 salutaris
3714 4810 3810 4869 po.

2232 4997 2403 5052 nalem
2435 4996 2745 5061 Ratberius,
2773 4995 3051 5051 monachis
3080 5001 3310 5066 praeerat
3352 4992 3569 5066 cuidam
3590 4988 3816 5066 abbatis

2229 5069 2536 5138 praefectus,
2551 5083 2670 5136 quae
2694 5067 3000 5138 pertinebat
3026 5061 3098 5120 ad
3123 5063 3510 5138 monasterium
3527 5061 3812 5123 Lobiense,

2231 5135 2291 5193 ut
2311 5155 2376 5193 ex
2399 5135 2586 5193 eodem
2612 5135 2822 5207 dialogo
2846 5137 2894 5189 in
2927 5135 3035 5188 vita
3060 5135 3427 5207 probavimus.

2302 5209 2449 5278 (6‘21)
2488 5207 2666 5277 Vulg.,
2708 5198 3098 5278 contrectatam-1:
3137 5198 3814 5278 πτερωταὶ·-ξηεοηιιηοᾱὶιαιὲο

2231 5273 2500 5320 ηΙΓλιηςηὴι
2539 5273 2836 5320 Λιῖηστςδηιιί
2869 5275 3147 5320 lectionem
3179 5273 3528 5320 nrmlulimus.
