4032 5354
214 341 326 402 455

1141 335 1511 393 INVECTIVA
1549 334 1638 391 DE
1676 331 2066 391 TRANSLAT.
2108 331 2168 388 S.
2209 329 2584 389 METRONIS.

3382 333 3491 392 ιδι

215 456 434 514 tissime
459 452 716 510 amictum
737 449 1162 507 misericorditer
1183 451 1492 520 disponeret
1516 447 1610 503 Dei
1636 447 1807 518 pietas
1834 449 1884 508 Α
1913 459 2032 498 rum
2063 440 2350 497 medullam
2380 441 2469 495 vix
2497 437 2667 510 possit
2694 436 2849 494 labor
2893 436 3324 498 studiosissimus
3365 456 3492 513 per-

215 549 481 624 populum
515 545 713 620 (Exod.
761 561 860 611 xu,
891 544 1014 618 35);
1049 545 1190 600 inter
1218 553 1419 600 caetera
1449 542 1624 598 eidem
1672 556 1805 596 con-

212 641 470 717 gruentia
493 640 645 710 operi
670 637 942 710 praecepit,
967 646 1026 693 ut
1049 636 1294 692 abiturus
1313 634 1515 689 viritim
1541 633 1609 689 ab
1631 632 1808 688 amico

214 755 319 799 suo
364 739 596 810 quilibet
644 737 816 808 plebis
861 735 1100 806 ejusdem
1150 741 1423 789 mutuaret
1465 747 1592 786 vasa
1644 744 1808 784 aurea

214 843 386 904 atque
409 841 668 904 argentea
695 829 891 902 (Exod.
925 845 1000 892 ιι,
1026 828 1109 899 2),
1140 843 1268 898 quo,
1302 834 1361 880 ut
1389 823 1582 894 conjici
1619 823 1807 893 utique

214 926 386 991 valet,
412 942 546 996 gens
593 925 757 995 impia
788 922 1001 994 punicei
1033 922 1199 976 maris
1229 920 1516 992 profundo,
1547 915 1806 989 peculiari

217 1017 465 1074 ductoris
506 1016 810 1087 justissime
856 1015 938 1070 sui
982 1013 1321 1070 absorbenda
1367 1022 1541 1080 reatu,
1592 1011 1807 1081 indigne

217 1109 309 1165 diu
338 1107 609 1178 possessis
637 1117 691 1163 et
720 1108 912 1179 opibus
942 1105 1283 1177 Spoliaretur,
1315 1112 1370 1158 el.
1397 1102 1598 1158 deicola
1630 1101 1806 1155 Abra-

217 1201 565 1258 hamidarum
591 1200 876 1272 progenies
895 1199 1086 1255 ccelico
1113 1213 1333 1253 munere
1357 1194 1807 1252 ditaretur.‘Fne—

215 1292 289 1348 rit
313 1302 373 1348 at
401 1309 567 1350 musa
595 1292 903 1364 hujusmodi
943 1292 1096 1362 quasi
1132 1290 1428 1346 subsimilis
1468 1289 1584 1360 ejus
1632 1289 1803 1361 (651),

217 1383 510 1439 damnatur
557 1399 678 1454 quae
717 1383 839 1455 jure
887 1384 1126 1454 gentium
1175 1384 1402 1453 ubique,
1449 1382 1801 1452 deceptionis,

215 1475 496 1562 mysterii;
532 1476 577 1531 si
618 1475 994 1530 consideretur
1038 1487 1218 1530 tamen
1262 1475 1514 1530 humana:
1559 1474 1804 1544 impene-

218 1566 453 1631 trabilis,
482 1582 644 1636 quam
693 1567 969 1622 confundit
1019 1567 1182 1630 Deus,
1213 1567 1489 1638 sapientiae
1524 1568 1799 1637 opacitas;

216 1657 455 1710 maxima
479 1657 642 1712 isthic
659 1659 895 1713 occurrit
917 1658 1196 1728 sapientiae
1217 1667 1266 1712 et
1300 1658 1538 1713 scientiae
1569 1659 1658 1713 Dei
1690 1658 1806 1728 (cu-

211 1743 300 1816 jus
325 1745 670 1804 altitudinem
699 1749 884 1803 mirari
909 1767 1030 1805 cum
1062 1749 1314 1819 deiloquo
1340 1750 1594 1822 Apostoio
1622 1749 1797 1822 (Rom.

1908 535 2118 591 venire.
2149 533 2440 604 Superiore
2474 531 2638 602 igitur
2667 529 2807 585 mela
2856 529 2910 585 in
2943 531 3262 602 vertiginem
3308 534 3490 601 ducta,

1907 627 2214 683 subteriore
2245 625 2400 695 quasi
2446 624 2622 680 otiosa
2665 623 2895 696 mystico
2936 639 3037 679 nec
3065 625 3183 681 sine
3222 641 3382 682 sensu
3409 624 3495 696 ia-

1906 727 2086 784 cente,
2139 718 2446 773 hordeacea
2491 717 2592 772 hac
2639 717 2948 772 necessario
2977 716 3126 782 trita,
3171 732 3334 787 quam
3378 733 3493 790 prie

1908 814 2161 869 manibus
2208 811 2575 867 ventilandam
2628 810 2992 881 suscepimus,
3049 826 3259 866 summa
3308 809 3490 884 (655),

1906 913 2203 979 eademque
2233 910 2411 980 gustui
2435 909 2738 981 propinata,
2769 908 2908 978 sapit
2938 909 3138 964 mentis
3164 916 3365 964 nostra:
3393 924 3494 980 pa-

1907 1007 2037 1071 lato,
2068 1005 2362 1078 Egyptum
2408 1005 2666 1060 mundum
2700 1004 2754 1058 in
2801 1002 3040 1074 maligno
3071 1002 3325 1072 positum,
3352 1000 3493 1058 Pha-

1907 1113 2131 1153 raonem
2175 1095 2474 1166 principem
2520 1093 2704 1148 mundi
2743 1093 2985 1163 ejusdem
3021 1093 3256 1164 ﬁgurare
3305 1093 3494 1150 diabo—

1907 1187 2042 1256 lum,
2087 1186 2343 1258 populum
2393 1185 2505 1240 luto
2551 1193 2606 1240 et
2653 1183 2914 1241 lateribus
2960 1200 3299 1256 oppressum,
3347 1185 3491 1256 quod

1907 1285 2106 1340 missus
2155 1283 2392 1338 liberare
2436 1282 2717 1337 descendit
2747 1282 3038 1350 Dominus,
3070 1298 3239 1354 genus
3277 1283 3494 1355 signare

1907 1376 2225 1442 humanum,
2255 1391 2404 1430 mare
2434 1374 2676 1429 Rubrum
2705 1375 3033 1444 baptismum
3055 1391 3249 1430 cruore
3275 1375 3494 1446 sangui-

1907 1468 1992 1522 nis
2046 1468 2293 1531 tinctum,
2344 1465 2654 1521 submersus
2709 1473 2956 1535 peccata,
3007 1465 3266 1521 liberatos
3312 1465 3491 1536 bapti-

1908 1569 2079 1616 smate
2112 1560 2251 1615 lotos
2280 1569 2335 1614 et
2359 1559 2561 1614 Christi
2590 1558 2853 1629 sanguine
2883 1557 2947 1613 de
2977 1567 3149 1614 morte
3175 1559 3369 1639 anima;
3394 1573 3493 1629 per

1909 1649 2244 1706 Salvatorem
2297 1660 2544 1706 nostrum
2592 1649 2902 1720 redemptos
2954 1649 3198 1705 innuere.
3228 1649 3304 1705 De
3348 1649 3495 1704 vasis

1911 1746 2091 1798 aureis
2117 1753 2172 1798 ct
2210 1742 2482 1810 argenteis
2508 1757 2671 1797 suasu
2702 1739 3013 1796 liberatoris
3043 1739 3376 1796 mutuatione
3404 1739 3497 1794 de-

217 1851 292 1902 n,
319 1835 438 1908 35),
469 1853 633 1907 quam
664 1841 957 1906 discutere,
987 1857 1051 1896 ac
1080 1842 1478 1912 reprehendere
1505 1857 1626 1896 cum
1652 1857 1808 1896 vesa-
1836 1816 1882 1876 Β
1910 1836 2150 1907 ceptoria
2181 1834 2375 1890 furatis
2409 1835 2452 1890 si
2494 1836 2667 1890 oritur
2696 1834 2944 1905 quaestio,
2989 1844 3331 1900 ornamenta,
3364 1832 3498 1889 dici-

218 1927 447 1984 nissimo
479 1929 856 1984 haereticorum
904 1931 1166 2003 catalogo,
1210 1948 1398 1986 sanum
1439 1933 1691 1987 convenit
1721 1948 1807 1988 sa-

217 2020 511 2093 pientibus)
548 2023 850 2094 divinaeque
876 2025 1248 2095 dispositionis
1286 2026 1807 2096 incomprehensibi-

215 2110 358 2178 litas,
383 2128 482 2184 per
502 2130 598 2169 eos
628 2123 806 2170 tamen
833 2117 1088 2172 ventilata
1115 2127 1275 2188 atque
1305 2118 1457 2172 nobis
1483 2127 1801 2186 monstrata,

217 2208 412 2277 quibus
460 2208 820 2278 cophinorum
871 2210 1153 2266 duodecim
1203 2209 1628 2280 fragmentorum
1682 2210 1807 2266 reli—

217 2301 355 2371 quiis
391 2301 793 2371 implendorum
829 2303 953 2357 data
1003 2303 1197 2372 legitur
1243 2303 1539 2357 auctoritas
1584 2303 1801 2373 (Matth.

215 2408 328 2459 x1v,
357 2394 475 2465 20).
504 2393 675 2462 Hujus
709 2395 889 2465 itaque
918 2395 1578 2466 incomprehensibilitatis
1621 2393 1805 2448 multi-

216 2500 351 2554 gena
380 2486 639 2556 mysteria
668 2486 838 2557 (652),
862 2497 1122 2557 quantum
1150 2498 1349 2542 nostrae
1373 2488 1579 2540 inertiae
1602 2486 1806 2541 divisor

215 2577 306 2633 ille
351 2577 810 2633 clementissimus
857 2581 1158 2650 gratiarum
1205 2581 1382 2634 studio
1426 2581 1642 2650 proprie
1673 2579 1807 2650 adji-

217 2684 346 2724 cere
377 2671 630 2740 dignatur
659 2671 1039 2740 indagationis,
1071 2688 1195 2726 cum
1226 2671 1632 2725 consideramus
1661 2670 1806 2724 solli-

216 2761 341 2828 citi;
373 2763 639 2833 contingit
670 2762 829 2834 303
867 2763 1182 2833 smpissime,
1211 2764 1354 2834 quod
1390 2764 1618 2833 Sapiens
1649 2761 1804 2817 lateri

215 2872 318 2911 non
344 2857 563 2912 erubuit
611 2857 1049 2927 incomparabilis
1084 2858 1223 2914 illius
1257 2859 1515 2929 temporis
1557 2857 1808 2913 omnibus

217 2947 322 3012 ille,
362 2947 644 3019 Inquisivi,
696 2950 966 3020 inquiens,
1015 2952 1348 3020 sapientiam,
1400 2960 1448 3004 et
1492 2951 1609 3020 ipsa
1658 2947 1807 3018 longe

219 3039 355 3108 facta
382 3053 454 3094 est
486 3059 528 3099 α,
552 3058 632 3094 me
672 3040 898 3110 (Eccles.
927 3059 1024 3116 vn_,
1057 3042 1172 3114 24).
1206 3042 1315 3096 Nec
1340 3041 1555 3112 injuria.
1591 3043 1667 3097 De
1696 3041 1808 3110 pis-

219 3130 364 3186 cibus
391 3133 540 3185 enim
591 3132 734 3186 binis
782 3132 960 3204 (652³⁸)
991 3121 1300 3189 θ’11ιιειί1ιιιε
1326 3133 1522 3188 littoris
1565 3133 1806 3188 Zabulon

218 3230 269 3277 et
303 3221 634 3293 Nephtalim,
679 3223 956 3294 apostolici
1007 3226 1149 3295 quod
1184 3225 1440 3294 germinis
1471 3225 1806 3280 venerabiles

219 3315 540 3384 patriarcha:
570 3314 711 3372 forte
741 3326 868 3371 sunt
908 3317 1042 3387 jussi
1074 3317 1332 3382 incolere,
1364 3333 1466 3372 non
1507 3318 1622 3371 sine
1653 3316 1807 3371 labo-

219 3407 360 3463 rioso
386 3409 672 3480 acquisitis
701 3410 914 3480 ingenio
940 3413 1082 3481 (qnze
1122 3420 1175 3463 et
1206 3410 1410 3481 absque
1435 3410 1596 3465 dubio
1626 3410 1807 3464 omnia

220 3501 469 3571 quiddam
501 3501 778 3573 innnunt),
807 3512 863 3557 et
897 3504 1063 3570 quino
1092 3519 1289 3573 panum
1325 3519 1428 3557 non
1460 3503 1576 3558 sine
1607 3510 1808 3573 myste-

221 3590 301 3645 rio
346 3590 546 3646 iterum
594 3606 821 3647 numero
866 3592 920 3646 hi
953 3590 1273 3663 fragmentis
1304 3593 1501 3647 bisseni
1534 3591 1808 3662 adimpleti

219 3693 348 3739 sunt
377 3683 598 3754 cophini
633 3701 647 3738 :
677 3699 798 3754 quae
829 3683 872 3738 si
907 3693 1097 3739 ventre
1126 3684 1422 3738 recondere
1450 3682 1666 3738 libuerit
1697 3698 1809 3738 mc-

220 3779 428 3844 morize,
462 3787 521 3834 et
569 3779 972 3836 retractationis
1019 3778 1232 3835 rumine
1283 3779 1534 3835 subtilius
1585 3778 1809 3834 terenda

222 3871 521 3926 molaribus
558 3871 811 3936 reddere,
839 3871 1182 3942 experiemur
1207 3871 1430 3946 omnino
1460 3869 1808 3925 veracissime

221 3960 422 4015 dictum
480 3979 493 4015 :
553 3961 658 4027 Qui
709 3963 921 4032 apponit
971 3963 1262 4028 s:ientiam,
1320 3963 1531 4031 apponit
1577 3960 1808 4015 laborent

158 4068 161 4070 ·
223 4050 448 4122 (Eccles.
492 4069 532 4116 ι,
583 4052 694 4124 18).
727 4051 842 4106 Non
888 4061 1014 4107 sunt
1041 4054 1184 4109 enim
1238 4053 1472 4118 triticea,
1507 4063 1566 4109 ut
1615 4053 1810 4108 leviter

217 4143 435 4200 valeant
458 4145 704 4217 spoliari,
737 4146 830 4201 sed
859 4148 1126 4203 hordeaca
1156 4145 1338 4221 (Joan.
1368 4165 1441 4215 vt,
1475 4148 1554 4220 9),
1583 4148 1650 4204 ad
1675 4164 1804 4220 quo-

289 4342 442 4414 (651)
483 4341 740 4416 Syntaxis
765 4345 916 4401 valde
948 4345 1177 4416 implexa
1209 4347 1288 4402 sic
1329 4349 1690 4404 construenda
1721 4349 1808 4404 vi-

222 4413 398 4490 detur.
423 4413 494 4490 At
524 4413 686 4490 causa
716 4413 1281 4490 Itujusmodi'mysterii
1309 4419 1470 4484 fuerit
1501 4421 1652 4490 quasi
1679 4421 1805 4474 sub-

220 4485 410 4539 similis
437 4485 550 4561 ejus
577 4488 916 4554 deceptionis,
944 4505 1061 4558 qua:
1081 4485 1206 4558 jure
1232 4492 1460 4558 gentium
1490 4485 1677 4561 ubique
1706 4492 1808 4544 da-

1910 1944 2053 1994 mus,
2081 1936 2209 1982 sunt
2235 1937 2283 1981 et
2317 1926 2549 1996 phalerte
2575 1926 2916 1982 smcularium
2947 1926 3234 1991 librorum,
3265 1941 3406 1996 quae,
3438 1932 3498 1979 ut

1907 2021 2173 2083 videmus,
2201 2018 2423 2088 paganis
2462 2019 2679 2088 penitus
2723 2018 2937 2084 ablatae,
2964 2017 3017 2071 in
3047 2017 3137 2088 jus
3161 2025 3216 2072 et
3242 2024 3494 2072 ornatum

1903 2110 2016 2182 jam
2073 2111 2202 2167 olim
2260 2111 2616 2175 transierunt,
2663 2109 2881 2165 Christo
2935 2108 3225 2172 tribuente,
3276 2120 3500 2179 prorsus

1907 2204 2186 2260 Ecclesiae.
2217 2203 2484 2271 Quorsum
2523 2214 2700 2256 tamen
2731 2203 2874 2256 ista?
2900 2217 3064 2272 sagax
3111 2201 3411 2272 interrogat
3448 2199 3496 2256 si

1909 2295 2218 2364 requisitor.
2248 2293 2513 2348 Nimirum
2543 2302 2729 2347 nostro
2757 2302 2816 2346 ut
2861 2293 2947 2347 isti
2977 2293 3204 2363 tempori
3232 2307 3338 2347 non
3379 2292 3490 2348 dis-

1908 2386 2197 2442 convenire
2248 2385 2372 2440 illud
2427 2385 2694 2440 fateamur
2744 2384 2984 2453 Apostoli
3039 2401 3053 2438 :
3101 2382 3203 2438 Ubi
3247 2383 3498 2454 sapiens.’

1909 2477 1996 2530 ubi
2026 2476 2236 2530 scriba?
2264 2477 2350 2529 ubi
2397 2476 2550 2532 uerba
2582 2475 2710 2545 legis
2740 2475 3078 2545 ponderans?
3126 2473 3316 2530 Nonne
3359 2473 3496 2529 stul-

1909 2577 2018 2622 tam
2046 2569 2166 2637 fecit
2194 2567 2336 2622 Deus
2370 2567 2680 2638 sapientiam
2707 2567 2889 2620 mundi
2917 2565 2970 2638 (l
2999 2566 3120 2622 Cor.
3150 2582 3192 2634 ι,
3217 2565 3348 2641 ‘20)?
3374 2563 3496 2626 Jam

1909 2675 2105 2732 nempe

2062 2796 2171 2862 J_am
2193 2794 2610 2862 Caristh-Sephor
2638 2795 2788 2846 Josue
2812 2797 3129 2862 destruxerit
3149 2795 3296 2862 alter,

2068 2857 2132 2908 Et
2154 2873 2317 2907 muros
2341 2859 2540 2909 Jerucho
2562 2865 2891 2917 prosnaverat
2914 2859 3129 2910 funditus
3147 2857 3281 2919 arvo,

2064 2923 2278 2984 Compita
2314 2935 2404 2984 per
2426 2922 2593 2971 mundi
2613 2921 2931 2984 jubilautibus
2953 2925 3113 2971 omnia
3142 2923 3340 2972 sanctis.

1914 3047 1930 3080 τ
1984 3045 2038 3100 2.
2077 3046 2241 3119 304
2278 3048 2412 3102 Cum
2459 3063 2565 3102 non
2606 3048 2817 3103 minore
2850 3047 3052 3115 studio,
3079 3057 3295 3116 ornatu,
3325 3058 3491 3122 atque

1913 3137 2098 3209 lepore
2129 3138 2552 3209 historiographi
2584 3139 2754 3194 nostri
2781 3154 3003 3210 agones,
3029 3139 3121 3210 qui
3167 3154 3227 3194 se
3267 3153 3501 3210 praeces-

1911 3245 2118 3300 serant,
2155 3245 2481 3307 martyrum,
2509 3235 2699 3289 merita
2745 3233 3142 3300 confessorum,
3184 3232 3498 3288 caelibatum

1885 3335 1968 3399 _et
1995 3326 2383 3381 continentiam
2408 3327 2679 3396 virginum
2702 3341 2764 3381 ac
2788 3325 3095 3392 viduarum,
3122 3324 3499 3396 pmnilentiam

1911 3417 2222 3472 describere
2252 3417 2558 3487 gestiebant
2586 3432 3008 3482 conversurum;
3039 3432 3202 3486 quam
3235 3416 3496 3486 eloquen-

1911 3510 1998 3562 tia:
2029 3515 2310 3562 venustate
2336 3507 2630 3576 conspicui,
2656 3516 2961 3576 cunctoque
2992 3506 3190 3562 szeculo
3218 3505 3496 3576 prardicati

1911 3595 2216 3651 liberalium
2255 3597 2454 3650 artium
2497 3596 2570 3650 illi
2607 3596 2690 3651 vel
2731 3597 3066 3662 inventores,
3111 3595 3195 3650 vel
3227 3608 3498 3665 propaga-

1912 3698 2078 3756 tores,
2101 3705 2238 3760 quos
2281 3689 2511 3744 mendax
2541 3688 2763 3757 protulit
2797 3688 3137 3759 potissimum
3179 3687 3410 3755 Graecia,
3444 3695 3500 3744 et

1909 3783 2122 3854 poetica
2154 3781 2446 3853 garrulitas
2485 3795 2700 3851 seraper
2747 3780 2814 3836 de
2858 3779 3097 3836 falsitate
3143 3779 3366 3836 inﬂabat
3407 3795 3502 3836 or-

1910 3881 2058 3936 nata,
2082 3889 2208 3929 suos
2229 3872 2477 3928 laudibus
2499 3871 2758 3928 extollere
2786 3885 2892 3927 non
2917 3870 3200 3927 destiterat
3223 3871 3498 3942 quondam

1911 3963 2126 4018 heroas.
2155 3963 2307 4018 Nunc
2335 3979 2487 4028 vero,
2516 3963 2650 4033 proh
2680 3962 2885 4032 pudor!
2920 3963 3121 4017 nostris
3153 3961 3339 4033 utique
3368 3977 3498 4018 avo-

1911 4071 2140 4127 rumque
2170 4056 2499 4126 temporibus
2522 4064 2579 4110 ut
2605 4054 2875 4124 conjicere
2902 4067 3184 4124 cogamur,
3208 4068 3313 4108 non
3341 4052 3500 4125 longe

1911 4149 2055 4205 illius
2100 4150 2292 4205 abesse
2338 4148 2649 4215 adventum,
2699 4148 2766 4203 de
2813 4161 2920 4217 quo
2963 4153 3044 4202 est
3084 4146 3491 4218 prophetatum,

1911 4344 2022 4398 sine
2051 4341 2257 4412 ingenio
2289 4340 2550 4394 laborioso
2595 4356 2626 4412 e
2651 4338 2892 4412 ﬂuetibus
2929 4337 3121 4412 littoris
3163 4334 3403 4412 Zabulon
3426 4349 3499 4412 _et

1913 4408 2236 4480 Nephtalim,
2269 4412 2408 4482 quod
2440 4413 2575 4480 forte
2600 4408 2752 4482 jussi
2771 4417 2892 4482 sunt
2925 4408 3156 4482 incolere
3179 4409 3498 4482 patriarcha:

1911 4483 2224 4539 venerabiles
2250 4480 2497 4552 germinis
2531 4480 2974 4552 apostolicir(quw
3006 4480 3180 4552 omnia
3215 4490 3261 4534 et
3305 4481 3499 4552 absque

220 4549 474 4632 mnatur
493 4557 537 4612 si
563 4549 739 4632 tamen
757 4549 1127 4632 consideretur
1150 4549 1382 4628 opricitas
1411 4549 1682 4630 sapientia:
1707 4563 1805 4615 hu-

1910 4556 2066 4609 dubio
2117 4549 2340 4632 innuunt
2385 4549 2681 4623 quiddam),
2730 4561 2776 4632 et
2808 4549 3005 4632 iterum
3045 4549 3209 4632 (forte
3253 4549 3498 4632 Hemi-de

222 4640 392 4701 manu:
421 4627 850 4701 impenetrabilis,
878 4647 1035 4700 quam
1070 4627 1207 4701 Deus
1237 4627 1546 4701 confundit;
1575 4633 1806 4686 maaima

222 4694 374 4770 isthic
398 4694 624 4770 occurrit
652 4694 1243 4770 ineantpr'ehensibilitas
1269 4694 1538 4770 sapientim
1565 4711 1613 4756 et
1640 4706 1808 4758 scien-

223 4767 323 4844 ιὶτιξΔ
341 4767 455 4833 Dei,
485 4769 640 4844 cujus
669 4769 1001 4844 altitudinem
1030 4771 1218 4824 mirari
1247 4767 1365 4827 cum
1396 4773 1637 4844 deiloquo
1661 4777 1805 4842 Apu-

223 4837 356 4892 stolo
384 4842 619 4893 convenit
659 4841 976 4908 sapientibus
1018 4859 1228 4906 sanum,
1265 4860 1420 4908 quam
1457 4837 1717 4898 discutere
1743 4862 1806 4899 ac

225 4860 356 4892 1ιοιο
384 4860 619 4893 σοηυειιιι
659 4860 976 4908 sapientibus
1018 4860 1228 4906 sanum,
1303 4861 1420 4897 nam
1457 4860 1714 4898 utscutere
1743 4862 1806 4899 ac

225 4910 596 4984 reprehendere
619 4927 740 4964 cum
769 4913 1106 4984 vesanissimo
1146 4860 1384 4984 cata-7090
1416 4916 1808 4983 Ita'reticorum,

227 4990 273 5032 et
313 4982 537 5054 accurrit
573 4980 1166 5049 incomprehensibilitas
1195 4980 1550 5054 dispositionis
1592 4980 1800 5051 divina',

228 5051 471 5128 uentilata
492 5061 694 5115 tamen,
720 5062 873 5128 atque
896 5055 1042 5128 nobis
1059 5051 1354 5128 monstrata
1376 5073 1467 5128 per
1490 5073 1600 5128 eos,
1619 5058 1808 5128 quibus

229 5116 408 5200 legitur
436 5122 567 5200 data
599 5116 888 5200 auctoritas
916 5125 1258 5194 cophinorum
1284 5116 1559 5181 duodecim
1583 5116 1807 5200 implen-

227 5189 406 5263 ἀοι-ψη
452 5193 694 5262 reliquiis
733 5189 1165 5263 fragmentorum.

294 5261 439 5302 (RZ‘N
481 5261 754 5302 [Ἴηιιςιιιιιρ
785 5282 796 5294 -
821 5261 870 5302 'l‘.

863 5267 958 5302 inn:
993 5268 1166 5302 δΙηιηιο
1188 5267 1398 5302 ισΛΙῘῖι-ἶοῖ
1421 5271 1807 5302 ρηοηιὲληιυιωιηι

1912 4641 2126 4680 numero
2157 4625 2315 4694 quino
2343 4618 2538 4691 panum
2571 4618 2674 4675 non
2717 4621 2830 4694 sine
2875 4618 3175 4694 mysterio:
3204 4637 3323 4691 quae
3354 4618 3402 4674 si
3425 4618 3500 4674 li-

1911 4697 2079 4750 buerit
2110 4690 2386 4748 recondere
2414 4702 2585 4747 ventre
2608 4691 2898 4757 memoriae,
2929 4690 2976 4744 et
3007 4690 3222 4744 rumine
3242 4701 3499 4744 retracta-

1909 4767 2064 4820 tionis
2109 4765 2316 4819 libuerit
2360 4763 2575 4818 reddere
2623 4762 2871 4817 subtilius
2912 4761 3126 4815 terenda
3164 4760 3496 4829 molaribus;

1909 4836 2259 4906 experiemur,
2285 4845 2390 4890 etc.
2827 4905 2830 4906 ν
2975 4902 3003 4906 _
3359 4837 3366 4843 ’

1981 4902 2129 4980 (655)
2171 4909 2410 4980 Summa,
2441 4906 2608 4980 idest
2649 4905 2938 4980 quantitas.
2960 4902 3230 4980 _Construe
3261 4909 3440 4980 autem
3474 4917 3493 4956 :

1910 4973 2086 5047 Igitur
2110 4973 2377 5046 superiore
2406 4975 2546 5031 mola
2572 4973 2731 5029 due-ta
2758 4977 2813 5031 in
2843 4975 3165 5047 vertiginem,
3202 4973 3496 5047 subteriore

1911 5045 2052 5103 mola
2091 5048 2302 5120 jacente
2345 5049 2495 5120 quasi
2539 5049 2854 5120 otiosa_non
2900 5045 3011 5100 sine
3057 5045 3275 5112 mystica
3321 5058 3496 5109 sensu,

1910 5116 2116 5174 summa
2150 5120 2224 5190 (id
2257 5116 2673 5190 est'quantitas)
2707 5116 3021 5190 hordeacea,
3048 5130 3207 5183 quam
3236 5129 3342 5190 pra:
3381 5128 3502 5190 ma-

1911 5192 2064 5246 nibus
2113 5181 2431 5258 suscepimus
2479 5181 2856 5254 ventilandam,
2899 5185 3024 5258 trita
3060 5181 3362 5258 necessario
3399 5181 3502 5236 hac

1913 5261 2101 5302 lmninl
2155 5271 2202 5302 at
2231 5254 2410 5302 piulpm
2440 5260 2715 5302 nrnm'nnla
2751 5256 2947 5302 ηηςιηὶ-
2979 5254 3115 5302 sanit
3145 5255 3321 5302 tralato
3351 5267 3502 5302 men-
