  <div class='ocr_page' id='page_1' title='image "/cluster/home/n/w/nwhite01/storage/ocr_20150623/136/hvd.32044015471766/232.png"; bbox 0 0 4032 5354; ppageno 0'>
   <div class='ocr_carea' id='block_1_1' title="bbox 197 225 304 279">
    <p class='ocr_par' dir='ltr' id='par_1_1' title="bbox 197 225 304 279">
     <span class='ocr_line' id='line_1_1' title="bbox 197 225 304 279; baseline -0.028 0"><span class='ocrx_word' id='word_1_1' title='bbox 197 225 304 279; x_wconf 66' lang='lat'><strong>457</strong></span> 
     </span>
    </p>
   </div>
   <div class='ocr_carea' id='block_1_2' title="bbox 1125 212 2548 275">
    <p class='ocr_par' dir='ltr' id='par_1_2' title="bbox 1125 212 2548 275">
     <span class='ocr_line' id='line_1_2' title="bbox 1125 212 2548 275; baseline -0.005 -2"><span class='ocrx_word' id='word_1_2' title='bbox 1125 217 1490 275; x_wconf 63' lang='lat' dir='ltr'><strong>INVECTIVA</strong></span> <span class='ocrx_word' id='word_1_3' title='bbox 1538 217 1623 271; x_wconf 73' lang='lat' dir='ltr'><strong>Dl’i</strong></span> <span class='ocrx_word' id='word_1_4' title='bbox 1667 213 2035 268; x_wconf 69' lang='lat' dir='ltr'><strong>&#39;[RANSLAT</strong></span> <span class='ocrx_word' id='word_1_5' title='bbox 2079 213 2135 269; x_wconf 91' lang='lat' dir='ltr'><strong>S.</strong></span> <span class='ocrx_word' id='word_1_6' title='bbox 2179 212 2548 268; x_wconf 71' lang='lat' dir='ltr'><strong>METRONIS.</strong></span> 
     </span>
    </p>
   </div>
   <div class='ocr_carea' id='block_1_3' title="bbox 3372 216 3477 270">
    <p class='ocr_par' dir='ltr' id='par_1_3' title="bbox 3372 216 3477 270">
     <span class='ocr_line' id='line_1_3' title="bbox 3372 216 3477 270; baseline 0.01 -1"><span class='ocrx_word' id='word_1_7' title='bbox 3372 216 3477 270; x_wconf 56' lang='lat'><strong>‘58</strong></span> 
     </span>
    </p>
   </div>
   <div class='ocr_carea' id='block_1_4' title="bbox 198 325 3491 403">
    <p class='ocr_par' dir='ltr' id='par_1_4' title="bbox 198 325 3491 403">
     <span class='ocr_line' id='line_1_4' title="bbox 198 325 3491 403; baseline -0.002 -17"><span class='ocrx_word' id='word_1_8' title='bbox 198 329 697 403; x_wconf 60' lang='lat' dir='ltr'><strong>Seerm&#39;era</strong></span> <span class='ocrx_word' id='word_1_9' title='bbox 715 342 821 382; x_wconf 89' lang='lat' dir='ltr'><strong>non</strong></span> <span class='ocrx_word' id='word_1_10' title='bbox 853 329 1030 393; x_wconf 83' lang='lat' dir='ltr'><strong>do.cs;</strong></span> <span class='ocrx_word' id='word_1_11' title='bbox 1059 330 1151 382; x_wconf 85' lang='lat' dir='ltr'><strong>sed</strong></span> <span class='ocrx_word' id='word_1_12' title='bbox 1176 329 1358 383; x_wconf 91' lang='lat' dir='ltr'><strong>dolore</strong></span> <span class='ocrx_word' id='word_1_13' title='bbox 1389 338 1439 382; x_wconf 86' lang='lat' dir='ltr'><strong>te</strong></span> <span class='ocrx_word' id='word_1_14' title='bbox 1463 328 1529 382; x_wconf 90' lang='lat' dir='ltr'><strong>ad</strong></span> <span class='ocrx_word' id='word_1_15' title='bbox 1554 343 1808 397; x_wconf 86' lang='lat' dir='ltr'><strong>quorum-</strong></span> <span class='ocrx_word' id='word_1_16' title='bbox 1837 336 1885 393; x_wconf 74' lang='grc' dir='ltr'>Α</span> <span class='ocrx_word' id='word_1_17' title='bbox 1916 334 2116 396; x_wconf 87' lang='lat' dir='ltr'><strong>gasset,</strong></span> <span class='ocrx_word' id='word_1_18' title='bbox 2148 326 2305 397; x_wconf 81' lang='lat'><strong>307</strong></span> <span class='ocrx_word' id='word_1_19' title='bbox 2341 325 2491 393; x_wconf 86' lang='lat' dir='ltr'><strong>cujus</strong></span> <span class='ocrx_word' id='word_1_20' title='bbox 2521 325 2605 379; x_wconf 87' lang='lat' dir='ltr'><strong>ille</strong></span> <span class='ocrx_word' id='word_1_21' title='bbox 2647 326 2838 381; x_wconf 89' lang='lat' dir='ltr'><strong>beatus</strong></span> <span class='ocrx_word' id='word_1_22' title='bbox 2859 326 3021 382; x_wconf 82' lang='lat' dir='ltr'><strong>fuerit</strong></span> <span class='ocrx_word' id='word_1_23' title='bbox 3050 343 3165 383; x_wconf 60' lang='lat' dir='ltr'><strong>san.</strong></span> <span class='ocrx_word' id='word_1_24' title='bbox 3186 330 3374 393; x_wconf 81' lang='lat' dir='ltr'><strong>litatis,</strong></span> <span class='ocrx_word' id='word_1_25' title='bbox 3405 334 3491 387; x_wconf 64' lang='lat' dir='ltr'><strong>illo,</strong></span> 
     </span>
    </p>
   </div>
   <div class='ocr_carea' id='block_1_5' title="bbox 199 419 1801 495">
    <p class='ocr_par' dir='ltr' id='par_1_5' title="bbox 199 419 1801 495">
     <span class='ocr_line' id='line_1_5' title="bbox 199 419 1801 495; baseline -0.004 -15"><span class='ocrx_word' id='word_1_26' title='bbox 199 425 327 480; x_wconf 85' lang='lat' dir='ltr'><strong>dam</strong></span> <span class='ocrx_word' id='word_1_27' title='bbox 351 422 752 495; x_wconf 72' lang='lat' dir='ltr'><strong>sugillationem</strong></span> <span class='ocrx_word' id='word_1_28' title='bbox 795 419 1017 476; x_wconf 89' lang='lat' dir='ltr'><strong>subdola</strong></span> <span class='ocrx_word' id='word_1_29' title='bbox 1050 420 1224 491; x_wconf 84' lang='lat' dir='ltr'><strong>fingis.</strong></span> <span class='ocrx_word' id='word_1_30' title='bbox 1269 419 1401 472; x_wconf 81' lang='lat' dir='ltr'><strong>Nam</strong></span> <span class='ocrx_word' id='word_1_31' title='bbox 1465 421 1506 474; x_wconf 87' lang='lat' dir='ltr'><strong>si</strong></span> <span class='ocrx_word' id='word_1_32' title='bbox 1540 420 1801 473; x_wconf 92' lang='lat' dir='ltr'><strong>veraciter</strong></span> 
     </span>
    </p>
   </div>
   <div class='ocr_carea' id='block_1_6' title="bbox 206 513 1805 584">
    <p class='ocr_par' dir='ltr' id='par_1_6' title="bbox 206 513 1805 584">
     <span class='ocr_line' id='line_1_6' title="bbox 206 513 1805 584; baseline -0.001 -14"><span class='ocrx_word' id='word_1_33' title='bbox 206 517 449 571; x_wconf 83' lang='lat' dir='ltr'><strong>amissos</strong></span> <span class='ocrx_word' id='word_1_34' title='bbox 469 515 703 579; x_wconf 85' lang='lat' dir='ltr'><strong>doleres,</strong></span> <span class='ocrx_word' id='word_1_35' title='bbox 732 513 951 569; x_wconf 87' lang='lat' dir='ltr'><strong>relictos</strong></span> <span class='ocrx_word' id='word_1_36' title='bbox 974 514 1251 569; x_wconf 88' lang='lat' dir='ltr'><strong>devotiore</strong></span> <span class='ocrx_word' id='word_1_37' title='bbox 1272 513 1417 569; x_wconf 83' lang='lat' dir='ltr'><strong>cultu</strong></span> <span class='ocrx_word' id='word_1_38' title='bbox 1452 523 1615 584; x_wconf 90' lang='lat' dir='ltr'><strong>atque</strong></span> <span class='ocrx_word' id='word_1_39' title='bbox 1643 514 1805 569; x_wconf 87' lang='lat' dir='ltr'><strong>obse-</strong></span> 
     </span>
    </p>
   </div>
   <div class='ocr_carea' id='block_1_7' title="bbox 203 608 761 679">
    <p class='ocr_par' dir='ltr' id='par_1_7' title="bbox 203 608 761 679">
     <span class='ocr_line' id='line_1_7' title="bbox 203 608 761 679; baseline -0.004 -17"><span class='ocrx_word' id='word_1_40' title='bbox 203 608 338 679; x_wconf 91' lang='lat' dir='ltr'><strong>quio</strong></span> <span class='ocrx_word' id='word_1_41' title='bbox 362 608 761 678; x_wconf 87' lang='lat' dir='ltr'><strong>frequentares.</strong></span> 
     </span>
    </p>
   </div>
   <div class='ocr_carea' id='block_1_8' title="bbox 274 695 1803 767">
    <p class='ocr_par' dir='ltr' id='par_1_8' title="bbox 274 695 1803 767">
     <span class='ocr_line' id='line_1_8' title="bbox 274 695 1803 767; baseline -0.001 -15"><span class='ocrx_word' id='word_1_42' title='bbox 274 698 331 752; x_wconf 72' lang='grc'><strong>4.</strong></span> <span class='ocrx_word' id='word_1_43' title='bbox 368 696 513 753; x_wconf 82' lang='lat' dir='ltr'><strong>Vere</strong></span> <span class='ocrx_word' id='word_1_44' title='bbox 538 706 741 763; x_wconf 87' lang='lat' dir='ltr'><strong>tamen,</strong></span> <span class='ocrx_word' id='word_1_45' title='bbox 772 713 1083 767; x_wconf 82' lang='lat' dir='ltr'><strong>quanquam</strong></span> <span class='ocrx_word' id='word_1_46' title='bbox 1131 695 1394 751; x_wconf 87' lang='lat' dir='ltr'><strong>invidiose</strong></span> <span class='ocrx_word' id='word_1_47' title='bbox 1427 696 1519 752; x_wconf 91' lang='lat' dir='ltr'><strong>tibi</strong></span> <span class='ocrx_word' id='word_1_48' title='bbox 1554 695 1803 766; x_wconf 67' lang='lat' dir='ltr'><strong>prmlatos</strong></span> 
     </span>
    </p>
   </div>
   <div class='ocr_carea' id='block_1_9' title="bbox 196 788 1802 859">
    <p class='ocr_par' dir='ltr' id='par_1_9' title="bbox 196 788 1802 859">
     <span class='ocr_line' id='line_1_9' title="bbox 196 788 1802 859; baseline -0.002 -16"><span class='ocrx_word' id='word_1_49' title='bbox 196 790 390 845; x_wconf 75' lang='lat' dir='ltr'><strong>valeas</strong></span> <span class='ocrx_word' id='word_1_50' title='bbox 422 788 787 859; x_wconf 83' lang='lat' dir='ltr'><strong>obloquendo,</strong></span> <span class='ocrx_word' id='word_1_51' title='bbox 820 797 877 843; x_wconf 89' lang='lat' dir='ltr'><strong>ut</strong></span> <span class='ocrx_word' id='word_1_52' title='bbox 905 790 1140 852; x_wconf 91' lang='lat' dir='ltr'><strong>conaris,</strong></span> <span class='ocrx_word' id='word_1_53' title='bbox 1176 788 1609 859; x_wconf 84' lang='lat' dir='ltr'><strong>reprehendere,</strong></span> <span class='ocrx_word' id='word_1_54' title='bbox 1640 796 1691 842; x_wconf 91' lang='lat' dir='ltr'><strong>te</strong></span> <span class='ocrx_word' id='word_1_55' title='bbox 1718 794 1802 841; x_wconf 89' lang='lat' dir='ltr'><strong>ta-</strong></span> 
     </span>
    </p>
   </div>
   <div class='ocr_carea' id='block_1_10' title="bbox 197 879 1800 953">
    <p class='ocr_par' dir='ltr' id='par_1_10' title="bbox 197 879 1800 953">
     <span class='ocr_line' id='line_1_10' title="bbox 197 879 1800 953; baseline -0.002 -17"><span class='ocrx_word' id='word_1_56' title='bbox 197 897 328 937; x_wconf 82' lang='lat' dir='ltr'><strong>men</strong></span> <span class='ocrx_word' id='word_1_57' title='bbox 366 879 656 945; x_wconf 87' lang='lat' dir='ltr'><strong>meliores,</strong></span> <span class='ocrx_word' id='word_1_58' title='bbox 708 880 927 948; x_wconf 86' lang='lat' dir='ltr'><strong>suadeo,</strong></span> <span class='ocrx_word' id='word_1_59' title='bbox 982 881 1190 953; x_wconf 82' lang='lat' dir='ltr'><strong>cogites</strong></span> <span class='ocrx_word' id='word_1_60' title='bbox 1247 881 1470 936; x_wconf 90' lang='lat' dir='ltr'><strong>minime</strong></span> <span class='ocrx_word' id='word_1_61' title='bbox 1518 879 1800 935; x_wconf 88' lang='lat' dir='ltr'><strong>meruisse.</strong></span> 
     </span>
    </p>
   </div>
   <div class='ocr_carea' id='block_1_11' title="bbox 202 970 1792 1042">
    <p class='ocr_par' dir='ltr' id='par_1_11' title="bbox 202 970 1792 1042">
     <span class='ocr_line' id='line_1_11' title="bbox 202 970 1792 1042; baseline -0.002 -17"><span class='ocrx_word' id='word_1_62' title='bbox 202 970 423 1027; x_wconf 90' lang='lat' dir='ltr'><strong>Dictum</strong></span> <span class='ocrx_word' id='word_1_63' title='bbox 455 971 602 1025; x_wconf 89' lang='lat' dir='ltr'><strong>enim</strong></span> <span class='ocrx_word' id='word_1_64' title='bbox 650 970 715 1025; x_wconf 90' lang='lat' dir='ltr'><strong>de</strong></span> <span class='ocrx_word' id='word_1_65' title='bbox 748 971 856 1025; x_wconf 87' lang='lat' dir='ltr'><strong>Deo</strong></span> <span class='ocrx_word' id='word_1_66' title='bbox 880 970 1074 1042; x_wconf 87' lang='lat' dir='ltr'><strong>legitur</strong></span> <span class='ocrx_word' id='word_1_67' title='bbox 1110 971 1480 1034; x_wconf 80' lang='lat' dir='ltr'><strong>veracissime,</strong></span> <span class='ocrx_word' id='word_1_68' title='bbox 1523 970 1664 1040; x_wconf 90' lang='lat' dir='ltr'><strong>quod</strong></span> <span class='ocrx_word' id='word_1_69' title='bbox 1709 986 1792 1023; x_wconf 82' lang='lat' dir='ltr'><strong>re-</strong></span> 
     </span>
    </p>
   </div>
   <div class='ocr_carea' id='block_1_12' title="bbox 201 1059 1802 1132">
    <p class='ocr_par' dir='ltr' id='par_1_12' title="bbox 201 1059 1802 1132">
     <span class='ocr_line' id='line_1_12' title="bbox 201 1059 1802 1132; baseline 0.001 -19"><span class='ocrx_word' id='word_1_70' title='bbox 201 1076 367 1130; x_wconf 85' lang='lat' dir='ltr'><strong>gnare</strong></span> <span class='ocrx_word' id='word_1_71' title='bbox 396 1059 565 1129; x_wconf 76' lang='lat' dir='ltr'><strong>faciat</strong></span> <span class='ocrx_word' id='word_1_72' title='bbox 594 1059 917 1130; x_wconf 82' lang='lat' dir='ltr'><strong>hypocritam</strong></span> <span class='ocrx_word' id='word_1_73' title='bbox 942 1070 1153 1131; x_wconf 67' lang='lat' dir='ltr'><strong>promer</strong></span> <span class='ocrx_word' id='word_1_74' title='bbox 1207 1069 1420 1130; x_wconf 85' lang='lat' dir='ltr'><strong>peccata</strong></span> <span class='ocrx_word' id='word_1_75' title='bbox 1458 1060 1637 1130; x_wconf 82' lang='lat' dir='ltr'><strong>populi</strong></span> <span class='ocrx_word' id='word_1_76' title='bbox 1681 1060 1802 1132; x_wconf 86' lang='lat' dir='ltr'><strong>(Job</strong></span> 
     </span>
    </p>
   </div>
   <div class='ocr_carea' id='block_1_13' title="bbox 204 1150 1805 1223">
    <p class='ocr_par' dir='ltr' id='par_1_13' title="bbox 204 1150 1805 1223">
     <span class='ocr_line' id='line_1_13' title="bbox 204 1150 1805 1223; baseline -0.001 -16"><span class='ocrx_word' id='word_1_77' title='bbox 204 1168 396 1217; x_wconf 74' lang='lat' dir='ltr'><strong>xxxrv,</strong></span> <span class='ocrx_word' id='word_1_78' title='bbox 429 1151 545 1222; x_wconf 81' lang='grc'><strong>50).</strong></span> <span class='ocrx_word' id='word_1_79' title='bbox 571 1151 796 1223; x_wconf 82' lang='lat' dir='ltr'><strong>Ipseque</strong></span> <span class='ocrx_word' id='word_1_80' title='bbox 831 1152 896 1207; x_wconf 88' lang='lat' dir='ltr'><strong>de</strong></span> <span class='ocrx_word' id='word_1_81' title='bbox 921 1166 979 1207; x_wconf 90' lang='lat' dir='ltr'><strong>se</strong></span> <span class='ocrx_word' id='word_1_82' title='bbox 1013 1169 1026 1205; x_wconf 91' lang='lat'>:</span> <span class='ocrx_word' id='word_1_83' title='bbox 1057 1150 1207 1205; x_wconf 86' lang='lat' dir='ltr'><strong>Dabo</strong></span> <span class='ocrx_word' id='word_1_84' title='bbox 1228 1194 1243 1219; x_wconf 95' lang='lat'><strong>,</strong></span> <span class='ocrx_word' id='word_1_85' title='bbox 1270 1151 1462 1222; x_wconf 85' lang='lat' dir='ltr'><strong>inquit,</strong></span> <span class='ocrx_word' id='word_1_86' title='bbox 1490 1154 1562 1205; x_wconf 82' lang='lat' dir='ltr'><strong>eis</strong></span> <span class='ocrx_word' id='word_1_87' title='bbox 1587 1168 1729 1223; x_wconf 84' lang='lat' dir='ltr'><strong>reges</strong></span> <span class='ocrx_word' id='word_1_88' title='bbox 1750 1153 1805 1206; x_wconf 87' lang='lat' dir='ltr'><strong>in</strong></span> 
     </span>
    </p>
   </div>
   <div class='ocr_carea' id='block_1_14' title="bbox 204 1242 1804 1314">
    <p class='ocr_par' dir='ltr' id='par_1_14' title="bbox 204 1242 1804 1314">
     <span class='ocr_line' id='line_1_14' title="bbox 204 1242 1804 1314; baseline 0.001 -17"><span class='ocrx_word' id='word_1_89' title='bbox 204 1242 389 1314; x_wconf 74' lang='lat' dir='ltr'><strong>furore</strong></span> <span class='ocrx_word' id='word_1_90' title='bbox 416 1260 556 1309; x_wconf 69' lang='lat' dir='ltr'><strong>meo,</strong></span> <span class='ocrx_word' id='word_1_91' title='bbox 584 1253 633 1298; x_wconf 85' lang='lat' dir='ltr'><strong>et</strong></span> <span class='ocrx_word' id='word_1_92' title='bbox 678 1243 733 1299; x_wconf 87' lang='lat' dir='ltr'><strong>in</strong></span> <span class='ocrx_word' id='word_1_93' title='bbox 758 1244 842 1297; x_wconf 89' lang='lat' dir='ltr'><strong>ira</strong></span> <span class='ocrx_word' id='word_1_94' title='bbox 882 1260 997 1297; x_wconf 85' lang='lat' dir='ltr'><strong>mea</strong></span> <span class='ocrx_word' id='word_1_95' title='bbox 1049 1242 1197 1312; x_wconf 87' lang='lat' dir='ltr'><strong>(Ose.</strong></span> <span class='ocrx_word' id='word_1_96' title='bbox 1226 1258 1341 1307; x_wconf 77' lang='lat' dir='ltr'><strong>xm,</strong></span> <span class='ocrx_word' id='word_1_97' title='bbox 1376 1242 1462 1313; x_wconf 83' lang='lat' dir='ltr'><strong>ll)</strong></span> <span class='ocrx_word' id='word_1_98' title='bbox 1501 1257 1516 1296; x_wconf 90' lang='lat'><strong>:</strong></span> <span class='ocrx_word' id='word_1_99' title='bbox 1564 1252 1622 1297; x_wconf 95' lang='lat' dir='ltr'><strong>ut</strong></span> <span class='ocrx_word' id='word_1_100' title='bbox 1650 1257 1804 1313; x_wconf 82' lang='lat' dir='ltr'><strong>reges</strong></span> 
     </span>
    </p>
   </div>
   <div class='ocr_carea' id='block_1_15' title="bbox 204 1331 1806 1404">
    <p class='ocr_par' dir='ltr' id='par_1_15' title="bbox 204 1331 1806 1404">
     <span class='ocr_line' id='line_1_15' title="bbox 204 1331 1806 1404; baseline -0.002 -15"><span class='ocrx_word' id='word_1_101' title='bbox 204 1350 313 1389; x_wconf 89' lang='lat' dir='ltr'><strong>non</strong></span> <span class='ocrx_word' id='word_1_102' title='bbox 347 1349 446 1389; x_wconf 88' lang='lat' dir='ltr'><strong>eos</strong></span> <span class='ocrx_word' id='word_1_103' title='bbox 481 1334 676 1399; x_wconf 89' lang='lat' dir='ltr'><strong>solum,</strong></span> <span class='ocrx_word' id='word_1_104' title='bbox 710 1334 801 1404; x_wconf 91' lang='lat' dir='ltr'><strong>qui</strong></span> <span class='ocrx_word' id='word_1_105' title='bbox 830 1333 903 1387; x_wconf 90' lang='lat' dir='ltr'><strong>ita</strong></span> <span class='ocrx_word' id='word_1_106' title='bbox 952 1331 1468 1389; x_wconf 91' lang='lat' dir='ltr'><strong>consuetudinaliter</strong></span> <span class='ocrx_word' id='word_1_107' title='bbox 1493 1348 1806 1403; x_wconf 87' lang='lat' dir='ltr'><strong>nuncupan-</strong></span> 
     </span>
    </p>
   </div>
   <div class='ocr_carea' id='block_1_16' title="bbox 206 1422 1804 1494">
    <p class='ocr_par' dir='ltr' id='par_1_16' title="bbox 206 1422 1804 1494">
     <span class='ocr_line' id='line_1_16' title="bbox 206 1422 1804 1494; baseline -0.002 -15"><span class='ocrx_word' id='word_1_108' title='bbox 206 1426 376 1480; x_wconf 88' lang='lat' dir='ltr'><strong>turin</strong></span> <span class='ocrx_word' id='word_1_109' title='bbox 412 1424 632 1490; x_wconf 70' lang='lat' dir='ltr'><strong>sarculo,</strong></span> <span class='ocrx_word' id='word_1_110' title='bbox 662 1424 756 1479; x_wconf 82' lang='lat' dir='ltr'><strong>sed</strong></span> <span class='ocrx_word' id='word_1_111' title='bbox 804 1433 854 1479; x_wconf 90' lang='lat' dir='ltr'><strong>et</strong></span> <span class='ocrx_word' id='word_1_112' title='bbox 900 1433 1125 1479; x_wconf 91' lang='lat' dir='ltr'><strong>cunctos</strong></span> <span class='ocrx_word' id='word_1_113' title='bbox 1178 1423 1444 1494; x_wconf 79' lang='lat' dir='ltr'><strong>intelligas</strong></span> <span class='ocrx_word' id='word_1_114' title='bbox 1488 1422 1804 1492; x_wconf 87' lang='lat' dir='ltr'><strong>quolibetin</strong></span> 
     </span>
    </p>
   </div>
   <div class='ocr_carea' id='block_1_17' title="bbox 203 1514 1802 1586">
    <p class='ocr_par' dir='ltr' id='par_1_17' title="bbox 203 1514 1802 1586">
     <span class='ocr_line' id='line_1_17' title="bbox 203 1514 1802 1586; baseline -0.001 -17"><span class='ocrx_word' id='word_1_115' title='bbox 203 1516 398 1570; x_wconf 84' lang='lat' dir='ltr'><strong>ordine</strong></span> <span class='ocrx_word' id='word_1_116' title='bbox 428 1515 640 1571; x_wconf 62' lang='lat' dir='ltr'><strong>caeteris</strong></span> <span class='ocrx_word' id='word_1_117' title='bbox 676 1515 741 1569; x_wconf 90' lang='lat' dir='ltr'><strong>ad</strong></span> <span class='ocrx_word' id='word_1_118' title='bbox 771 1515 1176 1586; x_wconf 82' lang='lat' dir='ltr'><strong>gubernandum</strong></span> <span class='ocrx_word' id='word_1_119' title='bbox 1206 1515 1477 1584; x_wconf 75' lang='lat' dir='ltr'><strong>przclatos.</strong></span> <span class='ocrx_word' id='word_1_120' title='bbox 1506 1514 1802 1586; x_wconf 85' lang='lat' dir='ltr'><strong>Martyrcm</strong></span> 
     </span>
    </p>
   </div>
   <div class='ocr_carea' id='block_1_18' title="bbox 205 1606 1805 1680">
    <p class='ocr_par' dir='ltr' id='par_1_18' title="bbox 205 1606 1805 1680">
     <span class='ocr_line' id='line_1_18' title="bbox 205 1606 1805 1680; baseline -0.001 -17"><span class='ocrx_word' id='word_1_121' title='bbox 205 1624 341 1665; x_wconf 86' lang='lat' dir='ltr'><strong>sane</strong></span> <span class='ocrx_word' id='word_1_122' title='bbox 370 1618 522 1664; x_wconf 91' lang='lat' dir='ltr'><strong>tuum</strong></span> <span class='ocrx_word' id='word_1_123' title='bbox 548 1609 593 1665; x_wconf 92' lang='lat' dir='ltr'><strong>si</strong></span> <span class='ocrx_word' id='word_1_124' title='bbox 628 1619 906 1680; x_wconf 88' lang='lat' dir='ltr'><strong>tantopere</strong></span> <span class='ocrx_word' id='word_1_125' title='bbox 952 1608 1234 1679; x_wconf 81' lang='lat' dir='ltr'><strong>diligebas,</strong></span> <span class='ocrx_word' id='word_1_126' title='bbox 1262 1617 1335 1677; x_wconf 6' lang='lat' dir='ltr'><strong>(ut</strong></span> <span class='ocrx_word' id='word_1_127' title='bbox 1374 1607 1502 1677; x_wconf 90' lang='lat' dir='ltr'><strong>quid</strong></span> <span class='ocrx_word' id='word_1_128' title='bbox 1530 1616 1636 1660; x_wconf 90' lang='lat' dir='ltr'><strong>tam</strong></span> <span class='ocrx_word' id='word_1_129' title='bbox 1666 1606 1805 1662; x_wconf 85' lang='lat' dir='ltr'><strong>male</strong></span> 
     </span>
    </p>
   </div>
   <div class='ocr_carea' id='block_1_19' title="bbox 1910 418 3487 489">
    <p class='ocr_par' dir='ltr' id='par_1_19' title="bbox 1910 418 3487 489">
     <span class='ocr_line' id='line_1_19' title="bbox 1910 418 3487 489; baseline 0.005 -18"><span class='ocrx_word' id='word_1_130' title='bbox 1910 434 2015 474; x_wconf 86' lang='lat' dir='ltr'><strong>non</strong></span> <span class='ocrx_word' id='word_1_131' title='bbox 2044 419 2108 472; x_wconf 90' lang='lat' dir='ltr'><strong>ad</strong></span> <span class='ocrx_word' id='word_1_132' title='bbox 2132 419 2326 472; x_wconf 88' lang='lat' dir='ltr'><strong>librum</strong></span> <span class='ocrx_word' id='word_1_133' title='bbox 2359 434 2416 472; x_wconf 85' lang='lat' dir='ltr'><strong>se</strong></span> <span class='ocrx_word' id='word_1_134' title='bbox 2446 418 2671 472; x_wconf 91' lang='lat' dir='ltr'><strong>contulit</strong></span> <span class='ocrx_word' id='word_1_135' title='bbox 2698 428 2971 489; x_wconf 81' lang='lat' dir='ltr'><strong>gestorum</strong></span> <span class='ocrx_word' id='word_1_136' title='bbox 2998 420 3139 475; x_wconf 91' lang='lat' dir='ltr'><strong>illius</strong></span> <span class='ocrx_word' id='word_1_137' title='bbox 3174 424 3351 477; x_wconf 87' lang='lat' dir='ltr'><strong>studio</strong></span> <span class='ocrx_word' id='word_1_138' title='bbox 3386 426 3487 479; x_wconf 83' lang='lat' dir='ltr'><strong>ali-</strong></span> 
     </span>
    </p>
   </div>
   <div class='ocr_carea' id='block_1_20' title="bbox 1909 508 3497 578">
    <p class='ocr_par' dir='ltr' id='par_1_20' title="bbox 1909 508 3497 578">
     <span class='ocr_line' id='line_1_20' title="bbox 1909 508 3497 578; baseline 0.004 -13"><span class='ocrx_word' id='word_1_139' title='bbox 1909 508 2062 578; x_wconf 85' lang='lat' dir='ltr'><strong>cujus</strong></span> <span class='ocrx_word' id='word_1_140' title='bbox 2089 520 2301 564; x_wconf 87' lang='lat' dir='ltr'><strong>tuorum</strong></span> <span class='ocrx_word' id='word_1_141' title='bbox 2325 510 2603 574; x_wconf 84' lang='lat' dir='ltr'><strong>dictatum,</strong></span> <span class='ocrx_word' id='word_1_142' title='bbox 2632 511 2723 564; x_wconf 89' lang='lat' dir='ltr'><strong>sed</strong></span> <span class='ocrx_word' id='word_1_143' title='bbox 2769 509 2835 563; x_wconf 82' lang='lat' dir='ltr'><strong>ad</strong></span> <span class='ocrx_word' id='word_1_144' title='bbox 2880 510 3077 566; x_wconf 81' lang='lat' dir='ltr'><strong>famam</strong></span> <span class='ocrx_word' id='word_1_145' title='bbox 3119 514 3410 570; x_wconf 75' lang='lat' dir='ltr'><strong>veridicam</strong></span> <span class='ocrx_word' id='word_1_146' title='bbox 3438 516 3497 571; x_wconf 80' lang='lat' dir='ltr'><strong>il-</strong></span> 
     </span>
    </p>
   </div>
   <div class='ocr_carea' id='block_1_21' title="bbox 1907 598 3495 671">
    <p class='ocr_par' dir='ltr' id='par_1_21' title="bbox 1907 598 3495 671">
     <span class='ocr_line' id='line_1_21' title="bbox 1907 598 3495 671; baseline 0.004 -18"><span class='ocrx_word' id='word_1_147' title='bbox 1907 598 2105 663; x_wconf 92' lang='lat' dir='ltr'><strong>lorum,</strong></span> <span class='ocrx_word' id='word_1_148' title='bbox 2129 601 2220 669; x_wconf 89' lang='lat' dir='ltr'><strong>qui</strong></span> <span class='ocrx_word' id='word_1_149' title='bbox 2249 616 2369 654; x_wconf 90' lang='lat' dir='ltr'><strong>cum</strong></span> <span class='ocrx_word' id='word_1_150' title='bbox 2405 600 2690 654; x_wconf 82' lang='lat' dir='ltr'><strong>Psalmista</strong></span> <span class='ocrx_word' id='word_1_151' title='bbox 2734 600 2986 656; x_wconf 85' lang='lat' dir='ltr'><strong>valebant</strong></span> <span class='ocrx_word' id='word_1_152' title='bbox 3030 611 3253 657; x_wconf 90' lang='lat' dir='ltr'><strong>cantare</strong></span> <span class='ocrx_word' id='word_1_153' title='bbox 3283 622 3295 656; x_wconf 87' lang='lat'><strong>:</strong></span> <span class='ocrx_word' id='word_1_154' title='bbox 3332 605 3495 671; x_wconf 83' lang='lat' dir='ltr'><strong>Deus,</strong></span> 
     </span>
    </p>
   </div>
   <div class='ocr_carea' id='block_1_22' title="bbox 1907 692 3493 762">
    <p class='ocr_par' dir='ltr' id='par_1_22' title="bbox 1907 692 3493 762">
     <span class='ocr_line' id='line_1_22' title="bbox 1907 692 3493 762; baseline 0.006 -20"><span class='ocrx_word' id='word_1_155' title='bbox 1907 692 2125 746; x_wconf 76' lang='lat' dir='ltr'><strong>auribus</strong></span> <span class='ocrx_word' id='word_1_156' title='bbox 2163 694 2355 747; x_wconf 81' lang='lat' dir='ltr'><strong>nostris</strong></span> <span class='ocrx_word' id='word_1_157' title='bbox 2376 693 2701 756; x_wconf 79' lang='lat' dir='ltr'><strong>audivimus,</strong></span> <span class='ocrx_word' id='word_1_158' title='bbox 2732 703 2907 762; x_wconf 84' lang='lat' dir='ltr'><strong>patres</strong></span> <span class='ocrx_word' id='word_1_159' title='bbox 2950 696 3110 749; x_wconf 86' lang='lat' dir='ltr'><strong>nostri</strong></span> <span class='ocrx_word' id='word_1_160' title='bbox 3145 697 3493 751; x_wconf 85' lang='lat' dir='ltr'><strong>annuntiare-</strong></span> 
     </span>
    </p>
   </div>
   <div class='ocr_carea' id='block_1_23' title="bbox 1909 780 3492 853">
    <p class='ocr_par' dir='ltr' id='par_1_23' title="bbox 1909 780 3492 853">
     <span class='ocr_line' id='line_1_23' title="bbox 1909 780 3492 853; baseline 0.005 -19"><span class='ocrx_word' id='word_1_161' title='bbox 1909 790 2029 835; x_wconf 82' lang='lat' dir='ltr'><strong>runt</strong></span> <span class='ocrx_word' id='word_1_162' title='bbox 2056 782 2202 835; x_wconf 83' lang='lat' dir='ltr'><strong>nobis</strong></span> <span class='ocrx_word' id='word_1_163' title='bbox 2233 780 2410 853; x_wconf 81' lang='lat' dir='ltr'><strong>(Psal.</strong></span> <span class='ocrx_word' id='word_1_164' title='bbox 2445 798 2599 846; x_wconf 76' lang='lat' dir='ltr'><strong>xutt,</strong></span> <span class='ocrx_word' id='word_1_165' title='bbox 2632 784 2706 853; x_wconf 87' lang='lat' dir='ltr'><strong>l).</strong></span> <span class='ocrx_word' id='word_1_166' title='bbox 2740 784 2945 851; x_wconf 86' lang='lat' dir='ltr'><strong>Quibus</strong></span> <span class='ocrx_word' id='word_1_167' title='bbox 3004 784 3364 841; x_wconf 82' lang='lat' dir='ltr'><strong>referentibus</strong></span> <span class='ocrx_word' id='word_1_168' title='bbox 3412 792 3492 842; x_wconf 89' lang='lat' dir='ltr'><strong>di-</strong></span> 
     </span>
    </p>
   </div>
   <div class='ocr_carea' id='block_1_24' title="bbox 1909 871 3493 946">
    <p class='ocr_par' dir='ltr' id='par_1_24' title="bbox 1909 871 3493 946">
     <span class='ocr_line' id='line_1_24' title="bbox 1909 871 3493 946; baseline 0.005 -20"><span class='ocrx_word' id='word_1_169' title='bbox 1909 871 2061 938; x_wconf 88' lang='lat' dir='ltr'><strong>dicit,</strong></span> <span class='ocrx_word' id='word_1_170' title='bbox 2090 873 2235 943; x_wconf 92' lang='lat' dir='ltr'><strong>quod</strong></span> <span class='ocrx_word' id='word_1_171' title='bbox 2255 883 2477 929; x_wconf 89' lang='lat' dir='ltr'><strong>sanctus</strong></span> <span class='ocrx_word' id='word_1_172' title='bbox 2504 874 2671 928; x_wconf 80' lang='lat' dir='ltr'><strong>isdem</strong></span> <span class='ocrx_word' id='word_1_173' title='bbox 2699 874 2751 927; x_wconf 89' lang='lat' dir='ltr'><strong>in</strong></span> <span class='ocrx_word' id='word_1_174' title='bbox 2788 875 3151 930; x_wconf 76' lang='lat' dir='ltr'><strong>adolescentia</strong></span> <span class='ocrx_word' id='word_1_175' title='bbox 3188 877 3493 946; x_wconf 81' lang='lat' dir='ltr'><strong>hujusmodi</strong></span> 
     </span>
    </p>
   </div>
   <div class='ocr_carea' id='block_1_25' title="bbox 1910 961 3497 1038">
    <p class='ocr_par' dir='ltr' id='par_1_25' title="bbox 1910 961 3497 1038">
     <span class='ocr_line' id='line_1_25' title="bbox 1910 961 3497 1038; baseline 0.007 -23"><span class='ocrx_word' id='word_1_176' title='bbox 1910 961 2296 1020; x_wconf 87' lang='lat' dir='ltr'><strong>fueritactibus</strong></span> <span class='ocrx_word' id='word_1_177' title='bbox 2318 964 2499 1021; x_wconf 75' lang='lat' dir='ltr'><strong>steculi</strong></span> <span class='ocrx_word' id='word_1_178' title='bbox 2531 966 2857 1036; x_wconf 88' lang='lat' dir='ltr'><strong>implicatus,</strong></span> <span class='ocrx_word' id='word_1_179' title='bbox 2890 969 2955 1022; x_wconf 92' lang='lat' dir='ltr'><strong>de</strong></span> <span class='ocrx_word' id='word_1_180' title='bbox 2977 968 3172 1038; x_wconf 88' lang='lat' dir='ltr'><strong>quibus</strong></span> <span class='ocrx_word' id='word_1_181' title='bbox 3204 970 3340 1025; x_wconf 91' lang='lat' dir='ltr'><strong>liber</strong></span> <span class='ocrx_word' id='word_1_182' title='bbox 3364 989 3497 1026; x_wconf 72' lang='lat' dir='ltr'><strong>c0tt~</strong></span> 
     </span>
    </p>
   </div>
   <div class='ocr_carea' id='block_1_26' title="bbox 1912 1055 3495 1127">
    <p class='ocr_par' dir='ltr' id='par_1_26' title="bbox 1912 1055 3495 1127">
     <span class='ocr_line' id='line_1_26' title="bbox 1912 1055 3495 1127; baseline 0.004 -18"><span class='ocrx_word' id='word_1_183' title='bbox 1912 1055 2050 1111; x_wconf 87' lang='lat' dir='ltr'><strong>tinet</strong></span> <span class='ocrx_word' id='word_1_184' title='bbox 2092 1056 2169 1115; x_wconf 80' lang='lat' dir='ltr'><strong>ita</strong></span> <span class='ocrx_word' id='word_1_185' title='bbox 2208 1056 2461 1112; x_wconf 88' lang='lat' dir='ltr'><strong>divinus:</strong></span> <span class='ocrx_word' id='word_1_186' title='bbox 2504 1056 2607 1123; x_wconf 84' lang='lat' dir='ltr'><strong>Qui</strong></span> <span class='ocrx_word' id='word_1_187' title='bbox 2655 1059 2867 1127; x_wconf 82' lang='lat' dir='ltr'><strong>cupiunt</strong></span> <span class='ocrx_word' id='word_1_188' title='bbox 2891 1060 3075 1114; x_wconf 71' lang='lat' dir='ltr'><strong>divites</strong></span> <span class='ocrx_word' id='word_1_189' title='bbox 3098 1060 3150 1116; x_wconf 88' lang='lat' dir='ltr'><strong>in</strong></span> <span class='ocrx_word' id='word_1_190' title='bbox 3179 1061 3275 1114; x_wconf 80' lang='lat' dir='ltr'><strong>lioc</strong></span> <span class='ocrx_word' id='word_1_191' title='bbox 3301 1062 3495 1116; x_wconf 80' lang='lat' dir='ltr'><strong>sa’culo</strong></span> 
     </span>
    </p>
   </div>
   <div class='ocr_carea' id='block_1_27' title="bbox 1909 1145 3494 1225">
    <p class='ocr_par' dir='ltr' id='par_1_27' title="bbox 1909 1145 3494 1225">
     <span class='ocr_line' id='line_1_27' title="bbox 1909 1145 3494 1225; baseline 0.006 -27"><span class='ocrx_word' id='word_1_192' title='bbox 1909 1145 2049 1214; x_wconf 81' lang='lat' dir='ltr'><strong>ﬁeri,</strong></span> <span class='ocrx_word' id='word_1_193' title='bbox 2082 1147 2323 1201; x_wconf 86' lang='lat' dir='ltr'><strong>incidunt</strong></span> <span class='ocrx_word' id='word_1_194' title='bbox 2359 1148 2414 1203; x_wconf 84' lang='lat' dir='ltr'><strong>in</strong></span> <span class='ocrx_word' id='word_1_195' title='bbox 2453 1150 2799 1220; x_wconf 85' lang='lat' dir='ltr'><strong>muscipulnm</strong></span> <span class='ocrx_word' id='word_1_196' title='bbox 2844 1160 2891 1204; x_wconf 88' lang='lat' dir='ltr'><strong>et</strong></span> <span class='ocrx_word' id='word_1_197' title='bbox 2938 1152 3181 1223; x_wconf 80' lang='lat' dir='ltr'><strong>laqueum</strong></span> <span class='ocrx_word' id='word_1_198' title='bbox 3221 1155 3419 1209; x_wconf 85' lang='lat' dir='ltr'><strong>diaboli</strong></span> <span class='ocrx_word' id='word_1_199' title='bbox 3443 1156 3494 1225; x_wconf 91' lang='grc' dir='ltr'><strong>(Ι</strong></span> 
     </span>
    </p>
   </div>
   <div class='ocr_carea' id='block_1_28' title="bbox 1912 1237 3499 1312">
    <p class='ocr_par' dir='ltr' id='par_1_28' title="bbox 1912 1237 3499 1312">
     <span class='ocr_line' id='line_1_28' title="bbox 1912 1237 3499 1312; baseline 0.009 -21"><span class='ocrx_word' id='word_1_200' title='bbox 1912 1237 2049 1293; x_wconf 86' lang='lat' dir='ltr'><strong>Tim.</strong></span> <span class='ocrx_word' id='word_1_201' title='bbox 2083 1256 2157 1305; x_wconf 83' lang='lat' dir='ltr'><strong>vt,</strong></span> <span class='ocrx_word' id='word_1_202' title='bbox 2190 1240 2267 1311; x_wconf 85' lang='lat'><strong>9).</strong></span> <span class='ocrx_word' id='word_1_203' title='bbox 2297 1240 2452 1308; x_wconf 88' lang='lat' dir='ltr'><strong>Quod</strong></span> <span class='ocrx_word' id='word_1_204' title='bbox 2479 1258 2600 1297; x_wconf 91' lang='lat' dir='ltr'><strong>cum</strong></span> <span class='ocrx_word' id='word_1_205' title='bbox 2648 1243 2695 1299; x_wconf 92' lang='lat' dir='ltr'><strong>ei</strong></span> <span class='ocrx_word' id='word_1_206' title='bbox 2734 1243 2880 1312; x_wconf 85' lang='lat' dir='ltr'><strong>justo</strong></span> <span class='ocrx_word' id='word_1_207' title='bbox 2909 1244 3019 1299; x_wconf 87' lang='lat' dir='ltr'><strong>Deo</strong></span> <span class='ocrx_word' id='word_1_208' title='bbox 3071 1248 3499 1305; x_wconf 85' lang='lat' dir='ltr'><strong>misericorditer</strong></span> 
     </span>
    </p>
   </div>
   <div class='ocr_carea' id='block_1_29' title="bbox 1908 1332 3501 1412">
    <p class='ocr_par' dir='ltr' id='par_1_29' title="bbox 1908 1332 3501 1412">
     <span class='ocr_line' id='line_1_29' title="bbox 1908 1332 3501 1412; baseline 0.008 -28"><span class='ocrx_word' id='word_1_209' title='bbox 1908 1332 2279 1399; x_wconf 85' lang='lat' dir='ltr'><strong>permittente,</strong></span> <span class='ocrx_word' id='word_1_210' title='bbox 2315 1345 2372 1389; x_wconf 90' lang='lat' dir='ltr'><strong>ut</strong></span> <span class='ocrx_word' id='word_1_211' title='bbox 2411 1334 2595 1390; x_wconf 89' lang='lat' dir='ltr'><strong>multis</strong></span> <span class='ocrx_word' id='word_1_212' title='bbox 2643 1352 2785 1408; x_wconf 70' lang='lat' dir='ltr'><strong>stupe</strong></span> <span class='ocrx_word' id='word_1_213' title='bbox 2826 1338 2968 1405; x_wconf 90' lang='lat' dir='ltr'><strong>aliis,</strong></span> <span class='ocrx_word' id='word_1_214' title='bbox 3010 1342 3357 1412; x_wconf 80' lang='lat' dir='ltr'><strong>contigisset,</strong></span> <span class='ocrx_word' id='word_1_215' title='bbox 3387 1361 3501 1400; x_wconf 84' lang='lat' dir='ltr'><strong>rea-</strong></span> 
     </span>
    </p>
   </div>
   <div class='ocr_carea' id='block_1_30' title="bbox 1911 1422 3496 1497">
    <p class='ocr_par' dir='ltr' id='par_1_30' title="bbox 1911 1422 3496 1497">
     <span class='ocr_line' id='line_1_30' title="bbox 1911 1422 3496 1497; baseline 0.009 -23"><span class='ocrx_word' id='word_1_216' title='bbox 1911 1430 1997 1475; x_wconf 92' lang='lat' dir='ltr'><strong>tus</strong></span> <span class='ocrx_word' id='word_1_217' title='bbox 2025 1422 2105 1476; x_wconf 89' lang='lat' dir='ltr'><strong>sui</strong></span> <span class='ocrx_word' id='word_1_218' title='bbox 2143 1424 2577 1481; x_wconf 79' lang='lat' dir='ltr'><strong>consideratione</strong></span> <span class='ocrx_word' id='word_1_219' title='bbox 2620 1439 2916 1497; x_wconf 89' lang='lat' dir='ltr'><strong>permotus,</strong></span> <span class='ocrx_word' id='word_1_220' title='bbox 2970 1444 3029 1485; x_wconf 90' lang='lat' dir='ltr'><strong>se</strong></span> <span class='ocrx_word' id='word_1_221' title='bbox 3077 1441 3265 1485; x_wconf 86' lang='lat' dir='ltr'><strong>contra</strong></span> <span class='ocrx_word' id='word_1_222' title='bbox 3291 1448 3348 1487; x_wconf 83' lang='lat' dir='ltr'><strong>se</strong></span> <span class='ocrx_word' id='word_1_223' title='bbox 3383 1450 3496 1490; x_wconf 88' lang='lat' dir='ltr'><strong>non</strong></span> 
     </span>
    </p>
   </div>
   <div class='ocr_carea' id='block_1_31' title="bbox 1912 1515 3494 1594">
    <p class='ocr_par' dir='ltr' id='par_1_31' title="bbox 1912 1515 3494 1594">
     <span class='ocr_line' id='line_1_31' title="bbox 1912 1515 3494 1594; baseline 0.008 -27"><span class='ocrx_word' id='word_1_224' title='bbox 1912 1515 2401 1586; x_wconf 80' lang='lat' dir='ltr'><strong>tardaviterigere,</strong></span> <span class='ocrx_word' id='word_1_225' title='bbox 2436 1520 2619 1574; x_wconf 89' lang='lat' dir='ltr'><strong>mundi</strong></span> <span class='ocrx_word' id='word_1_226' title='bbox 2655 1520 2813 1591; x_wconf 83' lang='lat' dir='ltr'><strong>hujus</strong></span> <span class='ocrx_word' id='word_1_227' title='bbox 2848 1522 3027 1576; x_wconf 87' lang='lat' dir='ltr'><strong>omnia</strong></span> <span class='ocrx_word' id='word_1_228' title='bbox 3057 1522 3383 1594; x_wconf 86' lang='lat' dir='ltr'><strong>relinquere,</strong></span> <span class='ocrx_word' id='word_1_229' title='bbox 3436 1535 3494 1580; x_wconf 91' lang='lat' dir='ltr'><strong>ut</strong></span> 
     </span>
    </p>
   </div>
   <div class='ocr_carea' id='block_1_32' title="bbox 1911 1611 3499 1684">
    <p class='ocr_par' dir='ltr' id='par_1_32' title="bbox 1911 1611 3499 1684">
     <span class='ocr_line' id='line_1_32' title="bbox 1911 1611 3499 1684; baseline 0.005 -18"><span class='ocrx_word' id='word_1_230' title='bbox 1911 1611 2193 1680; x_wconf 67' lang='lat' dir='ltr'><strong>expeditus</strong></span> <span class='ocrx_word' id='word_1_231' title='bbox 2218 1622 2271 1665; x_wconf 89' lang='lat' dir='ltr'><strong>et</strong></span> <span class='ocrx_word' id='word_1_232' title='bbox 2305 1611 2459 1676; x_wconf 87' lang='lat' dir='ltr'><strong>liber,</strong></span> <span class='ocrx_word' id='word_1_233' title='bbox 2492 1613 2589 1668; x_wconf 91' lang='lat' dir='ltr'><strong>soli</strong></span> <span class='ocrx_word' id='word_1_234' title='bbox 2625 1613 2850 1668; x_wconf 86' lang='lat' dir='ltr'><strong>Domino</strong></span> <span class='ocrx_word' id='word_1_235' title='bbox 2897 1626 3079 1684; x_wconf 86' lang='lat' dir='ltr'><strong>posset</strong></span> <span class='ocrx_word' id='word_1_236' title='bbox 3106 1631 3317 1671; x_wconf 87' lang='lat' dir='ltr'><strong>vacare.</strong></span> <span class='ocrx_word' id='word_1_237' title='bbox 3347 1616 3499 1674; x_wconf 88' lang='lat' dir='ltr'><strong>Sico-</strong></span> 
     </span>
    </p>
   </div>
   <div class='ocr_carea' id='block_1_33' title="bbox 205 1700 3535 1774">
    <p class='ocr_par' dir='ltr' id='par_1_33' title="bbox 205 1700 3535 1774">
     <span class='ocr_line' id='line_1_33' title="bbox 205 1700 3535 1774; baseline 0.002 -15"><span class='ocrx_word' id='word_1_238' title='bbox 205 1701 952 1759; x_wconf 80' lang='lat' dir='ltr'><strong>custodieras?Consenserit</strong></span> <span class='ocrx_word' id='word_1_239' title='bbox 982 1716 1135 1766; x_wconf 88' lang='lat' dir='ltr'><strong>sane,</strong></span> <span class='ocrx_word' id='word_1_240' title='bbox 1164 1710 1222 1755; x_wconf 89' lang='lat' dir='ltr'><strong>ut</strong></span> <span class='ocrx_word' id='word_1_241' title='bbox 1259 1700 1541 1755; x_wconf 89' lang='lat' dir='ltr'><strong>criminari</strong></span> <span class='ocrx_word' id='word_1_242' title='bbox 1573 1707 1799 1755; x_wconf 87' lang='lat' dir='ltr'><strong>conten-</strong></span> <span class='ocrx_word' id='word_1_243' title='bbox 1832 1709 1877 1767; x_wconf 70' lang='lat' dir='ltr'><strong>it</strong></span> <span class='ocrx_word' id='word_1_244' title='bbox 1908 1716 2117 1755; x_wconf 87' lang='lat' dir='ltr'><strong>morum</strong></span> <span class='ocrx_word' id='word_1_245' title='bbox 2160 1703 2343 1774; x_wconf 85' lang='lat' dir='ltr'><strong>itaque</strong></span> <span class='ocrx_word' id='word_1_246' title='bbox 2378 1705 2558 1760; x_wconf 85' lang='lat' dir='ltr'><strong>crucis</strong></span> <span class='ocrx_word' id='word_1_247' title='bbox 2611 1722 2735 1761; x_wconf 92' lang='lat' dir='ltr'><strong>cum</strong></span> <span class='ocrx_word' id='word_1_248' title='bbox 2787 1705 3038 1772; x_wconf 81' lang='lat' dir='ltr'><strong>Zaclnco,</strong></span> <span class='ocrx_word' id='word_1_249' title='bbox 3066 1716 3123 1761; x_wconf 92' lang='lat' dir='ltr'><strong>ut</strong></span> <span class='ocrx_word' id='word_1_250' title='bbox 3155 1707 3335 1763; x_wconf 87' lang='lat' dir='ltr'><strong>Jesum</strong></span> <span class='ocrx_word' id='word_1_251' title='bbox 3368 1710 3500 1764; x_wconf 89' lang='lat' dir='ltr'><strong>libc-</strong></span> <span class='ocrx_word' id='word_1_252' title='bbox 3528 1716 3535 1721; x_wconf 84' lang='grc'><em>’</em></span> 
     </span>
    </p>
   </div>
   <div class='ocr_carea' id='block_1_34' title="bbox 206 1791 1799 1863">
    <p class='ocr_par' dir='ltr' id='par_1_34' title="bbox 206 1791 1799 1863">
     <span class='ocr_line' id='line_1_34' title="bbox 206 1791 1799 1863; baseline -0.003 -14"><span class='ocrx_word' id='word_1_253' title='bbox 206 1795 313 1859; x_wconf 92' lang='lat' dir='ltr'><strong>dis,</strong></span> <span class='ocrx_word' id='word_1_254' title='bbox 349 1794 535 1849; x_wconf 86' lang='lat' dir='ltr'><strong>altiori</strong></span> <span class='ocrx_word' id='word_1_255' title='bbox 580 1793 720 1849; x_wconf 87' lang='lat' dir='ltr'><strong>forte</strong></span> <span class='ocrx_word' id='word_1_256' title='bbox 763 1793 1010 1858; x_wconf 84' lang='lat' dir='ltr'><strong>consilio,</strong></span> <span class='ocrx_word' id='word_1_257' title='bbox 1060 1792 1262 1863; x_wconf 72' lang='lat' dir='ltr'><strong>Deique</strong></span> <span class='ocrx_word' id='word_1_258' title='bbox 1318 1791 1549 1862; x_wconf 87' lang='lat' dir='ltr'><strong>amplius</strong></span> <span class='ocrx_word' id='word_1_259' title='bbox 1600 1804 1799 1846; x_wconf 83' lang='lat' dir='ltr'><strong>conve-</strong></span> 
     </span>
    </p>
   </div>
   <div class='ocr_carea' id='block_1_35' title="bbox 209 1879 1801 1957">
    <p class='ocr_par' dir='ltr' id='par_1_35' title="bbox 209 1879 1801 1957">
     <span class='ocr_line' id='line_1_35' title="bbox 209 1879 1801 1957; baseline -0.005 -16"><span class='ocrx_word' id='word_1_260' title='bbox 209 1887 381 1942; x_wconf 87' lang='lat' dir='ltr'><strong>nienti</strong></span> <span class='ocrx_word' id='word_1_261' title='bbox 413 1887 679 1957; x_wconf 89' lang='lat' dir='ltr'><strong>disposito</strong></span> <span class='ocrx_word' id='word_1_262' title='bbox 709 1895 831 1940; x_wconf 89' lang='lat' dir='ltr'><strong>tuus</strong></span> <span class='ocrx_word' id='word_1_263' title='bbox 876 1886 1160 1956; x_wconf 88' lang='lat' dir='ltr'><strong>episcopus</strong></span> <span class='ocrx_word' id='word_1_264' title='bbox 1189 1893 1299 1945; x_wconf 91' lang='lat' dir='ltr'><strong>:tu,</strong></span> <span class='ocrx_word' id='word_1_265' title='bbox 1333 1899 1453 1953; x_wconf 59' lang='lat' dir='ltr'><strong>quae</strong></span> <span class='ocrx_word' id='word_1_266' title='bbox 1487 1892 1692 1936; x_wconf 86' lang='lat' dir='ltr'><strong>tantum</strong></span> <span class='ocrx_word' id='word_1_267' title='bbox 1720 1879 1801 1933; x_wconf 81' lang='lat' dir='ltr'><strong>fa-</strong></span> 
     </span>
    </p>
   </div>
   <div class='ocr_carea' id='block_1_36' title="bbox 206 1974 1803 2053">
    <p class='ocr_par' dir='ltr' id='par_1_36' title="bbox 206 1974 1803 2053">
     <span class='ocr_line' id='line_1_36' title="bbox 206 1974 1803 2053; baseline -0.006 -16"><span class='ocrx_word' id='word_1_268' title='bbox 206 1983 366 2037; x_wconf 89' lang='lat' dir='ltr'><strong>cinus</strong></span> <span class='ocrx_word' id='word_1_269' title='bbox 394 1982 811 2053; x_wconf 88' lang='lat' dir='ltr'><strong>perhorrueras,</strong></span> <span class='ocrx_word' id='word_1_270' title='bbox 832 1995 991 2035; x_wconf 89' lang='lat' dir='ltr'><strong>nosse</strong></span> <span class='ocrx_word' id='word_1_271' title='bbox 1014 1978 1136 2034; x_wconf 90' lang='lat' dir='ltr'><strong>volo</strong></span> <span class='ocrx_word' id='word_1_272' title='bbox 1160 1994 1257 2033; x_wconf 92' lang='lat' dir='ltr'><strong>cur</strong></span> <span class='ocrx_word' id='word_1_273' title='bbox 1279 1974 1648 2032; x_wconf 89' lang='lat' dir='ltr'><strong>abhorrueris.</strong></span> <span class='ocrx_word' id='word_1_274' title='bbox 1667 1974 1803 2043; x_wconf 87' lang='lat' dir='ltr'><strong>Quia</strong></span> 
     </span>
    </p>
   </div>
   <div class='ocr_carea' id='block_1_37' title="bbox 206 2067 1802 2143">
    <p class='ocr_par' dir='ltr' id='par_1_37' title="bbox 206 2067 1802 2143">
     <span class='ocr_line' id='line_1_37' title="bbox 206 2067 1802 2143; baseline -0.006 -16"><span class='ocrx_word' id='word_1_275' title='bbox 206 2070 745 2143; x_wconf 79' lang='lat' dir='ltr'><strong>pessimum,inquis,</strong></span> <span class='ocrx_word' id='word_1_276' title='bbox 770 2070 913 2141; x_wconf 90' lang='lat' dir='ltr'><strong>quod</strong></span> <span class='ocrx_word' id='word_1_277' title='bbox 938 2069 1009 2123; x_wconf 87' lang='lat' dir='ltr'><strong>ita</strong></span> <span class='ocrx_word' id='word_1_278' title='bbox 1036 2077 1253 2123; x_wconf 86' lang='lat' dir='ltr'><strong>sanctos</strong></span> <span class='ocrx_word' id='word_1_279' title='bbox 1268 2067 1545 2137; x_wconf 89' lang='lat' dir='ltr'><strong>perdimus</strong></span> <span class='ocrx_word' id='word_1_280' title='bbox 1567 2073 1802 2119; x_wconf 90' lang='lat' dir='ltr'><strong>nostros.</strong></span> 
     </span>
    </p>
   </div>
   <div class='ocr_carea' id='block_1_38' title="bbox 211 2155 1805 2226">
    <p class='ocr_par' dir='ltr' id='par_1_38' title="bbox 211 2155 1805 2226">
     <span class='ocr_line' id='line_1_38' title="bbox 211 2155 1805 2226; baseline -0.005 -10"><span class='ocrx_word' id='word_1_281' title='bbox 211 2162 546 2218; x_wconf 75' lang='lat' dir='ltr'><strong>Verissime:</strong></span> <span class='ocrx_word' id='word_1_282' title='bbox 581 2163 675 2217; x_wconf 90' lang='lat' dir='ltr'><strong>sed</strong></span> <span class='ocrx_word' id='word_1_283' title='bbox 718 2161 1133 2217; x_wconf 80' lang='lat' dir='ltr'><strong>convenientius</strong></span> <span class='ocrx_word' id='word_1_284' title='bbox 1181 2159 1409 2221; x_wconf 89' lang='lat' dir='ltr'><strong>diceres,</strong></span> <span class='ocrx_word' id='word_1_285' title='bbox 1460 2156 1601 2226; x_wconf 89' lang='lat' dir='ltr'><strong>quod</strong></span> <span class='ocrx_word' id='word_1_286' title='bbox 1632 2155 1805 2212; x_wconf 86' lang='lat' dir='ltr'><strong>sancti</strong></span> 
     </span>
    </p>
   </div>
   <div class='ocr_carea' id='block_1_39' title="bbox 212 2248 1807 2324">
    <p class='ocr_par' dir='ltr' id='par_1_39' title="bbox 212 2248 1807 2324">
     <span class='ocr_line' id='line_1_39' title="bbox 212 2248 1807 2324; baseline -0.004 -15"><span class='ocrx_word' id='word_1_287' title='bbox 212 2256 289 2309; x_wconf 89' lang='lat' dir='ltr'><strong>ita</strong></span> <span class='ocrx_word' id='word_1_288' title='bbox 328 2269 428 2309; x_wconf 86' lang='lat' dir='ltr'><strong>nos</strong></span> <span class='ocrx_word' id='word_1_289' title='bbox 476 2254 689 2324; x_wconf 87' lang='lat' dir='ltr'><strong>fugiunt</strong></span> <span class='ocrx_word' id='word_1_290' title='bbox 746 2253 936 2308; x_wconf 87' lang='lat' dir='ltr'><strong>nostri.</strong></span> <span class='ocrx_word' id='word_1_291' title='bbox 970 2251 1166 2323; x_wconf 88' lang='lat' dir='ltr'><strong>Turpis</strong></span> <span class='ocrx_word' id='word_1_292' title='bbox 1208 2266 1340 2305; x_wconf 88' lang='lat' dir='ltr'><strong>sane</strong></span> <span class='ocrx_word' id='word_1_293' title='bbox 1390 2248 1523 2304; x_wconf 90' lang='lat' dir='ltr'><strong>lucri</strong></span> <span class='ocrx_word' id='word_1_294' title='bbox 1580 2248 1807 2319; x_wconf 85' lang='lat' dir='ltr'><strong>cupidus</strong></span> 
     </span>
    </p>
   </div>
   <div class='ocr_carea' id='block_1_40' title="bbox 209 2341 1805 2410">
    <p class='ocr_par' dir='ltr' id='par_1_40' title="bbox 209 2341 1805 2410">
     <span class='ocr_line' id='line_1_40' title="bbox 209 2341 1805 2410; baseline -0.003 -10"><span class='ocrx_word' id='word_1_295' title='bbox 209 2361 337 2401; x_wconf 91' lang='lat' dir='ltr'><strong>cum</strong></span> <span class='ocrx_word' id='word_1_296' title='bbox 369 2359 532 2400; x_wconf 88' lang='lat' dir='ltr'><strong>nemo</strong></span> <span class='ocrx_word' id='word_1_297' title='bbox 562 2345 635 2399; x_wconf 91' lang='lat' dir='ltr'><strong>sit</strong></span> <span class='ocrx_word' id='word_1_298' title='bbox 682 2355 938 2410; x_wconf 86' lang='lat' dir='ltr'><strong>sanctus;</strong></span> <span class='ocrx_word' id='word_1_299' title='bbox 980 2346 1267 2399; x_wconf 87' lang='lat' dir='ltr'><strong>honestum</strong></span> <span class='ocrx_word' id='word_1_300' title='bbox 1298 2342 1562 2398; x_wconf 89' lang='lat' dir='ltr'><strong>refutasse</strong></span> <span class='ocrx_word' id='word_1_301' title='bbox 1598 2341 1805 2396; x_wconf 90' lang='lat' dir='ltr'><strong>lucrum</strong></span> 
     </span>
    </p>
   </div>
   <div class='ocr_carea' id='block_1_41' title="bbox 209 2432 1807 2491">
    <p class='ocr_par' dir='ltr' id='par_1_41' title="bbox 209 2432 1807 2491">
     <span class='ocr_line' id='line_1_41' title="bbox 209 2432 1807 2491; baseline -0.004 0"><span class='ocrx_word' id='word_1_302' title='bbox 209 2450 374 2491; x_wconf 85' lang='lat' dir='ltr'><strong>nemo</strong></span> <span class='ocrx_word' id='word_1_303' title='bbox 403 2435 674 2489; x_wconf 78' lang='lat' dir='ltr'><strong>invenitur</strong></span> <span class='ocrx_word' id='word_1_304' title='bbox 699 2444 1027 2490; x_wconf 84' lang='lat' dir='ltr'><strong>sanctorum.</strong></span> <span class='ocrx_word' id='word_1_305' title='bbox 1059 2434 1357 2489; x_wconf 88' lang='lat' dir='ltr'><strong>llonestum</strong></span> <span class='ocrx_word' id='word_1_306' title='bbox 1409 2448 1539 2488; x_wconf 87' lang='lat' dir='ltr'><strong>vero</strong></span> <span class='ocrx_word' id='word_1_307' title='bbox 1590 2432 1807 2487; x_wconf 89' lang='lat' dir='ltr'><strong>lucrum</strong></span> 
     </span>
    </p>
   </div>
   <div class='ocr_carea' id='block_1_42' title="bbox 209 2522 1808 2597">
    <p class='ocr_par' dir='ltr' id='par_1_42' title="bbox 209 2522 1808 2597">
     <span class='ocr_line' id='line_1_42' title="bbox 209 2522 1808 2597; baseline -0.002 -16"><span class='ocrx_word' id='word_1_308' title='bbox 209 2533 317 2591; x_wconf 81' lang='lat' dir='ltr'><strong>est,</strong></span> <span class='ocrx_word' id='word_1_309' title='bbox 342 2525 485 2597; x_wconf 86' lang='lat' dir='ltr'><strong>quod</strong></span> <span class='ocrx_word' id='word_1_310' title='bbox 508 2526 707 2581; x_wconf 60' lang='lat' dir='ltr'><strong>caelum</strong></span> <span class='ocrx_word' id='word_1_311' title='bbox 732 2525 1037 2596; x_wconf 88' lang='lat' dir='ltr'><strong>locupletat,</strong></span> <span class='ocrx_word' id='word_1_312' title='bbox 1070 2533 1332 2579; x_wconf 88' lang='lat' dir='ltr'><strong>tartarum</strong></span> <span class='ocrx_word' id='word_1_313' title='bbox 1348 2523 1565 2594; x_wconf 90' lang='lat' dir='ltr'><strong>spoliat.</strong></span> <span class='ocrx_word' id='word_1_314' title='bbox 1594 2522 1651 2579; x_wconf 91' lang='lat' dir='ltr'><strong>Si</strong></span> <span class='ocrx_word' id='word_1_315' title='bbox 1678 2538 1808 2578; x_wconf 90' lang='lat' dir='ltr'><strong>vero</strong></span> 
     </span>
    </p>
   </div>
   <div class='ocr_carea' id='block_1_43' title="bbox 211 2616 1806 2690">
    <p class='ocr_par' dir='ltr' id='par_1_43' title="bbox 211 2616 1806 2690">
     <span class='ocr_line' id='line_1_43' title="bbox 211 2616 1806 2690; baseline 0 -19"><span class='ocrx_word' id='word_1_316' title='bbox 211 2626 266 2673; x_wconf 82' lang='lat' dir='ltr'><strong>te</strong></span> <span class='ocrx_word' id='word_1_317' title='bbox 306 2617 527 2689; x_wconf 88' lang='lat' dir='ltr'><strong>fugienti</strong></span> <span class='ocrx_word' id='word_1_318' title='bbox 553 2633 770 2690; x_wconf 90' lang='lat' dir='ltr'><strong>quoquo</strong></span> <span class='ocrx_word' id='word_1_319' title='bbox 812 2619 1000 2673; x_wconf 87' lang='lat' dir='ltr'><strong>adnisu</strong></span> <span class='ocrx_word' id='word_1_320' title='bbox 1045 2618 1169 2673; x_wconf 90' lang='lat' dir='ltr'><strong>illuc</strong></span> <span class='ocrx_word' id='word_1_321' title='bbox 1210 2618 1289 2673; x_wconf 86' lang='lat' dir='ltr'><strong>ire</strong></span> <span class='ocrx_word' id='word_1_322' title='bbox 1329 2616 1806 2689; x_wconf 86' lang='lat' dir='ltr'><strong>complacuitsan-</strong></span> 
     </span>
    </p>
   </div>
   <div class='ocr_carea' id='block_1_44' title="bbox 210 2710 1810 2781">
    <p class='ocr_par' dir='ltr' id='par_1_44' title="bbox 210 2710 1810 2781">
     <span class='ocr_line' id='line_1_44' title="bbox 210 2710 1810 2781; baseline 0 -16"><span class='ocrx_word' id='word_1_323' title='bbox 210 2720 435 2765; x_wconf 85' lang='lat' dir='ltr'><strong>ctorum</strong></span> <span class='ocrx_word' id='word_1_324' title='bbox 466 2710 641 2776; x_wconf 91' lang='lat' dir='ltr'><strong>alicui,</strong></span> <span class='ocrx_word' id='word_1_325' title='bbox 697 2711 785 2766; x_wconf 91' lang='lat' dir='ltr'><strong>ubi</strong></span> <span class='ocrx_word' id='word_1_326' title='bbox 823 2727 921 2781; x_wconf 88' lang='lat' dir='ltr'><strong>pro</strong></span> <span class='ocrx_word' id='word_1_327' title='bbox 968 2712 1295 2776; x_wconf 83' lang='lat' dir='ltr'><strong>reverentia,</strong></span> <span class='ocrx_word' id='word_1_328' title='bbox 1352 2727 1513 2781; x_wconf 87' lang='lat' dir='ltr'><strong>quam</strong></span> <span class='ocrx_word' id='word_1_329' title='bbox 1550 2725 1717 2781; x_wconf 85' lang='lat' dir='ltr'><strong>penes</strong></span> <span class='ocrx_word' id='word_1_330' title='bbox 1757 2718 1810 2765; x_wconf 88' lang='lat' dir='ltr'><strong>te</strong></span> 
     </span>
    </p>
   </div>
   <div class='ocr_carea' id='block_1_45' title="bbox 208 2800 1804 2870">
    <p class='ocr_par' dir='ltr' id='par_1_45' title="bbox 208 2800 1804 2870">
     <span class='ocr_line' id='line_1_45' title="bbox 208 2800 1804 2870; baseline -0.001 -15"><span class='ocrx_word' id='word_1_331' title='bbox 208 2801 441 2855; x_wconf 86' lang='lat' dir='ltr'><strong>minime</strong></span> <span class='ocrx_word' id='word_1_332' title='bbox 471 2802 730 2866; x_wconf 89' lang='lat' dir='ltr'><strong>habebat,</strong></span> <span class='ocrx_word' id='word_1_333' title='bbox 764 2802 867 2857; x_wconf 90' lang='lat' dir='ltr'><strong>sibi</strong></span> <span class='ocrx_word' id='word_1_334' title='bbox 910 2816 1097 2855; x_wconf 81' lang='lat' dir='ltr'><strong>amore</strong></span> <span class='ocrx_word' id='word_1_335' title='bbox 1126 2801 1327 2856; x_wconf 86' lang='lat' dir='ltr'><strong>Christi</strong></span> <span class='ocrx_word' id='word_1_336' title='bbox 1374 2800 1610 2854; x_wconf 76' lang='lat' dir='ltr'><strong>exhibita</strong></span> <span class='ocrx_word' id='word_1_337' title='bbox 1646 2814 1804 2870; x_wconf 88' lang='lat' dir='ltr'><strong>para—</strong></span> 
     </span>
    </p>
   </div>
   <div class='ocr_carea' id='block_1_46' title="bbox 209 2889 1808 2960">
    <p class='ocr_par' dir='ltr' id='par_1_46' title="bbox 209 2889 1808 2960">
     <span class='ocr_line' id='line_1_46' title="bbox 209 2889 1808 2960; baseline -0.001 -16"><span class='ocrx_word' id='word_1_338' title='bbox 209 2889 449 2945; x_wconf 84' lang='lat' dir='ltr'><strong>disusde</strong></span> <span class='ocrx_word' id='word_1_339' title='bbox 478 2890 762 2947; x_wconf 85' lang='lat' dir='ltr'><strong>animabus</strong></span> <span class='ocrx_word' id='word_1_340' title='bbox 798 2890 1100 2960; x_wconf 87' lang='lat' dir='ltr'><strong>repleretttr</strong></span> <span class='ocrx_word' id='word_1_341' title='bbox 1133 2891 1343 2946; x_wconf 83' lang='lat' dir='ltr'><strong>devotis</strong></span> <span class='ocrx_word' id='word_1_342' title='bbox 1377 2890 1652 2955; x_wconf 78' lang='lat' dir='ltr'><strong>:cthcrius,</strong></span> <span class='ocrx_word' id='word_1_343' title='bbox 1696 2899 1808 2944; x_wconf 88' lang='lat' dir='ltr'><strong>tar-</strong></span> 
     </span>
    </p>
   </div>
   <div class='ocr_carea' id='block_1_47' title="bbox 212 2982 1807 3053">
    <p class='ocr_par' dir='ltr' id='par_1_47' title="bbox 212 2982 1807 3053">
     <span class='ocr_line' id='line_1_47' title="bbox 212 2982 1807 3053; baseline 0 -17"><span class='ocrx_word' id='word_1_344' title='bbox 212 2992 395 3037; x_wconf 88' lang='lat' dir='ltr'><strong>tareus</strong></span> <span class='ocrx_word' id='word_1_345' title='bbox 422 2994 746 3038; x_wconf 79' lang='lat' dir='ltr'><strong>vacuaretur</strong></span> <span class='ocrx_word' id='word_1_346' title='bbox 797 2982 1071 3048; x_wconf 87' lang='lat' dir='ltr'><strong>infernus;</strong></span> <span class='ocrx_word' id='word_1_347' title='bbox 1126 2998 1250 3037; x_wconf 90' lang='lat' dir='ltr'><strong>cum</strong></span> <span class='ocrx_word' id='word_1_348' title='bbox 1302 2998 1398 3053; x_wconf 92' lang='lat' dir='ltr'><strong>per</strong></span> <span class='ocrx_word' id='word_1_349' title='bbox 1424 2990 1499 3035; x_wconf 91' lang='lat' dir='ltr'><strong>tot</strong></span> <span class='ocrx_word' id='word_1_350' title='bbox 1532 2997 1807 3036; x_wconf 86' lang='lat' dir='ltr'><strong>annorum</strong></span> 
     </span>
    </p>
   </div>
   <div class='ocr_carea' id='block_1_48' title="bbox 1908 1793 3496 1869">
    <p class='ocr_par' dir='ltr' id='par_1_48' title="bbox 1908 1793 3496 1869">
     <span class='ocr_line' id='line_1_48' title="bbox 1908 1793 3496 1869; baseline 0.005 -24"><span class='ocrx_word' id='word_1_351' title='bbox 1908 1793 2109 1848; x_wconf 88' lang='lat' dir='ltr'><strong>randus</strong></span> <span class='ocrx_word' id='word_1_352' title='bbox 2135 1793 2360 1860; x_wconf 84' lang='lat' dir='ltr'><strong>videret,</strong></span> <span class='ocrx_word' id='word_1_353' title='bbox 2380 1795 2622 1850; x_wconf 88' lang='lat' dir='ltr'><strong>ascendit</strong></span> <span class='ocrx_word' id='word_1_354' title='bbox 2640 1796 2790 1866; x_wconf 88' lang='lat' dir='ltr'><strong>(Luc.</strong></span> <span class='ocrx_word' id='word_1_355' title='bbox 2825 1813 2937 1862; x_wconf 69' lang='lat' dir='ltr'><strong>arx,</strong></span> <span class='ocrx_word' id='word_1_356' title='bbox 2962 1798 3048 1869; x_wconf 64' lang='lat'><strong>4);</strong></span> <span class='ocrx_word' id='word_1_357' title='bbox 3081 1811 3137 1853; x_wconf 91' lang='lat' dir='ltr'><strong>ct</strong></span> <span class='ocrx_word' id='word_1_358' title='bbox 3164 1815 3231 1854; x_wconf 91' lang='lat' dir='ltr'><strong>ne</strong></span> <span class='ocrx_word' id='word_1_359' title='bbox 3251 1801 3496 1855; x_wconf 88' lang='lat' dir='ltr'><strong>eamdem</strong></span> 
     </span>
    </p>
   </div>
   <div class='ocr_carea' id='block_1_49' title="bbox 1909 1885 3501 1961">
    <p class='ocr_par' dir='ltr' id='par_1_49' title="bbox 1909 1885 3501 1961">
     <span class='ocr_line' id='line_1_49' title="bbox 1909 1885 3501 1961; baseline 0.005 -23"><span class='ocrx_word' id='word_1_360' title='bbox 1909 1885 1962 1939; x_wconf 93' lang='lat' dir='ltr'><strong>in</strong></span> <span class='ocrx_word' id='word_1_361' title='bbox 1985 1888 2206 1958; x_wconf 86' lang='lat' dir='ltr'><strong>angaria</strong></span> <span class='ocrx_word' id='word_1_362' title='bbox 2237 1904 2358 1943; x_wconf 94' lang='lat' dir='ltr'><strong>cum</strong></span> <span class='ocrx_word' id='word_1_363' title='bbox 2389 1888 2613 1946; x_wconf 88' lang='lat' dir='ltr'><strong>Simone</strong></span> <span class='ocrx_word' id='word_1_364' title='bbox 2641 1889 2857 1960; x_wconf 81' lang='lat' dir='ltr'><strong>(Matth.</strong></span> <span class='ocrx_word' id='word_1_365' title='bbox 2890 1907 3060 1955; x_wconf 74' lang='lat' dir='ltr'><strong>xxvu,</strong></span> <span class='ocrx_word' id='word_1_366' title='bbox 3093 1892 3209 1961; x_wconf 74' lang='grc'>52),</span> <span class='ocrx_word' id='word_1_367' title='bbox 3230 1892 3324 1948; x_wconf 88' lang='lat' dir='ltr'><strong>sed</strong></span> <span class='ocrx_word' id='word_1_368' title='bbox 3352 1908 3501 1947; x_wconf 87' lang='lat' dir='ltr'><strong>eam—</strong></span> 
     </span>
    </p>
   </div>
   <div class='ocr_carea' id='block_1_50' title="bbox 1906 1980 3492 2051">
    <p class='ocr_par' dir='ltr' id='par_1_50' title="bbox 1906 1980 3492 2051">
     <span class='ocr_line' id='line_1_50' title="bbox 1906 1980 3492 2051; baseline 0.001 -18"><span class='ocrx_word' id='word_1_369' title='bbox 1906 1980 2029 2033; x_wconf 91' lang='lat' dir='ltr'><strong>dem</strong></span> <span class='ocrx_word' id='word_1_370' title='bbox 2061 1994 2183 2034; x_wconf 91' lang='lat' dir='ltr'><strong>cum</strong></span> <span class='ocrx_word' id='word_1_371' title='bbox 2209 1980 2355 2035; x_wconf 86' lang='lat' dir='ltr'><strong>vitiis</strong></span> <span class='ocrx_word' id='word_1_372' title='bbox 2382 1988 2438 2036; x_wconf 88' lang='lat' dir='ltr'><strong>et</strong></span> <span class='ocrx_word' id='word_1_373' title='bbox 2462 1981 2915 2051; x_wconf 86' lang='lat' dir='ltr'><strong>concupiscentiis</strong></span> <span class='ocrx_word' id='word_1_374' title='bbox 2944 1982 3349 2037; x_wconf 83' lang='lat' dir='ltr'><strong>mortificandus</strong></span> <span class='ocrx_word' id='word_1_375' title='bbox 3371 1998 3492 2036; x_wconf 89' lang='lat' dir='ltr'><strong>cum</strong></span> 
     </span>
    </p>
   </div>
   <div class='ocr_carea' id='block_1_51' title="bbox 1909 2069 3497 2140">
    <p class='ocr_par' dir='ltr' id='par_1_51' title="bbox 1909 2069 3497 2140">
     <span class='ocr_line' id='line_1_51' title="bbox 1909 2069 3497 2140; baseline -0.001 -15"><span class='ocrx_word' id='word_1_376' title='bbox 1909 2069 2146 2134; x_wconf 77' lang='lat' dir='ltr'><strong>Christo,</strong></span> <span class='ocrx_word' id='word_1_377' title='bbox 2177 2086 2283 2126; x_wconf 91' lang='lat' dir='ltr'><strong>non</strong></span> <span class='ocrx_word' id='word_1_378' title='bbox 2312 2070 2489 2133; x_wconf 85' lang='lat' dir='ltr'><strong>aliquo</strong></span> <span class='ocrx_word' id='word_1_379' title='bbox 2517 2078 2779 2139; x_wconf 86' lang='lat' dir='ltr'><strong>tempore,</strong></span> <span class='ocrx_word' id='word_1_380' title='bbox 2817 2071 2910 2125; x_wconf 86' lang='lat' dir='ltr'><strong>sed</strong></span> <span class='ocrx_word' id='word_1_381' title='bbox 2943 2072 3205 2140; x_wconf 85' lang='lat' dir='ltr'><strong>quotidie,</strong></span> <span class='ocrx_word' id='word_1_382' title='bbox 3234 2073 3342 2125; x_wconf 91' lang='lat' dir='ltr'><strong>imo</strong></span> <span class='ocrx_word' id='word_1_383' title='bbox 3364 2088 3497 2125; x_wconf 91' lang='lat' dir='ltr'><strong>con-</strong></span> 
     </span>
    </p>
   </div>
   <div class='ocr_carea' id='block_1_52' title="bbox 1912 2156 3492 2229">
    <p class='ocr_par' dir='ltr' id='par_1_52' title="bbox 1912 2156 3492 2229">
     <span class='ocr_line' id='line_1_52' title="bbox 1912 2156 3492 2229; baseline 0.001 -18"><span class='ocrx_word' id='word_1_384' title='bbox 1912 2158 2059 2212; x_wconf 90' lang='lat' dir='ltr'><strong>tinue</strong></span> <span class='ocrx_word' id='word_1_385' title='bbox 2108 2156 2311 2223; x_wconf 85' lang='lat' dir='ltr'><strong>ferret;</strong></span> <span class='ocrx_word' id='word_1_386' title='bbox 2367 2158 2468 2213; x_wconf 87' lang='lat' dir='ltr'><strong>tale</strong></span> <span class='ocrx_word' id='word_1_387' title='bbox 2516 2158 2618 2212; x_wconf 90' lang='lat' dir='ltr'><strong>sibi</strong></span> <span class='ocrx_word' id='word_1_388' title='bbox 2651 2157 2823 2212; x_wconf 81' lang='lat' dir='ltr'><strong>fertur</strong></span> <span class='ocrx_word' id='word_1_389' title='bbox 2870 2158 3192 2229; x_wconf 87' lang='lat' dir='ltr'><strong>supplicium</strong></span> <span class='ocrx_word' id='word_1_390' title='bbox 3243 2160 3492 2229; x_wconf 86' lang='lat' dir='ltr'><strong>elegisse,</strong></span> 
     </span>
    </p>
   </div>
   <div class='ocr_carea' id='block_1_53' title="bbox 1909 2248 3497 2319">
    <p class='ocr_par' dir='ltr' id='par_1_53' title="bbox 1909 2248 3497 2319">
     <span class='ocr_line' id='line_1_53' title="bbox 1909 2248 3497 2319; baseline 0.001 -18"><span class='ocrx_word' id='word_1_391' title='bbox 1909 2248 2051 2319; x_wconf 89' lang='lat' dir='ltr'><strong>quod</strong></span> <span class='ocrx_word' id='word_1_392' title='bbox 2079 2249 2295 2304; x_wconf 88' lang='lat' dir='ltr'><strong>etiamsi</strong></span> <span class='ocrx_word' id='word_1_393' title='bbox 2318 2249 2501 2304; x_wconf 91' lang='lat' dir='ltr'><strong>carnis</strong></span> <span class='ocrx_word' id='word_1_394' title='bbox 2523 2249 2817 2319; x_wconf 83' lang='lat' dir='ltr'><strong>petulantia</strong></span> <span class='ocrx_word' id='word_1_395' title='bbox 2863 2250 3035 2303; x_wconf 87' lang='lat' dir='ltr'><strong>victus</strong></span> <span class='ocrx_word' id='word_1_396' title='bbox 3068 2249 3247 2313; x_wconf 84' lang='lat' dir='ltr'><strong>vellet,</strong></span> <span class='ocrx_word' id='word_1_397' title='bbox 3274 2251 3497 2304; x_wconf 85' lang='lat' dir='ltr'><strong>omnino</strong></span> 
     </span>
    </p>
   </div>
   <div class='ocr_carea' id='block_1_54' title="bbox 1910 2338 3498 2412">
    <p class='ocr_par' dir='ltr' id='par_1_54' title="bbox 1910 2338 3498 2412">
     <span class='ocr_line' id='line_1_54' title="bbox 1910 2338 3498 2412; baseline 0.003 -19"><span class='ocrx_word' id='word_1_398' title='bbox 1910 2339 2162 2408; x_wconf 87' lang='lat' dir='ltr'><strong>nequiret</strong></span> <span class='ocrx_word' id='word_1_399' title='bbox 2194 2340 2443 2394; x_wconf 88' lang='lat' dir='ltr'><strong>evadere.</strong></span> <span class='ocrx_word' id='word_1_400' title='bbox 2494 2338 2845 2395; x_wconf 86' lang='lat' dir='ltr'><strong>Publicanum</strong></span> <span class='ocrx_word' id='word_1_401' title='bbox 2906 2355 2965 2395; x_wconf 89' lang='lat' dir='ltr'><strong>se</strong></span> <span class='ocrx_word' id='word_1_402' title='bbox 2991 2342 3135 2396; x_wconf 91' lang='lat' dir='ltr'><strong>enim</strong></span> <span class='ocrx_word' id='word_1_403' title='bbox 3169 2351 3223 2398; x_wconf 90' lang='lat' dir='ltr'><strong>et</strong></span> <span class='ocrx_word' id='word_1_404' title='bbox 3250 2352 3498 2412; x_wconf 84' lang='lat' dir='ltr'><strong>peceato-</strong></span> 
     </span>
    </p>
   </div>
   <div class='ocr_carea' id='block_1_55' title="bbox 1910 2430 3495 2500">
    <p class='ocr_par' dir='ltr' id='par_1_55' title="bbox 1910 2430 3495 2500">
     <span class='ocr_line' id='line_1_55' title="bbox 1910 2430 3495 2500; baseline 0.003 -16"><span class='ocrx_word' id='word_1_405' title='bbox 1910 2446 2025 2485; x_wconf 88' lang='lat' dir='ltr'><strong>rem</strong></span> <span class='ocrx_word' id='word_1_406' title='bbox 2059 2430 2201 2485; x_wconf 90' lang='lat' dir='ltr'><strong>ultra</strong></span> <span class='ocrx_word' id='word_1_407' title='bbox 2244 2446 2433 2487; x_wconf 88' lang='lat' dir='ltr'><strong>omnes</strong></span> <span class='ocrx_word' id='word_1_408' title='bbox 2464 2430 2767 2500; x_wconf 86' lang='lat' dir='ltr'><strong>dijudicans</strong></span> <span class='ocrx_word' id='word_1_409' title='bbox 2812 2434 3077 2497; x_wconf 88' lang='lat' dir='ltr'><strong>homines,</strong></span> <span class='ocrx_word' id='word_1_410' title='bbox 3118 2433 3360 2489; x_wconf 73' lang='lat' dir='ltr'><strong>ecclesire</strong></span> <span class='ocrx_word' id='word_1_411' title='bbox 3392 2435 3495 2489; x_wconf 92' lang='lat' dir='ltr'><strong>sihi</strong></span> 
     </span>
    </p>
   </div>
   <div class='ocr_carea' id='block_1_56' title="bbox 1912 2522 3491 2595">
    <p class='ocr_par' dir='ltr' id='par_1_56' title="bbox 1912 2522 3491 2595">
     <span class='ocr_line' id='line_1_56' title="bbox 1912 2522 3491 2595; baseline 0.002 -20"><span class='ocrx_word' id='word_1_412' title='bbox 1912 2522 2095 2577; x_wconf 82' lang='lat' dir='ltr'><strong>limina</strong></span> <span class='ocrx_word' id='word_1_413' title='bbox 2124 2522 2396 2577; x_wconf 79' lang='lat' dir='ltr'><strong>obstruxit</strong></span> <span class='ocrx_word' id='word_1_414' title='bbox 2429 2544 2440 2575; x_wconf 85' lang='lat'><strong><em>:</em></strong></span> <span class='ocrx_word' id='word_1_415' title='bbox 2472 2539 2500 2576; x_wconf 89' lang='lat' dir='ltr'><strong>a</strong></span> <span class='ocrx_word' id='word_1_416' title='bbox 2542 2523 2697 2593; x_wconf 83' lang='lat' dir='ltr'><strong>longe</strong></span> <span class='ocrx_word' id='word_1_417' title='bbox 2744 2533 2801 2577; x_wconf 94' lang='lat' dir='ltr'><strong>ut</strong></span> <span class='ocrx_word' id='word_1_418' title='bbox 2844 2524 3059 2589; x_wconf 83' lang='lat' dir='ltr'><strong>stando,</strong></span> <span class='ocrx_word' id='word_1_419' title='bbox 3096 2524 3257 2589; x_wconf 83' lang='lat' dir='ltr'><strong>Deus,</strong></span> <span class='ocrx_word' id='word_1_420' title='bbox 3310 2527 3491 2595; x_wconf 66' lang='grc' dir='ltr'><strong>ιγνορὶ-</strong></span> 
     </span>
    </p>
   </div>
   <div class='ocr_carea' id='block_1_57' title="bbox 1910 2611 3497 2684">
    <p class='ocr_par' dir='ltr' id='par_1_57' title="bbox 1910 2611 3497 2684">
     <span class='ocr_line' id='line_1_57' title="bbox 1910 2611 3497 2684; baseline 0.002 -21"><span class='ocrx_word' id='word_1_421' title='bbox 1910 2613 2014 2666; x_wconf 84' lang='lat' dir='ltr'><strong>tius</strong></span> <span class='ocrx_word' id='word_1_422' title='bbox 2062 2623 2171 2666; x_wconf 87' lang='lat' dir='ltr'><strong>esto</strong></span> <span class='ocrx_word' id='word_1_423' title='bbox 2220 2612 2348 2666; x_wconf 84' lang='lat' dir='ltr'><strong>mihi</strong></span> <span class='ocrx_word' id='word_1_424' title='bbox 2393 2613 2657 2682; x_wconf 82' lang='lat' dir='ltr'><strong>peccatori</strong></span> <span class='ocrx_word' id='word_1_425' title='bbox 2704 2611 2853 2683; x_wconf 85' lang='lat' dir='ltr'><strong>(Luc.</strong></span> <span class='ocrx_word' id='word_1_426' title='bbox 2908 2614 3363 2684; x_wconf 73' lang='lat' dir='ltr'><strong>xvm,15),cum</strong></span> <span class='ocrx_word' id='word_1_427' title='bbox 3404 2614 3497 2668; x_wconf 88' lang='lat' dir='ltr'><strong>illo</strong></span> 
     </span>
    </p>
   </div>
   <div class='ocr_carea' id='block_1_58' title="bbox 1909 2704 3493 2779">
    <p class='ocr_par' dir='ltr' id='par_1_58' title="bbox 1909 2704 3493 2779">
     <span class='ocr_line' id='line_1_58' title="bbox 1909 2704 3493 2779; baseline 0.002 -20"><span class='ocrx_word' id='word_1_428' title='bbox 1909 2706 2016 2760; x_wconf 92' lang='lat' dir='ltr'><strong>alio</strong></span> <span class='ocrx_word' id='word_1_429' title='bbox 2052 2706 2481 2761; x_wconf 85' lang='lat' dir='ltr'><strong>misericorditer</strong></span> <span class='ocrx_word' id='word_1_430' title='bbox 2530 2704 2827 2775; x_wconf 87' lang='lat' dir='ltr'><strong>justilicato</strong></span> <span class='ocrx_word' id='word_1_431' title='bbox 2868 2718 3046 2763; x_wconf 77' lang='lat' dir='ltr'><strong>posset</strong></span> <span class='ocrx_word' id='word_1_432' title='bbox 3072 2706 3329 2773; x_wconf 90' lang='lat' dir='ltr'><strong>clamare,</strong></span> <span class='ocrx_word' id='word_1_433' title='bbox 3366 2724 3493 2779; x_wconf 87' lang='lat' dir='ltr'><strong>pro-</strong></span> 
     </span>
    </p>
   </div>
   <div class='ocr_carea' id='block_1_59' title="bbox 1910 2796 2599 2867">
    <p class='ocr_par' dir='ltr' id='par_1_59' title="bbox 1910 2796 2599 2867">
     <span class='ocr_line' id='line_1_59' title="bbox 1910 2796 2599 2867; baseline 0.009 -20"><span class='ocrx_word' id='word_1_434' title='bbox 1910 2796 2042 2851; x_wconf 86' lang='lat' dir='ltr'><strong>vidit</strong></span> <span class='ocrx_word' id='word_1_435' title='bbox 2077 2796 2248 2867; x_wconf 74' lang='grc'>(646).</span> <span class='ocrx_word' id='word_1_436' title='bbox 2316 2814 2319 2817; x_wconf 56' lang='grc' dir='ltr'><strong><em>λ</em></strong></span> <span class='ocrx_word' id='word_1_437' title='bbox 2586 2848 2599 2865; x_wconf 25' lang='grc' dir='ltr'><strong>,ί</strong></span> 
     </span>
    </p>
   </div>
   <div class='ocr_carea' id='block_1_60' title="bbox 1980 2888 3499 2962">
    <p class='ocr_par' dir='ltr' id='par_1_60' title="bbox 1980 2888 3499 2962">
     <span class='ocr_line' id='line_1_60' title="bbox 1980 2888 3499 2962; baseline 0.002 -18"><span class='ocrx_word' id='word_1_438' title='bbox 1980 2889 2032 2944; x_wconf 82' lang='grc'><strong>6.</strong></span> <span class='ocrx_word' id='word_1_439' title='bbox 2077 2888 2185 2945; x_wconf 89' lang='lat' dir='ltr'><strong>Sed</strong></span> <span class='ocrx_word' id='word_1_440' title='bbox 2235 2905 2332 2945; x_wconf 92' lang='lat' dir='ltr'><strong>cur</strong></span> <span class='ocrx_word' id='word_1_441' title='bbox 2368 2906 2467 2960; x_wconf 88' lang='lat' dir='ltr'><strong>pro</strong></span> <span class='ocrx_word' id='word_1_442' title='bbox 2512 2906 2737 2962; x_wconf 86' lang='lat' dir='ltr'><strong>magno,</strong></span> <span class='ocrx_word' id='word_1_443' title='bbox 2794 2890 2937 2960; x_wconf 85' lang='lat' dir='ltr'><strong>quod</strong></span> <span class='ocrx_word' id='word_1_444' title='bbox 2982 2893 3233 2946; x_wconf 78' lang='lat' dir='ltr'><strong>convenit</strong></span> <span class='ocrx_word' id='word_1_445' title='bbox 3277 2892 3499 2948; x_wconf 87' lang='lat' dir='ltr'><strong>minime</strong></span> 
     </span>
    </p>
   </div>
   <div class='ocr_carea' id='block_1_61' title="bbox 1909 2985 3495 3057">
    <p class='ocr_par' dir='ltr' id='par_1_61' title="bbox 1909 2985 3495 3057">
     <span class='ocr_line' id='line_1_61' title="bbox 1909 2985 3495 3057; baseline 0.001 -18"><span class='ocrx_word' id='word_1_446' title='bbox 1909 2986 2140 3040; x_wconf 79' lang='lat' dir='ltr'><strong>stando?</strong></span> <span class='ocrx_word' id='word_1_447' title='bbox 2167 2985 2323 3056; x_wconf 90' lang='lat' dir='ltr'><strong>quasi</strong></span> <span class='ocrx_word' id='word_1_448' title='bbox 2352 2994 2501 3051; x_wconf 86' lang='lat' dir='ltr'><strong>ante,</strong></span> <span class='ocrx_word' id='word_1_449' title='bbox 2553 2986 2637 3041; x_wconf 89' lang='lat' dir='ltr'><strong>vel</strong></span> <span class='ocrx_word' id='word_1_450' title='bbox 2677 2996 2798 3057; x_wconf 86' lang='lat' dir='ltr'><strong>post</strong></span> <span class='ocrx_word' id='word_1_451' title='bbox 2820 3000 3148 3056; x_wconf 88' lang='lat' dir='ltr'><strong>quemquam</strong></span> <span class='ocrx_word' id='word_1_452' title='bbox 3188 2994 3495 3041; x_wconf 89' lang='lat' dir='ltr'><strong>nostratum</strong></span> 
     </span>
    </p>
   </div>
   <div class='ocr_carea' id='block_1_62' title="bbox 212 3066 3501 3153">
    <p class='ocr_par' dir='ltr' id='par_1_62' title="bbox 212 3066 3501 3153">
     <span class='ocr_line' id='line_1_62' title="bbox 212 3066 3501 3153; baseline 0.002 -25"><span class='ocrx_word' id='word_1_453' title='bbox 212 3073 485 3129; x_wconf 90' lang='lat' dir='ltr'><strong>curricula</strong></span> <span class='ocrx_word' id='word_1_454' title='bbox 508 3090 608 3145; x_wconf 80' lang='lat' dir='ltr'><strong>pro</strong></span> <span class='ocrx_word' id='word_1_455' title='bbox 629 3072 916 3130; x_wconf 84' lang='lat' dir='ltr'><strong>devotione</strong></span> <span class='ocrx_word' id='word_1_456' title='bbox 936 3074 1204 3129; x_wconf 90' lang='lat' dir='ltr'><strong>consimili</strong></span> <span class='ocrx_word' id='word_1_457' title='bbox 1234 3073 1413 3127; x_wconf 87' lang='lat' dir='ltr'><strong>nullus</strong></span> <span class='ocrx_word' id='word_1_458' title='bbox 1445 3074 1549 3127; x_wconf 93' lang='lat' dir='ltr'><strong>hoc</strong></span> <span class='ocrx_word' id='word_1_459' title='bbox 1581 3072 1804 3127; x_wconf 87' lang='lat' dir='ltr'><strong>meruis-</strong></span> <span class='ocrx_word' id='word_1_460' title='bbox 1831 3066 1877 3129; x_wconf 89' lang='lat' dir='ltr'><strong>C</strong></span> <span class='ocrx_word' id='word_1_461' title='bbox 1912 3081 2014 3136; x_wconf 81' lang='lat' dir='ltr'><strong>sibi</strong></span> <span class='ocrx_word' id='word_1_462' title='bbox 2048 3082 2145 3153; x_wconf 86' lang='lat' dir='ltr'><strong>ipsi</strong></span> <span class='ocrx_word' id='word_1_463' title='bbox 2188 3081 2423 3151; x_wconf 81' lang='lat' dir='ltr'><strong>aliquem</strong></span> <span class='ocrx_word' id='word_1_464' title='bbox 2452 3080 2612 3150; x_wconf 81' lang='lat' dir='ltr'><strong>hujus</strong></span> <span class='ocrx_word' id='word_1_465' title='bbox 2652 3081 3025 3136; x_wconf 65' lang='lat' dir='ltr'><strong>aestimationis</strong></span> <span class='ocrx_word' id='word_1_466' title='bbox 3065 3080 3331 3135; x_wconf 87' lang='lat' dir='ltr'><strong>audierim</strong></span> <span class='ocrx_word' id='word_1_467' title='bbox 3362 3080 3501 3134; x_wconf 89' lang='lat' dir='ltr'><strong>intu-</strong></span> 
     </span>
    </p>
   </div>
   <div class='ocr_carea' id='block_1_63' title="bbox 213 3162 1804 3233">
    <p class='ocr_par' dir='ltr' id='par_1_63' title="bbox 213 3162 1804 3233">
     <span class='ocr_line' id='line_1_63' title="bbox 213 3162 1804 3233; baseline 0 -15"><span class='ocrx_word' id='word_1_468' title='bbox 213 3172 297 3218; x_wconf 82' lang='lat' dir='ltr'><strong>set</strong></span> <span class='ocrx_word' id='word_1_469' title='bbox 322 3173 558 3228; x_wconf 87' lang='lat' dir='ltr'><strong>tuorum,</strong></span> <span class='ocrx_word' id='word_1_470' title='bbox 589 3165 888 3219; x_wconf 88' lang='lat' dir='ltr'><strong>cavendum</strong></span> <span class='ocrx_word' id='word_1_471' title='bbox 929 3178 995 3218; x_wconf 91' lang='lat' dir='ltr'><strong>ne</strong></span> <span class='ocrx_word' id='word_1_472' title='bbox 1040 3163 1161 3219; x_wconf 77' lang='grc' dir='ltr'><strong>οωιὶ</strong></span> <span class='ocrx_word' id='word_1_473' title='bbox 1212 3163 1447 3218; x_wconf 80' lang='lat' dir='ltr'><strong>videaris</strong></span> <span class='ocrx_word' id='word_1_474' title='bbox 1474 3162 1804 3233; x_wconf 83' lang='lat' dir='ltr'><strong>profectibus</strong></span> 
     </span>
    </p>
   </div>
   <div class='ocr_carea' id='block_1_64' title="bbox 214 3252 1805 3323">
    <p class='ocr_par' dir='ltr' id='par_1_64' title="bbox 214 3252 1805 3323">
     <span class='ocr_line' id='line_1_64' title="bbox 214 3252 1805 3323; baseline 0.001 -18"><span class='ocrx_word' id='word_1_475' title='bbox 214 3252 376 3319; x_wconf 77' lang='lat' dir='ltr'><strong>aﬂici,</strong></span> <span class='ocrx_word' id='word_1_476' title='bbox 429 3254 645 3308; x_wconf 87' lang='lat' dir='ltr'><strong>damnis</strong></span> <span class='ocrx_word' id='word_1_477' title='bbox 688 3253 881 3308; x_wconf 65' lang='lat' dir='ltr'><strong>laatari.</strong></span> <span class='ocrx_word' id='word_1_478' title='bbox 942 3253 1056 3308; x_wconf 91' lang='lat' dir='ltr'><strong>lloe</strong></span> <span class='ocrx_word' id='word_1_479' title='bbox 1099 3253 1317 3323; x_wconf 88' lang='lat' dir='ltr'><strong>quippe,</strong></span> <span class='ocrx_word' id='word_1_480' title='bbox 1362 3253 1504 3323; x_wconf 89' lang='lat' dir='ltr'><strong>quod</strong></span> <span class='ocrx_word' id='word_1_481' title='bbox 1532 3261 1805 3307; x_wconf 88' lang='lat' dir='ltr'><strong>monstras</strong></span> 
     </span>
    </p>
   </div>
   <div class='ocr_carea' id='block_1_65' title="bbox 214 3345 1802 3417">
    <p class='ocr_par' dir='ltr' id='par_1_65' title="bbox 214 3345 1802 3417">
     <span class='ocr_line' id='line_1_65' title="bbox 214 3345 1802 3417; baseline 0.001 -18"><span class='ocrx_word' id='word_1_482' title='bbox 214 3346 486 3415; x_wconf 81' lang='lat' dir='ltr'><strong>exemplo,</strong></span> <span class='ocrx_word' id='word_1_483' title='bbox 514 3361 615 3401; x_wconf 91' lang='lat' dir='ltr'><strong>nec</strong></span> <span class='ocrx_word' id='word_1_484' title='bbox 651 3347 792 3417; x_wconf 87' lang='lat' dir='ltr'><strong>apud</strong></span> <span class='ocrx_word' id='word_1_485' title='bbox 821 3356 873 3401; x_wconf 88' lang='lat' dir='ltr'><strong>te</strong></span> <span class='ocrx_word' id='word_1_486' title='bbox 904 3346 1004 3411; x_wconf 90' lang='lat' dir='ltr'><strong>vis,</strong></span> <span class='ocrx_word' id='word_1_487' title='bbox 1040 3361 1141 3401; x_wconf 91' lang='lat' dir='ltr'><strong>nec</strong></span> <span class='ocrx_word' id='word_1_488' title='bbox 1194 3345 1387 3401; x_wconf 89' lang='lat' dir='ltr'><strong>alicubi</strong></span> <span class='ocrx_word' id='word_1_489' title='bbox 1421 3346 1678 3400; x_wconf 90' lang='lat' dir='ltr'><strong>honorem</strong></span> <span class='ocrx_word' id='word_1_490' title='bbox 1705 3346 1802 3400; x_wconf 87' lang='lat' dir='ltr'><strong>ha-</strong></span> 
     </span>
    </p>
   </div>
   <div class='ocr_carea' id='block_1_66' title="bbox 216 3434 599 3491">
    <p class='ocr_par' dir='ltr' id='par_1_66' title="bbox 216 3434 599 3491">
     <span class='ocr_line' id='line_1_66' title="bbox 216 3434 599 3491; baseline 0.003 -1"><span class='ocrx_word' id='word_1_491' title='bbox 216 3434 384 3491; x_wconf 80' lang='lat' dir='ltr'><strong>beant</strong></span> <span class='ocrx_word' id='word_1_492' title='bbox 405 3436 599 3491; x_wconf 87' lang='lat' dir='ltr'><strong>sancti.</strong></span> 
     </span>
    </p>
   </div>
   <div class='ocr_carea' id='block_1_67' title="bbox 290 3526 1809 3600">
    <p class='ocr_par' dir='ltr' id='par_1_67' title="bbox 290 3526 1809 3600">
     <span class='ocr_line' id='line_1_67' title="bbox 290 3526 1809 3600; baseline 0.002 -18"><span class='ocrx_word' id='word_1_493' title='bbox 290 3527 347 3582; x_wconf 83' lang='lat'><strong>5.</strong></span> <span class='ocrx_word' id='word_1_494' title='bbox 379 3526 425 3583; x_wconf 90' lang='grc'>0</span> <span class='ocrx_word' id='word_1_495' title='bbox 454 3538 631 3583; x_wconf 86' lang='lat' dir='ltr'><strong>autem</strong></span> <span class='ocrx_word' id='word_1_496' title='bbox 662 3543 858 3598; x_wconf 85' lang='lat' dir='ltr'><strong>magna</strong></span> <span class='ocrx_word' id='word_1_497' title='bbox 898 3527 1131 3595; x_wconf 85' lang='lat' dir='ltr'><strong>Verona,</strong></span> <span class='ocrx_word' id='word_1_498' title='bbox 1161 3530 1285 3583; x_wconf 90' lang='lat' dir='ltr'><strong>villa</strong></span> <span class='ocrx_word' id='word_1_499' title='bbox 1316 3531 1588 3600; x_wconf 89' lang='lat' dir='ltr'><strong>quondam</strong></span> <span class='ocrx_word' id='word_1_500' title='bbox 1630 3530 1809 3585; x_wconf 85' lang='lat' dir='ltr'><strong>Plato-</strong></span> 
     </span>
    </p>
   </div>
   <div class='ocr_carea' id='block_1_68' title="bbox 215 3619 1811 3693">
    <p class='ocr_par' dir='ltr' id='par_1_68' title="bbox 215 3619 1811 3693">
     <span class='ocr_line' id='line_1_68' title="bbox 215 3619 1811 3693; baseline 0.001 -18"><span class='ocrx_word' id='word_1_501' title='bbox 215 3620 340 3676; x_wconf 89' lang='lat' dir='ltr'><strong>nica</strong></span> <span class='ocrx_word' id='word_1_502' title='bbox 366 3619 454 3674; x_wconf 77' lang='lat' dir='ltr'><strong>illa</strong></span> <span class='ocrx_word' id='word_1_503' title='bbox 486 3621 732 3686; x_wconf 81' lang='lat' dir='ltr'><strong>Athenis,</strong></span> <span class='ocrx_word' id='word_1_504' title='bbox 760 3621 843 3676; x_wconf 88' lang='lat' dir='ltr'><strong>vel</strong></span> <span class='ocrx_word' id='word_1_505' title='bbox 871 3620 1039 3678; x_wconf 87' lang='lat' dir='ltr'><strong>altera</strong></span> <span class='ocrx_word' id='word_1_506' title='bbox 1068 3638 1178 3692; x_wconf 65' lang='lat' dir='ltr'><strong>pra;</strong></span> <span class='ocrx_word' id='word_1_507' title='bbox 1216 3622 1562 3677; x_wconf 80' lang='lat' dir='ltr'><strong>multitudine</strong></span> <span class='ocrx_word' id='word_1_508' title='bbox 1594 3623 1811 3693; x_wconf 88' lang='lat' dir='ltr'><strong>sapien-</strong></span> 
     </span>
    </p>
   </div>
   <div class='ocr_carea' id='block_1_69' title="bbox 217 3713 1809 3784">
    <p class='ocr_par' dir='ltr' id='par_1_69' title="bbox 217 3713 1809 3784">
     <span class='ocr_line' id='line_1_69' title="bbox 217 3713 1809 3784; baseline 0.001 -17"><span class='ocrx_word' id='word_1_509' title='bbox 217 3714 354 3768; x_wconf 89' lang='lat' dir='ltr'><strong>tiutn</strong></span> <span class='ocrx_word' id='word_1_510' title='bbox 404 3713 703 3778; x_wconf 61' lang='lat' dir='ltr'><strong>aestimata,</strong></span> <span class='ocrx_word' id='word_1_511' title='bbox 747 3715 1091 3784; x_wconf 87' lang='lat' dir='ltr'><strong>grandisouis</strong></span> <span class='ocrx_word' id='word_1_512' title='bbox 1138 3724 1385 3769; x_wconf 88' lang='lat' dir='ltr'><strong>sanctum</strong></span> <span class='ocrx_word' id='word_1_513' title='bbox 1443 3723 1591 3767; x_wconf 91' lang='lat' dir='ltr'><strong>tuum</strong></span> <span class='ocrx_word' id='word_1_514' title='bbox 1638 3729 1809 3784; x_wconf 84' lang='lat' dir='ltr'><strong>quare</strong></span> 
     </span>
    </p>
   </div>
   <div class='ocr_carea' id='block_1_70' title="bbox 221 3805 1808 3877">
    <p class='ocr_par' dir='ltr' id='par_1_70' title="bbox 221 3805 1808 3877">
     <span class='ocr_line' id='line_1_70' title="bbox 221 3805 1808 3877; baseline 0 -15"><span class='ocrx_word' id='word_1_515' title='bbox 221 3822 328 3862; x_wconf 86' lang='lat' dir='ltr'><strong>non</strong></span> <span class='ocrx_word' id='word_1_516' title='bbox 357 3805 624 3861; x_wconf 76' lang='lat' dir='ltr'><strong>extuleras</strong></span> <span class='ocrx_word' id='word_1_517' title='bbox 649 3806 864 3861; x_wconf 86' lang='lat' dir='ltr'><strong>modis?</strong></span> <span class='ocrx_word' id='word_1_518' title='bbox 910 3806 1019 3862; x_wconf 89' lang='lat' dir='ltr'><strong>Cur</strong></span> <span class='ocrx_word' id='word_1_519' title='bbox 1073 3807 1364 3874; x_wconf 82' lang='lat' dir='ltr'><strong>mirabilia,</strong></span> <span class='ocrx_word' id='word_1_520' title='bbox 1397 3822 1516 3877; x_wconf 63' lang='lat' dir='ltr'><strong>quae</strong></span> <span class='ocrx_word' id='word_1_521' title='bbox 1564 3822 1661 3877; x_wconf 86' lang='lat' dir='ltr'><strong>per</strong></span> <span class='ocrx_word' id='word_1_522' title='bbox 1686 3823 1808 3862; x_wconf 90' lang='lat' dir='ltr'><strong>eum</strong></span> 
     </span>
    </p>
   </div>
   <div class='ocr_carea' id='block_1_71' title="bbox 221 3895 1810 3968">
    <p class='ocr_par' dir='ltr' id='par_1_71' title="bbox 221 3895 1810 3968">
     <span class='ocr_line' id='line_1_71' title="bbox 221 3895 1810 3968; baseline -0.003 -16"><span class='ocrx_word' id='word_1_523' title='bbox 221 3897 368 3952; x_wconf 88' lang='lat' dir='ltr'><strong>Deus</strong></span> <span class='ocrx_word' id='word_1_524' title='bbox 390 3895 566 3949; x_wconf 81' lang='lat' dir='ltr'><strong>fuerat</strong></span> <span class='ocrx_word' id='word_1_525' title='bbox 593 3906 871 3965; x_wconf 78' lang='lat' dir='ltr'><strong>operatus,</strong></span> <span class='ocrx_word' id='word_1_526' title='bbox 901 3897 1002 3951; x_wconf 90' lang='lat' dir='ltr'><strong>etsi</strong></span> <span class='ocrx_word' id='word_1_527' title='bbox 1037 3913 1141 3952; x_wconf 92' lang='lat' dir='ltr'><strong>non</strong></span> <span class='ocrx_word' id='word_1_528' title='bbox 1168 3898 1394 3952; x_wconf 88' lang='lat' dir='ltr'><strong>metrico</strong></span> <span class='ocrx_word' id='word_1_529' title='bbox 1455 3896 1591 3968; x_wconf 86' lang='lat' dir='ltr'><strong>stylo</strong></span> <span class='ocrx_word' id='word_1_530' title='bbox 1624 3896 1810 3968; x_wconf 83' lang='lat' dir='ltr'><strong>vulga-</strong></span> 
     </span>
    </p>
   </div>
   <div class='ocr_carea' id='block_1_72' title="bbox 223 3987 1811 4062">
    <p class='ocr_par' dir='ltr' id='par_1_72' title="bbox 223 3987 1811 4062">
     <span class='ocr_line' id='line_1_72' title="bbox 223 3987 1811 4062; baseline 0.001 -19"><span class='ocrx_word' id='word_1_531' title='bbox 223 4003 317 4043; x_wconf 82' lang='lat' dir='ltr'><strong>ras</strong></span> <span class='ocrx_word' id='word_1_532' title='bbox 345 3987 535 4041; x_wconf 83' lang='lat' dir='ltr'><strong>saltent</strong></span> <span class='ocrx_word' id='word_1_533' title='bbox 572 3990 858 4060; x_wconf 87' lang='lat' dir='ltr'><strong>prosaico?</strong></span> <span class='ocrx_word' id='word_1_534' title='bbox 888 3989 1039 4058; x_wconf 87' lang='lat' dir='ltr'><strong>Quod</strong></span> <span class='ocrx_word' id='word_1_535' title='bbox 1098 3990 1249 4062; x_wconf 86' lang='lat' dir='ltr'><strong>plebs</strong></span> <span class='ocrx_word' id='word_1_536' title='bbox 1313 3991 1524 4047; x_wconf 90' lang='lat' dir='ltr'><strong>indocta</strong></span> <span class='ocrx_word' id='word_1_537' title='bbox 1564 3992 1811 4058; x_wconf 89' lang='lat' dir='ltr'><strong>canebat,</strong></span> 
     </span>
    </p>
   </div>
   <div class='ocr_carea' id='block_1_73' title="bbox 224 4079 1816 4152">
    <p class='ocr_par' dir='ltr' id='par_1_73' title="bbox 224 4079 1816 4152">
     <span class='ocr_line' id='line_1_73' title="bbox 224 4079 1816 4152; baseline 0.001 -18"><span class='ocrx_word' id='word_1_538' title='bbox 224 4079 542 4134; x_wconf 83' lang='lat' dir='ltr'><strong>honoratius</strong></span> <span class='ocrx_word' id='word_1_539' title='bbox 559 4087 636 4144; x_wconf 83' lang='grc' dir='ltr'><strong>ιιι,</strong></span> <span class='ocrx_word' id='word_1_540' title='bbox 653 4080 839 4146; x_wconf 90' lang='lat' dir='ltr'><strong>crede,</strong></span> <span class='ocrx_word' id='word_1_541' title='bbox 857 4082 1098 4152; x_wconf 86' lang='lat' dir='ltr'><strong>legisses,</strong></span> <span class='ocrx_word' id='word_1_542' title='bbox 1112 4090 1284 4137; x_wconf 71' lang='lat' dir='ltr'><strong>ettere</strong></span> <span class='ocrx_word' id='word_1_543' title='bbox 1298 4081 1619 4151; x_wconf 86' lang='lat' dir='ltr'><strong>Taphnitico</strong></span> <span class='ocrx_word' id='word_1_544' title='bbox 1645 4082 1816 4137; x_wconf 86' lang='lat' dir='ltr'><strong>taber-</strong></span> 
     </span>
    </p>
   </div>
   <div class='ocr_carea' id='block_1_74' title="bbox 223 4169 1816 4245">
    <p class='ocr_par' dir='ltr' id='par_1_74' title="bbox 223 4169 1816 4245">
     <span class='ocr_line' id='line_1_74' title="bbox 223 4169 1816 4245; baseline 0.001 -20"><span class='ocrx_word' id='word_1_545' title='bbox 223 4169 473 4245; x_wconf 85' lang='lat' dir='ltr'><strong>naculum</strong></span> <span class='ocrx_word' id='word_1_546' title='bbox 491 4171 595 4225; x_wconf 89' lang='lat' dir='ltr'><strong>hoc</strong></span> <span class='ocrx_word' id='word_1_547' title='bbox 611 4171 701 4225; x_wconf 91' lang='lat' dir='ltr'><strong>Dei</strong></span> <span class='ocrx_word' id='word_1_548' title='bbox 728 4188 999 4237; x_wconf 88' lang='lat' dir='ltr'><strong>ornasses,</strong></span> <span class='ocrx_word' id='word_1_549' title='bbox 1020 4173 1243 4228; x_wconf 87' lang='lat' dir='ltr'><strong>Gesseni</strong></span> <span class='ocrx_word' id='word_1_550' title='bbox 1267 4182 1320 4229; x_wconf 91' lang='lat' dir='ltr'><strong>et</strong></span> <span class='ocrx_word' id='word_1_551' title='bbox 1361 4173 1503 4243; x_wconf 86' lang='lat' dir='ltr'><strong>quod</strong></span> <span class='ocrx_word' id='word_1_552' title='bbox 1541 4182 1816 4228; x_wconf 86' lang='lat' dir='ltr'><strong>mutnave-</strong></span> 
     </span>
    </p>
   </div>
   <div class='ocr_carea' id='block_1_75' title="bbox 227 4262 1814 4336">
    <p class='ocr_par' dir='ltr' id='par_1_75' title="bbox 227 4262 1814 4336">
     <span class='ocr_line' id='line_1_75' title="bbox 227 4262 1814 4336; baseline 0 -19"><span class='ocrx_word' id='word_1_553' title='bbox 227 4272 309 4317; x_wconf 84' lang='lat' dir='ltr'><strong>rat</strong></span> <span class='ocrx_word' id='word_1_554' title='bbox 346 4262 567 4330; x_wconf 85' lang='lat' dir='ltr'><strong>cespitis</strong></span> <span class='ocrx_word' id='word_1_555' title='bbox 605 4263 1137 4336; x_wconf 54' lang='lat' dir='ltr'><strong>cultorqargentovel</strong></span> <span class='ocrx_word' id='word_1_556' title='bbox 1161 4280 1293 4318; x_wconf 87' lang='lat' dir='ltr'><strong>auro</strong></span> <span class='ocrx_word' id='word_1_557' title='bbox 1308 4263 1814 4335; x_wconf 67' lang='lat' dir='ltr'><strong>compsisses(6M).</strong></span> 
     </span>
    </p>
   </div>
   <div class='ocr_carea' id='block_1_76' title="bbox 225 4340 1818 4425">
    <p class='ocr_par' dir='ltr' id='par_1_76' title="bbox 225 4340 1818 4425">
     <span class='ocr_line' id='line_1_76' title="bbox 225 4340 1818 4425; baseline -0.001 -16"><span class='ocrx_word' id='word_1_558' title='bbox 225 4354 357 4409; x_wconf 78' lang='lat' dir='ltr'><strong>Nam</strong></span> <span class='ocrx_word' id='word_1_559' title='bbox 406 4350 476 4406; x_wconf 90' lang='lat' dir='ltr'><strong>ad</strong></span> <span class='ocrx_word' id='word_1_560' title='bbox 506 4350 743 4410; x_wconf 87' lang='lat' dir='ltr'><strong>dedecus</strong></span> <span class='ocrx_word' id='word_1_561' title='bbox 791 4354 867 4409; x_wconf 90' lang='lat' dir='ltr'><strong>tui</strong></span> <span class='ocrx_word' id='word_1_562' title='bbox 916 4370 1039 4409; x_wconf 91' lang='lat' dir='ltr'><strong>cum</strong></span> <span class='ocrx_word' id='word_1_563' title='bbox 1093 4355 1311 4424; x_wconf 88' lang='lat' dir='ltr'><strong>quidam</strong></span> <span class='ocrx_word' id='word_1_564' title='bbox 1340 4353 1624 4423; x_wconf 61' lang='lat' dir='ltr'><strong>praesulem</strong></span> <span class='ocrx_word' id='word_1_565' title='bbox 1669 4340 1818 4425; x_wconf 73' lang='grc'>(645)</span> 
     </span>
    </p>
   </div>
   <div class='ocr_carea' id='block_1_77' title="bbox 1913 3172 3501 3249">
    <p class='ocr_par' dir='ltr' id='par_1_77' title="bbox 1913 3172 3501 3249">
     <span class='ocr_line' id='line_1_77' title="bbox 1913 3172 3501 3249; baseline -0.002 -20"><span class='ocrx_word' id='word_1_566' title='bbox 1913 3176 2040 3249; x_wconf 83' lang='lat' dir='ltr'><strong>lisse</strong></span> <span class='ocrx_word' id='word_1_567' title='bbox 2076 3176 2421 3247; x_wconf 85' lang='lat' dir='ltr'><strong>martyrium.</strong></span> <span class='ocrx_word' id='word_1_568' title='bbox 2466 3173 2867 3245; x_wconf 76' lang='lat' dir='ltr'><strong>Congruentius</strong></span> <span class='ocrx_word' id='word_1_569' title='bbox 2910 3188 3041 3228; x_wconf 88' lang='lat' dir='ltr'><strong>sane</strong></span> <span class='ocrx_word' id='word_1_570' title='bbox 3085 3172 3321 3228; x_wconf 88' lang='lat' dir='ltr'><strong>dicerem</strong></span> <span class='ocrx_word' id='word_1_571' title='bbox 3354 3174 3501 3227; x_wconf 75' lang='lat' dir='ltr'><strong>colu-</strong></span> 
     </span>
    </p>
   </div>
   <div class='ocr_carea' id='block_1_78' title="bbox 1913 3267 3502 3334">
    <p class='ocr_par' dir='ltr' id='par_1_78' title="bbox 1913 3267 3502 3334">
     <span class='ocr_line' id='line_1_78' title="bbox 1913 3267 3502 3334; baseline 0 -12"><span class='ocrx_word' id='word_1_572' title='bbox 1913 3269 2095 3334; x_wconf 84' lang='lat' dir='ltr'><strong>tando,</strong></span> <span class='ocrx_word' id='word_1_573' title='bbox 2127 3284 2236 3324; x_wconf 88' lang='lat' dir='ltr'><strong>non</strong></span> <span class='ocrx_word' id='word_1_574' title='bbox 2254 3269 2398 3323; x_wconf 89' lang='lat' dir='ltr'><strong>enim</strong></span> <span class='ocrx_word' id='word_1_575' title='bbox 2423 3277 2688 3325; x_wconf 87' lang='lat' dir='ltr'><strong>consonat</strong></span> <span class='ocrx_word' id='word_1_576' title='bbox 2709 3268 2921 3323; x_wconf 87' lang='lat' dir='ltr'><strong>stando.</strong></span> <span class='ocrx_word' id='word_1_577' title='bbox 2955 3267 3024 3323; x_wconf 90' lang='lat' dir='ltr'><strong>Ut</strong></span> <span class='ocrx_word' id='word_1_578' title='bbox 3048 3268 3191 3322; x_wconf 91' lang='lat' dir='ltr'><strong>enim</strong></span> <span class='ocrx_word' id='word_1_579' title='bbox 3219 3283 3311 3323; x_wconf 86' lang='lat' dir='ltr'><strong>eos</strong></span> <span class='ocrx_word' id='word_1_580' title='bbox 3336 3268 3502 3324; x_wconf 88' lang='lat' dir='ltr'><strong>omit-</strong></span> 
     </span>
    </p>
   </div>
   <div class='ocr_carea' id='block_1_79' title="bbox 1913 3359 3501 3430">
    <p class='ocr_par' dir='ltr' id='par_1_79' title="bbox 1913 3359 3501 3430">
     <span class='ocr_line' id='line_1_79' title="bbox 1913 3359 3501 3430; baseline 0.001 -16"><span class='ocrx_word' id='word_1_581' title='bbox 1913 3368 2045 3425; x_wconf 89' lang='lat' dir='ltr'><strong>tam,</strong></span> <span class='ocrx_word' id='word_1_582' title='bbox 2089 3361 2178 3430; x_wconf 92' lang='lat' dir='ltr'><strong>qui</strong></span> <span class='ocrx_word' id='word_1_583' title='bbox 2202 3360 2268 3415; x_wconf 86' lang='lat' dir='ltr'><strong>ad</strong></span> <span class='ocrx_word' id='word_1_584' title='bbox 2305 3369 2570 3426; x_wconf 84' lang='lat' dir='ltr'><strong>ventrem,</strong></span> <span class='ocrx_word' id='word_1_585' title='bbox 2597 3359 2680 3416; x_wconf 84' lang='lat' dir='ltr'><strong>vel</strong></span> <span class='ocrx_word' id='word_1_586' title='bbox 2731 3360 3071 3415; x_wconf 86' lang='lat' dir='ltr'><strong>stomachum</strong></span> <span class='ocrx_word' id='word_1_587' title='bbox 3120 3361 3353 3416; x_wconf 87' lang='lat' dir='ltr'><strong>attinent</strong></span> <span class='ocrx_word' id='word_1_588' title='bbox 3373 3376 3501 3416; x_wconf 89' lang='lat' dir='ltr'><strong>cru-</strong></span> 
     </span>
    </p>
   </div>
   <div class='ocr_carea' id='block_1_80' title="bbox 1914 3451 3501 3522">
    <p class='ocr_par' dir='ltr' id='par_1_80' title="bbox 1914 3451 3501 3522">
     <span class='ocr_line' id='line_1_80' title="bbox 1914 3451 3501 3522; baseline 0.001 -16"><span class='ocrx_word' id='word_1_589' title='bbox 1914 3453 2111 3517; x_wconf 85' lang='lat' dir='ltr'><strong>ciatus,</strong></span> <span class='ocrx_word' id='word_1_590' title='bbox 2149 3451 2541 3522; x_wconf 90' lang='lat' dir='ltr'><strong>(consideranti</strong></span> <span class='ocrx_word' id='word_1_591' title='bbox 2587 3452 2731 3505; x_wconf 90' lang='lat' dir='ltr'><strong>enim</strong></span> <span class='ocrx_word' id='word_1_592' title='bbox 2790 3462 2987 3507; x_wconf 66' lang='lat' dir='ltr'><strong>caetera</strong></span> <span class='ocrx_word' id='word_1_593' title='bbox 3042 3451 3172 3506; x_wconf 92' lang='lat' dir='ltr'><strong>illud</strong></span> <span class='ocrx_word' id='word_1_594' title='bbox 3223 3452 3501 3508; x_wconf 58' lang='lat' dir='ltr'><strong>aestimare</strong></span> 
     </span>
    </p>
   </div>
   <div class='ocr_carea' id='block_1_81' title="bbox 1916 3542 3501 3613">
    <p class='ocr_par' dir='ltr' id='par_1_81' title="bbox 1916 3542 3501 3613">
     <span class='ocr_line' id='line_1_81' title="bbox 1916 3542 3501 3613; baseline -0.001 -14"><span class='ocrx_word' id='word_1_595' title='bbox 1916 3544 2156 3613; x_wconf 88' lang='lat' dir='ltr'><strong>dimitto)</strong></span> <span class='ocrx_word' id='word_1_596' title='bbox 2182 3544 2249 3599; x_wconf 88' lang='lat' dir='ltr'><strong>ad</strong></span> <span class='ocrx_word' id='word_1_597' title='bbox 2275 3544 2548 3598; x_wconf 78' lang='lat' dir='ltr'><strong>exteriora</strong></span> <span class='ocrx_word' id='word_1_598' title='bbox 2572 3558 2889 3608; x_wconf 86' lang='lat' dir='ltr'><strong>conversus,</strong></span> <span class='ocrx_word' id='word_1_599' title='bbox 2916 3559 3131 3612; x_wconf 76' lang='lat' dir='ltr'><strong>pcenam</strong></span> <span class='ocrx_word' id='word_1_600' title='bbox 3159 3543 3262 3598; x_wconf 89' lang='lat' dir='ltr'><strong>sibi</strong></span> <span class='ocrx_word' id='word_1_601' title='bbox 3294 3542 3501 3598; x_wconf 90' lang='lat' dir='ltr'><strong>illatam</strong></span> 
     </span>
    </p>
   </div>
   <div class='ocr_carea' id='block_1_82' title="bbox 1918 3632 3507 3700">
    <p class='ocr_par' dir='ltr' id='par_1_82' title="bbox 1918 3632 3507 3700">
     <span class='ocr_line' id='line_1_82' title="bbox 1918 3632 3507 3700; baseline 0.001 -13"><span class='ocrx_word' id='word_1_602' title='bbox 1918 3634 2171 3699; x_wconf 81' lang='lat' dir='ltr'><strong>referam,</strong></span> <span class='ocrx_word' id='word_1_603' title='bbox 2213 3642 2267 3688; x_wconf 84' lang='lat' dir='ltr'><strong>et</strong></span> <span class='ocrx_word' id='word_1_604' title='bbox 2322 3632 2465 3688; x_wconf 89' lang='lat' dir='ltr'><strong>hanc</strong></span> <span class='ocrx_word' id='word_1_605' title='bbox 2506 3634 2824 3688; x_wconf 81' lang='lat' dir='ltr'><strong>inauditam.</strong></span> <span class='ocrx_word' id='word_1_606' title='bbox 2883 3632 3048 3700; x_wconf 90' lang='lat' dir='ltr'><strong>Quasi</strong></span> <span class='ocrx_word' id='word_1_607' title='bbox 3091 3634 3235 3688; x_wconf 80' lang='lat' dir='ltr'><strong>ettim</strong></span> <span class='ocrx_word' id='word_1_608' title='bbox 3284 3634 3507 3689; x_wconf 83' lang='lat' dir='ltr'><strong>tortoris</strong></span> 
     </span>
    </p>
   </div>
   <div class='ocr_carea' id='block_1_83' title="bbox 1918 3723 3502 3795">
    <p class='ocr_par' dir='ltr' id='par_1_83' title="bbox 1918 3723 3502 3795">
     <span class='ocr_line' id='line_1_83' title="bbox 1918 3723 3502 3795; baseline -0.001 -16"><span class='ocrx_word' id='word_1_609' title='bbox 1918 3724 2219 3795; x_wconf 80' lang='lat' dir='ltr'><strong>itttpiissimi</strong></span> <span class='ocrx_word' id='word_1_610' title='bbox 2272 3732 2328 3779; x_wconf 89' lang='lat' dir='ltr'><strong>et</strong></span> <span class='ocrx_word' id='word_1_611' title='bbox 2360 3723 2719 3779; x_wconf 66' lang='lat' dir='ltr'><strong>crudelissimi</strong></span> <span class='ocrx_word' id='word_1_612' title='bbox 2773 3723 2873 3778; x_wconf 89' lang='lat' dir='ltr'><strong>sibi</strong></span> <span class='ocrx_word' id='word_1_613' title='bbox 2925 3724 3129 3779; x_wconf 82' lang='lat' dir='ltr'><strong>diceret</strong></span> <span class='ocrx_word' id='word_1_614' title='bbox 3154 3738 3281 3780; x_wconf 91' lang='lat' dir='ltr'><strong>voce</strong></span> <span class='ocrx_word' id='word_1_615' title='bbox 3315 3738 3329 3777; x_wconf 89' lang='lat'>:</span> <span class='ocrx_word' id='word_1_616' title='bbox 3363 3724 3502 3791; x_wconf 83' lang='lat' dir='ltr'><strong>Quia</strong></span> 
     </span>
    </p>
   </div>
   <div class='ocr_carea' id='block_1_84' title="bbox 1918 3815 3504 3886">
    <p class='ocr_par' dir='ltr' id='par_1_84' title="bbox 1918 3815 3504 3886">
     <span class='ocr_line' id='line_1_84' title="bbox 1918 3815 3504 3886; baseline -0.001 -14"><span class='ocrx_word' id='word_1_617' title='bbox 1918 3834 2033 3872; x_wconf 82' lang='lat' dir='ltr'><strong>cum</strong></span> <span class='ocrx_word' id='word_1_618' title='bbox 2059 3818 2113 3872; x_wconf 87' lang='lat' dir='ltr'><strong>in</strong></span> <span class='ocrx_word' id='word_1_619' title='bbox 2144 3818 2338 3872; x_wconf 80' lang='lat' dir='ltr'><strong>honore</strong></span> <span class='ocrx_word' id='word_1_620' title='bbox 2363 3833 2521 3881; x_wconf 85' lang='lat' dir='ltr'><strong>esses,</strong></span> <span class='ocrx_word' id='word_1_621' title='bbox 2572 3834 2674 3871; x_wconf 85' lang='lat' dir='ltr'><strong>non</strong></span> <span class='ocrx_word' id='word_1_622' title='bbox 2708 3815 3028 3881; x_wconf 76' lang='lat' dir='ltr'><strong>intellexisti,</strong></span> <span class='ocrx_word' id='word_1_623' title='bbox 3052 3828 3384 3885; x_wconf 83' lang='lat' dir='ltr'><strong>comparatus</strong></span> <span class='ocrx_word' id='word_1_624' title='bbox 3408 3817 3504 3886; x_wconf 83' lang='lat' dir='ltr'><strong>ju—</strong></span> 
     </span>
    </p>
   </div>
   <div class='ocr_carea' id='block_1_85' title="bbox 1918 3903 3506 3978">
    <p class='ocr_par' dir='ltr' id='par_1_85' title="bbox 1918 3903 3506 3978">
     <span class='ocr_line' id='line_1_85' title="bbox 1918 3903 3506 3978; baseline -0.001 -17"><span class='ocrx_word' id='word_1_625' title='bbox 1918 3908 2105 3961; x_wconf 85' lang='lat' dir='ltr'><strong>ntentis</strong></span> <span class='ocrx_word' id='word_1_626' title='bbox 2156 3907 2553 3977; x_wconf 86' lang='lat' dir='ltr'><strong>insipientibus,</strong></span> <span class='ocrx_word' id='word_1_627' title='bbox 2595 3918 2641 3960; x_wconf 84' lang='lat' dir='ltr'><strong>et</strong></span> <span class='ocrx_word' id='word_1_628' title='bbox 2682 3905 2870 3960; x_wconf 85' lang='lat' dir='ltr'><strong>similis</strong></span> <span class='ocrx_word' id='word_1_629' title='bbox 2911 3905 3016 3960; x_wconf 86' lang='lat' dir='ltr'><strong>illis</strong></span> <span class='ocrx_word' id='word_1_630' title='bbox 3065 3906 3279 3976; x_wconf 71' lang='lat' dir='ltr'><strong>effectus</strong></span> <span class='ocrx_word' id='word_1_631' title='bbox 3328 3903 3506 3978; x_wconf 73' lang='lat' dir='ltr'><strong>(Psitl.</strong></span> 
     </span>
    </p>
   </div>
   <div class='ocr_carea' id='block_1_86' title="bbox 1921 3998 3511 4072">
    <p class='ocr_par' dir='ltr' id='par_1_86' title="bbox 1921 3998 3511 4072">
     <span class='ocr_line' id='line_1_86' title="bbox 1921 3998 3511 4072; baseline -0.001 -19"><span class='ocrx_word' id='word_1_632' title='bbox 1921 4015 2106 4063; x_wconf 72' lang='lat' dir='ltr'><strong>sum,</strong></span> <span class='ocrx_word' id='word_1_633' title='bbox 2163 3999 2271 4072; x_wconf 73' lang='lat' dir='ltr'><strong>l5);</strong></span> <span class='ocrx_word' id='word_1_634' title='bbox 2298 3999 2659 4069; x_wconf 82' lang='lat' dir='ltr'><strong>jumentornm</strong></span> <span class='ocrx_word' id='word_1_635' title='bbox 2691 3998 2802 4052; x_wconf 85' lang='lat' dir='ltr'><strong>loro</strong></span> <span class='ocrx_word' id='word_1_636' title='bbox 2850 4007 2898 4052; x_wconf 91' lang='lat' dir='ltr'><strong>te</strong></span> <span class='ocrx_word' id='word_1_637' title='bbox 2935 3999 3243 4069; x_wconf 83' lang='lat' dir='ltr'><strong>restringere</strong></span> <span class='ocrx_word' id='word_1_638' title='bbox 3268 3999 3400 4064; x_wconf 69' lang='lat' dir='ltr'><strong>volo,</strong></span> <span class='ocrx_word' id='word_1_639' title='bbox 3446 4015 3511 4052; x_wconf 89' lang='lat' dir='ltr'><strong>ne</strong></span> 
     </span>
    </p>
   </div>
   <div class='ocr_carea' id='block_1_87' title="bbox 1919 4088 3510 4160">
    <p class='ocr_par' dir='ltr' id='par_1_87' title="bbox 1919 4088 3510 4160">
     <span class='ocr_line' id='line_1_87' title="bbox 1919 4088 3510 4160; baseline -0.002 -16"><span class='ocrx_word' id='word_1_640' title='bbox 1919 4089 2176 4160; x_wconf 80' lang='lat' dir='ltr'><strong>petulanti</strong></span> <span class='ocrx_word' id='word_1_641' title='bbox 2209 4092 2313 4142; x_wconf 88' lang='lat' dir='ltr'><strong>ritu</strong></span> <span class='ocrx_word' id='word_1_642' title='bbox 2368 4088 2592 4158; x_wconf 81' lang='lat' dir='ltr'><strong>amplius</strong></span> <span class='ocrx_word' id='word_1_643' title='bbox 2632 4088 2801 4157; x_wconf 82' lang='lat' dir='ltr'><strong>possis</strong></span> <span class='ocrx_word' id='word_1_644' title='bbox 2840 4089 3057 4158; x_wconf 85' lang='lat' dir='ltr'><strong>vagari;</strong></span> <span class='ocrx_word' id='word_1_645' title='bbox 3101 4097 3349 4143; x_wconf 88' lang='lat' dir='ltr'><strong>catenam</strong></span> <span class='ocrx_word' id='word_1_646' title='bbox 3386 4088 3510 4160; x_wconf 88' lang='lat' dir='ltr'><strong>pedi</strong></span> 
     </span>
    </p>
   </div>
   <div class='ocr_carea' id='block_1_88' title="bbox 1925 4178 3511 4253">
    <p class='ocr_par' dir='ltr' id='par_1_88' title="bbox 1925 4178 3511 4253">
     <span class='ocr_line' id='line_1_88' title="bbox 1925 4178 3511 4253; baseline -0.001 -17"><span class='ocrx_word' id='word_1_647' title='bbox 1925 4181 2177 4253; x_wconf 88' lang='lat' dir='ltr'><strong>imposuit</strong></span> <span class='ocrx_word' id='word_1_648' title='bbox 2206 4178 2374 4251; x_wconf 67' lang='lat'><strong>(647),</strong></span> <span class='ocrx_word' id='word_1_649' title='bbox 2403 4179 2627 4250; x_wconf 87' lang='lat' dir='ltr'><strong>plmubo</strong></span> <span class='ocrx_word' id='word_1_650' title='bbox 2660 4193 2779 4233; x_wconf 88' lang='lat' dir='ltr'><strong>eam</strong></span> <span class='ocrx_word' id='word_1_651' title='bbox 2831 4179 2883 4233; x_wconf 91' lang='lat' dir='ltr'><strong>in</strong></span> <span class='ocrx_word' id='word_1_652' title='bbox 2939 4194 3159 4251; x_wconf 85' lang='lat' dir='ltr'><strong>magno,</strong></span> <span class='ocrx_word' id='word_1_653' title='bbox 3205 4179 3296 4248; x_wconf 91' lang='lat' dir='ltr'><strong>qui</strong></span> <span class='ocrx_word' id='word_1_654' title='bbox 3332 4179 3511 4235; x_wconf 81' lang='lat' dir='ltr'><strong>adhuc</strong></span> 
     </span>
    </p>
   </div>
   <div class='ocr_carea' id='block_1_89' title="bbox 1925 4269 3511 4343">
    <p class='ocr_par' dir='ltr' id='par_1_89' title="bbox 1925 4269 3511 4343">
     <span class='ocr_line' id='line_1_89' title="bbox 1925 4269 3511 4343; baseline -0.003 -16"><span class='ocrx_word' id='word_1_655' title='bbox 1925 4283 2051 4329; x_wconf 90' lang='lat' dir='ltr'><strong>ante</strong></span> <span class='ocrx_word' id='word_1_656' title='bbox 2072 4274 2293 4343; x_wconf 86' lang='lat' dir='ltr'><strong>januam</strong></span> <span class='ocrx_word' id='word_1_657' title='bbox 2330 4270 2565 4325; x_wconf 68' lang='lat' dir='ltr'><strong>basilica:</strong></span> <span class='ocrx_word' id='word_1_658' title='bbox 2587 4270 2756 4341; x_wconf 86' lang='lat' dir='ltr'><strong>jacet,</strong></span> <span class='ocrx_word' id='word_1_659' title='bbox 2784 4269 2949 4341; x_wconf 75' lang='lat'><strong>308</strong></span> <span class='ocrx_word' id='word_1_660' title='bbox 2975 4269 3150 4341; x_wconf 85' lang='lat' dir='ltr'><strong>lapide</strong></span> <span class='ocrx_word' id='word_1_661' title='bbox 3178 4270 3511 4337; x_wconf 88' lang='lat' dir='ltr'><strong>obfirmavit,</strong></span> 
     </span>
    </p>
   </div>
   <div class='ocr_carea' id='block_1_90' title="bbox 1927 4361 3509 4433">
    <p class='ocr_par' dir='ltr' id='par_1_90' title="bbox 1927 4361 3509 4433">
     <span class='ocr_line' id='line_1_90' title="bbox 1927 4361 3509 4433; baseline -0.003 -14"><span class='ocrx_word' id='word_1_662' title='bbox 1927 4364 2188 4420; x_wconf 89' lang='lat' dir='ltr'><strong>circulum</strong></span> <span class='ocrx_word' id='word_1_663' title='bbox 2244 4361 2552 4433; x_wconf 87' lang='lat' dir='ltr'><strong>capularem</strong></span> <span class='ocrx_word' id='word_1_664' title='bbox 2612 4362 2731 4430; x_wconf 83' lang='lat' dir='ltr'><strong>pedi</strong></span> <span class='ocrx_word' id='word_1_665' title='bbox 2770 4362 3209 4430; x_wconf 88' lang='lat' dir='ltr'><strong>circompositum</strong></span> <span class='ocrx_word' id='word_1_666' title='bbox 3261 4370 3509 4417; x_wconf 83' lang='lat' dir='ltr'><strong>seratura</strong></span> 
     </span>
    </p>
   </div>
   <div class='ocr_carea' id='block_1_91' title="bbox 225 4444 3515 4522">
    <p class='ocr_par' dir='ltr' id='par_1_91' title="bbox 225 4444 3515 4522">
     <span class='ocr_line' id='line_1_91' title="bbox 225 4444 3515 4522; baseline 0.001 -19"><span class='ocrx_word' id='word_1_667' title='bbox 225 4452 495 4515; x_wconf 89' lang='lat' dir='ltr'><strong>conscius,</strong></span> <span class='ocrx_word' id='word_1_668' title='bbox 515 4450 713 4513; x_wconf 90' lang='lat' dir='ltr'><strong>dicam,</strong></span> <span class='ocrx_word' id='word_1_669' title='bbox 734 4457 841 4500; x_wconf 86' lang='lat' dir='ltr'><strong>tam</strong></span> <span class='ocrx_word' id='word_1_670' title='bbox 866 4446 1089 4515; x_wconf 86' lang='lat' dir='ltr'><strong>pretiosi</strong></span> <span class='ocrx_word' id='word_1_671' title='bbox 1126 4444 1382 4499; x_wconf 77' lang='lat' dir='ltr'><strong>facinoris</strong></span> <span class='ocrx_word' id='word_1_672' title='bbox 1402 4454 1548 4497; x_wconf 88' lang='lat' dir='ltr'><strong>tuum</strong></span> <span class='ocrx_word' id='word_1_673' title='bbox 1580 4444 1813 4498; x_wconf 79' lang='lat' dir='ltr'><strong>iutcrro-</strong></span> <span class='ocrx_word' id='word_1_674' title='bbox 1850 4448 2185 4509; x_wconf 69' lang='lat' dir='ltr'><strong>D‘usiiorum</strong></span> <span class='ocrx_word' id='word_1_675' title='bbox 2216 4452 2473 4517; x_wconf 80' lang='lat' dir='ltr'><strong>firmavit,</strong></span> <span class='ocrx_word' id='word_1_676' title='bbox 2515 4450 2708 4505; x_wconf 87' lang='lat' dir='ltr'><strong>clavim</strong></span> <span class='ocrx_word' id='word_1_677' title='bbox 2747 4450 2800 4505; x_wconf 90' lang='lat' dir='ltr'><strong>in</strong></span> <span class='ocrx_word' id='word_1_678' title='bbox 2830 4451 3042 4521; x_wconf 82' lang='lat' dir='ltr'><strong>gurgite</strong></span> <span class='ocrx_word' id='word_1_679' title='bbox 3068 4452 3303 4522; x_wconf 75' lang='lat' dir='ltr'><strong>proximi</strong></span> <span class='ocrx_word' id='word_1_680' title='bbox 3343 4452 3515 4507; x_wconf 77' lang='lat' dir='ltr'><strong>Athe-</strong></span> 
     </span>
    </p>
   </div>
   <div class='ocr_carea' id='block_1_92' title="bbox 294 4605 1817 4683">
    <p class='ocr_par' dir='ltr' id='par_1_92' title="bbox 294 4605 1817 4683">
     <span class='ocr_line' id='line_1_92' title="bbox 294 4605 1817 4683; baseline -0.005 -15"><span class='ocrx_word' id='word_1_681' title='bbox 294 4613 445 4683; x_wconf 70' lang='lat' dir='ltr'><strong>(6M)</strong></span> <span class='ocrx_word' id='word_1_682' title='bbox 474 4612 784 4669; x_wconf 86' lang='lat' dir='ltr'><strong>Constrtte:</strong></span> <span class='ocrx_word' id='word_1_683' title='bbox 824 4621 875 4683; x_wconf 63' lang='lat' dir='ltr'><strong>et</strong></span> <span class='ocrx_word' id='word_1_684' title='bbox 913 4610 1215 4683; x_wconf 68' lang='lat' dir='ltr'><strong>compsisses</strong></span> <span class='ocrx_word' id='word_1_685' title='bbox 1257 4615 1501 4683; x_wconf 60' lang='lat' dir='ltr'><strong>argengo,</strong></span> <span class='ocrx_word' id='word_1_686' title='bbox 1535 4605 1625 4683; x_wconf 53' lang='lat' dir='ltr'><strong>uel</strong></span> <span class='ocrx_word' id='word_1_687' title='bbox 1660 4622 1817 4669; x_wconf 86' lang='lat' dir='ltr'><strong>auro,</strong></span> 
     </span>
    </p>
   </div>
   <div class='ocr_carea' id='block_1_93' title="bbox 226 4676 1814 4754">
    <p class='ocr_par' dir='ltr' id='par_1_93' title="bbox 226 4676 1814 4754">
     <span class='ocr_line' id='line_1_93' title="bbox 226 4676 1814 4754; baseline -0.006 -16"><span class='ocrx_word' id='word_1_688' title='bbox 226 4676 363 4754; x_wconf 79' lang='lat' dir='ltr'><strong>quod</strong></span> <span class='ocrx_word' id='word_1_689' title='bbox 390 4676 563 4737; x_wconf 79' lang='lat' dir='ltr'><strong>cultor</strong></span> <span class='ocrx_word' id='word_1_690' title='bbox 584 4683 795 4751; x_wconf 85' lang='lat' dir='ltr'><strong>cespitis</strong></span> <span class='ocrx_word' id='word_1_691' title='bbox 812 4676 1044 4743; x_wconf 80' lang='lat' dir='ltr'><strong>Gesseni,</strong></span> <span class='ocrx_word' id='word_1_692' title='bbox 1084 4681 1134 4733; x_wconf 88' lang='lat' dir='ltr'><strong>id</strong></span> <span class='ocrx_word' id='word_1_693' title='bbox 1161 4688 1243 4732; x_wconf 84' lang='lat' dir='ltr'><strong>est</strong></span> <span class='ocrx_word' id='word_1_694' title='bbox 1274 4677 1498 4754; x_wconf 71' lang='lat' dir='ltr'><strong>populus</strong></span> <span class='ocrx_word' id='word_1_695' title='bbox 1534 4676 1814 4754; x_wconf 59' lang='lat' dir='ltr'><strong>llebricus,</strong></span> 
     </span>
    </p>
   </div>
   <div class='ocr_carea' id='block_1_94' title="bbox 229 4746 1819 4825">
    <p class='ocr_par' dir='ltr' id='par_1_94' title="bbox 229 4746 1819 4825">
     <span class='ocr_line' id='line_1_94' title="bbox 229 4746 1819 4825; baseline -0.005 -17"><span class='ocrx_word' id='word_1_696' title='bbox 229 4746 316 4825; x_wconf 75' lang='lat' dir='ltr'><strong>qui</strong></span> <span class='ocrx_word' id='word_1_697' title='bbox 348 4756 594 4809; x_wconf 67' lang='lat' dir='ltr'><strong>coluerat</strong></span> <span class='ocrx_word' id='word_1_698' title='bbox 624 4746 826 4807; x_wconf 82' lang='lat' dir='ltr'><strong>terram</strong></span> <span class='ocrx_word' id='word_1_699' title='bbox 854 4760 1081 4815; x_wconf 72' lang='lat' dir='ltr'><strong>Gesseu,</strong></span> <span class='ocrx_word' id='word_1_700' title='bbox 1125 4765 1221 4805; x_wconf 90' lang='lat' dir='ltr'><strong>seu</strong></span> <span class='ocrx_word' id='word_1_701' title='bbox 1260 4747 1554 4818; x_wconf 66' lang='lat' dir='ltr'><strong>.‘Egyptum</strong></span> <span class='ocrx_word' id='word_1_702' title='bbox 1620 4746 1819 4817; x_wconf 74' lang='lat' dir='ltr'><strong>(Exod.</strong></span> 
     </span>
    </p>
   </div>
   <div class='ocr_carea' id='block_1_95' title="bbox 229 4825 838 4894">
    <p class='ocr_par' dir='ltr' id='par_1_95' title="bbox 229 4825 838 4894">
     <span class='ocr_line' id='line_1_95' title="bbox 229 4825 838 4894; baseline -0.005 -16"><span class='ocrx_word' id='word_1_703' title='bbox 229 4840 343 4889; x_wconf 80' lang='lat' dir='ltr'><strong>ml,</strong></span> <span class='ocrx_word' id='word_1_704' title='bbox 366 4825 460 4894; x_wconf 72' lang='lat'><strong>‘22)</strong></span> <span class='ocrx_word' id='word_1_705' title='bbox 486 4834 838 4878; x_wconf 82' lang='lat' dir='ltr'><strong>mutuaverat.</strong></span> 
     </span>
    </p>
   </div>
   <div class='ocr_carea' id='block_1_96' title="bbox 297 4886 1824 4967">
    <p class='ocr_par' dir='ltr' id='par_1_96' title="bbox 297 4886 1824 4967">
     <span class='ocr_line' id='line_1_96' title="bbox 297 4886 1824 4967; baseline -0.005 -16"><span class='ocrx_word' id='word_1_706' title='bbox 297 4886 381 4967; x_wconf 79' lang='grc'><strong>(64</strong></span> <span class='ocrx_word' id='word_1_707' title='bbox 392 4886 453 4966; x_wconf 81' lang='grc'>5)</span> <span class='ocrx_word' id='word_1_708' title='bbox 475 4894 780 4967; x_wconf 80' lang='lat' dir='ltr'><strong>Ratberius</strong></span> <span class='ocrx_word' id='word_1_709' title='bbox 795 4963 803 4967; x_wconf 93' lang='lat'><em>_</em></span> <span class='ocrx_word' id='word_1_710' title='bbox 816 4908 961 4967; x_wconf 85' lang='lat' dir='ltr'><strong>eum,</strong></span> <span class='ocrx_word' id='word_1_711' title='bbox 1010 4891 1133 4967; x_wconf 79' lang='lat' dir='ltr'><strong>quia</strong></span> <span class='ocrx_word' id='word_1_712' title='bbox 1146 4907 1219 4967; x_wconf 86' lang='lat' dir='ltr'><strong>_se</strong></span> <span class='ocrx_word' id='word_1_713' title='bbox 1248 4888 1479 4967; x_wconf 74' lang='lat' dir='ltr'><strong>prtesule</strong></span> <span class='ocrx_word' id='word_1_714' title='bbox 1497 4961 1506 4967; x_wconf 85' lang='lat'><strong>_</strong></span> <span class='ocrx_word' id='word_1_715' title='bbox 1523 4886 1824 4967; x_wconf 78' lang='lat' dir='ltr'><strong>Veronensi</strong></span> 
     </span>
    </p>
   </div>
   <div class='ocr_carea' id='block_1_97' title="bbox 229 4960 1824 5037">
    <p class='ocr_par' dir='ltr' id='par_1_97' title="bbox 229 4960 1824 5037">
     <span class='ocr_line' id='line_1_97' title="bbox 229 4960 1824 5037; baseline -0.006 -16"><span class='ocrx_word' id='word_1_716' title='bbox 229 4960 543 5037; x_wconf 61' lang='lat' dir='ltr'><strong>quaesierat,</strong></span> <span class='ocrx_word' id='word_1_717' title='bbox 580 4964 737 5037; x_wconf 81' lang='lat' dir='ltr'><strong>cujus</strong></span> <span class='ocrx_word' id='word_1_718' title='bbox 752 4960 1057 5037; x_wconf 69' lang='lat' dir='ltr'><strong>illebeutus</strong></span> <span class='ocrx_word' id='word_1_719' title='bbox 1093 4961 1319 5037; x_wconf 63' lang='lat' dir='ltr'><strong>(Metroj</strong></span> <span class='ocrx_word' id='word_1_720' title='bbox 1336 4961 1635 5037; x_wconf 70' lang='lat' dir='ltr'><strong>sanctitatis</strong></span> <span class='ocrx_word' id='word_1_721' title='bbox 1659 4960 1824 5026; x_wconf 75' lang='lat' dir='ltr'><strong>fuerit</strong></span> 
     </span>
    </p>
   </div>
   <div class='ocr_carea' id='block_1_98' title="bbox 232 5030 1823 5106">
    <p class='ocr_par' dir='ltr' id='par_1_98' title="bbox 232 5030 1823 5106">
     <span class='ocr_line' id='line_1_98' title="bbox 232 5030 1823 5106; baseline -0.006 -16"><span class='ocrx_word' id='word_1_722' title='bbox 232 5030 494 5092; x_wconf 69' lang='lat' dir='ltr'><strong>conscium</strong></span> <span class='ocrx_word' id='word_1_723' title='bbox 530 5030 703 5106; x_wconf 78' lang='lat' dir='ltr'><strong>ipsius</strong></span> <span class='ocrx_word' id='word_1_724' title='bbox 744 5034 870 5088; x_wconf 87' lang='lat' dir='ltr'><strong>furti</strong></span> <span class='ocrx_word' id='word_1_725' title='bbox 903 5030 1231 5106; x_wconf 77' lang='lat' dir='ltr'><strong>suspicatur.</strong></span> <span class='ocrx_word' id='word_1_726' title='bbox 1285 5030 1391 5106; x_wconf 82' lang='lat' dir='ltr'><strong>Qui</strong></span> <span class='ocrx_word' id='word_1_727' title='bbox 1436 5032 1579 5106; x_wconf 84' lang='lat' dir='ltr'><strong>enim</strong></span> <span class='ocrx_word' id='word_1_728' title='bbox 1608 5040 1823 5085; x_wconf 84' lang='lat' dir='ltr'><strong>sancto-</strong></span> 
     </span>
    </p>
   </div>
   <div class='ocr_carea' id='block_1_99' title="bbox 235 5101 1818 5177">
    <p class='ocr_par' dir='ltr' id='par_1_99' title="bbox 235 5101 1818 5177">
     <span class='ocr_line' id='line_1_99' title="bbox 235 5101 1818 5177; baseline -0.004 -17"><span class='ocrx_word' id='word_1_729' title='bbox 235 5124 348 5163; x_wconf 84' lang='lat' dir='ltr'><strong>nun</strong></span> <span class='ocrx_word' id='word_1_730' title='bbox 388 5101 674 5177; x_wconf 75' lang='lat' dir='ltr'><strong>reliquias,</strong></span> <span class='ocrx_word' id='word_1_731' title='bbox 719 5106 805 5159; x_wconf 88' lang='lat' dir='ltr'><strong>vel</strong></span> <span class='ocrx_word' id='word_1_732' title='bbox 857 5101 1085 5177; x_wconf 86' lang='lat' dir='ltr'><strong>corpora</strong></span> <span class='ocrx_word' id='word_1_733' title='bbox 1114 5103 1221 5157; x_wconf 90' lang='lat' dir='ltr'><strong>alio</strong></span> <span class='ocrx_word' id='word_1_734' title='bbox 1263 5101 1818 5177; x_wconf 59' lang='lat' dir='ltr'><strong>perferendaqitaere-</strong></span> 
     </span>
    </p>
   </div>
   <div class='ocr_carea' id='block_1_100' title="bbox 234 5170 1827 5246">
    <p class='ocr_par' dir='ltr' id='par_1_100' title="bbox 234 5170 1827 5246">
     <span class='ocr_line' id='line_1_100' title="bbox 234 5170 1827 5246; baseline -0.005 -15"><span class='ocrx_word' id='word_1_735' title='bbox 234 5179 378 5243; x_wconf 89' lang='lat' dir='ltr'><strong>hant,</strong></span> <span class='ocrx_word' id='word_1_736' title='bbox 418 5170 543 5233; x_wconf 72' lang='lat' dir='ltr'><strong>acta</strong></span> <span class='ocrx_word' id='word_1_737' title='bbox 568 5176 613 5231; x_wconf 91' lang='lat' dir='ltr'><strong>si</strong></span> <span class='ocrx_word' id='word_1_738' title='bbox 644 5191 766 5245; x_wconf 76' lang='lat' dir='ltr'><strong>qua:</strong></span> <span class='ocrx_word' id='word_1_739' title='bbox 792 5170 990 5246; x_wconf 71' lang='lat' dir='ltr'><strong>scripta</strong></span> <span class='ocrx_word' id='word_1_740' title='bbox 1021 5184 1236 5246; x_wconf 64' lang='lat' dir='ltr'><strong>essent,</strong></span> <span class='ocrx_word' id='word_1_741' title='bbox 1263 5170 1351 5226; x_wconf 77' lang='lat' dir='ltr'><strong>vel</strong></span> <span class='ocrx_word' id='word_1_742' title='bbox 1386 5172 1538 5246; x_wconf 75' lang='lat' dir='ltr'><strong>actis</strong></span> <span class='ocrx_word' id='word_1_743' title='bbox 1574 5170 1827 5246; x_wconf 81' lang='lat' dir='ltr'><strong>deficien-</strong></span> 
     </span>
    </p>
   </div>
   <div class='ocr_carea' id='block_1_101' title="bbox 237 5241 1823 5323">
    <p class='ocr_par' dir='ltr' id='par_1_101' title="bbox 237 5241 1823 5323">
     <span class='ocr_line' id='line_1_101' title="bbox 237 5241 1823 5323; baseline -0.005 -22"><span class='ocrx_word' id='word_1_744' title='bbox 237 5241 814 5323; x_wconf 46' lang='lat' dir='ltr'><strong>tibusnotitiasfquas</strong></span> <span class='ocrx_word' id='word_1_745' title='bbox 847 5241 1115 5323; x_wconf 71' lang='lat' dir='ltr'><strong>poterant,</strong></span> <span class='ocrx_word' id='word_1_746' title='bbox 1150 5244 1438 5323; x_wconf 81' lang='lat' dir='ltr'><strong>diligenter</strong></span> <span class='ocrx_word' id='word_1_747' title='bbox 1462 5241 1705 5323; x_wconf 75' lang='lat' dir='ltr'><strong>solebant</strong></span> <span class='ocrx_word' id='word_1_748' title='bbox 1739 5243 1823 5294; x_wconf 92' lang='lat' dir='ltr'><strong>iu-</strong></span> 
     </span>
    </p>
   </div>
   <div class='ocr_carea' id='block_1_102' title="bbox 232 5312 1823 5354">
    <p class='ocr_par' dir='ltr' id='par_1_102' title="bbox 232 5312 1823 5354">
     <span class='ocr_line' id='line_1_102' title="bbox 232 5312 1823 5354; baseline 0 0"><span class='ocrx_word' id='word_1_749' title='bbox 232 5321 416 5354; x_wconf 65' lang='lat' dir='ltr'><strong>nsinm</strong></span> <span class='ocrx_word' id='word_1_750' title='bbox 450 5334 465 5349; x_wconf 79' lang='grc' dir='ltr'><strong>ο</strong></span> <span class='ocrx_word' id='word_1_751' title='bbox 501 5318 659 5354; x_wconf 73' lang='lat' dir='ltr'><strong>nninc</strong></span> <span class='ocrx_word' id='word_1_752' title='bbox 691 5312 763 5354; x_wconf 65' lang='grc' dir='ltr'><strong>ἶ·οἰ</strong></span> <span class='ocrx_word' id='word_1_753' title='bbox 791 5312 953 5354; x_wconf 67' lang='grc' dir='ltr'><strong>ηιῖιΙΙη</strong></span> <span class='ocrx_word' id='word_1_754' title='bbox 986 5314 1143 5354; x_wconf 69' lang='grc' dir='ltr'><strong>Ιιιιῖηα</strong></span> <span class='ocrx_word' id='word_1_755' title='bbox 1165 5312 1341 5354; x_wconf 48' lang='lat' dir='ltr'><strong>mla—li:</strong></span> <span class='ocrx_word' id='word_1_756' title='bbox 1369 5314 1615 5354; x_wconf 67' lang='lat' dir='ltr'><strong>pvpmnln</strong></span> <span class='ocrx_word' id='word_1_757' title='bbox 1647 5312 1823 5354; x_wconf 74' lang='grc' dir='ltr'><strong>Ιρσιηή</strong></span> 
     </span>
    </p>
   </div>
   <div class='ocr_carea' id='block_1_103' title="bbox 1921 4607 2507 4678">
    <p class='ocr_par' dir='ltr' id='par_1_103' title="bbox 1921 4607 2507 4678">
     <span class='ocr_line' id='line_1_103' title="bbox 1921 4607 2507 4678; baseline 0 -20"><span class='ocrx_word' id='word_1_758' title='bbox 1921 4607 2191 4678; x_wconf 85' lang='lat' dir='ltr'><strong>propitius</strong></span> <span class='ocrx_word' id='word_1_759' title='bbox 2205 4616 2358 4678; x_wconf 74' lang='lat' dir='ltr'><strong>esto,</strong></span> <span class='ocrx_word' id='word_1_760' title='bbox 2400 4615 2507 4661; x_wconf 80' lang='lat' dir='ltr'><strong>etc.</strong></span> 
     </span>
    </p>
   </div>
   <div class='ocr_carea' id='block_1_104' title="bbox 1999 4675 3516 4747">
    <p class='ocr_par' dir='ltr' id='par_1_104' title="bbox 1999 4675 3516 4747">
     <span class='ocr_line' id='line_1_104' title="bbox 1999 4675 3516 4747; baseline 0.001 -16"><span class='ocrx_word' id='word_1_761' title='bbox 1999 4678 2144 4747; x_wconf 64' lang='grc'>(647)</span> <span class='ocrx_word' id='word_1_762' title='bbox 2178 4676 2444 4732; x_wconf 87' lang='lat' dir='ltr'><strong>Usitatum</strong></span> <span class='ocrx_word' id='word_1_763' title='bbox 2484 4675 2610 4730; x_wconf 90' lang='lat' dir='ltr'><strong>olim</strong></span> <span class='ocrx_word' id='word_1_764' title='bbox 2644 4676 2747 4731; x_wconf 91' lang='lat' dir='ltr'><strong>hoc</strong></span> <span class='ocrx_word' id='word_1_765' title='bbox 2770 4684 2887 4747; x_wconf 84' lang='lat' dir='ltr'><strong>erat</strong></span> <span class='ocrx_word' id='word_1_766' title='bbox 2924 4675 3153 4746; x_wconf 65' lang='lat' dir='ltr'><strong>publicae</strong></span> <span class='ocrx_word' id='word_1_767' title='bbox 3180 4676 3516 4745; x_wconf 75' lang='lat' dir='ltr'><strong>pmnitentize</strong></span> 
     </span>
    </p>
   </div>
   <div class='ocr_carea' id='block_1_105' title="bbox 1928 4745 3517 4818">
    <p class='ocr_par' dir='ltr' id='par_1_105' title="bbox 1928 4745 3517 4818">
     <span class='ocr_line' id='line_1_105' title="bbox 1928 4745 3517 4818; baseline 0 -16"><span class='ocrx_word' id='word_1_768' title='bbox 1928 4745 2117 4818; x_wconf 82' lang='lat' dir='ltr'><strong>genus,</strong></span> <span class='ocrx_word' id='word_1_769' title='bbox 2152 4763 2257 4818; x_wconf 63' lang='lat' dir='ltr'><strong>quo</strong></span> <span class='ocrx_word' id='word_1_770' title='bbox 2312 4756 2630 4817; x_wconf 85' lang='lat' dir='ltr'><strong>peccatores</strong></span> <span class='ocrx_word' id='word_1_771' title='bbox 2675 4745 2874 4818; x_wconf 81' lang='lat' dir='ltr'><strong>publici</strong></span> <span class='ocrx_word' id='word_1_772' title='bbox 2919 4745 3109 4818; x_wconf 82' lang='lat' dir='ltr'><strong>catena</strong></span> <span class='ocrx_word' id='word_1_773' title='bbox 3170 4763 3233 4801; x_wconf 83' lang='lat' dir='ltr'><strong>ac</strong></span> <span class='ocrx_word' id='word_1_774' title='bbox 3285 4748 3517 4802; x_wconf 86' lang='lat' dir='ltr'><strong>vinculis</strong></span> 
     </span>
    </p>
   </div>
   <div class='ocr_carea' id='block_1_106' title="bbox 1932 4816 3518 4899">
    <p class='ocr_par' dir='ltr' id='par_1_106' title="bbox 1932 4816 3518 4899">
     <span class='ocr_line' id='line_1_106' title="bbox 1932 4816 3518 4899; baseline -0.002 -25"><span class='ocrx_word' id='word_1_775' title='bbox 1932 4816 2125 4899; x_wconf 78' lang='lat' dir='ltr'><strong>ferreis</strong></span> <span class='ocrx_word' id='word_1_776' title='bbox 2145 4816 2299 4886; x_wconf 83' lang='lat' dir='ltr'><strong>jussu</strong></span> <span class='ocrx_word' id='word_1_777' title='bbox 2318 4816 2568 4899; x_wconf 83' lang='lat' dir='ltr'><strong>episcopi</strong></span> <span class='ocrx_word' id='word_1_778' title='bbox 2596 4816 2877 4899; x_wconf 75' lang='lat' dir='ltr'><strong>constricti</strong></span> <span class='ocrx_word' id='word_1_779' title='bbox 2905 4817 3143 4899; x_wconf 80' lang='lat' dir='ltr'><strong>per_loca</strong></span> <span class='ocrx_word' id='word_1_780' title='bbox 3162 4832 3336 4899; x_wconf 72' lang='lat' dir='ltr'><strong>_sacra</strong></span> <span class='ocrx_word' id='word_1_781' title='bbox 3363 4832 3518 4886; x_wconf 88' lang='lat' dir='ltr'><strong>pcre-</strong></span> 
     </span>
    </p>
   </div>
   <div class='ocr_carea' id='block_1_107' title="bbox 1931 4886 3521 4961">
    <p class='ocr_par' dir='ltr' id='par_1_107' title="bbox 1931 4886 3521 4961">
     <span class='ocr_line' id='line_1_107' title="bbox 1931 4886 3521 4961; baseline -0.001 -18"><span class='ocrx_word' id='word_1_782' title='bbox 1931 4891 2281 4961; x_wconf 66' lang='lat' dir='ltr'><strong>griuareniur</strong></span> <span class='ocrx_word' id='word_1_783' title='bbox 2314 4904 2327 4941; x_wconf 88' lang='lat'><strong>:</strong></span> <span class='ocrx_word' id='word_1_784' title='bbox 2357 4886 2569 4942; x_wconf 80' lang='lat' dir='ltr'><strong>vincula</strong></span> <span class='ocrx_word' id='word_1_785' title='bbox 2596 4897 2802 4961; x_wconf 82' lang='lat' dir='ltr'><strong>autem,</strong></span> <span class='ocrx_word' id='word_1_786' title='bbox 2827 4886 2929 4941; x_wconf 88' lang='lat' dir='ltr'><strong>nisi</strong></span> <span class='ocrx_word' id='word_1_787' title='bbox 2955 4886 3213 4941; x_wconf 88' lang='lat' dir='ltr'><strong>miraculo</strong></span> <span class='ocrx_word' id='word_1_788' title='bbox 3240 4887 3521 4961; x_wconf 67' lang='lat' dir='ltr'><strong>solvereno</strong></span> 
     </span>
    </p>
   </div>
   <div class='ocr_carea' id='block_1_108' title="bbox 1930 4957 3515 5038">
    <p class='ocr_par' dir='ltr' id='par_1_108' title="bbox 1930 4957 3515 5038">
     <span class='ocr_line' id='line_1_108' title="bbox 1930 4957 3515 5038; baseline -0.004 -23"><span class='ocrx_word' id='word_1_789' title='bbox 1930 4957 2040 5025; x_wconf 74' lang='lat' dir='ltr'><strong>iur,</strong></span> <span class='ocrx_word' id='word_1_790' title='bbox 2072 4976 2100 5015; x_wconf 90' lang='lat' dir='ltr'><strong>a</strong></span> <span class='ocrx_word' id='word_1_791' title='bbox 2134 4958 2249 5014; x_wconf 92' lang='lat' dir='ltr'><strong>solo</strong></span> <span class='ocrx_word' id='word_1_792' title='bbox 2286 4960 2546 5038; x_wconf 81' lang='lat' dir='ltr'><strong>_e_pisc0po</strong></span> <span class='ocrx_word' id='word_1_793' title='bbox 2575 4966 2702 5038; x_wconf 71' lang='lat' dir='ltr'><strong>post</strong></span> <span class='ocrx_word' id='word_1_794' title='bbox 2731 4957 3225 5038; x_wconf 55' lang='lat' dir='ltr'><strong>idoneumtempus</strong></span> <span class='ocrx_word' id='word_1_795' title='bbox 3254 4958 3515 5038; x_wconf 71' lang='lat' dir='ltr'><strong>soivi_po-</strong></span> 
     </span>
    </p>
   </div>
   <div class='ocr_carea' id='block_1_109' title="bbox 1931 5026 3519 5106">
    <p class='ocr_par' dir='ltr' id='par_1_109' title="bbox 1931 5026 3519 5106">
     <span class='ocr_line' id='line_1_109' title="bbox 1931 5026 3519 5106; baseline -0.003 -19"><span class='ocrx_word' id='word_1_796' title='bbox 1931 5042 2131 5106; x_wconf 87' lang='lat' dir='ltr'><strong>terant,</strong></span> <span class='ocrx_word' id='word_1_797' title='bbox 2162 5040 2221 5106; x_wconf 84' lang='lat' dir='ltr'><strong>ut</strong></span> <span class='ocrx_word' id='word_1_798' title='bbox 2246 5026 2433 5086; x_wconf 82' lang='lat' dir='ltr'><strong>videro</strong></span> <span class='ocrx_word' id='word_1_799' title='bbox 2454 5026 2537 5106; x_wconf 68' lang='lat' dir='ltr'><strong>est</strong></span> <span class='ocrx_word' id='word_1_800' title='bbox 2563 5026 3100 5106; x_wconf 31' lang='lat' dir='ltr'><strong>apudnlllahil‘loniuin</strong></span> <span class='ocrx_word' id='word_1_801' title='bbox 3121 5026 3173 5106; x_wconf 83' lang='lat' dir='ltr'><strong>in</strong></span> <span class='ocrx_word' id='word_1_802' title='bbox 3188 5026 3519 5106; x_wconf 70' lang='lat' dir='ltr'><strong>_pra:fatio_tie</strong></span> 
     </span>
    </p>
   </div>
   <div class='ocr_carea' id='block_1_110' title="bbox 1930 5094 3517 5162">
    <p class='ocr_par' dir='ltr' id='par_1_110' title="bbox 1930 5094 3517 5162">
     <span class='ocr_line' id='line_1_110' title="bbox 1930 5094 3517 5162; baseline -0.005 -4"><span class='ocrx_word' id='word_1_803' title='bbox 1930 5105 1998 5158; x_wconf 90' lang='lat' dir='ltr'><strong>ad</strong></span> <span class='ocrx_word' id='word_1_804' title='bbox 2032 5094 2287 5157; x_wconf 57' lang='lat' dir='ltr'><strong>scendum</strong></span> <span class='ocrx_word' id='word_1_805' title='bbox 2307 5094 2612 5157; x_wconf 78' lang='lat' dir='ltr'><strong>secundum</strong></span> <span class='ocrx_word' id='word_1_806' title='bbox 2631 5097 2841 5153; x_wconf 90' lang='lat' dir='ltr'><strong>ordinis</strong></span> <span class='ocrx_word' id='word_1_807' title='bbox 2866 5094 3226 5162; x_wconf 31' lang='lat' dir='ltr'><strong>Benedictini‘,</strong></span> <span class='ocrx_word' id='word_1_808' title='bbox 3254 5113 3401 5153; x_wconf 91' lang='lat' dir='ltr'><strong>num.</strong></span> <span class='ocrx_word' id='word_1_809' title='bbox 3424 5097 3517 5162; x_wconf 63' lang='lat' dir='ltr'><strong>Al,</strong></span> 
     </span>
    </p>
   </div>
   <div class='ocr_carea' id='block_1_111' title="bbox 1927 5164 3520 5243">
    <p class='ocr_par' dir='ltr' id='par_1_111' title="bbox 1927 5164 3520 5243">
     <span class='ocr_line' id='line_1_111' title="bbox 1927 5164 3520 5243; baseline -0.004 -15"><span class='ocrx_word' id='word_1_810' title='bbox 1927 5184 1984 5229; x_wconf 88' lang='lat' dir='ltr'><strong>et</strong></span> <span class='ocrx_word' id='word_1_811' title='bbox 2013 5172 2153 5243; x_wconf 91' lang='lat' dir='ltr'><strong>apud</strong></span> <span class='ocrx_word' id='word_1_812' title='bbox 2178 5172 2557 5243; x_wconf 83' lang='lat' dir='ltr'><strong>Muratorium,</strong></span> <span class='ocrx_word' id='word_1_813' title='bbox 2589 5170 2855 5243; x_wconf 82' lang='lat' dir='ltr'><strong>Antiquit.</strong></span> <span class='ocrx_word' id='word_1_814' title='bbox 2887 5164 3059 5243; x_wconf 86' lang='lat' dir='ltr'><strong>lt_al_ic.</strong></span> <span class='ocrx_word' id='word_1_815' title='bbox 3100 5166 3431 5243; x_wconf 68' lang='lat' dir='ltr'><strong>diss_ert_.23.</strong></span> <span class='ocrx_word' id='word_1_816' title='bbox 3465 5167 3520 5243; x_wconf 70' lang='lat' dir='ltr'><strong>lii</strong></span> 
     </span>
    </p>
   </div>
   <div class='ocr_carea' id='block_1_112' title="bbox 1930 5238 3523 5315">
    <p class='ocr_par' dir='ltr' id='par_1_112' title="bbox 1930 5238 3523 5315">
     <span class='ocr_line' id='line_1_112' title="bbox 1930 5238 3523 5315; baseline -0.004 -16"><span class='ocrx_word' id='word_1_817' title='bbox 1930 5238 2063 5310; x_wconf 68' lang='lat' dir='ltr'><strong>vero</strong></span> <span class='ocrx_word' id='word_1_818' title='bbox 2083 5243 2257 5315; x_wconf 87' lang='lat' dir='ltr'><strong>nostri</strong></span> <span class='ocrx_word' id='word_1_819' title='bbox 2298 5239 2863 5315; x_wconf 80' lang='lat' dir='ltr'><strong>Metronispeculiare</strong></span> <span class='ocrx_word' id='word_1_820' title='bbox 2910 5238 3043 5315; x_wconf 77' lang='lat' dir='ltr'><strong>fuit,</strong></span> <span class='ocrx_word' id='word_1_821' title='bbox 3077 5238 3222 5315; x_wconf 75' lang='lat' dir='ltr'><strong>quod</strong></span> <span class='ocrx_word' id='word_1_822' title='bbox 3260 5238 3523 5311; x_wconf 77' lang='lat' dir='ltr'><strong>ejusmodi</strong></span> 
     </span>
    </p>
   </div>
   <div class='ocr_carea' id='block_1_113' title="bbox 1929 5309 3529 5354">
    <p class='ocr_par' dir='ltr' id='par_1_113' title="bbox 1929 5309 3529 5354">
     <span class='ocr_line' id='line_1_113' title="bbox 1929 5309 3529 5354; baseline 0 0"><span class='ocrx_word' id='word_1_823' title='bbox 1929 5309 2305 5354; x_wconf 60' lang='grc' dir='ltr'><strong>ὶυγιιιίιριιιίςιηι</strong></span> <span class='ocrx_word' id='word_1_824' title='bbox 2360 5314 2472 5354; x_wconf 72' lang='lat' dir='ltr'><strong>inen</strong></span> <span class='ocrx_word' id='word_1_825' title='bbox 2518 5309 2617 5354; x_wconf 67' lang='lat' dir='ltr'><strong>eihi</strong></span> <span class='ocrx_word' id='word_1_826' title='bbox 2664 5318 2854 5354; x_wconf 78' lang='lat' dir='ltr'><strong>snnnm</strong></span> <span class='ocrx_word' id='word_1_827' title='bbox 2910 5309 3192 5354; x_wconf 86' lang='lat' dir='ltr'><strong>imnosuit-</strong></span> <span class='ocrx_word' id='word_1_828' title='bbox 3222 5309 3529 5354; x_wconf 39' lang='lat' dir='ltr'><strong>pl&#39;nrnlmu</strong></span> 
     </span>
    </p>
   </div>
  </div>
