4032 5354
537 248 659 310 1539

1513 252 1841 307 RATllEltll
1883 253 2095 309 nrtsc.
2140 252 2371 307 venus
2415 252 2565 309 uer.
2610 254 2791 310 rans
2830 254 2871 309 ι.
2914 244 2917 247 ’

3722 261 3835 316 HO

541 371 617 422 sis
655 384 756 423 non
800 367 965 436 ignoti
994 366 1250 431 fluminis.
1286 367 1339 421 in
1365 366 1516 437 cujus
1541 367 1722 423 littore
1744 367 1856 437 jam
1880 353 2023 423 dicta
2048 376 2132 423 est
2160 375 2207 433 Α
2237 369 2381 439 ginis
2413 387 2425 421 :
2464 386 2586 426 nam
2646 372 2691 426 si
2739 389 2862 426 cum
2919 386 3282 444 cognovrsscs,
3340 388 3443 428 non
3475 374 3559 429 sic
3585 377 3828 444 pessime

539 461 643 514 sita
666 459 886 515 basilica
920 458 1197 529 (rusticius
1227 459 1436 529 loquor,
1466 458 1689 528 intelligi
1723 469 1779 513 ut
1813 458 1990 514 valeat
2019 474 2133 514 me-

545 551 669 621 lius)
691 550 844 627 jecit,
881 564 1078 622 rogans
1130 549 1269 606 forte
1304 550 1398 605 Dei
1453 550 1905 615 misericordiam,
1929 566 2000 605 ne
2035 567 2133 605 un-

540 655 700 709 quam
745 655 866 695 eam
906 639 1130 703 videret,
1177 640 1349 695 donec
1395 648 1639 711 peccata,
1694 654 1814 709 qua:
1879 639 2135 711 plangere

539 733 906 803 disposuerat,
929 729 1328 801 Omnipotentis
1349 730 1634 786 clementia
1658 730 1972 787 dimisisset.
2006 731 2130 785 Ideo

538 842 668 881 vero
713 824 988 881 dubitandi
1042 839 1162 879 sum
1193 823 1453 880 adverbio
1503 838 1632 879 usus
1658 865 1674 891 ,
1698 823 1824 895 quia
1863 823 1990 880 licet
2025 824 2130 881 hoc

542 935 648 973 non
686 917 965 973 didicerim
1017 917 1211 983 relatu,
1247 917 1492 973 miraculi
1541 926 1625 973 est
1659 928 1841 973 tamen
1886 933 2130 989 comper-

539 1023 653 1067 tum
680 1013 751 1066 ita
782 1012 831 1067 ei
859 1011 1169 1083 contigisse,
1202 1011 1344 1068 Deus
1377 1022 1433 1067 ut
1463 1012 1753 1079 concessit,
1776 1021 1994 1068 eventu.
2020 1012 2125 1068 Se.

536 1118 682 1177 ptem
715 1107 900 1178 itaque
931 1108 1089 1163 annis
1119 1108 1222 1165 sub
1256 1108 1381 1163 divo
1405 1106 1552 1182 (648)
1584 1108 1743 1180 lapidi
1791 1109 1863 1165 ita
1905 1111 2128 1169 laesisse

535 1198 711 1254 fertur
741 1206 1150 1264 concatenatus,
1200 1199 1373 1255 donec
1434 1199 1646 1255 volente
1702 1200 2129 1257 misericorditer

531 1293 663 1360 Deo,
676 1293 787 1363 jam
806 1290 964 1346 finem
981 1291 1064 1346 bis
1078 1292 1313 1357 mittere,
1333 1308 1451 1364 qua:
1466 1290 1769 1361 huiusmodi
1786 1293 2090 1350 comitabar:
2106 1325 2123 1335 -

534 1393 623 1437 :ur
646 1382 967 1451 supplicium
995 1382 1263 1447 crucibus,
1300 1390 1355 1438 et
1374 1383 1624 1453 supemis
1646 1392 1939 1455 martyrem
1967 1397 2123 1439 suum

532 1477 677 1546 (54.,
706 1472 935 1530 iufulare
964 1473 1281 1542 honoribus,
1310 1475 1614 1546 piscatores
1631 1475 1887 1546 episcopo
1913 1476 2121 1546 piscem

530 1565 825 1631 deferrent,
855 1565 906 1619 in
938 1564 1090 1633 cujus
1108 1575 1295 1621 ventre
1326 1575 1513 1621 sancta
1546 1564 1635 1620 illa
1665 1565 1835 1621 clavis
1877 1566 2122 1632 inventa,

529 1657 649 1724 ejus
676 1657 857 1712 omnia
888 1656 1157 1710 nuntiavit
1187 1655 1408 1712 dimissa
1456 1656 1723 1712 facinora.
1754 1654 1890 1711 Nam
1917 1670 1982 1711 ea
2022 1650 2119 1711 re-

527 1748 764 1819 cognita,
797 1747 1165 1817 compedeque
1212 1748 1447 1803 catcnali
1500 1764 1530 1803 a
1576 1747 1816 1804 civitatis
1865 1749 2118 1821 pontifice
2151 1732 2194 1791 Β

528 1847 794 1902 reserato,
819 1837 980 1893 beato
1027 1838 1119 1892 iHo
1159 1837 1290 1904 loto,
1327 1839 1533 1904 induto,
1585 1837 1844 1899 Ecclesia:
1886 1838 2119 1903 reddito,

526 1940 875 1987 sacrosancta
906 1931 1151 2002 corporis
1175 1939 1228 1987 et
1252 1930 1531 2002 sanguinis
1564 1929 1777 1984 Domini
1826 1918 2121 2002 participa-

528 2023 676 2079 tione
704 2022 927 2089 refecto,
962 2039 1085 2078 cum
1117 2039 1147 2078 e
1196 2024 1425 2096 vestigio
1470 2023 1853 2096 acceptissima
1899 2023 1988 2079 illa
2020 2023 2121 2079 Do-

530 2114 664 2170 mini
690 2115 866 2170 ltostia
918 2115 1209 2171 emissione
1246 2116 1470 2185 spiritus
1501 2115 1745 2187 angelico
1773 2123 1918 2171 esset
1963 2114 2121 2170 remi-

531 2206 619 2276 gio
641 2205 796 2263 ccelis
826 2207 1056 2272 invecta,
1090 2206 1221 2261 nulli
1247 2216 1330 2262 est
1359 2206 1611 2262 dubitare
1660 2219 2003 2269 concessum,
2028 2206 2118 2276 qui

524 2300 611 2354 vel
634 2297 1269 2365 infantili,rationalitate
1298 2299 1528 2371 vigeret,
1578 2298 1709 2369 quin
1748 2308 1970 2353 sanctus
2005 2297 2120 2368 pal-

528 2404 673 2443 mam
703 2389 944 2445 victoriae
971 2389 1024 2443 in
1074 2388 1226 2444 ccelis
1253 2404 1350 2459 pro
1374 2387 1776 2459 expugnatione
1829 2387 1993 2453 illius,
2024 2389 2116 2458 qui

526 2475 711 2536 secum
741 2484 999 2538 certando
1047 2483 1113 2536 ad
1164 2483 1352 2537 horam
1400 2498 1524 2536 eum
1548 2497 1606 2536 se
1632 2481 1830 2536 vicisse
1882 2481 2121 2536 inaniter

524 2576 704 2629 fuerat
753 2575 1076 2647 gratulatus,
1144 2589 1268 2630 cum
1323 2588 1524 2629 corona
1571 2573 1815 2645 martyrii
1866 2574 2117 2645 indeptus

526 2663 736 2720 luisset.
768 2663 1024 2735 Corporis
1047 2678 1178 2719 sane
1203 2663 1346 2720 illius
1375 2673 1532 2719 terra:
1572 2664 1843 2719 mandata:
1874 2663 2117 2735 reliquiae

525 2754 915 2811 miraculorum
943 2753 1180 2811 efﬁcacia
1216 2755 1318 2809 hoc
1352 2753 1631 2810 teStiiicari
1656 2753 1963 2810 nullatenus
1980 2756 2117 2810 omi-

525 2861 665 2903 sere.
703 2845 829 2909 Sed,
858 2855 917 2901 ut
941 2845 1075 2912 dixi,
1107 2846 1209 2901 hoc
1260 2846 1473 2901 illorum
1506 2846 1747 2902 occuluit
1776 2847 1992 2914 inertia,
2022 2848 2114 2919 qui

521 2936 569 2994 si
607 2940 750 3011 quod
780 2938 926 2995 nacti
983 2937 1200 2994 fuerant
1246 2939 1490 2994 scientiae
1527 2939 1788 2995 divinitus
1830 2939 2112 3008 talentum,

527 3034 696 3106 magis
720 3034 821 3089 hoc
846 3041 1076 3089 terrenae
1102 3033 1361 3088 vanitatis
1382 3032 1601 3088 sudario
1622 3032 1914 3100 infossum,
1942 3048 2111 3090 srecn-
2146 3052 2149 3055 ·

523 3128 727 3184 laribus
756 3127 1068 3183 maluerunt
1090 3126 1393 3183 concedere
1443 3127 1514 3182 ad
1562 3127 1884 3196 placendum
1913 3128 2112 3185 smcnlo
2139 3104 2184 3167 ο

521 3219 734 3291 pompis
777 3219 948 3291 (650),
1008 3233 1169 3289 quam
1224 3219 1290 3274 ad
1340 3218 1648 3288 exemplum
1697 3217 2111 3287 auditurorum,

521 3315 735 3371 laudent
760 3325 811 3370 et
839 3314 1071 3385 gloriam
1108 3314 1201 3370 Dei
1230 3314 1688 3381 desiderantibus,
1721 3315 2111 3372 nummulario-

520 3421 638 3463 rum
692 3407 823 3470 ritu,
873 3407 1217 3462 committere
1264 3406 1497 3477 populis.
1542 3407 1682 3463 Ecce
1734 3409 1876 3478 quod
1920 3408 2107 3477 decus,

517 3499 677 3569 quale
724 3500 1049 3571 patrocium,
1089 3498 1304 3570 qualem
1352 3498 1657 3569 perdidisti,
1690 3497 1876 3554 infelix
1910 3499 1960 3553 in
2008 3499 2110 3556 hoc

515 3589 706 3647 saltem
746 3590 985 3655 Verona,
1017 3591 1365 3646 thesaurum!
1401 3590 1555 3658 Quod
1595 3606 1737 3658 reor,
1786 3591 1829 3647 si
1885 3590 2112 3663 legendo

513 3672 812 3748 didicisses,
844 3683 926 3739 vel
955 3683 1224 3739 audiendo
1246 3683 1440 3739 saltem
1469 3685 1672 3739 diserto
1697 3698 1725 3738 a
1751 3684 1993 3754 quolibet
2016 3698 2102 3740 co-

513 3776 830 3845 guovisses;
882 3786 990 3830 tam
1040 3776 1408 3832 necessarium
1445 3784 1551 3830 tam
1599 3777 1790 3832 leviter
1816 3791 1918 3831 non
1944 3775 2110 3850 309

511 3865 843 3934 perdidisses
868 3877 1179 3937 patronum.
1232 3866 1470 3933 Utinam,
1513 3866 1726 3922 coalitus
1748 3868 1941 3939 quibus
1969 3868 2108 3926 forte

512 3962 597 4010 est
625 3954 800 4019 datus,
836 3955 938 4012 hoc
975 3957 1295 4022 exaudiant,
1316 3964 1371 4010 et
1404 3956 1504 4011 sibi
1528 3970 1558 4010 a
1592 3956 1698 4013 Deo
1721 3958 1973 4030 largitam
1995 3968 2102 4015 tam

509 4046 807 4115 pretiosam
839 4062 945 4102 non
977 4048 1252 4118 negligant
1277 4049 1583 4117 gemmam!
1610 4047 1885 4104 Succense
1909 4051 2099 4121 igitur,

511 4137 656 4205 dico,
684 4151 944 4193 succense
975 4137 1135 4209 (651)
1181 4140 1358 4208 poetis
1391 4139 1819 4209 etscriptoribus
1852 4140 1976 4207 illis,
2009 4143 2102 4213 qui

513 4236 633 4282 tuos
664 4227 1007 4299 repleverunt
1034 4229 1210 4284 inanis
1234 4228 1418 4303 glorim
1436 4230 1618 4300 cupidi
1649 4245 1834 4286 muros
1858 4235 2102 4291 versibus

436 4382 444 4395 ε
540 4308 646 4376 uis.
673 4327 728 4374 et
748 4319 903 4377 istius
940 4336 1045 4377 non
1072 4321 1339 4377 dederunt
1378 4330 1554 4392 gesta,
1602 4337 1695 4379 seu
1720 4324 1980 4380 miracula
2007 4340 2100 4395 pa-

582 4514 728 4588 (648)
752 4514 927 4588 Scribi
953 4516 1091 4574 solet
1115 4517 1211 4572 sub
1242 4517 1356 4584 dio,
1380 4518 1434 4574 id
1457 4528 1541 4575 est
1575 4519 1719 4577 c0310
1748 4538 1762 4576 :
1790 4521 1885 4577 sed
1908 4523 2094 4580 verius

509 4587 606 4640 sub
623 4586 753 4659 dico
774 4586 1117 4659 scribendum
1139 4589 1357 4659 quidam
1385 4590 1723 4649 existimant.
1904 4604 1909 4609 ‘

585 4656 733 4736 (649)
770 4658 882 4713 Etsi
927 4658 989 4715 S.
1018 4656 1190 4718 Metro
1218 4660 1271 4716 in
1316 4659 1654 4736 Kalendariis
1674 4665 1932 4736 antiquis
1956 4680 2088 4721 con-

511 4720 887 4803 fes‘sogismou
920 4737 1099 4785 autem
1152 4731 1406 4803 martyris
1459 4732 1614 4788 titulo
1653 4720 2086 4800 donetur,ieum-

510 4814 617 4875 que
652 4798 938 4856 Ratlterius
979 4815 1203 4872 quoque.
1247 4798 1614 4875 confessorem
1656 4798 1948 4875 aliquando
1991 4822 2084 4862 no-

510 4871 680 4946 minet
700 4886 728 4946 ;_
751 4871 1042 4942 martyrem
1068 4881 1271 4946 tamen
1290 4872 1544 4946 libentius
1583 4890 1648 4930 ac
1681 4871 1876 4946 stabilis
1904 4876 2085 4946 appel-

513 4941 609 5013 lat,
638 4939 908 5013 hujusqne
927 4940 1306 5013 appellationis
1331 4943 1596 5001 vindicias
1646 4939 1779 5000 texit
1817 4939 2085 5001 nunt-:12.

508 5010 649 5087 liiuc
675 5010 817 5087 forte
864 5010 1102 5087 factum_
1124 5023 1229 5078 est,
1284 5021 1347 5087 ut
1378 5015 1639 5087 martyris
1660 5016 1877 5087 quidam
1909 5016 2086 5073 cultus

508 5078 583 5116 ίΙΙῖ
622 5081 852 5116 lrihnlnc
899 5082 1025 5116 ΛΙῖηι
1077 5081 1235 5116 ητα-ιη
1291 5086 1343 5116 in
1402 5078 1580 5116 nnol'un
1613 5078 1846 5116 Dn.n‘no:n
1900 5102 2020 5116 nun.

2125 4467 2180 4528 D

2237 462 2587 518 custodisscs.

2301 569 2355 623 7.
2398 569 2477 624 Ad
2511 586 2604 627 vos
2632 584 2887 628 caeterum
2919 574 3174 631 intuitum
3215 576 3391 643 ﬂecto,
3436 580 3530 649 qui
3574 582 3830 639 maximis

2217 659 2444 730 gravati
2475 660 2825 728 facinoribus,
2861 680 3071 721 mecum
3096 668 3508 741 parvipenditis,
3550 674 3696 743 quod
3734 690 3828 730 ve-

2232 751 2510 808 racissime
2540 753 2742 809 fatetur
2762 756 3052 831 Apostolus
3079 759 3241 831 (quod
3267 777 3370 823 non
3401 763 3567 820 surdo
3586 768 3833 843 percepit

2232 844 2413 898 auditu
2443 845 2563 911 iste,
2596 848 2663 903 de
2688 862 2796 918 quo
2827 864 2914 905 res
2942 851 3138 924 agitur,
3188 854 3455 925 sanctus),
3499 854 3565 911 Si
3595 870 3828 912 nasute:-

2228 936 2391 1006 ipsos,
2416 937 2689 1013 inquiens,
2715 940 3163 1013 dijudicaremus,
3187 961 3293 1001 non
3332 947 3511 1017 utique
3544 947 3831 1018 judicare-

2228 1046 2348 1083 mur
2371 1029 2424 1102 (1
2456 1029 2578 1087 Cor.
2620 1048 2683 1098 ll,
2717 1033 2831 1107 5i).
2864 1032 3035 1091 Istius
3071 1052 3265 1110 nempe
3310 1039 3719 1115 multorumque
3759 1044 3831 1097 si-

2230 1121 2433 1175 milium
2465 1139 2569 1180 non
2599 1125 2871 1181 recordati
2898 1137 3210 1185 sanctorum
3228 1137 3284 1185 et
3309 1145 3407 1185 cur
3438 1140 3585 1191 tanta
3609 1148 3675 1188 ac
3702 1133 3828 1190 talia

2227 1211 2338 1268 sint
2375 1229 2481 1269 non
2524 1216 2943 1288 perpendentes,
2971 1218 3267 1289 perditum,
3317 1217 3509 1286 fateor,
3550 1223 3661 1288 itis,
3700 1241 3828 1295 per-

2225 1306 2385 1375 pessi.
2423 1305 2594 1379 (652).
2621 1307 2753 1366 Sine
2768 1309 2931 1367 dubio
2952 1326 3081 1367 vero
3104 1310 3355 1385 [subaudi
3379 1318 3623 1385 perpessi
3648 1317 3820 1390 sunt],

2225 1398 2351 1471 quia
2382 1415 2488 1454 non
2529 1399 2901 1472 perfunctorie
2929 1402 3057 1461 illud
3093 1405 3314 1463 auribus
3353 1407 3657 1467 hauserunt
3680 1409 3827 1465 Psal-

2226 1490 2432 1548 tnistm:
2454 1492 2532 1548 Tu
2552 1496 2820 1551 mandas:i
2847 1498 3102 1553 mandata
3124 1509 3215 1555 tua
3240 1501 3499 1556 custodiri
3522 1502 3681 1558 nimis
3705 1499 3822 1573 (Ps.

2224 1598 2410 1647 cxvtn,
2432 1584 2511 1658 4).
2533 1584 2711 1654 Quare
2735 1589 2910 1653 nimis,
2933 1604 3113 1662 rogas.
3144 1589 3406 1646 Nimirum
3435 1593 3585 1667 quia,
3615 1604 3678 1651 ut
3698 1604 3824 1650 ante

2223 1690 2323 1730 nos
2348 1685 2432 1732 est
2462 1678 2812 1736 veracissime
2835 1680 3060 1747 dictum,
3086 1682 3158 1738 ad
3179 1700 3369 1755 magna
3396 1686 3617 1755 pt‘a’mia
3646 1703 3821 1756 perre-

2223 1764 2327 1818 niri
2348 1783 2450 1820 non
2470 1777 2658 1836 potest,
2684 1770 2784 1823 nisi
2805 1787 2897 1842 per
2922 1788 3138 1843 magno:
3165 1772 3366 1828 labores
3382 1774 3468 1849 (8.
3485 1775 3820 1834 GnecJtom.

2220 1854 2290 1909 57
2320 1856 2373 1910 in
2421 1854 2648 1930 Evang.,
2676 1877 2706 1914 n
2760 1860 2828 1933 1).
2877 1859 2999 1916 Non
3025 1872 3143 1917 sunt
3172 1865 3631 1938 enimtcondigmr,
3659 1877 3717 1922 ut
3746 1869 3821 1921 ait

2222 1948 2528 2019 Apostolus,
2569 1953 2838 2022 passione:
2868 1954 3027 2027 hujus
3065 1959 3310 2028 temporis
3341 1959 3409 2012 ad
3434 1959 3674 2030 futuram
3702 1962 3819 2032 glo-

2222 2042 2377 2109 riam,
2405 2060 2523 2115 qua:
2554 2045 2867 2101 revelabitur
2907 2048 2961 2102 in
2998 2050 3146 2109 nobis
3177 2050 3359 2123 (Rom.
3387 2069 3505 2108 vnt.
3554 2054 3666 2128 18).
3708 2053 3820 2111 Hoc

2220 2135 2591 2204 apostoli,ltoc
2622 2149 2907 2215 martyres,
2946 2140 3049 2198 hoc
3088 2144 3261 2199 sancti
3285 2145 3661 2218 cegitaveruut
3693 2150 3820 2205 abs-

2221 2243 2325 2299 que
2371 2227 2535 2284 dllllit)
2587 2247 2795 2287 omnes.
2833 2232 2947 2290 Hoc
3007 2237 3102 2305 qui
3129 2252 3234 2291 non
3267 2238 3545 2310 cogitavit,
3576 2242 3823 2312 seipsum

2221 2319 2443 2374 omnino
2504 2320 2761 2391 neglexit.
2830 2321 3104 2380 Ponamus
3157 2342 3390 2398 namque
3446 2340 3575 2386 ante
3628 2332 3816 2389 oculos

2219 2410 2536 2483 quemlibet,
2561 2424 2616 2468 et
2643 2414 2735 2483 qui
2766 2414 2908 2470 idem
2941 2416 3261 2486 incurrerit,
3277 2419 3422 2490 quod
3447 2432 3676 2479 sanctus
3713 2424 3817 2481 iste

2223 2511 2330 2557 tam
2365 2504 2575 2574 magnis
2601 2504 2806 2562 diluere
2836 2508 3037 2565 meruit
3060 2509 3393 2568 cruciatibus
3422 2510 3711 2584 ﬂagitium,
3758 2528 3813 2572 et

2221 2601 2372 2649 tanto
2413 2593 2752 2665 sceleratius,
2805 2609 3009 2669 quanto
3040 2616 3142 2655 non
3176 2600 3375 2656 inscius
3415 2603 3632 2675 (beatus
3668 2607 3811 2662 enim

2219 2687 2320 2749 iste
2350 2686 2402 2742 in
2432 2704 2496 2743 eo
2526 2687 2791 2745 inciderat
2814 2691 3074 2761 nescius),
3098 2693 3188 2765 qui
3213 2693 3460 2755 videlicet
3479 2704 3609 2753 ante
3635 2699 3812 2768 sepul-

2217 2792 2368 2831 crum
2418 2776 2539 2848 ejus
2574 2776 2787 2848 jacens,
2847 2781 3036 2836 tundat
3088 2791 3277 2852 pectus
3303 2799 3459 2843 suum
3484 2784 3731 2843 clamans
3758 2796 3813 2847 et

2217 2868 2431 2924 dicens:
2458 2866 2648 2924 Sancte
2672 2868 2862 2937 Metro,
2894 2871 3150 2928 interccdc
3174 2891 3268 2944 pro
3304 2891 3385 2937 me
3411 2876 3603 2935 misero
3621 2895 3813 2951 peccas

2216 2969 2346 3015 tore.
2376 2960 2563 3017 Nonne
2587 2961 2682 3018 tibi
2711 2963 2923 3018 videtur
2951 2980 3108 3035 posse
3136 2965 3209 3020 illi
3234 2978 3480 3024 sanctum
3500 2985 3567 3025 ex
3591 2969 3813 3043 obliquo

2216 3062 2511 3125 martyrem
2549 3056 2878 3128 respondere
2913 3076 2926 3109 :
2961 3054 3071 3112 Fac
3124 3060 3266 3130 quod
3293 3059 3413 3131 feci,
3463 3070 3514 3121 et
3557 3061 3809 3134 impetras

2215 3145 2355 3212 quod
2386 3145 2657 3216 impetraui
2679 3148 2705 3202 ?
2732 3146 2885 3216 Quid'
2903 3164 3001 3205 nos
3020 3149 3088 3205 ad
3130 3151 3244 3207 lucc
3273 3150 3550 3223 peioribus
3589 3154 3811 3223 irretiti,

2218 3244 2295 3303 et,
2327 3237 2470 3307 quod
2505 3238 2746 3309 gravius,
2774 3241 3293 3300 consuctudiualiter
3319 3242 3681 3314 facinoribus,
3719 3264 3809 3305 su-

2219 3341 2316 3398 per
2342 3326 2580 3397 plumam
2610 3329 2889 3396 sudantes,
2912 3342 2966 3388 et
2987 3332 3316 3403 psalmorum
3339 3336 3587 3393 carmina
3612 3339 3806 3411 (quan-

2214 3417 2285 3473 do
2336 3419 2438 3473 IlOC
2463 3418 2629 3475 etiam
2671 3436 2793 3476 rara
2821 3423 2937 3478 avis
2985 3424 3092 3495 est)
3143 3427 3552 3492 murmurando,
3593 3431 3813 3487 veniant

2212 3514 2369 3570 nobis
2397 3513 2703 3586 lmjusmodi
2734 3517 3055 3586 ptenitentia
3085 3518 3318 3577 inaniter
3340 3521 3754 3593 promittentes;

2392 3644 2523 3697 Ante
2548 3644 2706 3697 Focum
2718 3647 2761 3696 si
2772 3646 2924 3711 frigus
2940 3650 3060 3714 erit,
3082 3650 3125 3701 si
3149 3653 3327 3704 messis
3350 3654 3396 3703 in
3419 3656 3616 3721 umbra,

2211 3783 2487 3845 gementes
2538 3782 2593 3829 et
2655 3775 3041 3846 indulgentiam
3093 3777 3207 3836 sola
3248 3784 3676 3856 praesumptione
3711 3787 3801 3842 de-

2219 3865 2359 3937 Cepti
2391 3869 2709 3936 sperantes?
2753 3866 2990 3926 Sanctus
3037 3870 3142 3928 iste
3189 3874 3330 3930 nuda
3361 3877 3702 3949 seminudus,
3746 3891 3801 3938 et

2218 3957 2638 4028 inaequalissima
2694 3961 3039 4019 volutabatur
3091 3965 3282 4025 diebus
3310 3984 3375 4024 ac
3407 3972 3662 4031 noctibus
3704 3990 3801 4046 per

2208 4053 2544 4121 scptennium
2582 4053 2761 4111 inuno.
2794 4052 2903 4111 Nos
2934 4056 3217 4117 criminosi
3271 4061 3485 4119 veniam
3537 4069 3804 4137 rogaturi,

2209 4144 2404 4216 pilcum
2429 4145 2678 4201 villosum
2703 4147 2933 4218 capillis,
2959 4166 3097 4220 quos
3122 4154 3412 4211 extrahere
3441 4154 3681 4226 lugendo
3704 4161 3796 4215 de-

2205 4237 2515 4304 bueramus,
2570 4253 2637 4293 ne
2688 4238 3085 4311 iufrigidemur,
3137 4245 3601 4315 superiuduimus.
3632 4250 3801 4325 310

2205 4327 2334 4400 Ejus
2361 4330 2553 4402 cupliia
2580 4330 2727 4401 (653)
2753 4331 2867 4397 nix,
2897 4335 3123 4404 grando,
3148 4347 3203 4392 et
3230 4354 3361 4395 aura
3392 4350 3514 4399 erat
3563 4345 3795 4402 nimbri-

2274 4526 2422 4600 (650)
2445 4527 2707 4600 Construe
2733 4546 2747 4582 :
2782 4528 3081 4586 Malueram
3110 4534 3389 4590 concedere
3412 4536 3511 4591 hoc
3531 4538 3791 4597 talentum

2195 4598 2451 4680 infossum
2474 4598 2922 4682 sudarioterreuw
2935 4602 3209 4682 vanitatis,
3229 4608 3530 4682 cgnccdere,
3549 4610 3786 4682 inquam

2196 4668 2362 4752 magis
2383 4668 2584 4752 pompis
2604 4669 2945 4748 sa'cularibus
2971 4672 3040 4752 ad
3054 4673 3365 4752 placendum
3394 4668 3613 4752 sajculq,
3628 4668 3787 4752 q'uam

2196 4736 2806 4816 rituvtummulariorunt
2835 4736 3154 4816 committere
3186 4746 3347 4816 papa!
3358 4749 3392 4802 ἐ
3433 4736 3784 4806 desideranti-

2195 4808 2593 4886 buslaudenret
2641 4808 3010 4886 gloriamUDei
3054 4815 3124 4867 ad
3172 4808 3463 4886 exemplum
3505 4821 3784 4877 audituro-

2196 4878 2613 5005 thEhRespicit
2648 4878 3020 4951 evangelistam
3073 4878 3384 4963 parabolam
3424 4888 3782 4961 talentorum,

2377 4990 2391 5003 .
2424 4965 2551 5005 xxv.

2257 4961 2391 5004 atlh.
2424 4965 2551 5005 XXV.

2266 5018 2873 5116 Ediluini‘ncmcelligere
2902 5024 3046 5116 licet;
3074 5025 3177 5081 hoc
3199 5037 3253 5082 ct
3276 5028 3537 5116 puteriori
3580 5032 3783 5116 saeculo

2194 5101 2307 5116 “ﬁn.
2337 5091 2368 5116 Ω
2397 5090 2403 5093 ⁷
2431 5090 2685 5116 “,ΛΙ-Αιι;η

2720 5108 2838 5116 ..ι-οι..
