4032 5354
255 277 360 333 461

1188 279 1554 337 INVECTlVA
1596 281 1682 335 DE
1723 277 2114 334 TRANSLAT.
2160 281 2217 336 S.
2261 282 2634 340 METRONIS.

3429 288 3534 354 66?.

259 389 403 452 fera,
431 387 689 443 hiemalis
713 389 848 443 satis
903 388 1050 459 rigor
1079 390 1472 456 incommodus,
1505 391 1596 461 qui
1645 389 1851 444 lavaret
1880 391 1929 448 Α
1957 399 2309 445 exsecrantur
2335 408 2430 462 per
2459 394 2662 458 odium,
2697 402 2752 449 ut
2781 411 2885 451 non
2908 397 3132 454 dedocet
3155 401 3370 470 quidam
3397 405 3538 461 inter

246 481 452 550 utique
500 481 645 551 quod
675 482 1023 536 commiserat
1077 482 1273 538 scelus.
1337 482 1442 538 Pro
1497 482 1640 554 pileo
1686 497 1850 552 quem

258 573 432 628 moris
480 582 569 632 est
628 573 830 628 incesta
879 574 1040 629 etiam
1091 575 1428 643 generalitati
1477 576 1726 638 adversa,
1768 571 1851 628 vel

258 661 508 731 ejusdem
535 664 913 720 aestimationis
936 665 1218 720 innumera
1244 666 1560 738 plangentes
1588 665 1851 736 pelliculis

259 755 496 810 exotieis
529 757 676 812 intus
699 757 919 825 farcire,
957 759 1189 813 brumali
1246 769 1411 830 caput
1442 759 1611 830 ipsius
1639 758 1852 828 operie-

259 848 422 902 batur
442 846 701 919 lanugine
738 849 905 922 (654).
939 849 1229 923 Stipularis
1277 852 1363 906 illa
1407 852 1544 905 ritus
1592 850 1848 906 Saxonici

255 955 502 1005 camera,
536 958 700 1013 quam
752 944 941 999 vertici
987 959 1086 1015 pro
1117 945 1335 1000 vitando
1386 944 1518 1000 solis
1566 945 1850 1015 imponunt

255 1031 478 1097 ardore,
533 1032 766 1088 Pbmbus
797 1034 871 1088 illi
923 1045 1040 1090 erat
1083 1034 1480 1092 ﬂammivomus
1536 1037 1666 1106 ipse.
1722 1035 1849 1104 Ejus

261 1125 558 1179 tentorium
586 1126 780 1181 caelum
809 1136 927 1182 erat
958 1127 1100 1182 istud
1132 1129 1362 1193 aerium,
1398 1144 1463 1183 ne
1512 1129 1588 1182 illi
1643 1128 1851 1183 scilicet

258 1213 388 1268 illud
417 1215 799 1271 occluderetur
841 1217 1144 1273 aetherium.
1201 1219 1293 1275 Sol
1355 1219 1427 1274 illi
1485 1235 1584 1290 pro
1634 1220 1845 1284 umbra,

254 1320 450 1359 cauma
506 1306 655 1379 (655)
713 1324 810 1380 pro
866 1308 1146 1381 refrigerio
1201 1320 1338 1373 erat,
1400 1310 1541 1365 lunae
1573 1308 1848 1379 profectus

257 1406 422 1466 atque
453 1397 720 1466 defectus,
775 1401 904 1471 quid
936 1418 966 1456 a
994 1402 1244 1472 profectu
1279 1403 1554 1466 defecerit.
1592 1405 1661 1457 ad
1693 1405 1846 1458 defe-

257 1497 406 1543 ctum
433 1491 626 1555 ruerit,
658 1491 1078 1563 improperabat.
1115 1495 1404 1549 Stellarum
1437 1497 1847 1551 innumerabili-

253 1590 362 1644 tas,
394 1581 440 1635 si
463 1582 679 1651 quando
721 1584 958 1639 siderum
989 1587 1268 1642 ordinator
1297 1589 1618 1658 astrigerum
1666 1587 1848 1658 splen-

256 1673 577 1730 dificaverat
612 1675 968 1732 luminaribus
1014 1680 1306 1734 auricomis
1340 1682 1557 1742 caelum,
1595 1681 1847 1736 innume~

250 1777 346 1820 ras
373 1766 476 1821 sibi
506 1777 760 1838 reputare
788 1768 1166 1826 commonebat
1206 1769 1474 1828 indeficue
1533 1773 1739 1842 culpas,
1789 1781 1844 1828 et

249 1853 664 1926 ingratitudinis
686 1859 990 1916 inculcabat
1010 1863 1129 1917 sine
1151 1863 1550 1918 intermissione
1567 1862 1840 1932 querelas.

253 1947 397 2015 Quid
425 1950 606 2020 fragor
627 1951 1009 2018 tonitruorum,
1047 1952 1279 2022 impetus
1332 1953 1716 2024 procellarum,
1768 1953 1845 2007 la-

248 2039 406 2108 pides
441 2041 787 2113 grandinum,
813 2041 994 2112 jacula
1022 2042 1332 2110 fulminum,
1365 2045 1468 2100 nisi
1501 2045 1843 2100 tremendum

249 2135 384 2189 illud
415 2135 610 2190 ditium
638 2137 1121 2192 animadversionis
1169 2137 1285 2206 ejus
1323 2138 1472 2192 cordi
1522 2137 1846 2192 intonabant

245 2222 568 2292 judicium?
630 2222 856 2280 Tectum
907 2226 1050 2281 illius
1089 2225 1340 2292 stellifer,
1384 2241 1525 2296 szepe
1575 2226 1841 2291 imbrifer,

254 2316 543 2386 aliquoties
589 2318 908 2383 nimbosus,
961 2318 1276 2389 plerumque
1320 2334 1543 2374 serenus
1588 2322 1702 2375 Deo
1753 2335 1845 2374 vo-

249 2407 429 2474 lente;
463 2425 695 2480 quorum
727 2411 1011 2466 alternitas
1034 2411 1347 2467 habitacula
1388 2412 1644 2468 mortales
1693 2428 1845 2468 com-

251 2500 389 2570 pulit
416 2502 765 2574 excogitare;
821 2512 1039 2566 tectum,
1096 2504 1336 2574 inquam,
1394 2504 1467 2558 illi
1508 2514 1616 2558 tam
1657 2504 1844 2560 varius

253 2591 344 2646 ille
381 2591 616 2647 caelestis
648 2602 768 2647 erat
796 2592 1060 2649 iudeficue
1097 2594 1276 2659 orbis;
1305 2610 1412 2649 non
1442 2610 1637 2650 arcens
1660 2605 1841 2649 tamen

253 2684 476 2750 imbres,
516 2684 610 2740 sed
646 2684 898 2751 fundens,
924 2685 1059 2742 dans
1094 2687 1275 2742 nivem
1327 2688 1468 2741 sicut
1505 2687 1708 2752 lanam,
1748 2703 1841 2742 ne-

261 2777 437 2831 bulam
465 2789 518 2831 ut
539 2779 778 2833 cinerem
796 2793 1079 2850 spargens,
1104 2779 1358 2834 emittens
1383 2779 1711 2834 cristallinas
1735 2794 1841 2833 non

252 2867 538 2939 refugienti
566 2869 862 2934 buccellas,
896 2881 1021 2925 ante
1051 2886 1282 2940 quarum
1311 2869 1483 2942 frigus
1523 2870 1609 2926 ille
1632 2881 1842 2942 persta-

249 2961 337 3017 bat
362 2964 762 3034 patientissime
795 2964 964 3028 solns,
997 2981 1167 3034 usque
1199 2964 1328 3019 dum
1385 2965 1477 3021 Dei
1534 2965 1702 3020 solius
1741 2981 1842 3035 po-

251 3067 418 3111 testas
445 3057 614 3112 misso
644 3071 709 3112 ea
759 3055 1111 3128 liquefaceret
1177 3057 1365 3122 verbo,
1427 3054 1582 3111 ﬂaret
1617 3057 1841 3126 spiritus

243 3150 388 3220 ejus,
413 3161 470 3206 et
499 3149 729 3205 fluerent
753 3165 904 3219 aqua:
922 3147 1103 3222 (Psal.
1145 3165 1346 3215 cnvu,
1394 3149 1584 3220 4648)
1617 3150 1842 3205 lavatri-

245 3256 341 3296 ces
366 3252 478 3295 tam
507 3251 866 3296 externarum
913 3256 1073 3310 quam
1103 3240 1438 3295 internarum
1473 3239 1649 3296 sancti
1689 3239 1842 3311 capi-

248 3333 320 3386 tis
349 3333 617 3386 sordium.
646 3331 702 3386 Si
733 3333 950 3402 quando
1002 3331 1293 3401 pluvigerae
1347 3331 1517 3387 nubes
1565 3331 1843 3388 obduxere

249 3426 510 3481 nebulosa
554 3425 788 3497 caligine
820 3425 1035 3495 polmn;
1100 3425 1224 3479 inde
1272 3424 1490 3494 aliquod
1528 3424 1845 3479 minitantes

248 3517 540 3572 imminere
569 3515 874 3571 infelicibus
903 3516 1156 3570 ruricolis
1187 3515 1467 3580 damnum,
1496 3530 1653 3569 suum
1682 3529 1843 3582 repu-

249 3610 402 3664 tabat
429 3608 545 3664 fore
575 3615 880 3678 peccatum,
915 3609 1056 3678 quod
1088 3608 1223 3663 adeo
1250 3607 1422 3662 Deum
1457 3608 1644 3679 utique
1673 3608 1842 3661 offen-

244 3702 409 3764 derit,
445 3711 506 3756 ut
537 3717 642 3756 non
674 3700 777 3756 sibi
811 3699 1008 3766 solum,
1042 3699 1138 3756 sed
1160 3707 1215 3754 et
1236 3713 1398 3769 quam
1438 3698 1729 3762 incolebat,
1783 3697 1843 3752 il-

243 3773 341 3850 lud
372 3793 747 3864 importaverit
770 3793 957 3864 patria:
985 3792 1206 3847 malum.
1236 3791 1328 3848 Sic
1355 3792 1524 3858 enim,
1547 3793 1625 3849 sic
1663 3791 1841 3847 solent

248 3885 422 3940 sancti
447 3882 883 3955 plerumquesibi
936 3882 1063 3938 talia
1115 3892 1471 3952 computare;
1526 3882 1606 3938 sic
1655 3883 1840 3953 culpas

246 3975 478 4030 aliorum
512 3975 565 4029 in
596 3973 803 4043 seipsos
827 3971 1053 4036 referre,
1097 3989 1201 4027 non
1231 3981 1354 4028 voto
1415 3973 1709 4037 mendacii,
1743 3973 1838 4028 sed

248 4065 613 4122 sollicitudine
672 4064 881 4119 timoris
919 4063 1033 4126 Dei,
1091 4079 1199 4117 non
1234 4079 1359 4118 vero
1407 4063 1553 4118 illius
1601 4063 1838 4130 servilis,

246 4143 412 4228 quem
440 4155 588 4212 foras
610 4155 854 4211 charitas
885 4154 1072 4220 mittit,
1101 4154 1193 4209 sed
1224 4153 1367 4209 illius
1404 4154 1540 4210 casti
1575 4155 1626 4208 in
1672 4171 1840 4211 smcu-

248 4251 362 4304 lum
395 4247 577 4304 smeuli
608 4247 1010 4318 permanentis;
1063 4262 1161 4300 nec
1189 4248 1313 4316 quia
1364 4257 1627 4313 metuant,
1676 4263 1838 4318 quam

223 4325 606 4400 conversione
624 4341 738 4410 jam
769 4338 880 4396 Deo
903 4341 1254 4412 promittente
1280 4355 1339 4395 se
1359 4349 1692 4412 prmsumunt
1712 4357 1838 4396 eva-

249 4432 406 4504 sisse,
451 4450 699 4506 prenam;
733 4433 828 4489 sed
861 4446 927 4487 ne
955 4433 1249 4488 securitate
1286 4441 1583 4503 torpentes,
1613 4434 1832 4489 clarita-

248 4531 436 4587 tisDei
467 4529 600 4584 fiant
636 4525 841 4598 indigni
879 4526 1200 4596 conspicere
1251 4526 1478 4596 gloriam
1512 4526 1660 4598 (656)
1716 4543 1835 4582 san-

248 4621 453 4678 ctitatis
480 4620 599 4674 sine
625 4618 914 4673 dilectione
942 4633 960 4670 :
996 4616 1121 4671 vitia
1151 4631 1257 4672 non
1283 4616 1454 4672 solum
1484 4626 1678 4674 cavent
1711 4633 1839 4688 pro-

247 4725 367 4785 pter
387 4711 631 4782 jubentis
661 4708 876 4764 Domini
904 4706 1208 4779 imperium,
1241 4709 1333 4763 sed
1354 4707 1512 4779 311
1533 4717 1587 4763 et
1611 4708 1836 4764 nimium

319 4980 471 5052 (654)
512 4979 826 5052 Construe:
863 4972 1032 5044 Caput
1061 4974 1228 5052 ipsius
1263 4974 1595 5052 operiebatur
1629 4974 1838 5052 Inungi:

254 5044 571 5107 Ie‘bruntali
598 5066 694 5114 pro
722 5045 882 5116 pileo,
909 5062 1061 5116 quem
1093 5046 1254 5098 moris
1282 5055 1356 5098 est
1401 5044 1705 5116 plangentes
1761 5044 1836 5115 (id

255 5135 335 5180 est
362 5123 429 5178 iis
457 5121 545 5191 qui
584 5118 1092 5191 planguntlincesta
1120 5117 1276 5191 etiam
1308 5116 1526 5191 aduersa
1576 5118 1837 5191 generali-

257 5195 362 5238 lnfi,
399 5185 794 5238 npl'inﬁnme'ra
827 5185 1059 5238 eiusdem
1103 5185 1486 5238 wstiimuiouis.
1537 5202 1708 5238 auem.
1756 5189 1837 5238 in.

1956 498 2083 538 suos
2116 487 2528 556 metrographia:
2551 487 2996 560 diligentissimus
3029 492 3098 546 ita
3128 511 3141 547 :

2139 577 2362 629 Oderunt
2383 593 2589 642 peccare
2614 582 2725 632 boni
2749 583 2940 634 virtutis
2963 595 3146 636 amore.

2781 647 2988 707 (HOBA'I'.
3015 649 3154 710 epist.
3187 649 3283 710 ιθ.)

2025 740 2078 795 8.
2118 743 2255 798 Ecce
2280 745 2330 799 in
2365 762 2468 816 qua
2519 749 2701 804 schola
2727 751 3063 819 educabaris,
3102 756 3364 826 discipule
3398 758 3532 813 obe-

1955 834 2290 892 dientissime
2316 855 2378 894 ac
2403 843 2860 899 verecundissime
2889 845 3123 913 Christi;
3163 867 3266 919 qua
3303 869 3528 910 exerce-

1952 923 2098 980 baris
2161 927 2429 997 palmstra,
2493 932 2635 1003 regis
2692 933 2832 990 illius
2867 936 3102 992 caelestis
3148 939 3380 1008 athleta;
3425 961 3535 1015 quo

1953 1015 2423 1076 holocaustaharis
2524 1023 2819 1091 inccndio,
2897 1030 3274 1099 acceptissima
3353 1035 3534 1102 hostia

1953 1103 2192 1163 Christo.
2248 1109 2390 1177 Quid
2439 1113 2736 1183 cogitabas,
2781 1119 3139 1184 sanctissime,
3171 1122 3298 1190 quid
3345 1123 3535 1196 loque-

1953 1201 2098 1256 baris
2146 1213 2333 1257 contra
2387 1220 2510 1260 eum
2564 1216 2767 1272 tamen,
2837 1211 2929 1280 qui
2984 1222 3086 1267 tum
3149 1215 3395 1272 invidens
3448 1235 3536 1272 sa-

1951 1290 2072 1356 luti,
2101 1302 2152 1348 te
2178 1295 2244 1348 ad
2275 1294 2376 1350 hoc
2400 1297 2706 1366 impulerat,
2734 1311 2954 1371 pr0pter
2977 1306 3118 1373 quod
3153 1306 3295 1361 mille
3347 1311 3538 1363 morti-

1951 1381 2053 1437 bus
2080 1384 2254 1440 simile
2269 1389 2484 1457 aggredi
2509 1404 2568 1443 es
2595 1392 2905 1461 compulsus
2959 1401 3320 1454 tormentum?
3365 1401 3540 1456 Nimi-

1951 1489 2069 1526 rum
2096 1477 2392 1533 revoeabas
2424 1479 2474 1533 in
2517 1494 2663 1544 etim,
2701 1498 2819 1552 qure
2846 1486 2955 1554 pati
2985 1486 3262 1554 jubebaris
3297 1499 3538 1548 tormen-

1951 1575 2027 1632 ta,
2056 1584 2178 1623 cum
2211 1572 2276 1626 de
2305 1573 2398 1626 tibi
2427 1574 2802 1631 misericordia
2857 1580 2947 1634 Dei
2993 1597 3089 1652 pro
3117 1593 3340 1640 ventura
3367 1587 3539 1642 victo-

1951 1662 2028 1715 ria
2060 1664 2319 1720 indicibili
2367 1682 2490 1722 eum
2535 1670 2730 1726 urebas
2787 1671 2986 1727 invidia
3019 1676 3348 1747 (657).Quid
3393 1677 3538 1750 quod

1873 1750 1919 1808 B
1949 1768 2222 1819 ursorum,
2250 1755 2483 1821 leonum,
2503 1760 2912 1827 pantherarum,
2939 1764 3021 1818 vel
3056 1765 3424 1838 llyrcanarum
3471 1769 3538 1823 ti-

1946 1843 2120 1913 grium
2152 1859 2301 1901 more
2324 1856 2514 1903 catena
2544 1850 2596 1903 iu
2620 1853 2904 1921 propatulo
2931 1858 3280 1923 constrictus,
3321 1869 3536 1931 specta-

1946 1933 2126 1988 culum
2154 1937 2361 2006 angelis
2396 1948 2450 1994 et
2479 1941 2792 1998 hominibus
2822 1945 3014 2011 factus,
3048 1949 3194 2003 circa
3254 1960 3306 2006 te
3359 1952 3538 2007 multi-

1949 2023 2188 2080 tudinem
2216 2028 2459 2094 videbas,
2509 2032 2594 2085 vel
2626 2035 2887 2092 audiebas
2926 2038 3246 2108 ludentium,
3294 2045 3536 2113 gauden-

1948 2116 2101 2181 tium,
2119 2121 2335 2189 nuptias
2347 2139 2506 2193 saepe,
2524 2128 2746 2195 prandia
2763 2130 3097 2188 incessanter
3117 2135 3531 2204 celebrantium,

1947 2209 2188 2279 symbols
2229 2211 2376 2283 (658)
2411 2214 2849 2285 frequentissima
2878 2227 3388 2283 commessationum
3417 2230 3534 2285 ille-

1945 2301 2138 2358 cebras
2165 2305 2530 2375 actitantium,
2562 2311 2857 2368 cachinnos
2885 2325 2938 2370 et
2961 2315 3165 2372 ludicra
3185 2319 3353 2374 moris
3376 2320 3535 2392 longe

1945 2391 2170 2450 alterius
2194 2395 2290 2452 tibi
2322 2397 2547 2455 nimium
2586 2401 2923 2472 importuna?
2961 2404 3137 2462 Surdo
3178 2408 3292 2464 hinc
3323 2391 3535 2466 sirena-

1945 2500 2065 2540 rum
2095 2490 2363 2557 quondam
2387 2492 2476 2548 ille
2497 2504 2761 2551 cantusut
2779 2498 2940 2566 alter,
2965 2503 3322 2573 percipiebas,
3347 2509 3530 2570 credo,

1946 2581 2132 2671 auditu
2166 2583 2333 2653 (659).
2360 2585 2440 2641 Ad
2472 2587 2587 2642 hare
2611 2597 2791 2644 omnia
2821 2594 2944 2662 quis
2986 2597 3078 2648 tibi
3128 2600 3361 2653 sensus?
3413 2616 3536 2671 quin

1944 2670 2325 2742 passio?quod
2353 2687 2472 2731 erat
2513 2682 2884 2752 martyrium)
2918 2683 3042 2739 Scio
3076 2699 3279 2755 tamen,
3321 2670 3442 2747 scio
3476 2701 3532 2747 et

1944 2759 2338 2829 incunctanter,
2357 2767 2531 2823 sciant
2559 2778 2616 2823 ut
2637 2771 2748 2836 alii,
2773 2774 3016 2843 proferre
3047 2779 3171 2847 quid
3194 2780 3391 2850 agt-bas
3420 2793 3551 2837 non“

1942 2861 2146 2908 metuo.
2173 2854 2437 2912 Nimirum
2469 2862 2724 2930 precibus
2751 2866 2986 2937 angelos,
3023 2869 3276 2941 lacrymis
3321 2874 3387 2928 ad
3437 2890 3533 2929 au-

1945 2943 2241 3001 xiliandum
2283 2948 2468 3005 ciebas
2509 2952 2882 3025 archangelos,
2934 2960 3207 3027 apostolos
3238 2963 3530 3030 gemitibus

1944 3037 2268 3104 advocabas,
2316 3051 2604 3114 martyres,
2655 3046 2996 3104 confessores
3055 3067 3118 3108 ac
3160 3054 3419 3124 virgines,
3472 3065 3531 3112 ut

1947 3142 2046 3198 pro
2078 3137 2129 3184 te
2177 3130 2518 3189 invidissimo
2549 3151 2672 3191 cum
2723 3139 2877 3195 hoste
2916 3139 3286 3212 conﬂigerent,
3328 3162 3525 3202 exora-

1947 3219 2064 3275 bas.
2097 3221 2235 3289 Quid
2263 3224 2326 3278 de
2351 3224 2438 3279 illa
2465 3227 2844 3285 universorum
2891 3232 3102 3288 illorum
3139 3239 3319 3306 regina
3342 3239 3366 3292 ?
3390 3241 3534 3296 Sub-

1947 3313 2232 3379 serviente,
2263 3329 2402 3382 reor,
2433 3320 2778 3385 verecundia,
2805 3337 2924 3392 qua:
2968 3324 3109 3380 inter
3163 3328 3329 3382 bonos
3358 3331 3529 3400 impe-

1948 3405 2196 3460 trationis
2225 3407 2527 3478 innegabile
2577 3412 2814 3481 possidet
2872 3416 3058 3482 robur,
3097 3427 3246 3476 tanto
3279 3437 3397 3474 eam
3430 3439 3526 3477 ex-

1944 3498 2254 3559 audibilius,
2287 3511 2489 3570 quanto
2539 3503 2796 3559 humilius
2827 3522 2890 3561 ac
2920 3511 3280 3565 verecundius
3325 3515 3527 3582 Suppli-

1947 3591 2125 3645 eabas.
2159 3590 2293 3646 Puto
2315 3592 2484 3658 enim,
2513 3593 2655 3664 quod
2695 3611 2854 3652 nemo
2900 3600 3102 3655 carnali
3127 3601 3533 3660 oblectamento

1945 3679 2165 3751 (cohors
2191 3687 2248 3735 ut
2273 3683 2480 3753 nostra)
2502 3684 2756 3754 pollutus,
2807 3687 2924 3758 ejus
2954 3691 3072 3746 sine
3112 3694 3318 3762 pudore
3351 3695 3522 3751 invio-

1943 3771 2293 3829 labilissimos
2317 3773 2514 3844 pulset,
2555 3775 2656 3831 nisi
2710 3779 2959 3845 demens,
2991 3782 3227 3838 auditus.
3259 3784 3352 3840 Dei
3382 3787 3528 3843 enim

1945 3865 2219 3922 hominem
2249 3867 2421 3922 induti
2445 3883 2546 3938 per
2569 3870 2831 3926 unitatem
2857 3872 2909 3926 in
2937 3874 3146 3932 duabus
3174 3879 3384 3934 naturis
3407 3895 3529 3951 per-

1944 3972 2089 4013 sona:
2119 3966 2291 4014 mater
2317 3959 2437 4015 ideo
2457 3959 2575 4016 ﬁeri
2603 3964 2821 4027 meruit,
2856 3966 2982 4034 quia
3025 3978 3271 4038 respecta
3295 3971 3462 4042 ipsius
3493 3990 3526 4029 a

1943 4049 2054 4104 Deo
2085 4050 2488 4121 incomparabili
2521 4054 2731 4110 caeteris
2769 4055 3095 4122 humilitate,
3149 4072 3526 4130 quanstatum

1943 4146 2204 4202 bonorum
2246 4148 2356 4204 sola
2403 4151 2542 4220 potis
2593 4161 2675 4206 est
2713 4158 3310 4223 perseverantissimum
3342 4170 3529 4218 custo-

1941 4239 2076 4301 dire,
2111 4251 2168 4296 ut
2190 4251 2316 4296 ante
2344 4252 2578 4312 partum,
2609 4244 2682 4298 ita
2711 4245 2762 4298 in
2817 4255 2997 4315 partu,
3055 4264 3154 4304 nec
3199 4251 3375 4307 minus
3405 4262 3528 4322 post

1942 4342 2156 4403 partum
2183 4335 2334 4406 virgo
2359 4336 2534 4405 potuit
2555 4351 2890 4407 permanere.
2921 4339 3120 4398 Morale
3143 4353 3227 4399 est
3273 4347 3524 4403 omnibus

1943 4440 2094 4490 sane,
2134 4436 2192 4480 ut
2227 4419 2352 4481 huic
2378 4428 2476 4495 rei,
2506 4443 2672 4498 quam
2719 4430 2954 4500 amplius
2982 4432 3228 4506 diligunt,
3259 4437 3530 4495 detesten-

1948 4527 2034 4572 tur
2059 4518 2416 4573 contrarium.
2449 4517 2646 4574 Sancta
2674 4534 2805 4591 ergo
2828 4519 2920 4576 Dei
2961 4521 3226 4590 Cenitrix,
3282 4528 3407 4598 quia
3438 4531 3532 4584 ca-'

1946 4611 2187 4665 stitatem
2223 4609 2363 4664 ultra
2389 4625 2584 4665 omnes
2632 4610 2841 4678 dilexit,
2875 4614 3208 4670 contrariam
3237 4616 3311 4672 illi
3347 4618 3532 4674 libidi-'

1946 4717 2067 4757 nem
2096 4703 2150 4757 in
2195 4702 2447 4759 omnibus
2490 4701 2850 4772 Christicolis,
2899 4708 3084 4775 credo,
3139 4709 3311 4780 magis
3367 4711 3532 4769 habet

1943 4987 2129 5027 sensu.
2160 4957 2607 5026 Emendatiunem
2659 4985 2723 5022 ex
2773 4968 3288 5042 ingenioinductam
3313 4961 3534 5042 sentem

1944 5043 2018 5096 tia
2075 5043 2351 5098 contextui
2394 5057 2698 5113 congruens
2745 5039 2936 5096 suas-it.
2986 5039 3105 5094 Mox
3159 5057 3263 5094 non
3312 5041 3532 5100 dedocet

1941 5113 2087 5169 idem
2108 5123 2191 5167 est
2214 5127 2278 5166 ac
2304 5113 2472 5168 docet.

2019 5183 2168 5238 (657i
2218 5182 2487 5238 Construe
2514 5203 2526 5238 :
2560 5199 2677 5237 cum
2704 5182 2893 5237 urebas
2917 5196 3030 5233 eum
3055 5179 3252 5235 invidia
3275 5180 3540 5238 indiribiii
