4032 5354
479 251 590 311 16')

1428 252 1754 307 RATIllSltll
1797 250 2009 306 El‘lSt).
2054 246 2307 303 VERON.
2350 248 2501 304 Ol‘l’.
2546 248 2724 304 PARS
2765 249 2804 304 l.

3606 315 3608 317 .
3653 242 3765 314 4σέ

482 402 724 440 exosum.
757 384 922 438 Labia
956 384 1124 454 igitur
1148 384 1334 438 osculo
1362 385 1680 440 illecebroso
1702 383 1928 454 polluta,
1965 383 2066 437 liu-
2101 393 2146 453 Α
2176 358 2454 454 ηυίτίῲθδ
2475 369 2726 430 l’ercepla
2755 359 3158 417 imn'orlallmlc
3183 361 3234 416 ί¹¹
3267 372 3530 419 “uernum
3577 369 3760 423 "ic‘U‘

482 491 584 550 gua
619 475 922 546 turpiloqua
953 475 1114 546 312
1140 476 1479 531 obscenitate
1509 476 1808 541 sordidata,
1829 475 2070 530 castissi-

479 585 584 625 ma?
608 569 847 641 Virginis
877 569 1096 640 (prmter
1119 567 1169 622 id
1201 570 1344 639 quod
1374 577 1547 624 mater
1573 569 1770 624 interni
1799 578 1880 625 est
1905 568 2067 623 etiam

475 660 712 734 iudicis)
741 675 936 716 nomen
965 675 1070 729 qua
1114 659 1419 714 temeritate
1447 659 1810 714 inverecunde
1837 658 2072 714 audeant

480 755 928 812 nominare?Cor
957 754 1156 808 lasciva
1196 753 1547 808 meditatione
1609 753 1897 824 pollutum,
1954 749 2070 820 ejus

480 847 725 904 recolere
755 846 988 917 qualiter
1011 853 1304 915 przesumat
1344 844 1534 899 saltem
1561 845 1880 900 vocabulum
1938 843 2070 914 ipsis

481 938 693 1011 angelis
720 934 1123 992 venerandum?
1152 935 1258 991 Sed
1315 934 1459 1004 quod
1508 934 1817 1012 facinorosa
1873 933 2069 1003 refugit

482 1029 840 1096 conscientia,
906 1017 1236 1100 prtesumere
1301 1025 1432 1082 facit
1488 1025 1896 1083 clementissimi
1946 1025 2069 1080 Filii

480 1123 602 1193 ejus
621 1122 817 1194 pietas,
850 1128 1012 1191 atque
1066 1109 1458 1175 incarnationis
1496 1119 1667 1190 ipsius
1698 1118 1834 1174 ratio
1868 1116 2068 1172 lidelis-

481 1213 620 1270 sime
668 1213 1034 1268 considerata.
1088 1209 1361 1282 lndignari
1416 1211 1562 1266 enim
1615 1227 1735 1267 eam
1767 1251 1782 1276 ,
1849 1210 2066 1265 miseri-

481 1307 749 1371 corditcr,
806 1321 951 1371 reor,
993 1305 1345 1370 contradicit,
1397 1305 1858 1361 sceleratissimus
1903 1304 2067 1358 etiam

479 1397 717 1454 famulus
745 1399 1118 1452 dumcarnem
1152 1395 1226 1450 illi
1274 1405 1647 1467 repraesentat,
1702 1411 1862 1466 quam
1909 1411 1975 1450 ex
2006 1410 2069 1450 ea

479 1490 783 1548 clementer
812 1489 1105 1560 assumpsit
1135 1505 1232 1559 pro
1254 1489 1610 1545 emundandis
1659 1505 1875 1545 reorum
1932 1489 2069 1545 deli-

476 1583 590 1637 ctis
614 1580 794 1654 (660):
829 1596 892 1635 ac
935 1596 1032 1651 per
1055 1581 1157 1636 hoc
1189 1581 1255 1635 de
1295 1579 1482 1650 tejam
1512 1591 1720 1656 martyr
1739 1597 1952 1646 secure,
1973 1596 2072 1650 pro

483 1677 641 1732 nobis
678 1677 819 1746 apud
871 1677 1118 1729 eamdem
1175 1674 1268 1729 Dei
1305 1675 1636 1730 Genitricem
1683 1675 1873 1730 eadem
1919 1689 2071 1728 vere-

426 1752 437 1762 ’
481 1767 676 1822 cundia
715 1781 865 1832 usus,
905 1779 1214 1835 precamur,
1237 1765 1513 1820 humiliter
1551 1764 1850 1820 iutercede.

563 1861 617 1914 9.
660 1858 767 1915 Sed
799 1858 927 1930 quid
956 1858 1392 1930 imperitissimus
1419 1858 1655 1914 inaniter
1681 1856 1888 1912 conor?

667 1969 836 2022 Defuit
859 1969 1131 2033 eloquium,
1155 1979 1324 2020 necte
1341 1970 1605 2020 sustollere
1631 1983 1842 2032 possum.

479 2052 728 2109 Tulliana
758 2053 902 2108 enim
945 2053 1076 2107 mihi
1127 2052 1172 2107 si
1208 2052 1424 2108 adesset
1479 2051 1751 2116 facundia,
1802 2066 2066 2108 enarrase

475 2145 726 2216 nequiret
754 2159 872 2198 mea
898 2143 964 2198 de
990 2152 1041 2199 te
1067 2157 1188 2213 quae
1213 2143 1396 2214 geStit,
1417 2132 1613 2208 victor,
1645 2142 1926 2199 instantia.
1959 2143 2066 2200 Sed

476 2234 1233 2306 conaboriterum,quamvis
1254 2249 1360 2290 non
1410 2242 1672 2305 sequatur
1724 2234 1940 2291 dicendi
1987 2233 2067 2288 fa-

477 2330 681 2397 cultas,
711 2344 873 2400 quem
902 2344 1006 2384 non
1033 2328 1244 2399 patitur
1263 2328 1425 2384 silere
1470 2327 1739 2384 voluntas.
1774 2327 2063 2394 Studebas,

476 2420 620 2486 dico,
641 2418 883 2490 quotidie
909 2417 1140 2474 Domino
1163 2417 1440 2473 victimam
1468 2417 1770 2484 immolare,
1809 2417 2066 2474 holocau-

476 2520 620 2565 stum
647 2519 910 2574 mactare,
938 2524 1045 2564 non
1072 2524 1138 2566 ex
1168 2509 1348 2564 alieno
1388 2525 1580 2565 verum
1608 2525 1826 2581 pecore,
1873 2511 1968 2566 sed
1996 2526 2063 2566 ex

474 2599 702 2670 proprio
727 2614 978 2670 corpore.
1012 2599 1091 2654 Tu
1122 2601 1419 2678 §acerdos,
1453 2608 1508 2654 tu
1534 2647 1540 2652 .
1565 2601 1742 2656 hostia
1787 2615 1947 2666 eras;
2006 2611 2064 2656 tu
2102 2626 2110 2635 ο

474 2690 744 2757 carnifex,
771 2702 825 2747 tu
853 2703 1095 2764 martyr;
1127 2701 1184 2746 ιιι
1217 2700 1417 2759 tortor,
1437 2701 1493 2747 tu
1519 2693 1774 2748 torsionis
1793 2693 2061 2764 perlator;

473 2791 538 2845 tu
545 2781 826 2854 jugulum,
858 2791 912 2837 ttt
935 2781 1250 2854 iugulator;
1312 2783 1455 2839 ultor
1505 2785 1771 2850 criminis,
1819 2795 2066 2841 servator

474 2873 702 2940 alumni,
727 2874 910 2930 carnis
939 2874 1238 2946 neglector,
1268 2875 1464 2930 mentis
1519 2876 1784 2947 provisor.
1841 2876 2062 2932 Multum

477 2977 532 3022 te
563 2982 710 3036 vero,
738 2966 953 3038 qualem
979 2968 1261 3034 censebas,
1291 2967 1483 3036 fateor,
1511 2969 1722 3033 oderas,
1751 2970 1878 3025 dum
1914 2979 1966 3024 te
1987 2971 2060 3025 ita

481 3059 756 3116 acerrime
775 3059 1077 3135 cruciabas.
1110 3058 1393 3114 Rationem
1419 3060 1569 3115 carni
1591 3059 1840 3131 subigere
1865 3060 2062 3132 gestie-

2175 465 2312 516 ram,
2342 449 2558 522 longum
2589 454 2974 508 estenarrare!

2243 565 2329 618 10.
2371 563 2508 631 Quid
2544 563 2636 619 tibi
2691 573 2745 620 at
2788 565 3079 636 profecerit
3114 578 3300 623 contra
3331 571 3559 626 militem
3595 573 3762 646 313

2171 653 2373 710 Christi
2393 664 2593 722 tamen,
2614 656 2785 712 hostis
2811 658 3294 729 importunissime,
3320 671 3408 718 tua
3435 663 3524 718 illa
3541 665 3610 719 ad
3626 677 3759 720 tem-

2171 764 2273 818 pus
2298 748 2550 815 victoria,
2593 749 2777 805 videre
2801 767 2906 806 non
2934 767 3153 822 possum
3183 753 3354 827 (662).
3388 754 3758 826 Triumphan-

2173 841 2279 896 tius
2307 850 2358 896 te
2390 841 2535 896 enim
2581 843 2878 912 gaudemus
2917 843 3035 913 ipso
3071 846 3240 915 ipsius
3277 863 3407 902 casu
3447 849 3760 915 devictum,

2170 945 2329 1000 quam
2357 929 2402 986 si
2433 930 2500 985 ab
2531 930 2647 1000 ipso
2673 945 2736 985 ea
2777 933 2910 988 hora
2929 935 3289 992 continuisses
3313 937 3764 1008 insipientissime

2171 1039 2411 1078 manum.
2451 1020 2664 1079 Oblitus
2712 1023 2853 1080 forte
2892 1025 3103 1094 fueras,
3136 1029 3480 1098 impiissime,
3508 1030 3760 1086 Salvato-

2171 1131 2286 1172 rem
2325 1116 2747 1173 clementissime
2775 1117 3099 1189 professum,
3131 1121 3383 1190 gaudium
3411 1139 3524 1178 esse
3551 1125 3608 1178 in
3630 1123 3758 1178 τωιο

2167 1221 2325 1276 super
2350 1223 2453 1261 uno
2479 1216 2749 1278 peccatore
2788 1209 3142 1273 paenitentiam
3178 1223 3360 1282 agente
3377 1254 3393 1277 ,
3417 1231 3574 1284 quam
3599 1232 3760 1284 supra

2170 1299 2453 1370 nonaginta
2516 1315 2694 1354 novem
2746 1300 2921 1371 justas
2968 1319 3070 1356 non
3124 1304 3409 1375 indigentes
3457 1309 3760 1375 paenitentia

2171 1390 2324 1458 (Luc.
2391 1407 2509 1458 vu,
2555 1391 2667 1464 20).
2724 1392 2826 1462 Qui
2885 1394 3206 1451 desidiosius
3260 1399 3403 1453 enim
3455 1415 3567 1454 sua:
3631 1416 3760 1455 cou-

2171 1481 2343 1537 fideus
2382 1481 2564 1538 forsan
2604 1480 2851 1552 justitite,
2907 1486 3206 1542 victitando
3246 1487 3333 1543 vix
3360 1489 3428 1545 de
3466 1492 3628 1545 venia
3663 1493 3756 1546 ha-

2170 1571 2362 1628 buerat
2403 1590 2508 1630 non
2562 1575 2697 1631 adeo
2738 1577 3013 1648 gravium,
3058 1581 3153 1636 sed
3183 1589 3359 1636 tamen
3389 1583 3761 1640 innumerabi-

2167 1661 2301 1718 lium
2330 1666 2725 1735 peccaminum,
2756 1676 2813 1721 ut
2843 1668 3020 1736 nmlti,
3048 1686 3398 1742 praesumere,
3427 1673 3553 1728 odio
3581 1674 3760 1740 istius,

2101 1773 2143 1831 Β
2172 1753 2226 1808 in
2284 1756 2426 1824 quod
2471 1771 2593 1810 eum
2646 1757 2982 1828 impuleras,
3023 1761 3285 1826 criminis,
3336 1763 3480 1818 vires
3528 1779 3762 1820 exerens

2171 1846 2473 1910 universas,
2497 1847 2738 1918 gladium
2763 1850 2946 1905 auxilii
2976 1852 3244 1924 arripiens
3271 1862 3319 1908 te
3341 1863 3534 1910 contra
3565 1856 3757 1922 divini,

2170 1949 2325 1995 scuto
2372 1940 2727 2010 protectionis
2765 1941 3061 1998 Dominicre
3095 1952 3306 2013 tectus,
3335 1947 3607 2002 acerrime
3651 1964 3760 2004 non

2168 2031 2431 2088 dubitavit
2482 2031 2782 2105 insurgere,
2814 2033 3100 2090 Eutellinis
3132 2051 3196 2091 ac
3229 2045 3280 2092 te
3322 2038 3588 2094 caestibus
3643 2038 3763 2094 fati-

2167 2137 2317 2192 gare,
2359 2121 2540 2192 jacula
2575 2124 2969 2179 incessabiliter
2995 2125 3228 2192 mittere,
3280 2127 3506 2183 missilia
3549 2127 3759 2198 jacere,

2167 2215 2344 2269 nudus
2397 2214 2662 2269 indel‘icue
2716 2222 2891 2270 tecum
2920 2217 3094 2287 gratia
3141 2217 3234 2273 Dei
3262 2219 3523 2285 nudante,
3553 2220 3762 2276 scilicet

2167 2321 2235 2360 ne
2291 2306 2386 2360 tibi
2441 2305 2585 2360 unde
2644 2315 2920 2361 teneretur
2971 2307 3303 2380 relinqueret
3349 2310 3575 2380 aliquid,
3643 2311 3760 2366 sine

2167 2396 2572 2452 intermissione
2620 2395 2846 2464 luctari;
2890 2399 3256 2470 providusque
3285 2416 3314 2455 a
3362 2401 3518 2474 longe
3547 2403 3758 2473 sagittis

2167 2491 2233 2546 de
2259 2491 2516 2562 pharetra
2544 2489 2672 2546 Jesu
2702 2491 2918 2547 emissis
2948 2501 2997 2547 te
3024 2509 3242 2565 semper
3271 2495 3567 2566 impetere,
3592 2504 3671 2560 et,
3702 2505 3758 2550 ut

2169 2581 2563 2638 inaccessi‘bilis
2603 2582 2656 2637 in
2685 2592 3006 2653 perpetuum
3031 2582 3196 2652 foret,
3227 2585 3371 2642 vallo
3399 2585 3758 2658 protectionis

2166 2675 2260 2731 Dei
2292 2676 2409 2730 sine
2440 2674 2847 2730 intermissione
2867 2674 3110 2730 divinum
3143 2676 3466 2747 postulando
3492 2676 3756 2731 auxilium

2165 2786 2223 2826 se
2245 2768 2584 2825 circumdare
2608 2768 2777 2840 (665).
2803 2768 3117 2841 Ignorabas,
3147 2779 3239 2825 aut
3260 2769 3445 2826 forsan
3475 2786 3585 2826 non
3608 2784 3758 2826 reco~

2165 2861 2336 2926 lcbas,
2355 2859 2707 2930 nequissime,
2734 2869 2944 2916 asserto
2968 2860 3110 2917 illius
3139 2863 3408 2932 quondam
3432 2861 3757 2918 nobilissimi

2164 2951 2455 3008 devictoris
2483 2951 2536 3007 in
2561 2951 2905 3022 sterquilinio
2944 2953 3042 3018 tui,
3074 2952 3185 3008 imo
3212 2953 3278 3008 ad
3304 2966 3428 3007 eum
3456 2951 3754 3022 loquentis,

2165 3042 2256 3113 qui
2305 3043 2400 3098 tibi
2445 3041 2594 3098 illum
2644 3053 2970 3115 exposuerat
3007 3045 3322 3098 tentandum
3360 3042 3619 3113 quidem,
3656 3042 3750 3098 sed

471 3152 608 3217 bas;
636 3166 757 3206 eam
799 3151 922 3207 ideo
969 3133 1077 3206 tam
1115 3151 1373 3207 atrociter
1401 3149 1704 3224 aﬂligebas;
1741 3151 1834 3207 sed
1873 3165 2060 3206 revera
2088 3136 2134 3200 C
2166 3133 2387 3224 minime
2418 3133 2761 3200 vincendum,
2788 3135 2854 3189 de
2885 3134 3101 3189 turbine
3129 3135 3328 3202 Deum;
3366 3149 3474 3190 non
3508 3133 3760 3189 reminis-

470 3243 706 3299 odiendo
727 3243 970 3307 amabas,
1001 3242 1129 3298 dum
1159 3242 1240 3298 sic
1268 3258 1385 3298 eam
1403 3243 1631 3300 Domino
1646 3243 2058 3299 reconciliabas.

471 3334 614 3389 Vera
646 3342 729 3390 est
752 3333 896 3389 enim
927 3333 1159 3390 dicentis
1179 3335 1469 3402 sententia,
1500 3336 1622 3406 quia
1653 3352 1802 3392 nemo
1829 3353 2059 3407 unquam

468 3441 682 3480 carnem
709 3441 863 3480 suam
902 3424 1024 3480 odio
1082 3426 1292 3491 habuit,
1342 3426 1434 3481 sed
1472 3428 1636 3481 nutrit
1680 3436 1730 3482 et
1777 3427 1911 3498 [ovet
1943 3443 2060 3482 eam

468 3516 690 3590 (Epltes.
721 3534 777 3584 v,
807 3518 899 3589 29)
927 3535 1206 3586 :atruem,
1239 3519 1438 3589 inquit,
1487 3529 1546 3574 ut
1578 3536 1686 3576 non
1716 3520 1848 3574 vitia
1884 3521 2060 3575 inten-

467 3607 662 3665 damus
683 3611 865 3666 carnis
880 3611 1048 3681 (quod
1073 3619 1125 3666 te
1150 3610 1373 3666 minime
1399 3609 1623 3683 latebat)
1638 3611 1868 3667 amanda
1887 3611 2058 3682 (66l):

468 3701 560 3757 illa
588 3703 734 3758 enim
776 3719 806 3756 a
857 3703 1000 3758 malo
1028 3703 1240 3760 sciebas
1285 3704 1606 3774 procedere,
1645 3703 1788 3760 hanc
1832 3720 1962 3760 vero
1991 3705 2061 3760 ab

467 3791 564 3848 illo
588 3792 811 3859 factam,
836 3795 926 3864 qui
952 3794 1084 3850 :vidit
1115 3803 1306 3848 cuncta
1330 3810 1448 3864 qua:
1475 3793 1621 3864 fecit,
1650 3805 1696 3849 et
1727 3805 1876 3849 erant
1912 3794 2060 3850 valde

469 3889 606 3940 bona
632 3880 784 3956 (Gen.
816 3901 856 3951 ι,
882 3887 995 3958 5t).
1026 3886 1172 3942 Vitia
1197 3901 1348 3957 ergo,
1374 3895 1607 3958 martyr,
1631 3886 1789 3952 vitia,
1810 3902 1916 3942 non
1934 3903 2059 3942 car-

469 3987 596 4029 nem
620 3974 1015 4045 insequebaris,
1043 3975 1172 4029 dum
1193 3989 1313 4030 eam
1338 3983 1446 4030 tam
1486 3975 1651 4030 variis
1696 3984 2061 4032 tormenlave-

470 4078 562 4118 ras
597 4062 805 4130 modis;
838 4071 900 4118 ut
945 4063 1188 4118 medicus
1233 4064 1440 4119 scilicet
1478 4065 1726 4119 morbum
1761 4063 2062 4133 insequitur

468 4155 737 4219 cauterio,
761 4155 885 4210 dum
907 4155 1055 4225 cupit
1076 4154 1279 4210 homini
1309 4156 1566 4226 prodesse
1590 4156 1848 4222 remedio,
1877 4157 2060 4213 carnis

466 4245 614 4301 illius
640 4246 767 4302 licet
837 4246 1210 4314 incommodo;
1264 4263 1427 4318 quam
1468 4262 1656 4303 severo
1697 4247 1881 4319 igitur,
1917 4247 2059 4305 bone

465 4337 702 4405 medice,
734 4338 941 4394 urendo
986 4347 1040 4395 te
1072 4339 1246 4409 ipsum
1279 4338 1468 4395 salutis
1497 4339 1714 4407 dilecto,
1764 4349 2060 4397 tormenta-

466 4429 568 4486 bas
594 4430 836 4486 cauterio
861 4448 875 4498 ;
900 4447 1005 4502 qua
1032 4431 1312 4502 petionum
1371 4431 1737 4488 amaritudine
1783 4433 2048 4488 interiora

2163 3223 2401 3290 cebaris,
2435 3224 2680 3296 inquam,
2714 3225 2958 3281 foramen
2992 3226 3046 3280 in
3068 3225 3285 3281 maxilla
3318 3233 3409 3280 tua
3431 3223 3549 3282 fore
3574 3225 3760 3280 armil-

2164 3313 2214 3370 la
2239 3326 2516 3386 patratum
2563 3317 3063 3388 circmnpleetentis
3093 3332 3192 3373 nos
3226 3318 3418 3374 divina:
3440 3317 3756 3374 misericor-

2161 3409 2266 3465 dia:
2298 3408 2471 3481 (66l),
2531 3425 2630 3480 per
2679 3410 2820 3480 quod
2873 3410 3106 3466 evadere
3155 3410 3224 3466 de
3295 3421 3510 3465 tuarum
3575 3416 3758 3480 posset

2164 3501 2598 3558 mandibularum
2654 3505 2982 3560 contritione
3022 3505 3143 3576 (Job
3167 3522 3252 3572 xc,
3280 3505 3394 3574 Si),
3423 3515 3480 3560 ut
3513 3506 3753 3560 universi

2164 3595 2350 3664 utique
2397 3593 2608 3650 fructus
2648 3595 2840 3665 dignos
2887 3607 3110 3668 agentes
3135 3597 3471 3666 pteniteutiae
3503 3594 3755 3669 [subaudi

2164 3699 2387 3762 possunt
2441 3689 2736 3763 evadere]?
2796 3689 2947 3746 Unde
2973 3691 3139 3757 enim,
3170 3689 3497 3754 miserrime,
3527 3704 3594 3745 ac
3617 3704 3755 3760 prac-

2166 3785 2448 3839 teritorum
2485 3783 2670 3849 oblite,
2704 3783 2867 3849 unde,
2910 3782 3163 3852 inquam,
3196 3781 3413 3846 Petrus,
3443 3782 3588 3836 umle
3610 3779 3751 3834 Pau-

2164 3876 2247 3932 lus
2276 3894 2340 3932 ex
2371 3877 2533 3932 Sauli)
2560 3877 2735 3934 factus
2754 3921 2768 3944 ,
2801 3879 2942 3933 unde
2969 3879 3058 3932 alii
3087 3877 3236 3932 tnulti
3262 3878 3445 3932 fauces
3493 3886 3618 3930 tuas
3648 3874 3751 3929 nisi

2161 3985 2259 4039 per
2299 3968 2425 4024 illud
2477 3985 2703 4039 evasere
2753 3968 3031 4024 foramen?
3069 3968 3136 4024 Et
3185 3969 3327 4034 vide,
3388 3967 3576 4032 miser,
3620 3966 3752 4038 quid

2167 4063 2258 4118 tibi
2306 4064 2616 4135 contigerit.
2677 4064 2812 4117 Dum
2847 4065 2991 4118 enim
3019 4063 3135 4133 ejus
3161 4079 3255 4118 cor
3292 4061 3590 4134 petulantia
3629 4077 3749 4116 car-

2165 4153 2266 4208 nali
2304 4155 2565 4226 pulsasti,
2616 4156 2716 4210 hoc
2757 4155 2946 4210 nolens
2988 4156 3054 4209 ad
3080 4170 3318 4209 amorem
3351 4152 3750 4217 Domini,infe-

2163 4245 2440 4312 licissime,
2486 4246 2681 4302 fortius
2733 4247 3013 4318 impulisti.
3065 4247 3192 4302 lude
3219 4261 3348 4318 ergo
3394 4246 3671 4300 robustior
3698 4243 3776 4298 ei

2163 4355 2265 4410 pax
2303 4356 2424 4395 cmn
2474 4342 2791 4411 ptenitcntia
2829 4341 3043 4412 placato
3090 4339 3338 4410 piissimo
3381 4337 3569 4406 judice
3625 4337 3745 4403 fuit,

2163 4435 2305 4489 unde
2332 4435 2520 4501 durius
2555 4446 2742 4489 contra
2819 4444 2869 4489 te
2897 4443 3194 4497 certamen,
3221 4431 3555 4502 impiissime,
3602 4445 3747 4484 sum-

469 4531 576 4579 tuze
600 4539 796 4579 curare
825 4541 932 4580 non
981 4525 1272 4581 omittebas
1311 4526 1554 4597 quotidie
1601 4527 1826 4582 animae?
1881 4527 2054 4595 Quam
2083 4507 2136 4568 Ῐ)
2159 4527 2285 4598 psit.
2326 4527 2516 4582 Merito
2541 4543 2669 4599 ergo
2698 4525 2839 4597 {aliis
2869 4525 3015 4598 (665)
3047 4524 3214 4580 latiali
3246 4523 3549 4579 rusticitate
3581 4537 3744 4576 voea-

445 4618 779 4684 ‘utecessario
806 4616 915 4671 fottt
938 4631 1158 4674 carnem
1179 4619 1344 4672 etiam
1373 4621 1694 4690 quandoque
1720 4635 1842 4675 cmn
1871 4622 2052 4676 anima

538 4727 688 4800 (660)
729 4726 994 4800 Construe
1024 4746 1037 4800 ξ
1073 4725 1280 4782 Etenim
1306 4745 1423 4782 reor
1471 4728 1635 4798 (illius
1660 4727 1803 4800 ejus)
1849 4731 2053 4784 miseri-

467 4799 698 4852 corditer
750 4799 1060 4869 contradicit
1123 4815 1238 4852 eam
1289 4799 1574 4868 indignari,
1631 4799 2050 4869 dum'famnlus

468 4869 625 4940 etiam
659 4868 1089 4926 sceleratissimus
1134 4879 1468 4938 reprarsentat
1505 4869 1585 4940 illi
1616 4868 1850 4934 carnem,
1890 4888 2046 4940 quam

469 4937 748 4993 clementer
765 4956 825 4994 ea
843 4955 903 4992 ea
919 4937 1198 5007 assumpsit
1219 4955 1313 5010 pro
1339 4939 1680 4994 emendandis
1705 4937 1910 4994 delictis
1931 4958 2045 4995 reo-

466 5025 606 5064 rum.

539 5078 688 5150 (66l)
729 5077 783 5132 ld
810 5088 912 5143 est,
943 5089 998 5133 ut
1016 5093 1134 5150 non
1155 5080 1486 5133 intendamus
1516 5080 1638 5134 vitia
1663 5080 1838 5134 carnis
1862 5097 2046 5134 aman-

467 5148 562 5213 da,
600 5150 739 5213 quod
761 5150 974 5203 minime
1004 5148 1197 5203 latebat
1223 5159 1292 5202 te.

538 5218 690 5288 (662)
732 5219 997 5274 Coustrue
1036 5236 1049 5272 :
1101 5221 1166 5272 At
1209 5235 1312 5272 non
1359 5235 1568 5288 possum
1629 5229 1802 5274 tamen
1851 5221 2044 5286 videre,

466 5289 595 5354 quid
617 5289 833 5344 victoria
859 5289 950 5341 illa
974 5300 1066 5342 tua
1095 5289 1163 5342 ad
1186 5298 1408 5354 tempus,
1440 5289 1601 5344 hastis
1652 5291 2044 5354 importunissi-

2159 4619 2268 4686 ris;
2323 4621 2579 4690 quoniam
2636 4619 2854 4690 quidem
2909 4620 3139 4674 veritate
3202 4633 3455 4683 vacuus,
3507 4615 3744 4670 falsitate

2158 4733 2414 4803 arripiens
2437 4733 2670 4803 gladium
2691 4734 2877 4789 auxilii
2900 4734 3081 4793 divini.
3109 4732 3272 4788 tectus
3301 4743 3450 4787 scuto
3469 4732 3739 4803 protectio-

2158 4806 2239 4858 nis
2272 4803 2580 4868 Dominicu’,
2611 4821 2712 4858 non
2734 4806 2988 4859 dubitavit
3032 4806 3284 4858 acerrime
3325 4805 3593 4872 insurgere
3621 4818 3737 4855 can-

2156 4885 2236 4945 tra
2272 4885 2340 4945 te,
2372 4891 2433 4926 ac
2458 4873 2681 4945 fatigare
2707 4885 2754 4929 te
2775 4877 2994 4929 restibus
3018 4874 3320 4936 Entellinis,
3345 4875 3550 4927 mittere
3569 4873 3732 4945 inces-

2153 4943 2390 4997 sabiliter
2393 4943 2602 5013 jacula,
2608 4945 2788 5014 jacere
2800 4947 3044 5004 missilia.
3063 4945 3234 4999 nudus
3247 4945 3525 5014 inde/icue,
3543 4943 3733 5014 nudan-

2152 5025 2200 5067 te
2220 5015 2389 5085 gratia
2413 5015 2525 5087 Dei,
2554 5013 2617 5068 ne
2635 5015 2828 5070 scilicet
2873 5015 3180 5087 relinqueret
3222 5016 3314 5069 tibi
3346 5013 3570 5085 aliquid,
3604 5013 3734 5087 inde

2150 5095 2444 5207 generetur,
2481 5085 2591 5139 sine
2623 5085 3198 5140 intermissionetecum
3221 5087 3451 5150 luctari,
3495 5095 3542 5138 et
3569 5085 3730 5154 prori-

2190 5173 2282 5207 us.
2321 5165 2425 5207 etc.

2190 5173 2248 5208 us
2267 5195 2282 5220 ,
2321 5165 2425 5209 etc.

2222 5225 2369 5306 (βϐιί)
2398 5226 2464 5307 _ld
2506 5235 2622 5307 est,
2656 5225 2770 5307 fore
2791 5237 3061 5307 patratum
3105 5229 3317 5283 armilla
3361 5224 3726 5282 misericordia!

2149 5295 2339 5349 divina:
2353 5295 2830 5354 circumplectentis
2859 5314 2972 5352 nos.
