4032 5354
273 245 388 304 465

1193 216 1560 312 Invacrtva
1610 253 1696 308 DE
1735 253 2126 314 TltANSLAT.
2169 253 2229 309 s.
2274 216 2630 310 neruosis

3445 259 3552 317 466

270 385 590 440 quanquam
641 369 1064 436 rei'ertissimns,
1119 371 1349 444 indeque
1398 376 1746 434 stultissimus
1811 381 1861 426 le

1968 359 2222 440 ptibilem‘
2257 385 2362 423 non
2394 368 2585 423 laedere
2617 366 2917 438 jubebaris.
2949 368 3049 439 Qui
3076 371 3264 444 utique
3294 375 3555 433 absorbes

275 476 456 530 ipsum
491 461 564 515 ita
612 462 909 533 saepissime
939 463 1164 534 decipis.
1207 464 1297 521 Sic
1326 467 1457 521 Ab‘el
1495 479 1860 544 protouiarty-
1890 489 1905 507 ο

271 562 395 604 rem
451 549 599 634 fieri,
649 551 727 606 sic
765 549 890 606 Scm
926 564 981 607 et
1015 552 1209 625 Japhet
1252 557 1518 625 benedici,
1557 562 1635 616 sic
1661 561 1862 634 Joseph

273 631 790 710 gloriﬁcari'l‘ecisti
829 665 839 698 :
878 653 934 701 et
984 663 1051 702 ne
1096 649 1147 704 in
1205 649 1473 706 infinitum
1506 667 1690 710 nostra
1732 631 1864 713 ill—le

273 735 542 803 procedat
596 736 848 803 invectio,
903 739 981 795 sic
1023 741 1116 796 tibi
1148 745 1518 801 monarchiant
1552 748 1713 804 totius
1741 765 1862 806 cre-

268 824 522 882 dentium
553 829 704 884 orbis
728 830 976 886 alicnasti
997 874 1012 893 .
1044 833 1209 908 314
1238 851 1360 890 cum
1390 838 1708 910 discipulum
1747 859 1865 898 ma-

273 921 511 990 gistrum
548 937 704 975 suum
733 923 897 978 Deum
925 933 979 978 ct
1002 926 1286 983 Dominum
1307 930 1558 998 vendere,
1590 945 1864 1006 emptores

269 1011 547 1082 cruciﬁge,
574 1014 818 1085 cruci/ige
849 1017 1068 1071 suasisti
1115 1018 1348 1075 clamare
1380 1040 1392 1074 :
1426 1023 1568 1092 quod
1601 1035 1652 1081 te
1683 1037 1862 1083 tamen

271 1107 462 1160 statim
498 1108 754 1176 paenituit
788 1108 998 1174 fecisse,
1048 1129 1171 1166 cum
1198 1130 1420 1171 uxorem
1453 1116 1607 1174 Pilati
1638 1121 1690 1176 in
1721 1137 1861 1177 som-

272 1196 359 1251 nis
389 1197 693 1255 sollicitans
722 1203 1046 1273 compulisti,
1089 1205 1344 1277 jugalctn,
1393 1226 1422 1263 ει
1453 1211 1662 1268 scelere
1692 1222 1750 1268 ut
1780 1231 1863 1269 re-

271 1288 585 1359 sipisceret,
626 1293 813 1346 nuntio
839 1294 1008 1349 misso
1038 1313 1251 1367 rogare.
1283 1297 1389 1353 Sed
1419 1299 1657 1357 cmlcstis
1683 1304 1862 1373 dispo-

269 1380 435 1445 sitor,
471 1381 561 1452 qui
591 1393 816 1438 noverat
842 1385 1074 1458 benigne
1095 1397 1182 1442 tua
1206 1389 1366 1444 etiam
1399 1392 1474 1445 ιιιὶ
1505 1393 1860 1465 malignitate,

273 1472 370 1526 tibi
413 1474 876 1548 complicibnsque
899 1478 1006 1533 tuis
1043 1481 1110 1535 de
1142 1489 1291 1535 tanto
1318 1483 1524 1538 scelere
1559 1486 1860 1540 damnatio—

273 1581 421 1634 ncm,
454 1569 660 1625 sanctis
682 1571 954 1637 omnibus,
989 1583 1046 1628 ut
1085 1584 1140 1630 et
1175 1575 1261 1630 isti
1289 1575 1446 1632 beato
1477 1578 1704 1635 feliciter
1730 1595 1860 1637 con-

271 1657 417 1728 tigit,
448 1670 702 1730 operatus
741 1671 826 1718 est
854 1665 1296 1736 redemptionem.
1327 1668 1393 1724 Et
1419 1682 1477 1725 ut
1500 1671 1564 1726 de
1594 1674 1859 1728 recentio-

1964 460 2185 515 iluvimn
2224 462 2566 533 gentilitatis.
2603 469 2657 516 et
2686 478 2788 516 non
2823 463 3038 519 miraris
3059 504 3074 528 ,
3105 465 3272 521 habes
3305 467 3554 524 fiduciam

1964 555 2106 624 quod
2128 551 2313 608 iniluat
2337 554 2388 608 in
2413 569 2508 609 ore
2538 563 2630 609 tuo
2653 554 3080 610 Christianitatis
3118 555 3408 613 Jordauis?
3433 559 3556 626 (Job

1965 659 2052 709 XL,
2087 643 2163 716 i.)
2207 643 2361 699 Unde
2389 645 2490 699 hoc
2510 643 2654 699 enim
2679 637 3568 725 nisiproanimabuslilcglutiendis

1964 751 2104 806 aqua
2128 735 2471 807 baptismatis
2486 736 2631 802 lotis,
2648 753 2875 808 quarum
2894 739 3104 794 scilicet
3119 741 3172 795 in
3196 743 3461 810 perdition
3477 762 3566 803 ent

1965 827 2234 884 deflexum
2265 828 2692 885 insaturabiliter
2715 830 2877 904 315
2904 832 3057 887 sitis?
3082 832 3274 906 Decipi
3311 844 3362 892 te
3394 838 3570 910 igitur

1966 920 2271 991 hujusmodi
2294 937 2554 976 concesso
2584 937 2682 977 cur
2705 938 2812 977 non
2836 921 3196 989 intellexeris,
3223 926 3474 984 mirandu
3488 945 3563 993 tn.

1965 1013 2214 1084 specialis
2228 1013 2474 1082 deceptio
2501 1014 2847 1086 deceptorum
2867 1014 3034 1086 (666).
3051 1015 3095 1070 A
3113 1017 3218 1072 tuis
3231 1033 3363 1074 sane
3380 1019 3429 1074 si
3441 1026 3508 1076 "ex
3520 1021 3565 1073 i-

1964 1120 2092 1176 gere
2123 1105 2318 1160 invasa:
2348 1105 2513 1161 semel
2545 1093 2926 1161 dominationis
2965 1107 3250 1174 tributum,
3281 1126 3389 1166 non
3420 1111 3560 1167 adeo

1966 1195 2140 1250 fuerat
2164 1197 2630 1266 conquerendum,
2661 1196 2810 1268 injus
2827 1213 2994 1266 quare
3027 1200 3293 1258 teinferas
3315 1202 3556 1258 alienum
3595 1217 3601 1233 ο

1963 1297 2015 1340 et
2038 1288 2221 1358 utique
2238 1288 2401 1358 (quod
2420 1289 2745 1360 cstamplins
2762 1289 3107 1362 stupendum)
3125 1293 3366 1365 majoris,
3389 1303 3442 1351 et
3463 1296 3557 1369 qui

1963 1396 2088 1435 suos
2116 1383 2320 1452 proprii
2345 1383 2630 1454 )promisso
2677 1383 2751 1438 ita
2777 1385 3182 1442 confirmaverit
3210 1388 3323 1444 oris
3354 1388 3504 1462 (667)
3538 1408 3554 1444 :

1966 1467 2293 1542 Ptitcr,quos
2315 1471 2505 1526 dedisti
2528 1472 2676 1536 mihi,
2701 1473 3026 1542 uou‘perdidi
3053 1490 3117 1528 ea:
3143 1475 3216 1528 eis
3244 1493 3558 1549 quemquam
3624 1516 3627 1517 ν

1964 1559 2086 1632 (Iob
2117 1579 2246 1618 xvtn
2265 1604 2280 1628 ,
2315 1562 2392 1635 9).
2425 1563 2531 1620 Sed
2562 1565 2836 1636 praeterito
2859 1580 3014 1621 nsum
3045 1565 3209 1624 verbo
3232 1585 3335 1624 non
3356 1572 3558 1642 putasti

1965 1652 2028 1706 de
2043 1651 2259 1719 futuris,
2278 1654 2613 1721 stultissime,
2631 1671 2843 1722 curare,
2861 1657 2979 1713 ideo
2993 1673 3097 1714 non
3114 1660 3319 1717 desinis
3333 1677 3426 1719 eos
3439 1664 3560 1720 sine
3617 1701 3628 1720 .-

272 1751 427 1808 τίιηιε
474 1729 674 1824 ﬁmum
697 1755 764 1811 ad
809 1765 889 1822 ιε,
915 1729 1138 1829 serpens
1163 1761 1406 1833 antique,
1437 1763 1708 1833 proferam
1737 1783 1862 1822 eo".
1893 1729 1939 1788 Β
1969 1740 2075 1798 line
2107 1751 2268 1833 tenus
2291 1743 2570 1802 infestare.
2599 1745 2705 1802 Sed
2728 1747 2874 1816 andi,
2895 1764 3018 1803 cum
3041 1757 3132 1804 tuo
3158 1753 3384 1807 consilio
3408 1753 3562 1809 dete-

273 1842 584 1907 futaudum,
616 1845 1000 1904 famosissimis
1022 1851 1408 1908 hcremitarum
1439 1855 1636 1911 futuris
1660 1856 1862 1914 Moisco

271 1935 462 2005 utique
515 1947 678 2008 atque
723 1936 997 1994 Machario
1043 1942 1171 2012 quid
1214 1945 1465 2000 nocueris
1506 1955 1557 2002 te
1585 1948 1864 2005 attendere

268 2025 413 2091 volo,
454 2027 544 2081 uni
585 2044 772 2084 eorum
813 2030 1020 2087 scilicet
1065 2032 1607 2102 latrocininm,alteri
1636 2040 1863 2097 homici-

267 2121 418 2175 dium
459 2122 736 2180 suadendo
775 2123 946 2193 (Hist.
999 2124 1203 2197 Trip.l.
1259 2145 1374 2192 vnt,
1406 2147 1454 2186 c.
1483 2130 1557 2202 i).
1592 2131 1864 2191 Erubesce

265 2230 400 2284 ergo
428 2215 647 2270 tandem
681 2215 989 2286 aliquando,
1015 2221 1297 2287 erubesco,
1330 2222 1564 2278 inaniter
1591 2227 1861 2294 quamvis,

261 2323 616 2384 commoneo,
653 2319 760 2363 tam
787 2309 1156 2381 multipliciter
1186 2313 1354 2380 victe;
1385 2325 1438 2370 et
1462 2316 1738 2374 abelectis
1767 2319 1862 2374 Dei

265 2401 463 2455 inanes
486 2400 601 2470 jam
630 2411 880 2468 conatus,
903 2404 1230 2472 miserrime,
1268 2408 1507 2464 contine.
1536 2410 1695 2466 Novit
1719 2413 1862 2468 enim

262 2493 511 2550 ccclestis
562 2494 819 2559 Medicus,
863 2505 920 2550 ut
969 2497 1243 2570 perieriidc
1301 2512 1484 2556 orator
1530 2504 1751 2573 quidam
1789 2506 1866 2561 ait

263 2591 522 2654 eximius,
573 2589 742 2645 multa
773 2591 910 2646 bona
957 2591 1138 2648 facere
1159 2594 1322 2650 ctiam
1361 2611 1457 2666 per
1479 2596 1716 2667 iniquos,
1740 2614 1862 2654 cum

267 2679 600 2734 converterit
627 2681 694 2734 aJ
719 2681 1072 2752 adjutorium,
1113 2685 1254 2754 quod
1283 2695 1529 2755 palatum
1567 2696 1651 2742 est
1671 2688 1738 2743 ad
1768 2705 1864 2745 no-

257 2773 519 2826 centium.
557 2770 745 2844 Neque
788 2763 918 2830 vero
950 2775 1184 2844 aliquem
1222 2793 1444 2832 suorum
1473 2787 1580 2835 ate
1603 2794 1862 2850 superan-

259 2863 387 2916 dum
415 2863 512 2916 tibi
545 2864 864 2935 exposuisse
902 2867 1269 2934 callidissima,
1305 2880 1362 2924 ut
1417 2878 1466 2926 te
1499 2872 1572 2926 ita
1607 2875 1862 2940 vocitent,

261 2955 490 3009 stultitia
543 2956 798 3012 crederes
849 2957 1158 3025 Dominum,
1197 2961 1240 3015 si
1268 2963 1702 3020 tenebrosissime
1735 2965 1861 3020 illud

1970 1837 2164 1893 stande
2193 1853 2207 1892 :
2247 1813 2384 1893 Ecce
2408 1855 2500 1911 ego
2549 1841 2808 1895 vobiscum
2837 1813 2952 1896 sunt
2981 1843 3221 1898 omnibus
3251 1845 3433 1900 diebus
3471 1865 3564 1901 us-

1967 1948 2067 2003 que
2104 1931 2174 1985 ad
2215 1934 2714 1988 consummationem
2754 1935 2938 1989 seculi
2966 1933 3180 2008 (Matt/1.
3218 1953 3409 2001 xxvltt,
3441 1939 3560 2011 26).
3615 1967 3626 1996 ;

1969 2022 2182 2077 Nullum
2209 2037 2454 2088 suorum,
2485 2024 2666 2087 crede,
2703 2025 2799 2079 tibi
2824 2034 3077 2096 exponet,
3101 2028 3168 2083 de
3191 2043 3298 2098 quo
3319 2029 3560 2100 perfecte
3615 2045 3618 2049 ‘

1967 2114 2278 2185 gratuleris,
2326 2114 2617 2170 imbellem.
2655 2117 2736 2170 Ad
2761 2117 3036 2172 cumulum
3073 2119 3318 2174 victoria:
3355 2120 3559 2175 diutius

1969 2205 2209 2263 lacessiri
2252 2208 2548 2279 permissos
2575 2208 2824 2278 quamvis
2853 2209 3168 2266 innumeros
3205 2226 3304 2282 per
3335 2220 3436 2266 tute
3467 2211 3561 2267 in-

1967 2299 2274 2357 festationis
2309 2301 2599 2372 malignam
2630 2302 2961 2367 misericors,
2995 2311 3127 2359 utet
3174 2304 3359 2370 istum,
3387 2305 3560 2360 etiam

1967 2401 2087 2464 post
2117 2409 2302 2447 casum
2330 2393 2591 2463 provehet
2621 2393 2864 2449 fraudem
2917 2395 3086 2466 (668).
3123 2396 3197 2450 Ea
3224 2396 3442 2452 demum
3473 2397 3556 2452 in“

1969 2492 2050 2537 ter
2089 2483 2385 2554 potentiam
2413 2493 2468 2539 et
2491 2485 2940 2555 omnipotentiam
2973 2486 3230 2542 discretio
3277 2496 3383 2553 est,
3409 2489 3558 2558 quod

1967 2579 2054 2634 illa
2086 2580 2353 2650 quaedam,
2383 2580 2487 2635 ista
2521 2582 2700 2635 omnia
2731 2589 2923 2651 potest.
2952 2581 3145 2651 L‘iquet
3165 2598 3296 2654 ergo
3317 2582 3421 2638 hac
3447 2583 3558 2638 dis-

1969 2671 2253 2737 tinctione,
2309 2673 2454 2742 quod
2499 2672 2644 2727 nihil'
2662 2672 2804 2727 valet
2849 2673 3089 2742 potentia
3148 2671 3559 2731 contradicente

1966 2765 2360 2836 omnipotentia
2380 2785 2393 2820 :
2413 2781 2476 2821 ac
2504 2781 2603 2836 per
2632 2766 2735 2822 hoc
2762 2765 3077 2821 iunntanter
3104 2764 3394 2838 colligitur,
3429 2766 3557 2836 quia

1966 2857 2033 2911 de
2054 2856 2183 2921 tuis,
2226 2871 2363 2924 quos
2402 2856 2637 2912 voluerit
2668 2865 2721 2911 et
2745 2856 3234 2928 quomodocunque
3282 2856 3512 2913 voluerit
3537 2897 3553 2920 ,

1968 2949 2108 3005 valet
2134 2951 2276 3005 Dens
2307 2961 2357 3006 te
2379 2949 2598 3006 nolente
2625 2951 2692 3005 ad
2715 2965 2774 3006 se
2801 2951 3051 3016 trahere;
3091 2960 3144 3004 tu
3187 2949 3456 3006 neminem
3489 2950 3556 3005 de

266 3050 316 3101 in
348 3058 398 3104 te
430 3048 670 3105 valuisse
697 3051 1158 3122 comprehendere
1182 3053 1385 3120 lumen,
1414 3071 1523 3126 quo
1547 3069 1599 3112 te
1628 3057 1859 3127 amplius
1887 3089 1930 3152 ο
1968 3041 2106 3152 “is;
2132 3042 2247 3146 ῖρεςο
2275 3043 2378 3147 nisi
2409 3043 2775 3149 Ρθτηιῖιιεηξθν
2801 3043 2992 3099 saltem
3015 3045 3217 3100 audeas
3250 3044 3571 3109 incursare..

262 3140 580 3206 excaecavil,
605 3156 730 3195 cum
760 3143 974 3206 omnia,
1005 3159 1125 3214 quae
1151 3143 1260 3212 ille,
1287 3162 1447 3216 quem
1478 3149 1856 3205 incessendum

263 3245 649 3300 proposueras,
687 3231 780 3286 tibi
807 3233 1047 3299 tradens,
1073 3233 1319 3307 [subaudi
1343 3232 1858 3312 habebatianimam

267 3318 409 3374 illius
433 3329 486 3374 te
524 3336 750 3376 servare
777 3324 1034 3396 prmeepit
1063 3324 1184 3396 (Job
1238 3343 1300 3394 ιι,
1331 3327 1407 3400 6).
1439 3327 1518 3383 Tu
1551 3330 1694 3385 enim
1724 3347 1857 3402 quo-

266 3413 427 3468 modo
460 3428 735 3478 servarcs,
766 3430 886 3485 qua:
935 3425 1150 3471 servata
1198 3427 1358 3488 atque
1392 3420 1655 3476 servanda
1680 3422 1859 3492 potius

266 3505 497 3576 perdere
526 3502 790 3561 festinas?
827 3504 932 3562 Sed
954 3523 1124 3572 serva,
1154 3509 1361 3573 dicens,
1395 3525 1461 3564 ne
1488 3519 1678 3580 tangas
1704 3511 1856 3566 intel-

267 3595 360 3669 ligi
397 3597 564 3652 dedit.
607 3598 728 3655 Nisi
761 3615 889 3657 vero
922 3600 1038 3671 ejus
1079 3603 1318 3658 animam
1358 3606 1702 3675 suggestione
1739 3615 1856 3660 tau-

267 3705 449 3760 geres,
477 3691 836 3750 delectatione
877 3695 1112 3766 qualiter
1140 3697 1206 3752 ad
1260 3712 1584 3754 consensum
1633 3699 1858 3756 maledi-

268 3784 427 3838 cendi
456 3784 659 3848 Deum,
690 3787 1072 3857 deceptiSsime
1113 3789 1164 3842 in
1191 3789 1290 3844 hoc
1322 3791 1546 3856 saltem,
1579 3803 1860 3848 converte-

266 3876 396 3945 res?
447 3873 740 3932 Verissime
795 3877 978 3948 itaque
1037 3880 1305 3949 (quantivis
1332 3890 1387 3937 et
1444 3885 1512 3938 de
1559 3886 1750 3952 quov's
1783 3885 1856 3940 tui

267 3969 638 4042 coinplicium)
689 3972 912 4028 credere
959 3973 1025 4028 de
1070 3983 1120 4028 te
1177 3973 1325 4029 vales
1351 3975 1618 4045 prolatum
1658 3976 1747 4032 Va:
1767 3979 1858 4047 qui

266 4063 486 4131 decipis,
526 4080 694 4118 nonne
717 4074 764 4119 et
801 4065 909 4137 ipse
928 4063 1224 4136 deciperis?
1268 4067 1542 4138 Deciperis
1581 4071 1858 4126 enimvero

267 4171 434 4225 saepe.
488 4155 755 4226 deciperis
803 4157 946 4224 dico,
992 4157 1219 4216 formate
1271 4161 1339 4216 ad
1377 4163 1469 4217 tibi
1529 4163 1857 4220 illudendmn

269 4245 446 4317 (l’sal.
475 4263 590 4309 Clll,
624 4248 741 4318 27),
796 4248 1079 4306 Psalmista
1120 4263 1180 4307 ut
1218 4253 1384 4319 canit,
1436 4253 1860 4311 virulentissime

268 4342 458 4394 draco.
512 4339 656 4396 inter
700 4342 1088 4414 malignitatem
1133 4345 1330 4415 quippe
1364 4353 1421 4398 et
1467 4345 1856 4418 benignitatem

1964 3132 2106 3204 quod
2128 3133 2533 3190 evidentissime
2553 3149 2614 3190 es
2645 3135 2814 3191 miser
2842 3145 3119 3206 expertus,
3151 3151 3272 3191 cum
3305 3153 3403 3192 nec
3433 3152 3557 3208 gre-

1963 3241 2086 3297 gem
2115 3241 2407 3297 porcorum
2440 3225 2693 3282 invadere
2714 3241 2797 3292 es,
2830 3227 2953 3282 data
2979 3228 3080 3282 nisi
3105 3227 3316 3284 licentia
3337 3228 3554 3295 (Matth.

1963 3331 2085 3381 vut,
2113 3315 2231 3386 51),
2258 3316 2366 3370 ullo
2411 3317 2573 3373 modo
2599 3333 2784 3372 ausus.
2811 3318 3032 3373 Tractio
3058 3335 3189 3374 vero
3212 3320 3356 3376 illius
3382 3321 3551 3384 salus.

1964 3416 2052 3461 tua
2076 3407 2308 3476 perditio
2353 3415 2467 3470 est,
2508 3422 2538 3461 a
2578 3423 2682 3477 qua
2715 3407 2803 3463 ille
2836 3424 3050 3478 quoque
3077 3410 3359 3464 consuevit
3396 3411 3557 3465 innu-

1963 3513 2143 3553 meros
2170 3498 2594 3554 misericorditer
2621 3499 2872 3554 liberare.
2900 3499 3162 3556 Nam‘etsi
3205 3502 3368 3557 catuli
3396 3503 3471 3557 tui
3498 3513 3559 3557 ut

1965 3589 2181 3660 rapiant
2228 3588 2465 3658 rngiunt,
2520 3597 2696 3644 tamen
2741 3606 2771 3644 a
2824 3589 2934 3645 Deo
2982 3606 3134 3646 suam
3177 3607 3380 3656 escam,
3413 3602 3474 3648 ιιι
3499 3595 3554 3650 iu

1966 3661 2179 3735 Psalmo
2226 3679 2442 3752 legitur,
2488 3691 2739 3750 quterunt
2795 3679 2967 3753 (Psal.
2995 3697 3111 3747 cm,
3142 3684 3254 3755 21),
3316 3687 3558 3755 optando

1962 3772 2234 3840 videlicet,
2276 3782 2339 3828 ut
2380 3771 2497 3842 ejus
2543 3773 2813 3844 relinquat
2842 3775 3108 3842 custodia,
3141 3791 3277 3846 quos
3299 3777 3560 3834 invadere

1965 3867 2175 3925 illorum
2212 3871 2373 3938 queat
2415 3866 2640 3923 malitia.
2675 3866 2995 3938 Quanquam
3023 3878 3078 3924 et
3112 3879 3166 3924 tu
3200 3868 3399 3941 legaris
3426 3885 3560 3926 vero

1964 3958 2136 4014 cauda
2181 3965 2268 4012 tua
2304 3969 2512 4028 partem
2558 3958 2850 4012 maximam
2884 3959 3264 4015 stellarum'de
3304 3960 3442 4016 coelo
3472 3962 3558 4016 vel

1964 4049 2218 4120 traxisse,
2257 4047 2342 4103 vel
2394 4048 2632 4112 trahere,
2674 4047 2756 4103 vel
2786 4057 3059 4104 tracturus
3089 4066 3211 4105 esse
3255 4051 3306 4105 in
3353 4061 3559 4107 terram

1964 4140 2147 4213 (Apoc.
2184 4158 2282 4206 ιιι,
2314 4141 2390 4212 4),
2454 4156 2522 4196 ne
2573 4141 2864 4212 decipiaris
2915 4157 3128 4200 moneo.
3177 4143 3292 4200 Non
3319 4144 3465 4200 enim
3491 4145 3559 4200 de

1965 4213 2071 4290 illis
2089 4233 2310 4299 dicitur,
2340 4234 2431 4305 qui
2456 4234 2736 4306 fulgebunt
2764 4236 2995 4291 sicutsol
3019 4237 3072 4291 in
3098 4237 3376 4308 perpetuis
3396 4247 3561 4293 teter-

1964 4325 2226 4381 nitatibus
2255 4325 2472 4397 (Matth.
2515 4341 2638 4391 xm,
2664 4325 2778 4398 45),
2807 4336 2863 4382 et
2889 4327 3034 4383 sicut
3071 4329 3347 4400 splendor,
3370 4329 3558 4386 ﬁrma-

267 4449 390 4486 cum
429 4433 501 4488 sit
529 4433 643 4488 hinc
664 4449 880 4504 quoque
899 4435 1171 4500 discretio,
1202 4444 1282 4501 ut,
1317 4436 1402 4491 ille
1429 4452 1566 4507 quas
1591 4437 1858 4508 praecipue

1968 4421 2131 4478 menti
2154 4419 2316 4509 (D.an.
2346 4437 2444 4485 xu,
2473 4420 2550 4490 5),
2579 4421 2671 4491 qui
2697 4422 2952 4476 erudiunt
2977 4422 3272 4492 plurimos;
3307 4438 3435 4488 non,
3465 4424 3554 4480 in-

269 4533 436 4590 amat,
463 4533 516 4579 tu
542 4526 778 4581 maxime
791 4526 974 4582 oderis
993 4526 1225 4582 animas.
1250 4527 1361 4584 Cur
1374 4543 1479 4582 non
1503 4529 1858 4600 perpendisti,

269 4615 365 4680 nil,
399 4615 541 4687 quod
562 4631 663 4686 pro
688 4633 883 4688 magno
915 4619 1162 4686 duceres,
1203 4619 1299 4676 tibi
1335 4621 1564 4685 servari,
1595 4637 1716 4676 cum
1741 4637 1864 4678 cor-

271 4724 368 4777 pus
389 4709 850 4780 corrumpendum
883 4709 1198 4782 aliquando,
1224 4713 1442 4769 etiamsi
1476 4715 1571 4770 tibi
1603 4729 1708 4770 non
1733 4731 1865 4770 con-

270 4802 572 4868 cederetur,
603 4801 848 4873 aﬂligere
885 4804 1310 4875 permittebaris,
1341 4806 1580 4863 animam
1622 4808 1864 4865 incorru-

274 4977 458 5054 dtjlle,
511 4980 608 5054 ait,
644 4995 788 5035 more
827 4976 1028 5054 Gallico
1061 4992 1298 5036 sanctum
1322 5000 1494 5038 senem
1544 4985 1857 5054 increpitans

274 5047 460 5115 follem.
517 5051 655 5105 Dum
699 5067 828 5106 vero
881 5050 1174 5114 ltatlterins
1215 5055 1449 5107 Iatiulem
1509 5047 1857 5110 rusticitatem

272 5119 436 5174 cidem
485 5119 606 5176 voci
659 5122 848 5176 tribuit
896 5123 946 5177 in
992 5123 1251 5193 opusculo
1291 5123 1515 5181 Verona:
1553 5125 1856 5192 luenhrato,

269 5205 380 5266 eant
411 5193 626 5248 indicat
654 5193 819 5266 etiam
871 5195 1010 5263 apud
1043 5205 1258 5249 nostros
1301 5198 1532 5251 rusticos
1563 5206 1852 5266 receptam,

271 5272 323 5314 ut
353 5263 994 5354 diemqneni‘signarent,
1025 5282 1089 5320 ex
1122 5281 1228 5354 quo
1256 5263 1852 5354 forte’appellatidein-

1965 4529 2148 4585 quam,
2188 4515 2257 4570 de
2310 4514 2440 4579 illis,
2491 4515 2583 4584 qui
2640 4530 2770 4568 vsero
2823 4516 3010 4569 lumini
3068 4516 3336 4572 veraciter
3382 4517 3556 4571 inlite-

1966 4614 2150 4661 rentes
2201 4607 2469 4660 veraciter
2509 4605 2720 4673 lucent;
2768 4608 2862 4663 sed
2893 4608 2981 4677 qui
3028 4607 3302 4664 imitantes
3353 4606 3560 4680 [supple

1969 4696 2065 4770 te],
2094 4713 2153 4754 se
2176 4697 2230 4753 in
2257 4698 2477 4768 angelos
2515 4699 2650 4754 lucis
2670 4713 2768 4769 per
2799 4699 3128 4770 hypocrisim
3167 4698 3561 4768 transﬁgurare

1970 4790 2050 4862 (ll
2078 4790 2202 4847 Cor.
2232 4805 2308 4855 χι,
2342 4789 2452 4861 ii),
2483 4801 2660 4846 tecum
2688 4792 2739 4846 in
2774 4791 3088 4846 barathrum
3116 4782 3556 4855 inferni-ruituri,

1965 4981 2145 5025 torum
2173 4983 2404 5038 corpora
2438 4969 2650 5035 srevirc,
2686 4985 2864 5025 antma
2891 4982 3066 5023 tamen
3104 4977 3338 5021 servata.

2035 5041 2188 5116 (667)
2224 5037 2492 5116 construe
2525 5058 2543 5116 :_
2573 5041 2749 5116 Quare
2789 5039 3057 5116 teinferas
3089 5039 3148 5116 in
3181 5038 3278 5106 jus
3305 5037 3555 5116 «licitum,

1963 5125 2009 5167 et
2035 5107 2087 5166 in
2102 5107 2405 5192 ju's.utique
2433 5111 2654 5192 majoris
2686 5111 2844 5192 (quod
2865 5118 2939 5161 est
2958 5107 3196 5192 .atttplius
3222 5109 3559 5189 stupendum)

1962 5177 2122 5238 etiam
2169 5177 2328 5252 ejus,‘
2357 5184 2450 5251 qui
2499 5177 2571 5235 ita
2607 5177 2988 5248 confirmat-erit
3027 5192 3148 5230 suos
3176 5178 3434 5248 promisso
3457 5182 3562 5234 eris

1965 5253 2186 5324 proprii,
2217 5261 2328 5324 etc.

2043 5315 2192 5354 lhk0\
2231 5321 2502 5354 runco-nn
2537 5339 2549 5350 -
2595 5320 2706 5354 i\'nn
2733 5327 2946 5354 urnnnpl
2985 5315 3073 5354 tibi
3124 5320 3278 5354 ralan
3337 5319 3560 5354 ηΙὸι-ηηηιι
