4032 5354
369 150 373 155 1
429 205 537 267 467

383 458 393 536 Ι

1361 206 1691 265 ιιιτιιειιιι
1733 205 1946 263 EPISC.
1990 174 2242 265 vizno-N.
2288 184 2437 266 οιιῑί.
2476 210 2657 273 rans
2694 214 2735 272 ι.

3594 230 3704 295 468

428 324 737 401 forinsecus
755 321 943 388 stellm,
977 321 1304 383 intrinsecus
1349 324 1584 378 tenebras
1605 321 1820 395 (loquar
1847 329 1905 376 ut
1927 320 2021 392 ita)
2053 327 2099 384 Α
2129 320 2181 374 in
2211 337 2346 392 pace
2367 335 2611 393 vocatus,
2642 328 2885 402 martyrii
2919 346 3023 385 non
3047 332 3282 388 caruerit
3314 332 3482 407 gloria
3518 378 3533 389 .
3567 344 3627 395 ut
3659 345 3718 395 et

427 432 536 474 non
569 418 778 471 timent.
810 414 1091 484 Quomodo
1116 417 1261 470 enim
1311 424 1368 470 ut
1408 414 1661 485 splendor
1692 412 2020 469 firmamenti

427 506 595 579 316
640 504 931 578 fulgentes,
983 505 1074 577 qui
1099 506 1286 576 utique
1316 512 1443 560 sunt
1478 503 1573 571 illi,
1606 504 1697 576 qui
1732 520 1831 576 pro
1862 518 2022 575 posse

426 600 644 656 illorum
689 597 1048 655 constantiam
1073 605 1340 653 conantur
1383 596 1604 663 imitari,
1632 596 1725 667 qui
1753 607 1804 652 te
1833 606 2021 655 ruente

427 690 886 748 inunutabilitatis
922 696 1049 745 sunt
1083 688 1312 761 gratiam
1353 687 1625 754 assecuti,
1672 684 2021 744 aeternalibus

425 784 628 841 involvi
646 799 883 858 unquam
899 783 1004 839 tuis
1019 783 1231 854 possint
1251 782 1436 840 videre
1459 799 1564 838 non
1588 781 1746 838 valeo
1758 782 2015 849 tenebris,

424 895 660 952 quorum
699 892 933 950 namque
967 876 1186 935 nomina
1234 885 1360 933 sunt
1387 876 1589 950 scripta
1616 876 1669 931 in
1697 876 1835 935 ctelo
1859 875 2012 951 (Luc.

424 986 482 1035 ι,
507 969 577 1026 20
614 967 810 1044 [669]).
862 962 1058 1025 fatuae
1096 968 1441 1040 perditionis,
1481 968 1642 1026 crede
1688 970 1843 1035 mihi,
1877 986 2018 1025 nun-

424 1058 589 1133 quam
624 1059 991 1128 invenientur,
1015 1058 1214 1115 Lemur
1250 1059 1561 1135 nigerrimo,
1586 1060 1842 1131 diptycho
1874 1058 2016 1132 (mil-

425 1155 549 1211 leno
580 1169 677 1211 eos
711 1150 838 1211 licet
873 1154 1097 1210 inficere
1118 1154 1318 1225 gestias
1355 1153 1644 1209 criminum
1679 1154 1889 1220 morbo)
1917 1169 2015 1226 per

421 1247 670 1307 foramen
724 1244 959 1302 maxillae
981 1245 1235 1329 nimirum
1262 1245 1417 1315 eiecti
1450 1245 1573 1319 (Job
1604 1262 1695 1312 χι,
1720 1244 1838 1319 21),
1874 1254 1933 1303 ut
1960 1256 2017 1303 et

419 1337 527 1397 iste
562 1349 769 1407 noster,
799 1339 865 1394 de
883 1346 1102 1410 gutture
1132 1347 1247 1399 tuo.

426 1494 433 1501 ο
501 1433 585 1488 ll.
627 1431 739 1488 Nec
765 1441 817 1488 te
858 1441 1141 1498 creterum,
1192 1431 1284 1503 qui
1331 1440 1480 1486 tanta
1526 1429 1844 1502 pertuleris,
1877 1430 2011 1490 satis

418 1525 677 1590 laudare,
717 1533 927 1595 martyr
967 1522 1154 1588 beate;
1181 1538 1282 1580 nec
1315 1522 1483 1585 illum,
1519 1523 1610 1594 qui
1651 1532 1704 1579 te
1731 1523 1797 1578 ad
1827 1536 1888 1578 ea
1916 1538 2011 1583 ne-

420 1617 662 1673 cessario
688 1615 1041 1686 perpetienda
1082 1612 1392 1685 impulerit,
1427 1624 1486 1670 ut
1512 1606 1707 1687 dignus
1732 1624 1847 1679 est,
1882 1630 2007 1669 car-

2125 415 2268 469 iuter
2296 416 2525 471 eximios
2569 434 2785 490 quoque
2814 437 2919 479 non
2954 422 3154 485 infimo,
3199 435 3324 479 ante
3357 436 3614 492 mortem,
3660 429 3715 482 in

2123 516 2318 574 morte,
2349 517 2470 579 post
2500 520 2730 568 mortem
2762 512 2966 571 invicto
2988 516 3280 588 contigisse
3305 517 3482 572 levita:
3506 517 3717 576 Christi

2121 595 2426 664 Vincentio,
2452 603 2721 676 passionis
2747 604 2935 675 ipsius,
2970 615 3028 660 ut
3047 606 3238 663 etaliis
3260 608 3524 679 pluribus,
3559 624 3723 664 mon-3

2122 680 2259 745 Strat
2285 694 2536 749 assertio.
2562 693 2726 766 317
2768 697 2911 752 Illius
2940 713 3134 769 nempe
3163 714 3190 752 a
3218 714 3444 769 corpore
3470 700 3717 755 animant

2122 786 2438 856 tyrannicus
2485 803 2592 846 non
2624 789 2831 861 expulit
2885 806 3094 854 mucro,
3124 790 3216 847 sed
3248 792 3382 847 diris
3413 802 3723 849 tormento-

2119 892 2240 931 rum
2273 877 2550 947 suppliciis
2571 895 2670 951 pro
2693 878 2912 939 Christo
2955 880 3208 936 alacriter
3229 881 3524 952 superatis,
3547 897 3611 937 ac
3636 881 3718 936 fe-

2117 967 2237 1025 licis
2257 985 2448 1042 pugnze
2481 986 2674 1043 agone,
2699 980 2758 1027 ut
2792 973 2859 1028 de
2888 988 2955 1029 eo
2975 983 3225 1030 cantatur
3254 974 3548 1045 pet-lepide,
3582 990 3717 1031 con-

2118 1071 2328 1120 stanter
2349 1064 2586 1136 expleto,
2616 1067 2834 1124 tandem
2868 1067 3165 1138 pretiosam
3194 1067 3463 1124 resolutus
3488 1068 3544 1123 in
3567 1084 3715 1123 mor—

2118 1163 2224 1210 tem
2244 1196 2259 1220 ,
2291 1155 2429 1212 coelo
2472 1158 2849 1230 triumphans,
2890 1158 3136 1231 Agatbcs
3159 1158 3236 1213 uti
3260 1168 3316 1214 et
3341 1159 3526 1226 beata,
3553 1158 3714 1230 spiri-

2117 1252 2231 1303 tum
2268 1246 2523 1303 reddidit.
2557 1246 2921 1319 Tuam‘ipsius
2957 1248 3194 1311 animum
3229 1249 3571 1320 pertransibil
3601 1247 3715 1320 gla.

2116 1336 2236 1419 dius
2262 1336 2415 1408 (Luc.
2444 1354 2507 1403 ll,
2537 1338 2653 1411 35),
2675 1340 2847 1396 beata:
2876 1339 2982 1396 Dei.
3010 1338 3231 1396 Simcon
3264 1339 3517 1411 genitrici
3540 1338 3713 1410 loqui-

2116 1436 2206 1486 tur
2246 1427 2452 1498 justus,
2476 1430 2813 1487 subeundum
2846 1432 3034 1504 utique
3062 1432 3135 1488 illi
3168 1432 3472 1495 vaticinans
3520 1432 3714 1507 procul

2115 1517 2280 1574 dubio
2307 1519 2531 1586 doloris,
2562 1537 2669 1575 non
2700 1524 2894 1578 mortis
2922 1538 3056 1600 vero
3078 1523 3418 1596 martyrium.

2186 1609 2271 1666 l5.
2314 1610 2499 1667 Gaude
2522 1626 2671 1684 ergo,
2699 1624 2940 1685 martyr,
2970 1616 3176 1685 gaude,
3207 1615 3425 1686 inquam
3445 1658 3464 1680 ι
3490 1614 3715 1681 laetare.

418 1725 553 1784 pere
596 1706 892 1765 sufficimus
918 1749 933 1774 ,
978 1717 1031 1763 et
1070 1707 1208 1763 odiis
1264 1707 1474 1777 insequi
1509 1707 1627 1778 ejus
1662 1716 1853 1763 contra
1909 1722 2009 1763 nos
2040 1688 2084 1748 Β
2112 1708 2167 1757 et
2192 1700 2404 1756 cxsulta
2425 1742 2441 1764 ,
2472 1711 2525 1756 et
2555 1717 2653 1774 pro
2695 1715 2911 1767 nostra,
2946 1721 3234 1778 rogamus,
3264 1707 3541 1764 intercede
3569 1709 3710 1779 apud

416 1802 636 1857 invidia:
684 1802 929 1871 paribus.
967 1799 1147 1855 Miseri
1199 1800 1340 1855 inter
1383 1786 1500 1855 limo
1531 1814 1630 1856 nos
1674 1798 1900 1857 nimium
1953 1806 2009 1855 et

418 1897 686 1960 infelices,
730 1911 850 1953 cum
888 1905 939 1949 te
968 1902 1175 1965 martyr
1213 1892 1433 1949 laudare
1467 1880 2004 1967 conamur'vocibus,

418 1990 681 2045 contrarii
724 1976 1335 2056 morilms,'praetlicare
1388 2000 1661 2051 sermone,
1714 1982 2006 2039 dissimiles

416 2098 600 2154 opere.
636 2080 714 2138 Te
740 2084 938 2154 quippe
969 2080 1094 2136 felix
1130 2078 1402 2152 glorificat
1431 2076 1609 2147 palma
1646 2094 1659 2130 :
1690 2092 1791 2132 nos
1813 2086 2005 2131 contra

414 2177 606 2242 infelix
658 2186 879 2232 accusat
934 2173 1302 2238 conscientia;
1334 2180 1389 2227 et
1441 2184 1509 2224 ne
1556 2169 1732 2227 cuivis
1761 2178 2005 2224 nostrum

414 2270 649 2334 dicatur,
701 2266 780 2322 De
829 2283 916 2321 ore
965 2275 1055 2321 tuo
1085 2277 1134 2321 te
1167 2264 1379 2335 judico,
1413 2278 1555 2317 serve
1597 2277 1818 2333 nequam
1850 2258 2003 2331 (Luc.

411 2342 530 2424 an,
556 2358 672 2429 2‘2),
710 2355 967 2415 formidat
1004 2355 1225 2413 omnino
1249 2361 1518 2423 suspecta.
1571 2349 1628 2406 Si
1659 2350 1803 2406 enim
1846 2346 2005 2403 talem

418 2451 683 2515 habebas,
722 2464 821 2503 cur
869 2456 977 2502 tam
1027 2445 1427 2519 vilipendebas?
1471 2460 1570 2501 cur
1612 2444 1818 2513 sublegi
1854 2441 2004 2515 (670)

415 2541 514 2596 tibi
551 2551 657 2596 tam
693 2542 990 2613 pretiosum
1024 2555 1217 2609 passus
1253 2553 1315 2594 es
1341 2535 1759 2608 :tnargarclnm?
1788 2533 2006 2590 curhu-

411 2632 718 2704 juscemodi
748 2631 968 2702 fulgoris
998 2630 1340 2687 tenacissime
1366 2630 1825 2686 noncustodieras
1856 2642 2008 2682 num-

411 2727 600 2803 mum?
634 2724 705 2784 Ut
751 2725 899 2781 illum
949 2740 1082 2785 sane
1117 2724 1379 2797 praedicas
1428 2724 1497 2779 de
1526 2738 1633 2778 uno
1674 2720 1894 2785 fecisse,
1949 2730 2003 2774 tu

409 2832 587 2888 quare
604 2816 671 2872 de
693 2814 1181 2887 innumerisueque
1203 2813 1480 2870 dissimilis
1500 2811 1864 2867 damnationis
1891 2819 2005 2867 διυε

411 2911 509 2973 des
543 2908 843 2966 sceleribus
887 2907 1114 2963 actitare
1164 2904 1350 2977 (6H)?
1392 2905 1448 2961 Si
1482 2902 1568 2957 ille
1595 2918 1693 2973 per
1737 2902 2006 2973 poeniten-

412 3011 548 3064 tiam
573 3022 680 3065 non
703 3005 901 3069 solum,
937 3014 998 3060 ut
1019 3002 1351 3060 credibiliter
1387 3000 1609 3065 asseris,
1642 2999 1873 3062 veniam,
1906 2997 2006 3059 sed,

2112 1792 2280 1847 Deum
2312 1807 2556 1863 semper,
2585 1793 2824 1851 indebite
2860 1796 3015 1862 licet,
3052 1798 3296 1852 miseria.
3340 1797 3724 1853 Mansuetudi-

2111 1902 2236 1941 nem
2269 1901 2501 1957 namque
2528 1886 2760 1944 imitaris
2789 1887 2881 1961 [id
2917 1900 3012 1955 est,
3059 1891 3265 1961 antiqui
3304 1890 3530 1966 Ioseph]
3568 1890 3717 1948 illius

2112 1980 2178 2050 (si
2207 1980 2312 2035 reis
2337 1983 2519 2051 parcis
2540 1982 2778 2052 gratuito
2807 1981 3050 2055 famulis)
3073 1986 3160 2055 qui
3198 1986 3572 2041 venditoribus
3600 1997 3714 2045 tam

2109 2070 2215 2126 leni
2242 2072 2512 2143 quondam
2544 2072 2863 2140 indulserat,
2895 2074 3132 2130 veridico
3162 2086 3341 2131 tamen
3374 2074 3563 2142 aliatu,
3591 2094 3717 2148 ger-

2111 2166 2289 2220 manis
2320 2178 2335 2220 :
2371 2178 2682 2236 quanquam
2724 2166 2930 2223 nullout
2974 2168 3049 2223 tui
3087 2167 3265 2227 adhuc
3302 2168 3719 2238 deprehendere

2110 2258 2448 2313 valuerimus
2474 2258 2646 2313 sancti
2680 2259 2925 2330 corporis
2954 2259 3317 2325 venditorem,
3340 2260 3486 2329 quod
3522 2260 3715 2329 utique

2108 2348 2303 2405 fecisse
2332 2348 2485 2405 Iuda:
2515 2349 2693 2405 fuerat
2719 2352 3013 2422 proditoris
3044 2351 3275 2419 facinus,
3319 2353 3576 2409 scelerati
3606 2354 3711 2408 ali-

2106 2442 2262 2512 cujus
2289 2441 2374 2496 vel
2405 2441 2718 2512 vespillonis
2746 2443 3087 2514 sacrilegium
3134 2445 3333 2499 imitari
3367 2444 3560 2517 (675).
3604 2444 3711 2500 Sed

2110 2520 2181 2600 te,
2205 2534 2341 2603 proh
2366 2533 2553 2590 nefas!
2584 2535 2656 2589 ita
2684 2544 2843 2591 tenus
2868 2534 3212 2606 deploramus
3235 2554 3263 2591 a
3291 2537 3467 2601 nobis,
3497 2549 3708 2593 sancte.

2107 2626 2445 2700 neglectum,
2484 2636 2544 2683 ut
2581 2628 2731 2685 furto
2770 2630 2908 2685 adiri
2947 2631 3261 2685 venerabile
3303 2638 3451 2685 tuum
3491 2646 3713 2702 quoque

2107 2718 2267 2772 modo
2297 2716 2554 2773 valuisset
2582 2717 2912 2789 sepulcrum,
2937 2718 3081 2789 quod
3115 2717 3322 2775 facinus
3349 2734 3569 2790 quoque
3601 2736 3709 2773 non

2107 2805 2414 2863 iuficiamnr
2443 2807 2610 2863 fuisse
2637 2808 2953 2865 nefandum.
2998 2808 3132 2878 Quis
3162 2809 3307 2864 enim
3338 2809 3501 2865 taletn
3536 2810 3710 2881 negli-

2107 2909 2280 2971 geret,
2314 2898 2414 2955 nisi
2448 2900 2692 2965 demens,
2722 2908 3037 2971 patronum,
3065 2899 3280 2957 etiamsi
3308 2914 3432 2956 cum
3464 2915 3533 2956 eo
3561 2901 3710 2956 mille

2108 3003 2401 3059 corporum
2454 2990 2737 3047 vicinitate
2787 2992 3057 3063 potiretur
3117 2992 3484 3048 sanctorum?
3537 2991 3715 3047 Devo-

411 3114 467 3159 et
500 3101 745 3172 martyrii
767 3056 1014 3170 accipere
1042 3097 1239 3154 meruit
1268 3096 1532 3167 palmam;
1557 3103 1617 3148 tu
1636 3107 1733 3164 per
1756 3090 2001 3162 impaeni-
2028 3056 2075 3118 ϐ
2106 3080 2243 3137 “ore
2262 3096 2393 3152 ergo
2413 3091 2467 3139 ιθ
2512 3082 2818 3139 ΐθεοιθηιθε
2854 3082 3071 3152 θίΪθείυι
3106 3084 3490 3156 δθιιῖέζηίεείηῖθ
3520 3084 3709 3152 Pal".

366 3228 373 3237 ι
410 3197 635 3254 tentiam
671 3209 843 3268 quare
883 3190 1219 3247 tltesaurizas
1247 3188 1339 3245 tibi
1380 3188 1515 3242 iram
1545 3182 1722 3258 (Rom.
1750 3199 1809 3249 ιι,
1837 3182 1916 3253 5),
1946 3192 2000 3237 et

410 3306 521 3345 non
545 3285 992 3358 exstinguendam
1016 3284 1069 3338 in
1091 3290 1407 3352 perpetuum
1429 3274 1740 3332 flammam?
1763 3272 1868 3329 Sed
1891 3273 2002 3349 agit

410 3384 536 3448 hoc,
565 3379 766 3435 athleta
793 3376 1213 3450 pugnacissime,
1245 3388 1350 3431 non
1393 3370 1703 3435 difﬁtemur,
1749 3367 1860 3439 agit
1895 3366 2000 3421 hoc

407 3473 737 3531 iustabilitas
784 3482 841 3527 et
891 3468 1162 3528 enervitas
1217 3477 1438 3532 nostra;
1488 3471 1772 3521 succurrat
1817 3459 1995 3525 nobis,

410 3583 620 3640 quzcso,
644 3563 949 3621 constantia
980 3569 1034 3616 et
1057 3559 1287 3616 firmitas
1313 3566 1423 3613 tua.

484 3658 571 3712 12.
614 3655 839 3710 Miretur
876 3652 971 3725 sed
1014 3649 1232 3718 aliquis,
1273 3647 1416 3719 quod
1457 3655 1509 3702 te
1554 3653 1848 3709 martyrem
1885 3652 1996 3697 tatu

408 3750 605 3821 sacpius
626 3746 880 3810 vocitcm,
910 3758 1032 3799 cum
1059 3739 1321 3796 effusione
1350 3736 1628 3809 sanguinis
1645 3750 1752 3797 non
1774 3732 1998 3789 sortitus

407 3840 598 3905 (teris,
617 3835 892 3893 confessor
907 3832 1268 3896 sanctissime,
1290 3828 1471 3883 finem.
1497 3825 1608 3881 Sed
1624 3827 1823 3896 potius,
1852 3823 1995 3889 dico,

408 3930 500 3987 ille
525 3928 770 3991 miretur,
804 3923 947 3995 quod
987 3920 1234 3976 Zebedrei
1283 3917 1408 3974 filiis
1432 3915 1633 3974 dixisse
1673 3928 1781 3969 non
1807 3911 1998 3968 recolit

408 4025 720 4086 Dominum,
768 4020 998 4076 Calicem
1040 4032 1210 4071 meum
1254 4014 1435 4068 bibetis
1484 4009 1701 4083 (Matth.
1754 4024 1845 4075 xx,
1876 4006 1994 4077 25),

412 4134 538 4175 rum
570 4132 710 4174 unus
739 4128 927 4173 eorum
968 4109 1144 4166 solum
1192 4106 1452 4163 effusione
1504 4120 1601 4175 pro
1661 4102 1877 4161 Christo
1931 4102 1997 4156 de

410 4210 614 4269 mundo
640 4206 920 4266 transierit
938 4203 1247 4276 sanguinis;
1274 4200 1412 4256 alter
1430 4213 1559 4255 vero
1582 4196 1749 4268 (672),
1778 4204 1837 4251 ut
1857 4204 1914 4251 ct
1941 4204 1996 4250 tu

407 4296 928 4371 felicissime,_taulta
958 4312 1056 4367 pro
1086 4294 1197 4350 Deo
1219 4291 1540 4357 sustinuerit
1582 4296 1875 4353 tormenta,
1901 4286 1996 4347 sed

414 4569 423 4578 -
482 4543 629 4615 (669)
661 4540 926 4615 Construe
952 4558 964 4593 :
993 4537 1100 4615 Sed
1127 4540 1214 4615 qui
1236 4534 1805 4615 imitanteste,_rttilttri
1828 4544 1998 4586 tecum

395 4620 450 4671 in
482 4603 787 4668 barai'hrnm
811 4612 1026 4680 interni,
1059 4603 1346 4673 forinsecus
1387 4603 1899 4680 stellttJiptriuseeus
1923 4615 2001 4680 te.

399 4688 493 4742 urb
507 4702 582 4741 rte
612 4685 689 4752 (ut
726 4684 803 4739 ita
850 4676 1058 4752 loquar)
1103 4696 1204 4752 non
1232 4676 1826 4752 timenttransﬁgurare
1854 4692 1909 4752 se
1940 4677 1994 4731 in

398 4743 627 4825 angelos
648 4755 781 4825 lucis
801 4769 892 4823 per
915 4743 1250 4825 hypocrisim.
1277 4749 1482 4825 Etenim
1508 4743 1679 4825 videre
1697 4762 1799 4825 non
1824 4743 1989 4825 tta-leo,

396 4817 666 4897 quomodo
698 4817 1033 4897 [ulig'entes'ut
1056 4819 1302 4891 splendor
1327 4817 1666 4897 ﬁrmamenti,
1694 4817 1784 4897 qui
1816 4817 1993 4897 utique

399 4887 523 4951 sunt
555 4896 654 4960 illi,
694 4887 798 4966 qui
820 4911 914 4960 pro
951 4887 1100 4961 posse
1133 4900 1390 4966 conantur
1409 4887 1606 4966 imitari
1629 4887 1985 4966 constantiam

399 4970 621 5035 i'lorum
644 4958 980 5035 (angelorum
1009 4961 1340 5031 sanctorum)
1361 4960 1449 5028 qui
1472 4958 1696 5035 assequi
1721 4966 1842 5035 sum
1863 4974 1991 5026 gra-

403 5032 534 5093 titim
589 5026 1031 5122 ininuilobilitntis
1066 5044 1115 5086 te
1151 5026 1501 5122 ruentéanon
1539 5026 1705 5122 valeo,
1747 5028 1984 5122 inquam,

1733 5107 1788 5122 ..ι
1804 5095 1962 5122 ζ-..,.1;

2017 4415 2077 4479 Ι)

2100 3177 2402 3244 absentem,
2421 3192 2582 3248 quam
2608 3176 2735 3232 olim
2763 3179 3164 3234 excoluerimus
3190 3188 3515 3249 prtesentcm
3548 3180 3709 3251 dege-

2100 3282 2282 3335 neres,
2306 3268 2432 3338 quia
2454 3282 2601 3338 smpe
2625 3268 2699 3323 ita
2729 3268 3014 3340 contingit,
3039 3268 3388 3324 considerans
3414 3270 3573 3334 ﬁlios,
3600 3269 3711 3324 imo

2105 3358 2470 3430 nequissimos
2504 3374 2721 3426 servos,
2756 3361 2927 3415 vicem
2966 3361 3124 3416 nobis
3155 3362 3401 3418 eamdem
3435 3362 3705 3417 malorum

2098 3449 2228 3515 noli,
2275 3459 2328 3505 te
2370 3464 2675 3520 precamur,
2707 3451 3027 3522 rependere,
3070 3466 3178 3508 non
3208 3452 3468 3509 deserens
3494 3452 3705 3511 scilicet

2099 3541 2346 3609 tuitioue,
2375 3542 2680 3598 deserueris
2713 3543 2965 3613 quamvis
2998 3543 3403 3615 indignissimos
3429 3545 3705 3600 abitione;

2101 3631 2196 3688 sed
2227 3632 2687 3704 praesentissimus
2718 3634 2876 3691 nobis
2921 3636 2972 3689 in
3025 3645 3117 3691 tuo
3146 3635 3323 3706 capite
3344 3635 3586 3702 Christo,
3616 3651 3701 3690 re-

2098 3721 2397 3779 conciliare
2423 3723 2533 3779 tuis
2556 3739 2680 3779 eum
2710 3724 2921 3781 meritis
2947 3723 3104 3780 nobis
3136 3739 3241 3780 non
3274 3725 3446 3781 solum
3476 3725 3546 3781 de
3578 3727 3703 3781 istoc

2097 3813 2193 3870 sed
2230 3822 2286 3869 et
2319 3813 2609 3884 omnigeno
2643 3813 2923 3885 culparum
2962 3830 3069 3872 non
3105 3815 3353 3880 desinas,
3385 3831 3700 3886 precamun

2096 3913 2247 3959 reatu
2267 3904 2436 3977 (674).
2452 3904 2749 3978 Contigerit
2768 3906 2871 3963 hoc
2893 3906 2989 3963 tibi
3011 3922 3142 3963 sane
3162 3918 3346 3965 nostra
3364 3908 3531 3980 (quod
3549 3907 3705 3967 nobis

2096 4009 2202 4051 non
2228 3996 2481 4052 convenit
2501 3996 2740 4071 diffiteri)
2763 3998 2916 4069 culpa
2944 4007 3106 4079 atque
3129 3999 3528 4072 neglecto;_sed
3560 3999 3702 4056 illius

2096 4100 2203 4141 non
2257 4101 2545 4157 possumus
2595 4103 2835 4160 negare,
2886 4091 2977 4161 qui
3030 4101 3247 4147 terrena
3291 4107 3413 4148 cum
3456 4092 3699 4150 caelesti-

2094 4177 2197 4233 bus
2245 4179 2592 4245 moderatur,
2632 4178 2836 4236 factum
2874 4181 3153 4241 voluntate
3198 4192 3361 4252 atque
3408 4183 3700 4255 disposito,

2094 4269 2248 4340 cujus
2309 4271 2638 4330 ordinationi
2682 4272 2881 4331 nullius
2925 4274 3192 4334 resultare
3240 4275 3407 4331 valuit
3456 4291 3696 4348 unquam

2106 4515 2296 4589 cobus,
2325 4531 2429 4570 non
2449 4531 2579 4589 vero
2602 4514 2660 4577 S.
2685 4514 2942 4589 Joannes)
2959 4518 3227 4589 transierit
3255 4517 3320 4572 de
3340 4518 3537 4575 mutulo
3558 4520 3693 4589 effu-

2103 4588 2248 4641 sione
2269 4587 2543 4655 sanguinis
2571 4602 2666 4656 pro
2696 4586 2927 4651 Christo,
2956 4587 3091 4642 alter
3119 4604 3257 4653 vero,
3288 4599 3394 4643 etc.

2171 4656 2317 4726 (675)
2354 4659 2652 4730 Construe:
2686 4656 2839 4722 Quod
2871 4658 3052 4730 fecisse
3083 4660 3259 4730 utique
3286 4657 3457 4730 fuerat
3495 4660 3694 4716 imitari

2100 4729 2306 4800 [acinus
2333 4727 2491 4800 Julia:
2516 4730 2822 4800 proditoris,
2854 4728 2930 4783 vel
2959 4727 3293 4798 sacrilegium
3318 4729 3548 4800 alicujus
3575 4747 3684 4785 sce-

2096 4797 2248 4869 lerati
2274 4797 2589 4867 vespillonis.
2624 4799 2698 4852 Ex
2727 4799 2812 4854 his
2841 4800 3105 4855 incertum
3142 4797 3310 4869 fuisse
3336 4797 3527 4869 liquet.
3559 4817 3682 4855 num

2099 4868 2444 4997 S.bMet[onis
2469 4883 2667 4940 corpus
2697 4870 2971 4926 venditum
3000 4870 3175 4940 pretio
3202 4868 3479 4936 fuerit,’an
3499 4871 3678 4925 furtim

2099 4957 2152 4996 su
2200 4956 2290 4997 reo
2321 4956 2431 4995 um.

2093 4948 2431 4996 subreptum.

2163 5004 2312 5083 (671)
2351 5009 2616 5066 Construe
2646 5028 2660 5062 :
2693 5008 2865 5081 Ergo,
2890 5011 3251 5081 benignissime
3286 5004 3476 5077 Pater,
3510 5012 3672 5066 consi-

2093 5081 2283 5122 dprnm:
2316 5080 2449 5122 ﬁlim:
2504 5081 2607 5122 imn
2638 5083 2977 5122 rranninimnn
3005 5098 3175 5122 sommo
3207 5083 3483 5122 rornbnrnc
3512 5094 3560 5122 In
3589 5084 3672 5122 nh.

2131 5080 2283 5122 piam:
2316 5080 2449 5122 ﬁlim:
2504 5081 2607 5122 imn
2638 5080 2977 5122 rranninimnn
3005 5080 3175 5122 iam...
3207 5083 3483 5122 rornbnrnc
3512 5094 3560 5122 In
3589 5084 3673 5122 nh.
