4032 5354
244 309 356 378 tea

1169 304 1536 361 INVECTIVA
1578 305 1664 360 DE
1705 305 2091 364 TllANSLAT.
2137 312 2195 367 S.
2240 315 2613 374 )IETRONIS.

3432 316 3547 387 im

250 426 479 481 renisio.
509 423 691 479 Voluit
714 422 855 477 enim
887 430 937 475 te
966 422 1253 491 sepulturte
1285 436 1479 492 aggere
1502 439 1745 511 pressum
1772 424 1844 477 le-
1874 430 1922 489 Α
1950 429 2155 490 expedit
2189 431 2325 483 vobis
2358 442 2412 485 ut
2440 451 2531 503 ego
2565 436 2747 490 radunt
2776 438 2955 508 (Joan.
2991 454 3100 507 xw,
3128 441 3215 507 5);
3246 444 3494 513 idemque
3528 465 3540 501 :

249 532 386 572 vare
415 517 483 570 de
531 518 696 571 immo
726 514 895 585 (675),
920 524 974 569 et
997 523 1137 569 statu
1174 513 1336 567 locari
1364 506 1649 585 condigno.
1678 515 1850 570 Coale—

248 611 354 664 stis
374 609 524 663 enim
551 609 748 663 anima:
777 618 928 661 artus
956 608 1203 662 devotius
1227 607 1421 660 excolit
1449 608 1658 677 vulgus,
1688 608 1729 662 si
1758 622 1854 662 eos

250 717 363 756 non
396 701 567 771 318
595 700 798 771 obtegit
843 700 1033 763 tellus,
1063 700 1153 752 sed
1188 700 1447 753 IllallSOiei
1484 710 1731 755 venustat
1763 716 1848 755 0r-

244 802 439 847 .natus.
478 793 633 858 Quod
661 793 725 855 si,
760 801 814 844 ut
843 801 1077 861 putatur,
1116 791 1189 844 ita
1221 800 1303 844 est
1336 793 1600 845 veraciter
1627 803 1805 846 actum
1832 809 1845 856 ;

254 884 399 939 haud
435 898 756 952 creperum,
784 883 913 953 quin
947 883 1048 936 hoc
1082 882 1174 936 tibi
1219 882 1471 936 concinat
1520 882 1846 952 exemplum,

253 976 398 1046 quod
442 978 511 1031 de
549 976 748 1045 Josepb
785 987 838 1030 et
877 975 1136 1029 fratribus
1187 972 1303 1041 ejus
1339 974 1498 1044 paulo
1535 976 1781 1043 superius
1818 988 1848 1026 a

254 1069 416 1123 nobis
445 1078 529 1122 est
558 1067 893 1139 praebbatum
927 1085 938 1119 :
978 1066 1155 1120 Nolite
1185 1078 1432 1127 metuere,
1462 1067 1535 1120 ait
1561 1070 1704 1121 enim
1736 1066 1848 1121 for-

254 1162 591 1216 midantibus
621 1161 737 1222 ille,
766 1160 1004 1229 nmquid
1033 1161 1170 1212 enim
1203 1158 1299 1213 Dei
1332 1176 1545 1213 renuere
1572 1177 1849 1229 possumus

254 1250 558 1303 roluntuti?
596 1248 693 1303 Vos
718 1250 982 1319 cogitastis
1009 1248 1074 1301 de
1105 1264 1182 1300 me
1211 1248 1431 1310 malum,
1457 1250 1546 1302 sed
1575 1249 1712 1302 Deus
1742 1266 1851 1303 rer-

253 1344 309 1395 tit
342 1342 479 1395 illud
509 1343 561 1396 in
590 1342 800 1405 bonum,
847 1352 897 1395 ut
942 1359 1020 1395 me
1058 1341 1315 1395 exultaret
1364 1339 1515 1413 (Cen.
1550 1359 1599 1404 ι,
1634 1344 1742 1411 19).
1776 1342 1850 1398 Ne

254 1450 382 1503 ergo
420 1444 510 1486 tua
542 1434 831 1495 exultatio,
874 1443 1058 1487 nostra
1090 1433 1187 1497 sit,
1222 1450 1421 1503 quaeso,
1456 1446 1673 1499 averte,
1700 1436 1850 1489 (lam-

255 1529 426 1591 natio,
464 1542 532 1581 ne
566 1537 654 1580 tua
691 1528 856 1581 abitio
897 1537 1078 1582 nostra
1130 1529 1394 1598 perditio;
1446 1527 1711 1599 profuerit
1756 1532 1851 1585 sed

257 1634 512 1688 rogamus
561 1634 590 1671 e
630 1620 785 1672 nobis
844 1618 1003 1673 alicui
1068 1619 1267 1689 po:ius,
1305 1620 1347 1673 si
1387 1621 1554 1676 corde
1616 1622 1849 1691 simplici

254 1711 325 1763 ita
362 1720 415 1763 te
445 1724 552 1763 ιιοιι
582 1711 859 1763 obstiterit
892 1711 1150 1775 exaltari,
1191 1712 1485 1767 eiecumine
1525 1713 1705 1769 forsan
1740 1716 1851 1769 cri-

1952 514 2010 570 Si
2034 517 2295 573 exaltatus
2318 521 2466 588 fuero
2488 540 2517 573 tt
2543 534 2706 591 terra,
2737 530 2911 581 omnia
2935 533 3142 584 traham
3172 536 3241 585 ad
3268 552 3349 588 me
3373 537 3543 607 ipsum

1953 607 2134 675 (Joan.
2168 626 2261 674 xu,
2291 613 2401 683 5‘2).
2429 616 2661 686 Indeque
2688 620 3109 688 gratulabundus
3138 640 3243 678 non
3273 626 3545 681 immerito

1954 697 2067 761 ille,
2112 702 2209 753 etsi
2236 705 2592 770 cognorimus,
2620 707 2816 776 inquit,
2844 712 3127 765 secundum
3153 731 3361 768 carnem
3395 716 3541 769 Chri-

1952 798 2111 853 stum,
2151 791 2242 843 sed
2277 793 2395 861 jam
2442 812 2576 849 nunc
2620 814 2722 853 non
2766 802 3001 855 nouimus
3048 804 3130 871 (II
3173 804 3293 859 Cor.
3340 823 3392 871 v,
3429 807 3549 877 16).
3588 840 3595 847 ι

1946 879 2181 937 Constat
2216 884 2407 954 igitur,
2447 902 2545 942 nec
2583 890 2780 960 ambigi
2826 893 2996 959 valet,
3039 897 3165 965 quia
3213 898 3259 952 si
3311 898 3445 954 ﬁdes
3501 885 3591 955 in"

1950 973 2159 1027 sanctis
2198 975 2455 1031 damnum
2498 994 2603 1033 non
2648 983 2854 1051 patitur
2901 986 3120 1053 mortis,
3158 988 3329 1044 multo
3370 991 3556 1045 minus

1953 1064 2363 1132 absentationis;
2380 1079 2435 1124 et
2462 1070 2581 1125 ideo
2605 1073 3020 1132 intitnbabiliter
3036 1077 3436 1153 confldimus,3
3452 1076 3583 1155 1933'

1952 1156 1996 1210 si
2030 1164 2117 1210 tua
2148 1173 2440 1227 sequamur
2466 1165 2713 1234 vestigia,
2743 1167 3007 1234 profuisse
3038 1171 3194 1227 nobis
3224 1175 3369 1243 quod
3400 1174 3577 1231 abic-'-

1954 1246 2056 1311 ris;
2094 1264 2193 1303 nec
2223 1248 2471 1321 [subaudi
2503 1257 2745 1329 prodest]
2778 1268 2829 1312 te
2857 1276 2955 1315 nos
2980 1260 3091 1329 jam
3119 1278 3279 1320 nosse
3309 1281 3430 1321 cum
3466 1266 3551 1320 iu-

1952 1341 2195 1394 numeris
2220 1352 2401 1397 nostro
2428 1344 2627 1401 habere
2652 1349 2703 1402 in
2735 1351 2927 1405 vicinio
2952 1352 3098 1424 (678)
3128 1366 3424 1425 mortuum,
3449 1359 3575 1427 sed,

1952 1432 2093 1485 scire
2126 1442 2183 1487 ut
2216 1450 2337 1489 vere
2372 1448 2619 1492 sanctum
2648 1441 2957 1509 dignatione
2988 1445 3078 1500 Dei
3110 1448 3550 1506 honorificentis-

1953 1524 2087 1578 sime
2118 1525 2206 1580 illo
2238 1528 2581 1593 translatum,
2622 1533 2709 1587 ubi
2748 1537 3097 1591 veneratione
3123 1539 3303 1594 debita
3336 1549 3548 1597 tuorum

1952 1616 2309 1670 certaminum
2336 1619 2621 1674 excolatur
2647 1622 2735 1677 die
2763 1635 3032 1696 noctuque
3063 1631 3416 1702 martyrium;
3451 1650 3550 1685 no-

1952 1705 2037 1760 bis
2071 1720 2199 1761 vero
2234 1710 2629 1781 qualiscunque
2664 1712 2757 1777 sit,
2791 1716 2938 1783 quod
2974 1716 3270 1783 credimus,
3304 1719 3552 1791 lcrigatio

252 1801 460 1854 mitium
506 1802 577 1854 ila
617 1801 739 1855 licet
781 1802 1164 1858 obtcncbratus
1202 1819 1442 1867 suorum,
1479 1815 1535 1859 ut
1564 1807 1846 1861 subitanca

1957 1797 2153 1868 culpm,
2187 1802 2330 1869 quod
2360 1804 2653 1859 dcsivimus
2682 1813 2733 1859 te
2761 1807 2872 1876 jam
2904 1823 3026 1862 sero
3048 1850 3061 1872 ,
3094 1809 3221 1865 licet
3253 1822 3359 1865 tam
3395 1812 3548 1866 indc-

252 1895 693 1965 interpellatione
742 1898 971 1950 adactus
1018 1912 1031 1947 :
1079 1896 1353 1967 Pttlpt’brtt.’
1399 1910 1503 1953 tua!
1549 1902 1847 1970 pra‘crduut

241 2003 461 2057 gressus
483 1996 601 2040 tuos
625 1985 809 2054 (Prov.
840 2002 909 2045 tv.
936 1988 1050 2056 25),
1082 1990 1180 2043 sibi
1209 1990 1529 2059 imperatum
1557 2009 1661 2045 non
1688 1994 1851 2048 fuerit

252 2077 607 2143 recordatus;
642 2086 740 2130 ct:
774 2077 920 2130 Sunt‘
950 2080 1083 2143 vite,
1127 2097 1243 2150 qmc
1276 2081 1518 2134 ridentur
1552 2084 1848 2137 hominibus

252 2183 437 2232 recta’,
470 2186 695 2239 qum-unt
723 2169 844 2237 ﬁnis
878 2186 1034 2239 usque
1074 2171 1142 2225 ad
1179 2171 1499 2240 profundum
1533 2173 1724 2242 inferni
1756 2176 1849 2227 (lc-

253 2261 431 2329 mrrqit
466 2260 651 2331 (I’ror.
681 2277 800 2325 xw,
825 2261 939 2332 ‘25),
973 2262 1073 2316 sibi
1106 2263 1423 2332 praedictum
1452 2264 1652 2319 oblitus
1677 2265 1843 2335 (676).

252 2351 557 2408 ἰὶθςωςιιιιο
584 2369 710 2408 vero
726 2353 987 2424 ejusmodi
1026 2356 1727 2427 pusillanimitatem-taliter
1751 2362 1851 2415 Do—

254 2446 400 2497 mino
422 2485 436 2507 ,
472 2454 636 2513 atque
669 2444 881 2500 dicente
912 2465 925 2499 :
962 2446 1020 2500 Si
1049 2446 1231 2502 oculus
1263 2458 1383 2502 tuus
1414 2449 1571 2517 fuerit
1599 2450 1845 2521 simplex,

254 2551 303 2589 to
335 2554 417 2588 um
478 2552 669 2605 corpus
723 2546 872 2590 tuum
918 2529 1153 2591 lucidum
1213 2540 1311 2592 erit
1356 2538 1572 2611 (Matth.
1621 2557 1693 2608 vr,
1734 2540 1847 2609 2‘2),

256 2630 310 2682 iit
330 2641 420 2683 eat
461 2646 580 2685 eum
605 2631 903 2701 quamlibet
928 2648 958 2686 e
989 2632 1159 2688 tribus
1188 2632 1531 2706 fugitivorum
1562 2645 1683 2701 luo,‘
1710 2653 1852 2692 mar-

262 2732 369 2791 tyr,
423 2720 609 2776 fretum
658 2724 857 2777 ducatu
903 2723 1214 2780 civitatibus
1262 2727 1467 2793 ingredi
1518 2728 1656 2781 inter
1700 2744 1849 2798 spem

260 2812 432 2866 venia}
458 2822 510 2867 et
540 2822 744 2867 metum
776 2815 1032 2885 gehennae.
1060 2815 1197 2887 (.los.
1228 2834 1317 2879 xx,
1342 2819 1418 2888 7),
1447 2834 1553 2889 quo
1582 2820 1853 2875 exaudibi-

256 2907 380 2961 liter
407 2908 601 2977 possit,
632 2924 770 2977 opus
796 2909 839 2963 si
871 2908 1055 2970 fuerit,
1092 2920 1149 2964 ut
1178 2912 1243 2965 de
1277 2912 1521 2976 inlinitis,
1552 2913 1619 2966 ita
1653 2914 1716 2967 de
1750 2915 1853 2968 isto

256 3001 556 3056 Psalmistze
587 3003 771 3056 verbis
812 3002 1048 3057 clamare
1079 3022 1090 3057 :
1127 3004 1593 3059 Circumdedernnt
1626 3024 1705 3059 me
1736 3025 1850 3059 nta-

255 3098 329 3155 la,
368 3112 591 3164 quorum
634 3112 736 3148 non
773 3105 845 3148 est
886 3112 1167 3159 numerus;
1220 3097 1722 3166 comprehenderunt
1773 3114 1852 3150 me

1956 1900 2145 1945 center
2165 1933 2178 1954 ,
2214 1902 2449 1949 tractare
2471 1936 2485 1960 ,
2513 1905 2569 1950 et
2600 1898 2937 1953 assuevitnus
2969 1900 3198 1955 aliorum
3231 1902 3423 1957 saltem
3452 1902 3551 1958 d0-

1951 1994 2226 2051 cumento,
2254 1997 2312 2041 ut
2335 1989 2715 2056 debueramus,
2743 1992 3016 2063 condigne
3043 1994 3250 2051 honore
3275 1996 3550 2060 est-olere,

1955 2083 2006 2128 te
2037 2088 2095 2131 ut
2124 2080 2383 2133 amissum
2415 2090 2625 2151 patrem
2656 2082 2863 2148 dolere,
2897 2084 3129 2141 dolendo
3160 2087 3439 2143 ardentius
3465 2088 3551 2143 di-

1955 2170 2141 2240 ligere,
2166 2171 2439 2241 diligendo
2467 2174 2662 2243 smpius
2694 2176 2952 2240 recolere,
2979 2178 3262 2234 recolendo
3290 2195 3551 2234 veneran-

1957 2260 2059 2314 tius
2086 2278 2334 2317 exorare.
2370 2263 2603 2320 Traxisti
2634 2282 2751 2331 nos,
2783 2279 3005 2340 martyr,
3041 2280 3097 2322 ut
3132 2271 3201 2323 ita
3238 2252 3551 2340 loquamur,

1953 2349 2017 2404 ad
2039 2362 2106 2415 te,
2126 2368 2154 2405 a
2187 2353 2292 2407 Deo
2322 2364 2380 2407 ut
2405 2354 2792 2425 diguusfueras
2820 2376 2941 2413 cum
2960 2376 3018 2414 es
3046 2362 3349 2428 cxaltatus;
3386 2363 3554 2417 traxi-

1953 2447 2138 2513 sti,et
2163 2447 2527 2520 relinquendo
2577 2460 2723 2506 tanto
2772 2456 3012 2519 firmius,
3042 2465 3246 2523 (manto
3303 2457 3551 2510 devozins

1956 2548 2007 2593 te
2040 2542 2342 2596 recolentes
2374 2558 2472 2597 nos
2496 2546 2859 2608 sanctissime,
2894 2548 3153 2616 possides.
3181 2548 3313 2601 Nam
3342 2548 3554 2617 religio-

1957 2631 2069 2684 sius
2102 2632 2331 2702 quisque
2359 2630 2684 2703 prudentum
2720 2653 2862 2692 nunc
2891 2647 3103 2690 tuorum
3137 2638 3441 2708 frequentat
3472 2656 3557 2694 rc-

1954 2722 2153 2793 liquias
2186 2726 2461 2791 cinerum,
2496 2743 2659 2795 quam
2703 2729 2938 2782 universi
2984 2731 3155 2783 sancti
3196 2730 3441 2798 corporis
3478 2733 3553 2785 tui

1953 2828 2284 2869 servatorem
2330 2818 2457 2869 olim
2488 2836 2623 2888 .cunt
2665 2821 2875 2872 ca'teris
2917 2820 3187 2874 cxtolcret
3234 2820 3442 2884 locum;
3486 2840 3551 2873 at:

1954 2924 2049 2977 per
2079 2909 2197 2972 hoc,
2229 2911 2316 2963 ubi
2346 2912 2538 2963 crescit
2570 2923 2750 2964 nostra
2782 2928 2906 2982 erga
2942 2922 3016 2975 te,
3049 2922 3274 2983 martyr,
3307 2915 3547 2975 devotio,

1955 3010 2186 3065 Crescat,
2215 3018 2432 3056 necesse
2464 3012 2546 3056 est
2572 3015 2625 3055 rt
2654 3012 2754 3057 ιιιίυ
2782 3020 2909 3072 erga
2943 3020 3038 3056 nos
3068 3004 3301 3073 pictatis,
3329 3021 3425 3059 nec
3454 3004 3547 3059 dc-

1963 3092 2307 3163 spcrandmn,
2358 3094 2612 3163 provisio.
2667 3094 2902 3148 Tuorum
2954 3111 3084 3150 sane
3133 3096 3415 3167 pignorum
3463 3099 3557 3166 qui

256 3185 552 3249 in'quitates
582 3202 730 3249 ιιιεα),
757 3196 805 3239 et
832 3202 935 3240 non
962 3188 1107 3255 potui
1132 3196 1185 3239 ut
1211 3187 1466 3252 viderem;
1491 3188 1852 3257 multiplicum:
1888 3157 1931 3218 Ο
1968 3196 2231 3240 temerare
2261 3193 2386 3240 sunt
2413 3186 2527 3239 ausi
2557 3186 2885 3251 sacrarium,
2918 3186 3231 3241 interiorem
3262 3184 3411 3240 a'lire
3442 3204 3557 3239 mo-

255 3291 372 3332 snnt
399 3296 556 3348 super
583 3278 804 3349 capillos
832 3280 1015 3349 capitis
1045 3280 1164 3344 mei,
1189 3290 1234 3333 et
1261 3297 1349 3333 cor
1380 3297 1550 3334 meum
1578 3281 1853 3351 dereliquit

265 3388 361 3421 me.
392 3368 731 3438 Compluceot
765 3370 874 3431 tibi,
911 3369 1151 3433 Domine,
1187 3382 1240 3423 ut
1271 3388 1424 3425 eruas
1458 3389 1536 3426 me
1573 3371 1849 3441 (I’sal.50,

263 3458 525 3530 ιὲμίῖη).
548 3459 638 3514 Sol
656 3471 915 3530 pra'terea
933 3459 1033 3516 iste
1049 3461 1353 3516 mortalium
1369 3464 1695 3533 conspicuus
1722 3478 1854 3518 ocu-

256 3549 317 3603 lis
331 3566 451 3604 cum
479 3550 829 3620 llammigrris
847 3549 1088 3606 invectus
1103 3554 1256 3621 equis
1278 3554 1444 3607 altum
1465 3555 1619 3623 petit,
1640 3556 1851 3624 potiora

258 3642 541 3714 terrigenis
569 3643 852 3698 commoda
883 3645 1074 3715 gignit.
1108 3647 1206 3700 Tui
1239 3656 1419 3702 autem
1442 3688 1456 3712 ,
1495 3662 1527 3702 ο
1565 3648 1713 3702 sidus
1741 3662 1855 3702 cre-

276 3744 415 3800 cste,
448 3736 668 3790 luminis
696 3735 773 3791 sol
805 3737 917 3806 ipse
942 3738 1188 3792 Christus
1219 3738 1449 3804 infusor,
1475 3740 1675 3809 proprii
1705 3749 1857 3795 actus

254 3828 475 3882 attende
500 3830 568 3882 sit
594 3830 707 3898 ipse
735 3829 982 3897 idemque
1010 3830 1211 3884 relator
1246 3850 1257 3883 :
1298 3829 1471 3896 Vado,
1501 3831 1595 3895 ait,
1621 3832 1689 3885 ad
1717 3849 1855 3895 eum,

251 3923 341 3988 qui
383 3936 464 3973 me
503 3922 680 3985 misit,
723 3931 771 3974 et
817 3939 966 3976 nemo
996 3939 1059 3976 ea:
1090 3923 1229 3976 vobis
1270 3923 1559 3991 interrogat
1601 3940 1712 3989 me,
1756 3942 1858 3994 quo

254 4016 440 4080 tuis;
485 4018 597 4079 sed,
630 4018 754 4086 quia
810 4016 919 4069 lucc
976 4015 1179 4070 locutus
1236 4034 1350 4070 sum
1408 4015 1585 4081 vobis;
1644 4018 1859 4071 tristitia

253 4108 483 4177 implerit
525 4126 614 4161 cor
652 4118 900 4162 vestrum.
938 4107 1041 4163 Sed
1078 4125 1169 4177 ego
1207 4108 1477 4161 ceritatem
1521 4108 1638 4162 dico
1681 4109 1857 4178 vobis,

325 4311 477 4381 (375)
520 4310 658 4365 llinc
699 4312 862 4381 igitur
902 4312 968 4365 ad
1013 4311 1258 4383 llatberii
1305 4327 1475 4381 usmie
1519 4322 1761 4383 tempora
1799 4314 1857 4370 S.

256 4383 516 4437 Meti-onis
538 4397 739 4445 corpus
765 4383 932 4453 humi,
961 4383 1050 4435 ubi
1080 4381 1256 4435 fuerat
1284 4384 1571 4451 sepultura,
1590 4381 1858 4453 jacuerat,

254 4470 351 4506 nec.
386 4468 413 4507 ιι
449 4462 595 4509 terra
623 4453 802 4507 fuerat
828 4451 1115 4519 elevatum,
1147 4451 1603 4521 quemadmodum
1633 4454 1760 4509 alibi
1789 4456 1856 4511 de

1958 3294 2058 3333 nco
2078 3275 2467 3341 consiliarium,
2489 3285 2541 3332 ct
2563 3277 2849 3347 diligenter
2870 3278 2936 3331 ab
2959 3294 3024 3333 eo
3046 3278 3369 3348 disquirere,
3394 3294 3554 3347 quem

1960 3368 2274 3423 intentionis
2306 3369 2356 3422 in
2394 3378 2542 3423 tanto
2573 3366 2815 3421 facinore
2844 3368 3013 3422 secuti
3046 3369 3156 3422 sint
3184 3368 3475 3437 impetum;
3503 3380 3561 3422 ct.

1959 3462 2233 3530 proprium
2276 3461 2459 3514 laxare
2492 3460 2659 3528 ipsius
2693 3458 3007 3515 diserimine
3049 3460 3270 3515 factum.
3316 3460 3369 3515 Si
3409 3462 3558 3515 enim

1959 3552 2260 3621 simplicem
2301 3552 2353 3605 in
2397 3551 2498 3605 boc
2536 3551 2617 3604 sui
2660 3551 2914 3605 desiderii
2953 3551 3123 3605 secuti
3172 3562 3297 3606 sunt
3337 3551 3557 3605 oculum

1961 3642 2236 3698 ductorem
2257 3685 2269 3708 ,
2309 3659 2365 3698 se
2396 3643 2761 3697 necessarium
2792 3642 3028 3712 gaudere
3051 3684 3063 3706 ,
3100 3642 3293 3710 fateor,
3327 3640 3556 3712 possunt

1963 3736 2106 3805 (079)
2132 3736 2406 3807 adeptum.
2432 3736 2524 3790 Sin
2553 3737 2706 3800 alias,
2734 3754 2893 3806 quam
2921 3752 3015 3791 eos
3041 3736 3269 3792 dicentis
3296 3738 3558 3808 percellat

1961 3830 2134 3884 vereri
2169 3847 2272 3883 non
2306 3846 2494 3898 parum
2528 3829 2823 3884 auctoritas
2858 3848 2869 3882 :
2914 3829 2972 3883 Si
3006 3829 3120 3898 quis
3164 3829 3411 3901 templum
3461 3829 3556 3884 Dei

1964 3923 2245 3987 violaverit,
2286 3922 2553 3993 disperdat
2594 3922 2745 3975 illum
2786 3923 2924 3977 Deus
2966 3922 3016 3991 (Ι
3046 3921 3166 3976 Cor.
3198 3940 3281 3988 Ill,
3324 3923 3433 3991 l7),
3478 3923 3555 3975 uti

1966 4033 2105 4081 reor,
2137 4033 2427 4088 possumus
2454 4017 2506 4071 in
2534 4016 2635 4072 hoc
2663 4017 2966 4088 bujusmodi
2996 4026 3317 4087 argumento
3368 4016 3551 4069 dicen-

1966 4114 2032 4167 tis
2085 4132 2095 4165 :
2161 4112 2309 4167 Habe
2343 4112 2683 4178 cltaritatem,
2736 4123 2781 4166 et
2831 4112 3085 4184 quidquid
3133 4112 3351 4165 eo’ueris
3396 4111 3554 4179 facito

1966 4311 2167 4379 ingredi
2193 4311 2476 4382 quamlibet
2517 4331 2545 4367 e
2585 4313 2748 4367 tribus
2780 4313 3074 4366 civitatibus
3101 4314 3437 4382 ['ugitirorum
3471 4313 3553 4366 in-

1966 4393 2042 4434 ter
2067 4399 2207 4454 spent
2240 4384 2398 4436 venito
2424 4394 2471 4436 et
2503 4394 2691 4454 metum
2719 4385 2992 4453 gelicnntv,
3038 4401 3138 4454 quo
3184 4382 3553 4454 exaudiui/iter

1964 4454 2125 4521 possit
2157 4450 2407 4517 clamare,
2435 4455 2479 4506 si
2506 4466 2632 4522 opus
2661 4450 2839 4523 fuerit,
2871 4450 3365 4508 ret'bis'l’snlmista'
3392 4454 3462 4505 ita
3492 4453 3554 4505 de

254 4524 458 4578 sanctis
488 4524 813 4588 corporibus
846 4523 960 4577 fieri
994 4519 1220 4578 solebat.
1254 4520 1352 4577 Hic
1385 4525 1637 4579 nimirum
1680 4524 1853 4581 Vero-
1886 4519 1932 4579 D
1959 4519 2058 4577 isto
2084 4523 2331 4585 crimine,
2357 4534 2414 4576 ut
2438 4525 2505 4577 de
2531 4519 2754 4591 iii/initis
2782 4537 2798 4575 :
2830 4524 3339 4588 Circumdederunt,
3373 4532 3480 4578 etc.

256 4598 438 4650 nensis
480 4594 739 4649 Ecclesiae
779 4603 934 4648 vetus
976 4609 1091 4648 mos
1132 4594 1233 4648 fuit
1268 4609 1425 4649 saera
1472 4610 1703 4664 corpora
1752 4599 1852 4654 sub

255 4674 399 4719 terra
434 4666 689 4737 sepelire.
749 4665 825 4718 ita
862 4663 925 4737 ξ.
973 4666 1128 4737 Aitno
1144 4666 1454 4737 iepiscopus
1497 4663 1696 4737 seculo
1732 4683 1855 4735 vni,

257 4735 833 4807 cormra'sanetortrm
860 4735 1027 4789 Firmi
1056 4745 1111 4807 et
1141 4736 1347 4790 Rustici
1380 4746 1430 4789 et
1459 4736 1685 4791 aliorum
1717 4754 1853 4807 qua-

261 4803 378 4859 tuor
409 4816 711 4878 martyrum
741 4803 1010 4878 Veronam
1043 4805 1205 4860 allata
1236 4808 1407 4875 posuit
1446 4808 1500 4878 in
1530 4824 1658 4878 arca
1692 4803 1851 4863 saxea

257 4874 620 4941 subterranea,
645 4874 698 4930 id
718 4886 800 4931 est
825 4877 876 4929 in
899 4892 1022 4931 area
1048 4879 1149 4932 sub
1171 4874 1310 4931 terra
1337 4877 1561 4945 sepulta.
1587 4877 1854 4934 Similiter

259 4948 315 5001 ὃ.
349 4950 555 5003 Proculi
591 4948 763 5019 nostri
794 4949 1030 5019 episeOpi
1059 4963 1256 5017 corpus
1285 4949 1335 5003 in
1368 4950 1482 5019 ejus
1506 4948 1849 5019 confessione

259 5032 457 5086 Septem
484 5020 654 5090 peles
682 5018 784 5090 sub
810 5012 950 5090 terra
979 5012 1256 5073 condit—um
1286 5012 1566 5090 inventum
1590 5012 1689 5073 fuit
1710 5036 1850 5077 anno

263 5090 409 5170 1.592,
436 5088 565 5145 licet
591 5089 837 5170 apterior
862 5088 1099 5170 ejusdem
1129 5090 1373 5170 corporis
1403 5089 1851 5170 translatiqf:ieta

261 5158 436 5226 fuerit,
467 5176 594 5231 qua:
629 5161 682 5231 in
712 5161 930 5229 antique
958 5158 1281 5215 Kalendario
1313 5158 1636 5216 Veronensis
1664 5160 1853 5218 Eccle-

2031 4592 2181 4664 (678)
2209 4592 2276 4647 In
2300 4594 2467 4648 vicino
2494 4604 2671 4647 nostra
2704 4595 2842 4649 idem
2869 4604 2952 4649 est
2978 4611 3040 4648 ac
3066 4595 3118 4649 in
3146 4594 3335 4649 eadem
3364 4604 3553 4664 nostra

1960 4662 2215 4728 civitate,
2249 4678 2369 4733 quae
2405 4664 2661 4719 suburbia
2693 4665 3177 4734 complectebatur.
3215 4664 3304 4719 Sic
3332 4664 3383 4717 in
3412 4662 3554 4716 Con—

1958 4734 2194 4815 clusione
2236 4734 2573 4815 deliberativa
2620 4746 2768 4815 num.
2816 4738 2879 4815 β,
2929 4737 3165 4815 vicinitas
3214 4748 3312 4815 pro
3363 4734 3551 4815 eadem

1940 4806 2179 4861 civitate
2210 4806 2495 4874 accipitur;
2528 4813 2583 4859 et
2618 4806 2670 4859 iu
2706 4807 3053 4875 Apologetico
3082 4821 3231 4858 num.
3262 4804 3316 4865 5,
3355 4805 3555 4855 ricinus

1958 4890 2056 4947 pro
2105 4875 2279 4932 incola
2324 4876 2564 4945 ejusdem
2612 4878 2866 4939 civitatis,
2920 4886 3013 4930 aut
3063 4876 3184 4928 loci.
3237 4876 3505 4947 Construe
3541 4910 3556 4925 .

1962 4944 2073 5000 Nec
2108 4947 2317 5017 prodest
2348 4944 2466 5018 jam
2502 4963 2620 5018 cum
2660 4948 2947 5001 innumeris
2984 4962 3133 5018 nosse
3164 4962 3257 4999 nos
3286 4944 3473 4998 habere
3514 4952 3561 4994 te

1960 5015 2226 5072 mortuum
2272 5018 2324 5070 in
2349 5015 2558 5072 't'icinio
2585 5020 2797 5077 nostro;
2826 5018 2913 5071 sed
2944 5015 3075 5067 scire
3106 5026 3172 5075 te,
3206 5026 3261 5067 ut
3295 5031 3406 5069 rere
3438 5029 3560 5067 san-

1960 5101 2123 5154 ctum,
2138 5090 2440 5160 dignatione
2459 5087 2554 5141 Dei
2576 5086 3095 5153 honorificentissime
3110 5087 3425 5138 translatum
3449 5081 3563 5144 illo,

1963 5160 2075 5220 ubi,
2103 5172 2211 5216 etc.
