4032 5354
475 33 576 89 871

475 142 530 211 (I
549 142 670 197 Cor.
692 161 810 211 xm,
825 147 906 216 4),
922 155 976 203 et
990 164 1024 202 ο
1039 163 1201 218 quam
1218 151 1417 223 lepide!
1450 155 1618 221 laetor,
1633 155 1878 210 Charitas
1893 157 2058 222 enim,

470 323 608 377 Audi
653 325 798 380 enim
835 328 1116 384 verissime
1150 329 1407 386 fatentem
1444 375 1456 386 .
1500 334 1788 405 Nunquam
1819 345 1910 390 est
1961 337 2060 392 Dei

453 431 622 474 ,amor
651 417 884 484 otiosus;
914 429 1173 489 Operatur
1208 423 1351 476 enim
1388 439 1598 496 magna,
1633 426 1679 481 si
1709 436 1825 491 est;
1857 426 1902 482 si
1931 441 2060 482 vero

471 511 684 577 operari
716 513 915 579 renuit,
945 530 1101 572 amor
1126 532 1231 573 non
1259 530 1363 574 est.

545 602 632 656 ltl.
685 603 780 659 His
830 606 903 661 ita
959 610 1259 678 compactis
1300 613 1353 666 in
1405 613 1551 669 cultu
1602 624 1660 670 et
1709 616 2058 672 veneratione

473 702 710 762 t-torum,
736 707 944 765 sancte,
967 699 1055 754 ubi
1082 701 1222 758 latus
1247 704 1466 770 diceris,
1492 716 1726 772 artuum,
1754 715 1829 774 et,
1856 708 1944 763 ubi
1977 723 2060 764 re-

473 786 633 842 lictus
667 789 926 855 crederis,
958 792 1224 859 cinerum,
1260 797 1419 864 quale
1452 798 1574 867 quis
1609 798 1692 853 vel
1727 799 2052 866 ablatorum,

473 875 555 932 vel
583 877 906 934 amissorum
930 883 1070 952 apud
1097 884 1261 940 Deum
1289 887 1356 941 de
1387 897 1439 944 te
1466 890 1914 946 remunerationis
1935 895 2059 963 s’pe-

547 1031 695 1114 (68_0)
735 1033 1002 1093 Construe
1034 1056 1047 1094 :
1084 1037 1183 1094 llis
1219 1041 1296 1096 ita
1318 1045 1614 1114 compactis
1644 1046 1698 1099 in
1727 1047 1870 1100 cultu
1899 1057 1948 1101 et
1975 1064 2060 1102 rc-

467 1113 738 1187 neratione
761 1117 972 1161 artuum
1000 1119 1209 1165 tuorum
1226 1152 1240 1176 ,
1270 1113 1357 1167 ubi
1381 1127 1577 1187 santh
1601 1117 1791 1187 diceris
1816 1119 1954 1172 latus
1981 1119 2058 1187 (id

445 1184 551 1232 est
581 1186 804 1258 artuum
829 1188 1066 1258 tuorum,
1091 1197 1412 1258 quocunque
1438 1185 1585 1258 allati
1616 1186 1886 1258 dicantur)
1915 1199 1960 1241 et
1989 1184 2063 1242 ci-

465 1259 685 1324 uerum,
717 1248 1298 1325 abierederisrelictns
1325 1248 1403 1325 (id
1435 1267 1517 1310 est
1549 1257 1803 1321 Veronae,
1839 1248 1926 1312 ubi
1959 1258 2058 1313 soli

447 1317 680 1387 cineres
730 1317 900 1374 relicti
951 1323 1268 1395 creduntur)
1315 1317 1600 1381 certissime
1647 1317 2059 1398 valet'conjici,

1404 44 1733 102 RATHERII
1775 45 1989 102 EPISC.
2037 48 2287 105 VERON.
2330 53 2481 134 ΟΙῘΡ.
2526 54 2704 110 PARS
2740 55 2780 110 Ι.

3389 42 3428 52 νο

3644 47 3751 113 I72

753 153 1417 247 tt,4),eto.quamlepidc!
1450 155 1618 221 laetor,
1633 155 1878 210 Charitas
1893 157 2058 222 enim,
2089 187 2137 246 Α
2167 153 2288 217 rare
2319 165 2506 233 possit,
2541 167 2734 236 conjici
2769 167 2912 222 valet
2944 167 3268 232 certissime,
3315 185 3524 225 merum
3579 171 3730 242 (680)

471 237 609 287 alter
632 243 690 286 ut
715 237 809 300 ait,
831 251 934 291 non
951 239 1057 306 agit
1077 256 1368 308 perperam.
1384 242 1566 298 Otiosa
1591 255 1674 300 est
1694 246 1862 314 ergo?
1881 247 2057 302 Absit.

2173 255 2462 326 Utriusque
2485 266 2659 312 tamen
2686 259 2854 329 partis
2872 267 3064 315 contra
3081 269 3134 315 te
3147 259 3564 316 commissorum
3581 261 3730 315 indui

2169 354 2338 401 torem
2385 362 2729 414 excessunm,
2762 364 3067 420 precamur,
3118 351 3479 418 inveniamus,
3511 351 3754 422 piissime

2167 437 2326 500 alme,
2359 447 2413 493 te
2443 439 2618 510 ipsum
2647 451 2990 496 exoratorem
3032 441 3196 512 320
3230 457 3326 512 pro
3354 441 3513 497 nobis
3563 441 3754 496 indeli-

2166 530 2556 586 cientissimum
2601 533 2742 603 apud
2788 533 3072 588 Dominum
3114 531 3296 586 Jcsum
3339 531 3622 587 Christum
3669 545 3754 586 re-

2167 619 2502 691 demptorem
2543 622 2726 676 mundi
2767 622 3284 687 clementissimum,
3322 622 3756 692 dispunctorem-

2166 723 2272 780 que
2292 726 2396 767 non
2419 711 2592 766 solum
2608 721 2853 778 actuum,
2871 713 2966 769 sed
2989 721 3044 767 et
3063 712 3421 766 intentionum
3446 719 3755 765 nostrarum

2163 803 2566 873 aequissimum,
2597 804 2686 874 qui
2719 820 2841 860 cum
2873 804 3032 860 Patre
3065 813 3121 859 et
3149 803 3356 875 Spiritu
3391 813 3587 858 sancto
3625 801 3758 856 vivit

2150 905 2220 950 et
2251 906 2437 967 regnat
2467 896 2608 952 Deus
2635 911 2732 968 per
2755 897 2935 953 omnia
2963 895 3158 952 srecula
3186 895 3532 952 saeculorum.
3561 895 3755 949 Amen.

2166 1054 2323 1121 quale
2353 1050 2552 1105 lucrum
2593 1053 3030 1106 remunerationis
3064 1052 3181 1120 quis
3209 1051 3288 1105 vel
3314 1051 3616 1104 ablaturum
3646 1051 3760 1114 (eo-

2171 1137 2289 1174 rum
2312 1122 2521 1177 scilicet
2540 1122 2632 1191 qni
2656 1133 2898 1176 sanctum
2921 1137 3116 1190 corpus
3129 1121 3489 1190 abstulerunt)
3504 1121 3584 1174 vel
3599 1125 3758 1191 amis-

2167 1208 2343 1246 sorum
2372 1193 2494 1263 (qui
2526 1186 2776 1263 nimirum
2820 1193 2957 1246 idem
3000 1186 3195 1263 corpus
3229 1186 3564 1261 amiserunt)
3597 1186 3757 1261 p‘ossit

2173 1278 2384 1332 sperare
2409 1262 2472 1316 de
2503 1274 2550 1318 te
2578 1264 2715 1332 apud
2748 1262 2930 1316 Deum.
3105 1262 3110 1263 ⁷
3491 1296 3494 1297 ν

858 1529 862 1532 ’
1045 1574 1584 1668 EJUSDEM
1659 1577 2246 1673 OPUSCULI
2329 1526 3213 1672 FRAGMENTUM‘

465 1719 699 1784 Primis
750 1725 1030 1788 Ratherii
1071 1729 1242 1790 curis
1283 1729 1703 1807 lucubratum,
1751 1740 1804 1792 et
1841 1740 2022 1794 antea
2068 1730 2301 1794 editum
2339 1751 2417 1794 ea:
2455 1751 2568 1796 ms.
2615 1730 2889 1813 capituli
2929 1730 3306 1795 cathedralis
3361 1732 3752 1798 Veronensis.

576 1945 621 1997 l.
705 1943 772 1997 Ut
847 1942 1289 2007 sacratissimus,

461 2035 659 2106 prioris
685 2044 868 2088 narrat
896 2035 1368 2104 chronographus,
1395 2051 1516 2090 cum
1551 2034 1880 2107 Memphitici
1911 2035 2056 2106 (68l)

463 2128 529 2180 de
560 2125 808 2179 manibus
837 2124 1083 2196 tyranni,
1117 2124 1223 2178 imo
1253 2121 1468 2179 Niliaca:
1498 2125 1564 2179 de
1594 2123 1838 2179 faucibus
1869 2123 2060 2178 bellua:

443 2221 617 2271 suum
669 2218 902 2273 liberare
957 2217 1259 2272 diutissime
1313 2216 1571 2271 aflhctum
1630 2216 2058 2272 misericorditer

459 2311 774 2379 disponeret
845 2308 940 2362 Dei
1014 2308 1186 2377 pietas
1255 2307 1560 2378 populum;
1641 2308 1786 2363 inter
1860 2315 2056 2361 caetera

460 2401 638 2454 eidem
702 2401 1052 2472 congruentia
1114 2399 1264 2470 operi
1323 2400 1612 2472 praecepit,
1689 2410 1746 2454 ut
1812 2399 2058 2454 abiturus

457 2494 662 2547 viritim
712 2493 780 2547 ab
817 2493 992 2548 amico
1043 2508 1140 2547 suo
1184 2493 1412 2563 quilibet
1451 2493 1620 2563 plebis
1657 2492 1898 2563 ejusdem
1940 2510 2057 2548 mu-

462 2594 646 2638 ωλι-ει
695 2598 826 2638 vasa
877 2591 1131 2654 argentea
1162 2623 1177 2649 ,
1227 2591 1391 2654 atque
1442 2599 1637 2651 aurea,
1692 2600 1800 2654 quo
1849 2585 2058 2641 scilicet

466 2685 522 2730 et
554 2689 689 2744 gens
728 2674 953 2729 venefici
999 2674 1145 2746 (682)
1200 2675 1366 2730 maris
1403 2673 1651 2732 ﬂuctibus
1689 2677 2050 2744 absorbenda,

470 2768 689 2838 indigne
719 2769 806 2822 diu
839 2769 1108 2838 possessis
1148 2769 1342 2840 opibus
1377 2769 1728 2840 spoliaretur,
1761 2779 1816 2826 et
1844 2770 2049 2827 deicola

461 2862 948 2917 Ahrahamidarum
977 2862 1262 2932 progenies
1291 2862 1479 2918 ccelico
1507 2877 1730 2918 munere
1760 2863 2046 2919 ditaretur.

462 2953 650 3007 Fuerit
695 2963 750 3007 at
800 2969 962 3009 causa
1016 2954 1317 3025 hujusmodi
1367 2955 1519 3025 quasi
1567 2955 1862 3010 subsimilis
1906 2956 2046 3026 ejus,

464 3061 569 3113 qua
598 3060 627 3099 c
644 3042 767 3114 jure
795 3045 1152 3116 vituperatur,
1180 3044 1690 3103 lraudulentissimse
1718 3048 2051 3124 deceptionis

465 3138 710 3207 mystcrii
730 3178 744 3200 ,
771 3137 815 3190 si
842 3137 1212 3192 consideretur
1244 3146 1420 3193 tamen
1450 3140 1699 3194 humana:
1725 3139 2048 3211 impenetra~

459 3230 604 3294 hilis,
631 3246 790 3300 quam
819 3228 1102 3286 confundit
1125 3231 1284 3297 Dens,
1317 3233 1598 3302 sapientiae
1627 3233 1902 3304 opacitas;
1937 3249 2049 3287 ma-

1366 1960 1429 2000 ac
1506 1945 1888 2002 veracissimus
1963 1945 2061 2000 aevi
2095 1948 2140 2010 Β
2173 1944 2392 2016 cophini
2433 1944 2650 2015 (Matth.
2699 1961 2808 2011 xiv,
2853 1945 2971 2018 l7);
3001 1961 3138 2016 quos
3169 1945 3214 2002 si
3246 1955 3435 2002 ventre
3459 1948 3756 2002 recondere

2164 2035 2383 2091 libuerit
2422 2036 2718 2099 memoriae,
2752 2035 3102 2106 experiemur
3142 2038 3364 2092 omnino
3405 2040 3757 2094 veracissime

2165 2128 2364 2184 dictum
2415 2146 2426 2182 :
2478 2125 2584 2193 Qui
2629 2129 2844 2198 apponit
2901 2129 3216 2195 scientiam,
3256 2131 3472 2200 apponit
3509 2129 3756 2183 laborem

2170 2217 2368 2288 (Eccle.
2424 2233 2461 2283 ι,
2509 2217 2618 2288 l8).
2661 2216 2774 2272 Non
2832 2227 2957 2272 sunt
2995 2217 3139 2273 enim
3194 2217 3417 2283 triticei,
3469 2228 3529 2273 ut
3567 2217 3756 2274 leviter

2162 2307 2377 2382 valeant
2427 2307 2672 2378 spoliari,
2727 2307 2821 2362 sed
2874 2307 3160 2362 hordeacei
3223 2307 3404 2378 (Joan.
3462 2322 3539 2370 vl,
3578 2307 3660 2379 9),
3690 2309 3754 2366 ad

2162 2417 2394 2472 quorum
2447 2401 2738 2457 medullam
2796 2400 2887 2456 vix
2940 2401 3109 2472 possit
3141 2400 3293 2456 labor
3322 2401 3754 2458 studiosissimus

2161 2486 2471 2565 pervenire.
2506 2493 2802 2564 Superiore
2845 2493 3008 2565 igitur
3038 2493 3177 2547 mola
3211 2494 3264 2548 in
3295 2493 3621 2564 vertiginem
3655 2493 3753 2548 du-

2159 2593 2269 2649 cta,
2296 2583 2604 2639 subteriore
2649 2583 2803 2654 quasi
2831 2583 3004 2638 otiosa
3046 2582 3287 2654 jacente,
3321 2583 3628 2638 hordeacea
3655 2583 3755 2639 hac

2158 2676 2468 2732 necessario
2501 2677 2654 2740 trita,
2700 2691 2863 2746 quam
2915 2689 3028 2745 prae
3081 2675 3332 2730 manibus
3380 2673 3752 2730 ventilandam

2158 2769 2518 2840 suscepimus,
2558 2783 2798 2832 summa,
2848 2767 3151 2836 eademque
3196 2765 3380 2837 gustui
3439 2766 3750 2837 propinata,

2156 2859 2300 2928 sapit
2332 2859 2488 2914 nobis
2515 2857 2832 2930 Aigyptum,
2872 2856 3129 2911 mundum
3179 2855 3233 2909 in
3266 2854 3504 2926 maligno
3535 2855 3749 2927 signifi-

2159 2965 2318 3016 care;
2353 2949 2717 3013 Pharaonem,
2765 2947 3064 3018 principem
3099 2946 3284 3000 mundi
3315 2946 3630 3011 diabolum;
3657 2963 3750 3017 po-

2162 3041 2349 3112 pulum
2397 3041 2510 3095 luto
2548 3049 2601 3095 et
2646 3039 2906 3094 lateribus
2953 3053 3296 3109 Oppressum,
3334 3051 3497 3108 quem
3550 3038 3755 3094 missus

2155 3134 2390 3189 liberare
2418 3133 2700 3188 descendit
2731 3131 3012 3197 Dominus,
3041 3147 3211 3203 genus
3232 3131 3568 3198 humanum;
3599 3147 3751 3186 mare

2155 3223 2420 3287 Rubrum,
2446 3222 2774 3293 baptismum
2799 3237 2995 3277 cruore
3027 3221 3306 3294 sanguinis
3337 3221 3592 3286 tinctum,
3619 3221 3749 3276 sub-

460 3324 608 3378 xima
641 3325 760 3380 istic
787 3327 1026 3380 occurrit
1060 3327 1339 3396 sapientia:
1369 3337 1424 3381 et
1453 3328 1696 3383 scicntia:
1736 3326 1862 3393 Dei,
1899 3327 2054 3398 cujus
2084 3313 2128 3374 C
2162 3330 2399 3381 mersos,
2456 3323 2680 3385 Ρθεοειῑθ
2706 3355 2720 3379 ν
2770 3313 3050 3378 liberal”:
3099 3313 3425 3384 bﬂplismale
3474 3311 3642 3376 ιοῑοδι
3696 3320 3752 3367 ει

463 3415 804 3471 altitudinem
837 3416 1014 3489 (Rom.
1048 3419 1233 3489 xt,55)
1268 3419 1453 3475 mirari
1482 3436 1605 3476 eum
1636 3421 1883 3491 deiloquo
1907 3419 2054 3491 Apo-

458 3505 616 3569 stolo,
642 3521 805 3575 quam
835 3507 1112 3563 discutere
1141 3524 1205 3564 ac
1237 3511 1637 3580 reprehendere
1660 3527 1780 3567 cum
1811 3512 2054 3568 vesanis-

463 3598 601 3652 simo
641 3599 1018 3657 haereticorum
1051 3601 1299 3674 catalogo
1330 3619 1520 3658 sanum
1552 3606 1807 3660 convenit
1835 3607 2050 3676 sapien-

464 3701 594 3753 tem,
613 3705 712 3760 per
729 3706 824 3746 eos
844 3693 1125 3758 ventilata,
1150 3703 1312 3765 atque
1335 3697 1492 3752 nobis
1513 3707 1838 3764 monstrata,
1855 3698 2052 3770 quibus

465 3781 824 3850 eophinornm
853 3783 1134 3838 duodecim
1153 3784 1367 3855 (Matth.
1399 3803 1508 3851 XIV,
1533 3786 1625 3855 20)
1657 3788 2051 3856 implendorum

432 3859 586 3925 data
617 3870 814 3942 legitur
842 3875 1157 3941 auctoritas,
1192 3875 1386 3931 divina:
1435 3877 1801 3947 dispositionis
1840 3879 2050 3934 incom-

459 3962 922 4029 prehensibilitas.
977 3965 1149 4036 Hujus
1204 3968 1385 4038 itaque
1435 3969 2054 4037 incomprehensibilitas

437 4051 760 4122 'ruultigena
787 4057 1062 4127 mysteria,
1091 4066 1352 4126 quantum
1384 4067 1583 4114 nostrae
1612 4059 1820 4115 incrtize
1848 4061 2052 4117 divisor

457 4140 549 4196 ille
569 4142 1028 4203 clementissimus
1049 4147 1343 4219 gratiarum
1365 4149 1544 4204 studio
1565 4151 1795 4221 propriae
1815 4151 2053 4223 adjicere

458 4233 714 4304 dignatur
729 4236 1105 4309 indagationis,
1119 4255 1240 4296 cum
1257 4242 1664 4298 consideramus
1676 4243 1915 4310 solliciti,
1927 4261 2053 4302 con-

461 4325 622 4397 tingit
643 4329 958 4400 saepissime,
976 4333 1118 4402 quod
1134 4335 1352 4404 sapiens
1368 4333 1522 4390 fateri
1547 4335 1693 4406 (685)
1713 4352 1817 4393 non
1834 4339 2051 4395 erubuit

461 4419 905 4490 incomparabilis
950 4425 1202 4480 omnibus
1247 4445 1262 4481 :
1305 4426 1412 4481 illic
1458 4429 1724 4498 inquisivi,
1775 4430 2046 4501 inquiens,

463 4516 780 4585 sapientiam
801 4516 987 4588 321,
1011 4529 1061 4573 et
1090 4519 1204 4591 ipsa
1233 4521 1385 4591 longe
1416 4521 1556 4591 facta
1581 4533 1658 4578 est
1684 4541 1717 4578 a
1743 4541 1824 4578 me
1847 4523 2046 4594 (Eccle.

456 4623 556 4672 vn,
587 4609 699 4680 2i).
742 4607 853 4665 Nec
893 4610 1122 4680 injuria;
1168 4613 1233 4668 de
1279 4613 1520 4683 piscibus
1565 4615 1710 4670 enim
1759 4614 1902 4671 binis
1931 4632 2038 4670 non

457 4701 578 4755 sine
624 4701 896 4758 laborioso
944 4706 1012 4758 de
1039 4704 1296 4762 ﬂuctibus
1349 4706 1573 4762 incertae
1611 4706 2042 4776 dapsilitatisiu-

431 4792 618 4859 ,genio
648 4793 954 4862 acquisitis,
979 4803 1036 4851 et
1061 4796 1228 4866 quino
1267 4813 1466 4868 panum
1492 4813 1599 4851 non
1637 4796 1754 4851 sine
1782 4796 2045 4868 mysterio
2072 4866 2083 4878 .

458 4884 658 4937 iterum
685 4900 913 4940 numero
942 4885 993 4941 hi
1024 4885 1342 4960 fragmentis
1379 4889 1576 4942 bisseni
1615 4887 1893 4959 adimpleti
1916 4896 2048 4945 sunt

533 5012 663 5080 (681
689 5017 708 5084 )
743 5016 930 5091 Prima
953 5034 1112 5073 manu
1147 5021 1198 5073 in
1231 5018 1535 5091 verem-nsi
1564 5034 1690 5085 ms.,
1717 5035 1779 5074 ex
1811 5035 1920 5091 quo
1946 5020 2049 5091 hoc

457 5082 821 5155 fragmentum
853 5089 1027 5155 primo
1050 5091 1252 5144 editum
1285 5088 1406 5153 fuit,
1431 5082 1692 5155 scriptum
1721 5082 1844 5145 erai
1871 5087 2048 5155 Nilia-

461 5156 536 5205 ci.
559 5153 912 5228 superposita
937 5159 1085 5214 vocis
1109 5159 1338 5214 mutatio
1364 5153 1689 5228 Memphitici
1715 5159 1903 5228 ιιιιιιᾼίη
1933 5153 2051 5228 Ῡ¹¹¹’

397 5263 427 5282 ..
458 5231 586 5288 guto
619 5223 815 5345 feron.
849 5235 962 5282 tum
1020 5230 1309 5299 postremis
1355 5223 1513 5284 euris
1559 5229 1612 5284 in
1665 5245 1764 5283 ms.
1810 5226 2048 5297 Frising.

460 5307 622 5345 rccen
650 5308 702 5345 a.

545 5308 678 5354 :cpta
688 5332 702 5346 .

2159 3406 2359 3463 Christi
2407 3405 2673 3476 sanguine
2729 3407 2795 3460 de
2841 3414 3016 3459 morte
3044 3404 3238 3458 anima:
3266 3418 3362 3474 per
3406 3401 3748 3460 Salvatorem

2159 3506 2406 3552 nostrum
2439 3496 2769 3565 redemptos.
2826 3496 2903 3550 De
2946 3495 3092 3550 vasis
3119 3495 3324 3561 aureis,
3369 3503 3424 3549 et
3451 3495 3749 3568 argenteis,

2160 3607 2326 3648 suasu
2358 3591 2690 3656 liberatoris,
2724 3589 3063 3645 mutuaticae
3091 3587 3285 3643 furatis
3316 3586 3466 3660 (684)
3501 3587 3549 3643 si
3577 3587 3750 3644 oritur

2159 3683 2423 3756 quaestio;
2458 3698 2611 3754 opes,
2655 3681 2768 3737 sive
2799 3680 3039 3751 phalera:
3065 3680 3414 3736 smcularium
3460 3677 3746 3746 librorum,

2157 3793 2299 3849 quae,
2333 3785 2394 3832 ut
2432 3776 2694 3843 videmus,
2720 3790 2751 3830 a
2790 3774 3017 3846 paganis
3066 3773 3283 3846 penitus
3327 3773 3545 3838 ablatae,
3588 3773 3748 3844 injus

2156 3879 2212 3927 et
2235 3871 2483 3925 decorem
2517 3867 2663 3940 (683)
2703 3868 2814 3939 jam
2839 3866 2966 3922 olim
3000 3867 3359 3930 transierunt,
3394 3863 3619 3921 Christo
3655 3863 3746 3918 tri-

2157 3963 2380 4026 buente,
2433 3975 2656 4030 prorsus
2687 3958 2961 4014 Ecclesiae.
2996 3957 3268 4025 Quorsum
3303 3965 3484 4012 tamen
3512 3954 3639 4020 ista,
3664 3969 3746 4009 sa-

2157 4069 2258 4124 gax
2312 4053 2616 4122 interrogat
2645 4051 2688 4107 si
2718 4050 3045 4120 rcquisitor;
3099 4049 3373 4111 nimirum,
3405 4057 3465 4102 ut
3492 4061 3602 4101 non
3632 4046 3744 4102 sine

2156 4159 2320 4199 causa
2357 4142 2622 4197 clamasse
2665 4141 2938 4196 fateamur
2977 4137 3335 4210 Apostolom:
3374 4133 3474 4190 Ubi
3511 4135 3742 4206 sapiens,

2157 4233 2244 4287 ubi
2263 4234 2455 4298 scriba,
2481 4231 2568 4285 ubi
2587 4231 2866 4301 inquisitor
2886 4231 3044 4301 hujus
3067 4229 3247 4285 surculi
3263 4228 3289 4281 .’
3311 4225 3504 4281 Nonne
3527 4226 3741 4280 stultam

2154 4323 2272 4392 fecit
2287 4321 2430 4378 Deus
2447 4322 2759 4392 sapientiam
2770 4321 2952 4374 mundi
2967 4319 3047 4391 γυ
3068 4317 3238 4383 Cor.t,
3253 4316 3368 4388 20.)
3380 4315 3502 4371 Jam
3518 4327 3741 4384 nempe:

2334 4455 2438 4504 Jam
2462 4455 2653 4507 Carlath
2676 4455 2864 4516 Sephor
2883 4455 3034 4504 Josue
3056 4454 3372 4516 destruxerat
3394 4451 3540 4508 alter,

2336 4519 2397 4568 Et
2420 4531 2585 4569 muros
2607 4517 2808 4567 Jericho
2835 4524 3160 4579 prostraverat
3183 4515 3395 4579 tunditus
3416 4525 3554 4573 arvo,

2338 4582 2550 4642 Compita
2575 4593 2664 4644 per
2686 4577 2849 4629 mundi
2870 4578 3186 4640 jubilantibus
3203 4577 3361 4627 omnia
3385 4579 3584 4624 sanctis.

2225 4694 2279 4749 Ξ.
2309 4691 2442 4749 Cum
2471 4709 2577 4749 non
2628 4693 2839 4748 minore
2883 4691 3064 4746 studio
3103 4688 3520 4758 historiographi
3570 4686 3735 4742 nostri

2155 4799 2356 4855 agones
2391 4792 2692 4854 martyrum
2719 4823 2734 4849 ,
2787 4782 2979 4836 merita
3011 4779 3404 4844 conﬂassorum,
3428 4776 3730 4832 cazlibatum

2155 4889 2210 4934 et
2254 4877 2650 4936 continentiam
2678 4875 2826 4946 (686)
2868 4873 3142 4946 virginum
3185 4886 3250 4927 ac
3277 4869 3586 4934 viduarum,
3617 4881 3727 4938 pte-

2229 5018 2378 5088 (684)
2415 5017 2468 5070 ln
2507 5016 2684 5088 vnlg},
2697 5015 2883 5088 deerat
2913 5013 3064 5088 si,_et
3087 5025 3211 5088 mox
3241 5007 3503 5088 mendose
3531 5003 3724 5088 editum

2156 5081 2276 5142 erat
2304 5081 2488 5156 opes...
2517 5094 2570 5157 et
2604 5081 2813 5157 Tollere,
2858 5084 3002 5157 quod
3037 5081 3258 5157 verbum
3312 5087 3481 5157 totum
3514 5084 3721 5157 senten-

2163 5161 2290 5213 tiam
2336 5148 2620 5225 pervertit:
2647 5148 3061 5225 _Corrcetioncm_
3111 5152 3223 5219 ipse
3267 5150 3434 5225 codex
3465 5148 3720 5225 eghibuit.

2231 5219 2376 5301 (685)
2405 5229 2497 5301 Sic
2541 5223 2833 5301 llatherius
2861 5222 3094 5301 secunda
3127 5236 3286 5300 manu
3324 5219 3604 5301 ill-DOJCIII
3628 5227 3720 5268 tus.

2165 5289 2458 5354 Ve‘roncnsi
2492 5314 2504 5350 :
2541 5295 2711 5354 prima
2733 5303 2916 5350 autem
2942 5292 3235 5354 scripserat
3250 5289 3480 5354 jamdiu.
