4032 5354
204 293 316 349 J73

1126 288 1490 344 ISVECTIVA
1533 289 1620 344 DE
1658 290 2046 348 TRANSLAT.
2091 294 2148 349 S.
2192 294 2563 356 METRONIS.

3376 305 3482 361 475

208 408 500 464 nitentiam
532 408 838 463 describere
872 407 1175 480 gestiebant
1200 422 1605 472 conversorum,
1634 424 1795 478 quam
1825 414 1874 470 Α
1902 408 2116 480 aliquis,
2165 414 2256 482 qui
2286 414 2610 484 praevideret
2654 415 2857 483 locum,
2891 428 2997 472 tam
3036 417 3328 487 pretiosum
3359 437 3489 476 con-

208 500 537 572 eloqueutia:
582 508 862 554 venustate
929 512 1124 553 cuncto
1162 498 1359 553 szeculo
1406 498 1681 568 prmdicati
1737 499 1795 552 Ii-

212 594 479 651 beralium
530 595 727 649 artium
758 594 832 649 illi
884 594 966 649 vel
999 596 1329 657 inventores,
1367 593 1447 647 vel
1475 602 1800 664 propagato-

214 701 326 753 res,
370 701 511 756 quos
555 686 786 741 mendax
828 687 1055 755 protulit
1102 686 1439 757 potissimum
1491 684 1721 751 Grzecia,
1746 694 1803 739 et

214 780 433 850 poetica
488 778 780 850 garrulitas
833 793 1049 848 semper
1085 780 1151 834 de
1200 778 1434 833 falsitate
1472 776 1805 833 inﬂabator-

214 856 371 934 nata,
412 884 542 923 suos
588 868 836 924 laudibus
866 869 1127 923 extollere
1168 884 1273 922 non
1322 868 1557 923 cessavit
1586 868 1801 922 heroas.

217 958 371 1015 Nunc
397 974 549 1025 vero,
574 960 710 1030 proh
738 960 938 1029 pudor!
971 960 1169 1015 nostris
1215 960 1422 1029 utique,
1474 974 1806 1027 avorumque

218 1050 559 1122 temporibus
606 1050 688 1121 (ut
726 1050 993 1120 conjicere
1023 1066 1281 1123 cogamur
1323 1068 1425 1105 non
1465 1050 1803 1120 longe3ﬁ2

220 1142 368 1197 illius
412 1142 606 1197 abesse
659 1142 970 1209 adventum,
1012 1145 1077 1198 de
1116 1160 1223 1214 quo
1267 1154 1351 1198 est
1404 1144 1805 1213 prophetatum,

220 1250 327 1305 qua
372 1234 561 1304 facient
583 1235 698 1304 ejus
719 1235 971 1304 pra’cedet
1001 1238 1221 1305 egestas)
1252 1236 1373 1307 (Job
1397 1251 1507 1298 ιω,
1536 1234 1621 1302 15)
1657 1243 1808 1288 tanta

217 1328 408 1380 orbem
440 1326 622 1394 inopia
648 1324 797 1395 (687)
827 1326 1025 1380 invasit
1058 1327 1409 1397 scriptormn,
1435 1324 1560 1379 utsi
1592 1340 1698 1393 qua
1724 1323 1809 1378 vel

226 1417 456 1481 nostris,
490 1414 575 1469 vel
623 1416 861 1479 illorum,
894 1431 1031 1485 quos
1060 1417 1281 1487 protuli,
1332 1414 1682 1486 temporibus,
1713 1413 1810 1467 ali-

221 1524 330 1578 qua
364 1506 687 1562 meritorum
730 1504 992 1562 effulserit
1046 1507 1424 1578 praerogativa.
1481 1506 1653 1575 magis
1709 1504 1811 1558 hoc

225 1598 628 1669 vulgus,quam
656 1596 878 1667 quilibet
899 1598 1157 1653 extulerit
1184 1598 1473 1651 litteratus.
1500 1594 1691 1649 Dicant
1720 1609 1811 1647 er‘

222 1708 315 1759 go,
348 1690 553 1762 flagito,
583 1690 649 1744 ad
670 1704 807 1761 quos
836 1705 968 1745 usus
1011 1690 1079 1744 ab
1120 1688 1386 1760 Aigyptiis
1412 1686 1501 1742 illa
1531 1696 1813 1741 mutuare-

1904 501 2163 557 tinentem
2195 505 2529 561 thesaurum.

2088 592 2199 642 Heu
2219 594 2381 645 dotorl
2411 596 2639 647 orbicolae
2664 596 2916 662 lugentes,
2943 600 3169 659 obsecro,
3204 599 3343 649 flete.

1974 684 2107 752 Quis
2137 685 2282 739 enim
2312 695 2364 741 te
2403 687 2539 743 satis
2564 703 2812 759 carpere,
2870 688 2978 743 imo
3009 688 3303 759 dcplorare‘
3322 688 3492 757 (quod

1905 784 1990 831 est
2047 784 2236 842 tutius,
2283 788 2338 831 et
2398 778 2796 848 rauonabilius)
2858 779 3055 834 misera
3102 779 3495 850 potestltalia?

1906 864 2253 935 Principibus
2285 866 2662 938 indignissime
2703 870 2944 924 abuteris
2984 870 3376 940 apostolorum,
3405 886 3497 925 su-

1907 971 2005 1027 per
2034 965 2305 1027 martyres
2338 957 2601 1027 graderis,
2655 958 2995 1015 confessores
3042 958 3241 1029 plantis
3288 960 3495 1026 caleas,

1909 1047 2179 1117 virginum
2233 1048 2542 1103 veneranda
2588 1050 2813 1120 pedibus
2844 1050 3006 1122 323
3046 1051 3495 1108 immundissimis

1914 1139 2045 1219 teris
2073 1139 2346 1210 sepulcra,
2370 1149 2425 1193 et
2449 1155 2645 1194 canum
2676 1158 2824 1196 more
2848 1141 3031 1196 femun
3061 1142 3181 1198 aliis
3208 1144 3471 1213 prohiben
3495 1173 3499 1177 ·

1916 1228 2069 1295 tium,
2129 1229 2328 1284 latratu
2359 1230 2677 1299 pminvido,
2706 1247 2842 1300 quos
2884 1233 3133 1287 venerari
3159 1234 3497 1291 detrectave-

1914 1336 2001 1375 ras
2057 1332 2401 1390 praesentes,
2453 1320 2756 1377 maledictis
2812 1324 3159 1394 persequeris
3208 1325 3498 1391 abeuntes,

1914 1413 2045 1481 imo,
2085 1415 2226 1485 quod
2258 1414 2531 1479 veracius,
2580 1425 2629 1469 te
2652 1413 2941 1488 fugientes,
2975 1415 3110 1470 alios
3138 1416 3498 1487 requirentes.

1914 1506 2102 1562 Nonne
2134 1506 2509 1563 infelicissima
2534 1506 2616 1561 vel
2657 1508 2995 1578 congaudere
3019 1509 3282 1565 debueras
3307 1525 3495 1564 eorum

1917 1596 1994 1669 [id
2022 1607 2095 1651 est
2143 1597 2503 1669 sanctorum],
2548 1597 2642 1677 qui
2676 1597 2773 1651 tibi
2815 1612 2925 1666 pra:
2953 1597 3300 1653 multitudine
3324 1598 3499 1653 vilue-

1918 1697 2066 1755 runt,
2099 1689 2316 1755 honori,
2370 1704 2471 1745 nec
2520 1688 2766 1744 invidere
2792 1706 3006 1754 eorum,
3053 1692 3143 1760 qui
3177 1707 3298 1745 cum
3329 1691 3505 1747 nullos

226 1785 337 1837 rint
372 1798 523 1846 vasa,
576 1796 695 1849 quae
743 1781 1024 1852 possident
1068 1795 1233 1834 aurea
1262 1779 1347 1836 vel
1381 1786 1656 1850 argentea,
1681 1777 1723 1833 si
1758 1778 1810 1831 in
1845 1790 1887 1849 Β
1915 1784 2202 1849 haberent,
2252 1782 2639 1854 aliquantulos,
2698 1800 2823 1839 cum
2880 1784 3186 1855 indigerent
3247 1784 3418 1856 (G91),
3473 1800 3503 1839 a

224 1873 579 1929 :abernaculo
629 1872 712 1929 vel
764 1873 962 1943 templo
1003 1872 1206 1943 aliquid
1260 1872 1385 1929 inde
1426 1880 1653 1928 ornatus
1706 1887 1811 1925 non

221 1966 486 2020 exhibent
528 1964 760 2018 Domini.
793 1962 957 2018 Ortua
1012 1963 1116 2018 illis
1172 1978 1383 2027 vereor,
1432 1960 1598 2017 Onna
1641 1960 1811 2032 (688),

226 2058 470 2125 inquam,
504 2055 608 2108 illis
636 2070 732 2125 pro
784 2054 958 2109 furata
1004 2056 1119 2109 auri
1166 2054 1348 2123 regula
1398 2052 1537 2125 (los.
1573 2069 1668 2117 vn,
1698 2053 1811 2122 9|),

226 2163 327 2200 nec
382 2145 551 2217 Moysi
600 2147 991 2200 demonstrata.
1040 2144 1171 2198 Erat
1215 2144 1469 2198 Dominus
1514 2144 1670 2199 Iesus
1714 2143 1810 2213 eji-

227 2238 369 2292 ciens
411 2238 753 2302 dmonium,
791 2247 839 2291 et
873 2236 1007 2290 illud
1037 2247 1147 2291 erat
1203 2245 1440 2299 mutum;
1468 2246 1515 2289 et
1557 2251 1675 2289 cum
1703 2234 1811 2304 eje-

229 2332 385 2385 cisset
427 2331 764 2393 damouium,
804 2329 1009 2384 locutus
1044 2340 1117 2385 est
1173 2340 1347 2383 ututus
1398 2328 1551 2399 (Luc.
1594 2345 1673 2394 ιι,
1704 2330 1813 2397 is).

227 2426 393 2477 iteret
422 2424 527 2477 hoc
577 2422 742 2486 Deus,
772 2436 1078 2492 precemur,
1132 2421 1476 2486 miraculum,
1519 2429 1571 2475 et
1603 2420 1815 2474 laudem

228 2514 445 2569 Domini
484 2514 736 2585 loquatur
765 2530 826 2569 os
860 2523 1104 2569 nostrum
1136 2511 1310 2585 (Psal.
1340 2530 1519 2579 cxuv,
1560 2512 1673 2583 2i).

222 2668 223 2671 η
300 2630 356 2684 5.
395 2628 731 2699 .........jam
766 2628 927 2699 igitur
957 2627 1080 2696 jure
1126 2644 1477 2683 succenseam
1511 2628 1684 2683 nostri
1724 2644 1819 2699 pa-

228 2736 587 2791 truorumque
620 2722 881 2790 temporis
904 2722 1243 2776 scholasticis
1265 2722 1429 2777 etiam
1461 2738 1603 2776 nunc
1625 2731 1819 2776 maesto

229 2816 545 2885 depromam
598 2815 770 2869 relatu
832 2814 1000 2885 (689).
1034 2815 1341 2887 Contigisse
1380 2816 1613 2885 primum
1645 2814 1820 2868 fateor

230 2923 428 2977 nuper,
487 2907 588 2961 hoc
620 2916 705 2960 est
750 2916 1010 2976 tempore,
1059 2922 1167 2976 quo
1216 2917 1413 2961 cuncto
1464 2905 1820 2976 pnedicabilis

232 2995 434 3050 szecnlo
481 2995 937 3066 gloriosissimus,
971 2996 1335 3065 aequissimus,
1360 3004 1520 3064 atque
1544 2995 1819 3063 piissimus

229 3088 360 3142 Ozto
392 3087 689 3156 imperator
708 3086 985 3156 Augustus
1017 3086 1223 3140 Italiam
1260 3085 1490 3140 feliciter
1519 3086 1820 3140 intraverat

233 3178 682 3248 triumphaturus,
715 3176 1011 3231 Veronensi
1056 3177 1251 3248 pupulo
1274 3177 1679 3247 gravissimum,
1707 3177 1818 3231 cul-

233 3290 295 3341 pa
347 3286 456 3325 non
506 3271 682 3325 solum
730 3270 894 3333 illius,
940 3271 1030 3339 qui
1082 3279 1210 3324 tunc
1254 3270 1388 3324 inibi
1445 3269 1821 3340 indignissime

234 3371 489 3434 praeerat,
537 3362 630 3416 sed
659 3371 715 3416 et
753 3377 1045 3433 scxageno,
1098 3362 1190 3432 qui
1232 3376 1355 3417 eum
1409 3369 1819 3431 praecesserant,

234 3470 501 3509 annorum
536 3454 827 3519 curriculo,
859 3455 1137 3507 damnum.
1172 3452 1464 3521 Cujusdam
1509 3454 1655 3507 enim
1689 3454 1823 3522 (lue-

241 3563 333 3601 reo
356 3544 690 3601 confessoris
716 3545 912 3607 dicam,
940 3560 1008 3597 an
1054 3545 1332 3615 martyris)
1366 3544 1623 3599 Metronis
1652 3545 1822 3599 sancti

236 3656 438 3709 corpus
460 3654 529 3694 ex
573 3639 834 3693 suburhio
864 3637 1100 3691 civitatis
1132 3638 1397 3707 ejusdem,
1426 3637 1568 3707 quod
1602 3637 1823 3692 basilica

236 3732 379 3786 beati
428 3731 693 3802 martyris
741 3731 1057 3785 continebat
1103 3729 1311 3793 Vitalis,
1362 3728 1508 3784 furto
1544 3729 1825 3793 laudabili,

236 3828 534 3882 amissione
555 3825 848 3881 damnabili
878 3824 1053 3880 fuerat
1083 3833 1441 3893 asportatum.
1460 3824 1623 3894 Cujus
1653 3824 1828 3878 sancti

239 3918 561 3975 memoriam
613 3933 711 3987 pro
737 3917 1016 3987 signorum
1066 3916 1543 3972 innumerabilium
1582 3914 1825 3984 ejusdem

238 4014 385 4068 beati
416 4021 636 4083 patrata
692 4010 823 4065 inibi
852 4012 1240 4077 exhibitorum,
1282 4026 1405 4066 cum
1438 4010 1677 4082 vulgaris
1705 4009 1831 4063 reli-

241 4114 397 4183 gioso
439 4126 629 4167 amore
665 4110 1036 4180 frequentaret
1064 4122 1305 4176 caterva,
1336 4110 1467 4166 solis
1506 4108 1833 4164 miserrimis

242 4212 535 4283 episc0pis,
561 4220 617 4266 et
646 4211 735 4281 qui
763 4211 1056 4266 vanissimo
1094 4210 1280 4265 labore
1310 4210 1526 4279 siliquis
1557 4208 1835 4263 incumbe-

242 4303 377 4357 bant
411 4318 703 4373 porcorum
755 4303 1000 4369 edendis,
1030 4318 1192 4372 quam
1246 4302 1352 4357 illis
1388 4301 1614 4356 tritice:e
1650 4300 1836 4355 dulce-

245 4404 391 4459 dinis
412 4404 670 4474 panibus,
695 4403 892 4471 quibus
939 4402 1396 4458 mercenariorum
1426 4400 1829 4455 multitudinem

247 4504 523 4559 abundare
571 4502 828 4573 prodigus
874 4502 941 4557 ad
983 4512 1194 4572 patrem
1240 4502 1532 4563 rediturus,
1561 4515 1620 4555 se
1649 4507 1830 4553 autem

250 4602 393 4660 fatue
423 4605 628 4676 perire,
650 4603 967 4675 deplorabat
997 4602 1161 4667 illius,
1192 4601 1264 4656 ita
1294 4600 1447 4656 locus
1475 4598 1665 4663 isdem,
1700 4600 1835 4668 proh

251 4706 458 4773 nefas!)
482 4707 736 4770 vilucrat,
769 4714 827 4760 ιιι
874 4704 1133 4758 militibus
1164 4702 1337 4757 reditu
1367 4701 1518 4772 (690)
1548 4701 1725 4757 eidem
1750 4716 1838 4755 cc.-

254 4806 428 4861 clesia:
456 4805 787 4876 competenti
841 4804 1057 4867 donato,
1105 4801 1387 4872 presbyter
1418 4815 1516 4855 nec
1563 4799 1674 4854 illic
1696 4808 1839 4854 esset

258 4939 507 5008 antiquis,
536 4954 658 5007 qua:
689 4937 940 5008 leguntur
967 4936 1016 5008 in
1051 4950 1152 5008 ms.
1186 4932 1256 4987 55
1298 4930 1531 5001 Capituli
1558 4929 1836 5008 Veronen—

259 5010 328 5061 sis
374 5003 495 5078 post
520 5003 716 5061 sancta:
744 5003 963 5078 iu'rgines
996 5004 1226 5058 habetttr
1257 5012 1459 5078 _s_anctm
1484 5003 1830 5078 continentes,

263 5078 308 5129 id
333 5070 412 5132 est
438 5090 641 5133 sanetze
678 5070 878 5130 viduae.
910 5076 1036 5129 Post
1071 5072 1325 5128 nonnulla
1356 5070 1604 5127 extollere
1634 5084 1731 5141 pro
1756 5082 1837 5126 ato

267 5148 431 5178 θιιῘΙΑαΑ
461 5165 520 5178 Λ,-
550 5148 771 5178 ,ηιοιιηιη
796 5147 982 5178 ηηιιςηη
1014 5146 1280 5178 nJLlinulc

1914 1877 2142 1932 Domino
2186 1876 2437 1947 accipere
2484 1887 2824 1941 meruerunt,
2882 1876 3171 1940 desiderio,
3201 1876 3503 1941 devotioni,

1914 1968 2283 2037 atque.......?
2309 1966 2488 2034 Quare
2538 1967 2592 2021 in
2644 1969 2749 2023 isto
2776 1966 2968 2020 saltem
3005 1967 3148 2020 illius
3186 1981 3291 2020 non
3328 1981 3509 2021 recor-

1917 2058 2029 2113 dari
2084 2056 2240 2128 juvat
2294 2058 2574 2129 apostolici
2626 2075 2639 2111 :
2691 2056 2794 2123 Qui
2854 2056 3093 2109 habuerit
3150 2056 3503 2109 substantiam

1917 2148 2121 2214 mundi,
2170 2157 2218 2202 et
2251 2149 2439 2202 viderit
2496 2148 2718 2217 fratrem
2773 2164 2928 2200 suum
2982 2163 3188 2199 necesse
3223 2145 3435 2209 habere,
3459 2154 3507 2198 et

1918 2242 2164 2297 clauserit
2213 2244 2412 2299 viscera
2460 2258 2558 2295 sua
2602 2241 2666 2295 ab
2710 2257 2795 2302 eo,
2822 2239 3083 2305 quomodo
3126 2238 3357 2291 charitas
3411 2235 3509 2289 Dei

1918 2341 2093 2386 manet
2124 2332 2177 2385 in
2200 2330 2367 2401 eo?(l
2395 2331 2557 2385 Joan.
2596 2346 2677 2395 ιιι,
2710 2331 2820 2399 17.)
2848 2330 2912 2385 Et
2940 2344 2954 2381 :
2984 2327 3182 2398 Diliges
3211 2328 3509 2398 proximum

1919 2433 2067 2477 tuum
2111 2423 2245 2475 sicut
2275 2423 2496 2492 teipsum
2550 2420 2765 2491 (Matth.
2797 2436 2911 2484 XIX,
2939 2419 3047 2490 l9).
3078 2418 3188 2473 Cur
3210 2417 3358 2472 doles
3387 2434 3509 2488 per-

1920 2514 2114 2579 ditum,
2146 2512 2289 2583 quod
2322 2529 2444 2567 cum
2473 2513 2732 2578 inuberes,
2765 2528 2871 2567 non
2904 2512 3041 2567 adeo
3069 2510 3371 2582 diligebas?
3401 2509 3510 2566 Sed

1922 2620 2109 2661 revera
2134 2621 2239 2659 non
2267 2605 2439 2669 doles,
2468 2598 2561 2659 sed
2588 2602 2773 2659 dolere
2805 2612 2856 2657 te
2885 2603 2952 2657 ad
2988 2601 3344 2672 quormudam
3376 2615 3503 2672 sug-

1922 2695 2257 2765 gillationem
2317 2693 2480 2764 impia
2523 2692 2702 2763 fingis.
2735 2691 2872 2746 Nam
2919 2691 2963 2747 si
2988 2690 3256 2746 veraciter
3282 2690 3513 2744 amissos

1922 2784 2151 2849 doleres,
2184 2784 2403 2840 relictos
2427 2784 2701 2839 devotiore
2730 2782 2878 2838 cultu
2900 2779 3200 2836 excoleres.

1992 2878 2045 2931 ὁ.
2083 2874 2223 2932 Vere
2264 2884 2464 2941 tamen,
2496 2889 2807 2945 quanquam
2842 2874 3104 2929 invidiose
3135 2871 3229 2926 tibi
3255 2869 3511 2941 praelatos

1926 2967 2115 3023 valeas
2148 2966 2514 3035 obloquendo.
2540 2975 2599 3020 ut
2645 2964 2881 3029 conaris,
2905 2962 3325 3033 reprehendere,
3358 2969 3410 3015 te
3436 2969 3517 3013 ta.

1929 3075 2051 3114 men
2106 3056 2357 3112 meliores
2384 3056 2585 3112 suadeo
2621 3056 2825 3127 cogites
2854 3055 3074 3109 minime
3103 3052 3383 3107 meruisse.
3418 3050 3509 3105 Di-

1847 3180 1893 3242 ρ
1925 3162 2069 3208 ctum
2109 3152 2251 3204 enim
2286 3150 2352 3205 de
2410 3150 2518 3205 Deo
2570 3149 2768 3221 legitur
2805 3149 3190 3213 veracissime,
3247 3145 3389 3217 quod
3435 3162 3516 3199 τε·-

1923 3259 2085 3312 gnare
2121 3240 2283 3311 faciat
2316 3240 2640 3310 hypocritam
2668 3250 2880 3310 propter
2916 3247 3128 3310 peccata
3163 3236 3342 3307 populi
3392 3233 3515 3304 (Job

1924 3351 2113 3398 xxxiv,
2142 3334 2254 3405 50).
2286 3334 2514 3405 Ipseque
2541 3335 2605 3389 de
2634 3349 2693 3389 se
2720 3351 2733 3386 :
2764 3333 2934 3395 Dabo,
2965 3332 3159 3401 inquit,
3182 3331 3255 3384 eis
3287 3346 3428 3399 reges
3458 3329 3516 3383 in

1925 3426 2105 3496 furore
2153 3440 2293 3486 meo,
2322 3434 2369 3477 et
2400 3424 2455 3477 in
2485 3424 2567 3477 ira
2608 3440 2721 3477 mea
2756 3421 2901 3493 (Ose.
2940 3437 3058 3485 xm,
3083 3420 3192 3487 11).
3224 3417 3281 3472 Si
3320 3426 3519 3487 marty-

1928 3531 2040 3570 rem
2090 3528 2221 3569 sane
2269 3522 2418 3567 tttum
2464 3521 2746 3580 tantopere
2797 3510 3082 3581 diligebas,
3130 3517 3190 3563 ut
3224 3506 3353 3576 quid
3402 3514 3512 3557 tam

1929 3606 2070 3662 tuale
2118 3604 2505 3661 custodiebas?
2562 3602 2937 3665 Conscnserit,
2979 3608 3035 3653 ut
3064 3595 3341 3654 criminari
3389 3611 3519 3649 cou-

1930 3698 2129 3763 tendis,
2156 3695 2333 3750 altiori
2362 3694 2503 3749 forte
2524 3692 2752 3749 consilio
2775 3691 3006 3763 amplius
3032 3686 3375 3745 convenienti
3404 3685 3518 3740 dis-

1932 3794 2132 3866 posito,
2194 3801 2317 3846 tuus
2365 3789 2697 3860 cpiscopus:
2753 3797 2832 3853 tu,
2882 3800 3000 3855 qua!
3052 3791 3255 3838 tantum
3309 3778 3520 3835 facinus

1932 3887 2319 3949 abhorrueras,
2358 3896 2517 3937 nosse
2551 3880 2669 3935 volo
2712 3894 2811 3934 cur
2838 3874 3208 3933 abhorrueris.
3242 3870 3376 3939 Quia
3399 3884 3521 3941 pes-

1934 3978 2155 4039 simum,
2189 3973 2389 4043 inquis,
2424 3971 2568 4042 quod
2611 3969 2685 4023 ita
2718 3976 2938 4023 sanctos
2972 3964 3250 4037 perdimus
3280 3968 3517 4014 nostros.

1931 4067 2244 4129 Verissime,
2298 4064 2394 4120 sed
2448 4060 2861 4119 convenientius
2905 4059 3115 4113 diceres
3145 4052 3317 4124 (692).
3364 4047 3521 4118 Quod

1936 4160 2106 4214 sancti
2139 4160 2210 4211 ita
2239 4172 2337 4211 nos
2373 4154 2583 4223 fugiunt
2622 4152 2817 4207 nostri.
2853 4150 3052 4221 Turpis
3098 4161 3227 4201 sane
3256 4144 3389 4199 lucri
3415 4156 3513 4198 cu-

1935 4249 2093 4321 pidus
2124 4264 2247 4302 cum
2296 4261 2455 4301 nemo
2495 4244 2565 4299 sit
2610 4252 2853 4307 sanctus,
2888 4242 3175 4296 honestum
3207 4236 3404 4307 fugisse
3431 4231 3514 4286 lu-

1936 4356 2089 4398 crum
2148 4353 2305 4393 nemo
2360 4336 2633 4391 invenitur
2684 4342 3019 4390 sanctorum.
3056 4328 3354 4384 Honestum
3383 4338 3518 4380 V870

1937 4432 2147 4486 lucrum
2179 4437 2283 4493 est,
2323 4428 2466 4498 quod
2506 4426 2703 4481 emtum
2750 4423 3060 4494 locupletat,
3094 4428 3359 4475 tartarum
3404 4431 3526 4486 spo-

1864 4539 1913 4597 D
1939 4524 2054 4577 liat.
2082 4520 2138 4576 Si
2166 4534 2295 4575 vero
2332 4530 2384 4576 te
2412 4516 2634 4589 fugienti
2666 4530 2889 4586 quoquo
2920 4513 3114 4568 annisu
3145 4510 3270 4565 illuc
3308 4509 3387 4562 ire
3404 4505 3523 4576 pla-

1945 4616 2055 4669 cuit
2084 4611 2242 4666 alicui
2266 4617 2476 4675 sancto,
2509 4609 2598 4663 ubi
2627 4623 2725 4679 pro
2753 4605 3078 4668 reverentia,
3105 4617 3269 4673 quam
3296 4602 3525 4673 honeste

1946 4706 2165 4761 minime
2196 4702 2449 4767 habebat,
2477 4701 2579 4756 sibi
2624 4715 2809 4755 arnore
2844 4697 3041 4753 Christi
3074 4695 3336 4756 exhibita,
3361 4705 3521 4760 para-

1944 4798 2091 4852 disus
2112 4797 2176 4849 dc
2204 4793 2491 4847 animabus
2514 4790 2724 4847 devotis
2746 4789 3045 4859 repleretur
3065 4783 3320 4840 tctherius
3351 4779 3526 4851 (693),

2018 4927 2165 4998 (689)
2216 4926 2393 4997 \'ttlg.,
2442 4941 2524 4979 me
2570 4924 2781 4979 stud....
2812 4922 3135 4998 depromunt.
3167 4914 3278 4983 Ope
3299 4910 3523 4998 ncodicis

1947 4983 2617 5057 Veron:emcrﬁlavimus:
2642 5003 2695 5048 et
2718 4983 2888 5061 paulo.
2907 4990 3062 5063 aliter
3087 4987 3141 5039 in
3168 5000 3276 5063 ms.
3299 4983 3529 5063 Frisiug.

1946 5055 2240 5142 postremis
2278 5068 2425 5122 curis
2473 5055 2769 5120 Ratherius
2806 5058 3136 5126 ntmstiloquo
3175 5055 3396 5122 scripsit
3434 5066 3530 5121 pro

1939 5154 2121 5178 mmoln

1996 5160 2039 5178 ω
