  <div class='ocr_page' id='page_1' title='image "/cluster/home/n/w/nwhite01/storage/ocr_20150623/136/hvd.32044015471766/242.png"; bbox 0 0 4032 5354; ppageno 0'>
   <div class='ocr_carea' id='block_1_1' title="bbox 165 300 285 353">
    <p class='ocr_par' dir='ltr' id='par_1_1' title="bbox 165 300 285 353">
     <span class='ocr_line' id='line_1_1' title="bbox 165 300 285 353; baseline -0.05 0"><span class='ocrx_word' id='word_1_1' title='bbox 165 300 285 353; x_wconf 35' lang='grc'><strong>477»</strong></span> 
     </span>
    </p>
   </div>
   <div class='ocr_carea' id='block_1_2' title="bbox 1068 294 2579 388">
    <p class='ocr_par' dir='ltr' id='par_1_2' title="bbox 1068 294 2579 388">
     <span class='ocr_line' id='line_1_2' title="bbox 1068 294 2579 388; baseline -0.001 -35"><span class='ocrx_word' id='word_1_2' title='bbox 1068 298 1385 388; x_wconf 35' lang='lat' dir='ltr'><strong>DE&#39;CRETA</strong></span> <span class='ocrx_word' id='word_1_3' title='bbox 1429 297 1514 353; x_wconf 82' lang='grc' dir='ltr'><strong>ΕΤ</strong></span> <span class='ocrx_word' id='word_1_4' title='bbox 1555 295 1886 352; x_wconf 77' lang='lat' dir='ltr'><strong>LIBELLUS</strong></span> <span class='ocrx_word' id='word_1_5' title='bbox 1925 296 2013 350; x_wconf 83' lang='lat' dir='ltr'><strong>DE</strong></span> <span class='ocrx_word' id='word_1_6' title='bbox 2048 294 2350 353; x_wconf 78' lang='lat' dir='ltr'><strong>CLECICIS</strong></span> <span class='ocrx_word' id='word_1_7' title='bbox 2374 338 2387 361; x_wconf 88' lang='lat'><strong>,</strong></span> <span class='ocrx_word' id='word_1_8' title='bbox 2430 295 2579 351; x_wconf 79' lang='lat' dir='ltr'><strong>ETC.</strong></span> 
     </span>
    </p>
   </div>
   <div class='ocr_carea' id='block_1_3' title="bbox 3350 294 3468 361">
    <p class='ocr_par' dir='ltr' id='par_1_3' title="bbox 3350 294 3468 361">
     <span class='ocr_line' id='line_1_3' title="bbox 3350 294 3468 361; baseline 0.008 -14"><span class='ocrx_word' id='word_1_9' title='bbox 3350 294 3468 361; x_wconf 66' lang='lat'><strong>478,</strong></span> 
     </span>
    </p>
   </div>
   <div class='ocr_carea' id='block_1_4' title="bbox 165 408 3459 484">
    <p class='ocr_par' dir='ltr' id='par_1_4' title="bbox 165 408 3459 484">
     <span class='ocr_line' id='line_1_4' title="bbox 165 408 3459 484; baseline -0.002 -18"><span class='ocrx_word' id='word_1_10' title='bbox 165 414 453 466; x_wconf 72' lang='lat' dir='ltr'><strong>decretum</strong></span> <span class='ocrx_word' id='word_1_11' title='bbox 501 410 664 466; x_wconf 84' lang='lat' dir='ltr'><strong>veluti</strong></span> <span class='ocrx_word' id='word_1_12' title='bbox 714 426 996 476; x_wconf 85' lang='lat' dir='ltr'><strong>revocans.</strong></span> <span class='ocrx_word' id='word_1_13' title='bbox 1048 413 1191 484; x_wconf 90' lang='lat' dir='ltr'><strong>ipsos</strong></span> <span class='ocrx_word' id='word_1_14' title='bbox 1238 412 1472 484; x_wconf 71' lang='lat' dir='ltr'><strong>proprire</strong></span> <span class='ocrx_word' id='word_1_15' title='bbox 1514 410 1863 484; x_wconf 65' lang='lat' dir='ltr'><strong>conscientia;</strong></span> <span class='ocrx_word' id='word_1_16' title='bbox 1901 409 2473 484; x_wconf 54' lang='lat' dir='ltr'><strong>dimittendosdusit.</strong></span> <span class='ocrx_word' id='word_1_17' title='bbox 2524 410 2765 484; x_wconf 79' lang='lat' dir='ltr'><strong>Tertium</strong></span> <span class='ocrx_word' id='word_1_18' title='bbox 2795 410 3175 484; x_wconf 84' lang='lat' dir='ltr'><strong>documentum</strong></span> <span class='ocrx_word' id='word_1_19' title='bbox 3205 408 3459 484; x_wconf 77' lang='lat' dir='ltr'><strong>Kalendis</strong></span> 
     </span>
    </p>
   </div>
   <div class='ocr_carea' id='block_1_5' title="bbox 165 478 3456 553">
    <p class='ocr_par' dir='ltr' id='par_1_5' title="bbox 165 478 3456 553">
     <span class='ocr_line' id='line_1_5' title="bbox 165 478 3456 553; baseline -0.002 -17"><span class='ocrx_word' id='word_1_20' title='bbox 165 485 401 550; x_wconf 74' lang='lat' dir='ltr'><strong>Augusti</strong></span> <span class='ocrx_word' id='word_1_21' title='bbox 450 485 749 553; x_wconf 71' lang='lat' dir='ltr'><strong>signatura,</strong></span> <span class='ocrx_word' id='word_1_22' title='bbox 799 484 939 551; x_wconf 90' lang='lat' dir='ltr'><strong>quod</strong></span> <span class='ocrx_word' id='word_1_23' title='bbox 988 478 1109 538; x_wconf 81' lang='lat' dir='ltr'><strong>cum</strong></span> <span class='ocrx_word' id='word_1_24' title='bbox 1160 478 1400 552; x_wconf 66' lang='lat' dir='ltr'><strong>epistolae</strong></span> <span class='ocrx_word' id='word_1_25' title='bbox 1451 482 1678 553; x_wconf 72' lang='lat' dir='ltr'><strong>formam</strong></span> <span class='ocrx_word' id='word_1_26' title='bbox 1726 479 1998 550; x_wconf 69' lang='lat' dir='ltr'><strong>prmferat,</strong></span> <span class='ocrx_word' id='word_1_27' title='bbox 2034 482 2181 553; x_wconf 86' lang='lat' dir='ltr'><strong>inter</strong></span> <span class='ocrx_word' id='word_1_28' title='bbox 2209 482 2464 553; x_wconf 78' lang='lat' dir='ltr'><strong>epistolas</strong></span> <span class='ocrx_word' id='word_1_29' title='bbox 2502 482 2570 534; x_wconf 87' lang='lat' dir='ltr'><strong>ab</strong></span> <span class='ocrx_word' id='word_1_30' title='bbox 2611 482 2843 534; x_wconf 77' lang='lat' dir='ltr'><strong>Acherio</strong></span> <span class='ocrx_word' id='word_1_31' title='bbox 2890 483 3207 553; x_wconf 81' lang='lat' dir='ltr'><strong>impressum</strong></span> <span class='ocrx_word' id='word_1_32' title='bbox 3257 478 3456 553; x_wconf 81' lang='lat' dir='ltr'><strong>fuerat,</strong></span> 
     </span>
    </p>
   </div>
   <div class='ocr_carea' id='block_1_6' title="bbox 168 551 3471 624">
    <p class='ocr_par' dir='ltr' id='par_1_6' title="bbox 168 551 3471 624">
     <span class='ocr_line' id='line_1_6' title="bbox 168 551 3471 624; baseline -0 -20"><span class='ocrx_word' id='word_1_33' title='bbox 168 555 390 624; x_wconf 75' lang='lat' dir='ltr'><strong>proprie</strong></span> <span class='ocrx_word' id='word_1_34' title='bbox 435 551 540 606; x_wconf 81' lang='lat' dir='ltr'><strong>non</strong></span> <span class='ocrx_word' id='word_1_35' title='bbox 574 564 657 607; x_wconf 83' lang='lat' dir='ltr'><strong>est</strong></span> <span class='ocrx_word' id='word_1_36' title='bbox 699 553 947 624; x_wconf 80' lang='lat' dir='ltr'><strong>epistola,</strong></span> <span class='ocrx_word' id='word_1_37' title='bbox 979 554 1070 608; x_wconf 89' lang='lat' dir='ltr'><strong>sed</strong></span> <span class='ocrx_word' id='word_1_38' title='bbox 1103 551 1312 609; x_wconf 87' lang='lat' dir='ltr'><strong>libellus</strong></span> <span class='ocrx_word' id='word_1_39' title='bbox 1342 553 1469 607; x_wconf 85' lang='lat' dir='ltr'><strong>cieri</strong></span> <span class='ocrx_word' id='word_1_40' title='bbox 1503 552 1827 624; x_wconf 72' lang='lat' dir='ltr'><strong>Veronensis</strong></span> <span class='ocrx_word' id='word_1_41' title='bbox 1878 553 2095 624; x_wconf 86' lang='lat' dir='ltr'><strong>nomine</strong></span> <span class='ocrx_word' id='word_1_42' title='bbox 2137 552 2205 607; x_wconf 87' lang='lat' dir='ltr'><strong>ab</strong></span> <span class='ocrx_word' id='word_1_43' title='bbox 2247 553 2363 624; x_wconf 86' lang='lat' dir='ltr'><strong>ipso</strong></span> <span class='ocrx_word' id='word_1_44' title='bbox 2399 552 2670 624; x_wconf 9' lang='lat' dir='ltr'><strong>Rathcrior</strong></span> <span class='ocrx_word' id='word_1_45' title='bbox 2707 552 2966 624; x_wconf 80' lang='lat' dir='ltr'><strong>scriptus,</strong></span> <span class='ocrx_word' id='word_1_46' title='bbox 3011 567 3074 605; x_wconf 91' lang='lat' dir='ltr'><strong>ac</strong></span> <span class='ocrx_word' id='word_1_47' title='bbox 3122 552 3361 603; x_wconf 85' lang='lat' dir='ltr'><strong>directus</strong></span> <span class='ocrx_word' id='word_1_48' title='bbox 3406 551 3471 605; x_wconf 77' lang='lat' dir='ltr'><strong>in</strong></span> 
     </span>
    </p>
   </div>
   <div class='ocr_carea' id='block_1_7' title="bbox 167 622 3463 694">
    <p class='ocr_par' dir='ltr' id='par_1_7' title="bbox 167 622 3463 694">
     <span class='ocr_line' id='line_1_7' title="bbox 167 622 3463 694; baseline -0.001 -19"><span class='ocrx_word' id='word_1_49' title='bbox 167 622 331 676; x_wconf 88' lang='lat' dir='ltr'><strong>titulo</strong></span> <span class='ocrx_word' id='word_1_50' title='bbox 362 626 428 675; x_wconf 88' lang='lat' dir='ltr'><strong>ad</strong></span> <span class='ocrx_word' id='word_1_51' title='bbox 460 622 756 678; x_wconf 78' lang='lat' dir='ltr'><strong>ltomanam</strong></span> <span class='ocrx_word' id='word_1_52' title='bbox 789 623 1102 686; x_wconf 76' lang='lat' dir='ltr'><strong>Ecclesium,</strong></span> <span class='ocrx_word' id='word_1_53' title='bbox 1130 623 1642 694; x_wconf 7' lang='lat' dir='ltr'><strong>quojiidemﬂclerici</strong></span> <span class='ocrx_word' id='word_1_54' title='bbox 1675 637 1910 694; x_wconf 88' lang='lat' dir='ltr'><strong>canones</strong></span> <span class='ocrx_word' id='word_1_55' title='bbox 1935 631 1990 694; x_wconf 95' lang='lat' dir='ltr'><strong>e_t</strong></span> <span class='ocrx_word' id='word_1_56' title='bbox 2016 623 2330 694; x_wconf 75' lang='lat' dir='ltr'><strong>decretaab</strong></span> <span class='ocrx_word' id='word_1_57' title='bbox 2356 624 2611 693; x_wconf 85' lang='lat' dir='ltr'><strong>episcopo</strong></span> <span class='ocrx_word' id='word_1_58' title='bbox 2635 622 2965 694; x_wconf 81' lang='lat' dir='ltr'><strong>sibiobjecta</strong></span> <span class='ocrx_word' id='word_1_59' title='bbox 2998 624 3066 674; x_wconf 83' lang='lat' dir='ltr'><strong>ita</strong></span> <span class='ocrx_word' id='word_1_60' title='bbox 3101 629 3463 694; x_wconf 82' lang='lat' dir='ltr'><strong>proponentes</strong></span> 
     </span>
    </p>
   </div>
   <div class='ocr_carea' id='block_1_8' title="bbox 166 691 3463 764">
    <p class='ocr_par' dir='ltr' id='par_1_8' title="bbox 166 691 3463 764">
     <span class='ocr_line' id='line_1_8' title="bbox 166 691 3463 764; baseline -0 -19"><span class='ocrx_word' id='word_1_61' title='bbox 166 694 526 756; x_wconf 87' lang='lat' dir='ltr'><strong>inducuntur,</strong></span> <span class='ocrx_word' id='word_1_62' title='bbox 556 696 777 764; x_wconf 87' lang='lat' dir='ltr'><strong>perinde</strong></span> <span class='ocrx_word' id='word_1_63' title='bbox 803 710 866 748; x_wconf 93' lang='lat' dir='ltr'><strong>ac</strong></span> <span class='ocrx_word' id='word_1_64' title='bbox 892 694 933 747; x_wconf 91' lang='lat' dir='ltr'><strong>si</strong></span> <span class='ocrx_word' id='word_1_65' title='bbox 960 691 1179 749; x_wconf 86' lang='lat' dir='ltr'><strong>causam</strong></span> <span class='ocrx_word' id='word_1_66' title='bbox 1204 692 1467 764; x_wconf 84' lang='lat' dir='ltr'><strong>ejusmodi</strong></span> <span class='ocrx_word' id='word_1_67' title='bbox 1500 694 1757 749; x_wconf 70' lang='lat' dir='ltr'><strong>Romana:</strong></span> <span class='ocrx_word' id='word_1_68' title='bbox 1786 692 2156 762; x_wconf 83' lang='lat' dir='ltr'><strong>sedisjudicio</strong></span> <span class='ocrx_word' id='word_1_69' title='bbox 2185 691 2585 763; x_wconf 80' lang='lat' dir='ltr'><strong>dijudicandam</strong></span> <span class='ocrx_word' id='word_1_70' title='bbox 2614 692 2921 762; x_wconf 78' lang='lat' dir='ltr'><strong>subjiciunt.</strong></span> <span class='ocrx_word' id='word_1_71' title='bbox 2958 694 3087 749; x_wconf 77' lang='lat' dir='ltr'><strong>Vide</strong></span> <span class='ocrx_word' id='word_1_72' title='bbox 3118 708 3237 763; x_wconf 74' lang='lat' dir='ltr'><strong>qua:</strong></span> <span class='ocrx_word' id='word_1_73' title='bbox 3266 692 3367 745; x_wconf 91' lang='lat' dir='ltr'><strong>hac</strong></span> <span class='ocrx_word' id='word_1_74' title='bbox 3398 691 3463 745; x_wconf 82' lang='lat' dir='ltr'><strong>de</strong></span> 
     </span>
    </p>
   </div>
   <div class='ocr_carea' id='block_1_9' title="bbox 166 764 1489 837">
    <p class='ocr_par' dir='ltr' id='par_1_9' title="bbox 166 764 1489 837">
     <span class='ocr_line' id='line_1_9' title="bbox 166 764 1489 837; baseline 0.004 -21"><span class='ocrx_word' id='word_1_75' title='bbox 166 779 227 817; x_wconf 86' lang='lat' dir='ltr'><strong>re</strong></span> <span class='ocrx_word' id='word_1_76' title='bbox 256 766 311 817; x_wconf 90' lang='lat' dir='ltr'><strong>in</strong></span> <span class='ocrx_word' id='word_1_77' title='bbox 339 765 460 819; x_wconf 72' lang='lat' dir='ltr'><strong>Vita</strong></span> <span class='ocrx_word' id='word_1_78' title='bbox 492 764 609 837; x_wconf 76' lang='lat' dir='ltr'><strong>loco</strong></span> <span class='ocrx_word' id='word_1_79' title='bbox 640 764 855 821; x_wconf 89' lang='lat' dir='ltr'><strong>laudato</strong></span> <span class='ocrx_word' id='word_1_80' title='bbox 881 764 1090 835; x_wconf 85' lang='lat' dir='ltr'><strong>plenius</strong></span> <span class='ocrx_word' id='word_1_81' title='bbox 1118 765 1489 822; x_wconf 80' lang='lat' dir='ltr'><strong>disseruimus.</strong></span> 
     </span>
    </p>
   </div>
   <div class='ocr_carea' id='block_1_10' title="bbox 923 943 3464 969">
    <p class='ocr_par' dir='ltr' id='par_1_10' title="bbox 923 943 3464 969">
     <span class='ocr_line' id='line_1_10' title="bbox 923 943 3464 969; baseline 0 -3"><span class='ocrx_word' id='word_1_82' title='bbox 923 943 3464 969; x_wconf 55' lang='lat' dir='ltr'>MM</span> 
     </span>
    </p>
   </div>
   <div class='ocr_carea' id='block_1_11' title="bbox 588 1072 3027 1193">
    <p class='ocr_par' dir='ltr' id='par_1_11' title="bbox 588 1072 3027 1193">
     <span class='ocr_line' id='line_1_11' title="bbox 588 1072 3027 1193; baseline -0.002 -5"><span class='ocrx_word' id='word_1_83' title='bbox 588 1090 1178 1190; x_wconf 82' lang='lat' dir='ltr'><strong>RATIIEBII</strong></span> <span class='ocrx_word' id='word_1_84' title='bbox 1290 1092 1851 1193; x_wconf 70' lang='lat' dir='ltr'><strong>uacuam</strong></span> <span class='ocrx_word' id='word_1_85' title='bbox 1961 1092 2107 1190; x_wconf 85' lang='lat' dir='ltr'>ET</span> <span class='ocrx_word' id='word_1_86' title='bbox 2220 1091 2789 1191; x_wconf 84' lang='lat' dir='ltr'><strong>LIBELLUS</strong></span> <span class='ocrx_word' id='word_1_87' title='bbox 2880 1072 3027 1142; x_wconf 52' lang='grc' dir='ltr'><strong>συθ)</strong></span> 
     </span>
    </p>
   </div>
   <div class='ocr_carea' id='block_1_12' title="bbox 843 1291 2791 1361">
    <p class='ocr_par' dir='ltr' id='par_1_12' title="bbox 843 1291 2791 1361">
     <span class='ocr_line' id='line_1_12' title="bbox 843 1291 2791 1361; baseline 0.003 -7"><span class='ocrx_word' id='word_1_88' title='bbox 843 1292 931 1354; x_wconf 86' lang='lat' dir='ltr'><strong>De</strong></span> <span class='ocrx_word' id='word_1_89' title='bbox 986 1291 1230 1355; x_wconf 80' lang='lat' dir='ltr'><strong>clericis</strong></span> <span class='ocrx_word' id='word_1_90' title='bbox 1290 1315 1327 1354; x_wconf 86' lang='grc' dir='ltr'><em>α</em></span> <span class='ocrx_word' id='word_1_91' title='bbox 1392 1294 1632 1357; x_wconf 80' lang='lat' dir='ltr'><strong>Milone</strong></span> <span class='ocrx_word' id='word_1_92' title='bbox 1692 1314 1818 1356; x_wconf 73' lang='lat' dir='ltr'><strong>sua:</strong></span> <span class='ocrx_word' id='word_1_93' title='bbox 1879 1292 2041 1354; x_wconf 80' lang='lat' dir='ltr'><strong>sedis</strong></span> <span class='ocrx_word' id='word_1_94' title='bbox 2108 1296 2396 1357; x_wconf 78' lang='lat' dir='ltr'><strong>invasere</strong></span> <span class='ocrx_word' id='word_1_95' title='bbox 2452 1296 2791 1361; x_wconf 78' lang='lat' dir='ltr'><strong>ordinatis.</strong></span> 
     </span>
    </p>
   </div>
   <div class='ocr_carea' id='block_1_13' title="bbox 231 1652 1716 1727">
    <p class='ocr_par' dir='ltr' id='par_1_13' title="bbox 231 1652 1716 1727">
     <span class='ocr_line' id='line_1_13' title="bbox 231 1652 1716 1727; baseline 0.009 -20"><span class='ocrx_word' id='word_1_96' title='bbox 231 1652 691 1727; x_wconf 66' lang='lat' dir='ltr'><strong>327&#39;nnnsau</strong></span> <span class='ocrx_word' id='word_1_97' title='bbox 731 1669 1019 1713; x_wconf 72' lang='lat' dir='ltr'><strong>necneruu</strong></span> <span class='ocrx_word' id='word_1_98' title='bbox 1059 1673 1125 1712; x_wconf 76' lang='lat' dir='ltr'><strong>DE</strong></span> <span class='ocrx_word' id='word_1_99' title='bbox 1165 1673 1408 1716; x_wconf 77' lang='lat' dir='ltr'><strong>CLERICIS</strong></span> <span class='ocrx_word' id='word_1_100' title='bbox 1448 1679 1477 1716; x_wconf 76' lang='grc' dir='ltr'><strong>Α</strong></span> <span class='ocrx_word' id='word_1_101' title='bbox 1520 1677 1716 1719; x_wconf 66' lang='lat' dir='ltr'><strong>unum:</strong></span> 
     </span>
    </p>
   </div>
   <div class='ocr_carea' id='block_1_14' title="bbox 498 1763 1448 1808">
    <p class='ocr_par' dir='ltr' id='par_1_14' title="bbox 498 1763 1448 1808">
     <span class='ocr_line' id='line_1_14' title="bbox 498 1763 1448 1808; baseline 0.004 -6"><span class='ocrx_word' id='word_1_102' title='bbox 498 1764 618 1803; x_wconf 66' lang='lat' dir='ltr'><strong>SUB</strong></span> <span class='ocrx_word' id='word_1_103' title='bbox 658 1763 808 1803; x_wconf 70' lang='lat' dir='ltr'><strong>SEDIS</strong></span> <span class='ocrx_word' id='word_1_104' title='bbox 844 1764 1102 1805; x_wconf 67' lang='lat' dir='ltr'><strong>INYASORE</strong></span> <span class='ocrx_word' id='word_1_105' title='bbox 1140 1766 1448 1808; x_wconf 69' lang='lat' dir='ltr'><strong>ORDINATIS.</strong></span> 
     </span>
    </p>
   </div>
   <div class='ocr_carea' id='block_1_15' title="bbox 243 1840 1780 1915">
    <p class='ocr_par' dir='ltr' id='par_1_15' title="bbox 243 1840 1780 1915">
     <span class='ocr_line' id='line_1_15' title="bbox 243 1840 1780 1915; baseline 0.006 -22"><span class='ocrx_word' id='word_1_106' title='bbox 243 1841 327 1893; x_wconf 86' lang='lat' dir='ltr'><strong>Ab</strong></span> <span class='ocrx_word' id='word_1_107' title='bbox 375 1840 631 1895; x_wconf 85' lang='lat' dir='ltr'><strong>invasore</strong></span> <span class='ocrx_word' id='word_1_108' title='bbox 678 1842 822 1897; x_wconf 82' lang='lat' dir='ltr'><strong>sedis</strong></span> <span class='ocrx_word' id='word_1_109' title='bbox 870 1842 1027 1897; x_wconf 87' lang='lat' dir='ltr'><strong>istius</strong></span> <span class='ocrx_word' id='word_1_110' title='bbox 1073 1843 1353 1898; x_wconf 89' lang='lat' dir='ltr'><strong>ordinatos</strong></span> <span class='ocrx_word' id='word_1_111' title='bbox 1384 1884 1399 1909; x_wconf 88' lang='lat'><strong>,</strong></span> <span class='ocrx_word' id='word_1_112' title='bbox 1469 1846 1780 1915; x_wconf 74' lang='lat' dir='ltr'><strong>mitigantes</strong></span> 
     </span>
    </p>
   </div>
   <div class='ocr_carea' id='block_1_16' title="bbox 178 1931 1778 2005">
    <p class='ocr_par' dir='ltr' id='par_1_16' title="bbox 178 1931 1778 2005">
     <span class='ocr_line' id='line_1_16' title="bbox 178 1931 1778 2005; baseline 0.006 -22"><span class='ocrx_word' id='word_1_113' title='bbox 178 1931 326 2002; x_wconf 73' lang='lat'><strong>(703)</strong></span> <span class='ocrx_word' id='word_1_114' title='bbox 349 1932 698 1997; x_wconf 74' lang='lat' dir='ltr'><strong>canonicam,</strong></span> <span class='ocrx_word' id='word_1_115' title='bbox 748 1950 869 2003; x_wconf 64' lang='lat' dir='ltr'><strong>quae</strong></span> <span class='ocrx_word' id='word_1_116' title='bbox 910 1950 1071 2005; x_wconf 91' lang='lat' dir='ltr'><strong>super</strong></span> <span class='ocrx_word' id='word_1_117' title='bbox 1119 1949 1211 1989; x_wconf 90' lang='lat' dir='ltr'><strong>eos</strong></span> <span class='ocrx_word' id='word_1_118' title='bbox 1256 1936 1364 1990; x_wconf 87' lang='lat' dir='ltr'><strong>lata</strong></span> <span class='ocrx_word' id='word_1_119' title='bbox 1408 1945 1513 2004; x_wconf 90' lang='lat' dir='ltr'><strong>est,</strong></span> <span class='ocrx_word' id='word_1_120' title='bbox 1540 1941 1778 1993; x_wconf 64' lang='lat' dir='ltr'><strong>sanctio-</strong></span> 
     </span>
    </p>
   </div>
   <div class='ocr_carea' id='block_1_17' title="bbox 178 2025 1782 2100">
    <p class='ocr_par' dir='ltr' id='par_1_17' title="bbox 178 2025 1782 2100">
     <span class='ocr_line' id='line_1_17' title="bbox 178 2025 1782 2100; baseline 0.006 -22"><span class='ocrx_word' id='word_1_121' title='bbox 178 2040 321 2087; x_wconf 84' lang='lat' dir='ltr'><strong>nem,</strong></span> <span class='ocrx_word' id='word_1_122' title='bbox 356 2025 705 2093; x_wconf 73' lang='lat' dir='ltr'><strong>przecipimus</strong></span> <span class='ocrx_word' id='word_1_123' title='bbox 734 2042 904 2095; x_wconf 87' lang='lat' dir='ltr'><strong>usque</strong></span> <span class='ocrx_word' id='word_1_124' title='bbox 939 2027 1005 2081; x_wconf 86' lang='lat' dir='ltr'><strong>ad</strong></span> <span class='ocrx_word' id='word_1_125' title='bbox 1047 2038 1329 2082; x_wconf 78' lang='lat' dir='ltr'><strong>venturam</strong></span> <span class='ocrx_word' id='word_1_126' title='bbox 1356 2027 1611 2100; x_wconf 71' lang='lat' dir='ltr'><strong>legitimze</strong></span> <span class='ocrx_word' id='word_1_127' title='bbox 1636 2033 1782 2087; x_wconf 85' lang='lat' dir='ltr'><strong>ordi-</strong></span> 
     </span>
    </p>
   </div>
   <div class='ocr_carea' id='block_1_18' title="bbox 178 2116 1783 2191">
    <p class='ocr_par' dir='ltr' id='par_1_18' title="bbox 178 2116 1783 2191">
     <span class='ocr_line' id='line_1_18' title="bbox 178 2116 1783 2191; baseline 0.003 -20"><span class='ocrx_word' id='word_1_128' title='bbox 178 2117 420 2171; x_wconf 82' lang='lat' dir='ltr'><strong>nationis</strong></span> <span class='ocrx_word' id='word_1_129' title='bbox 453 2117 596 2170; x_wconf 89' lang='lat' dir='ltr'><strong>diem</strong></span> <span class='ocrx_word' id='word_1_130' title='bbox 629 2116 697 2170; x_wconf 90' lang='lat' dir='ltr'><strong>ab</strong></span> <span class='ocrx_word' id='word_1_131' title='bbox 727 2116 927 2182; x_wconf 82' lang='lat' dir='ltr'><strong>cilicio,</strong></span> <span class='ocrx_word' id='word_1_132' title='bbox 962 2117 1013 2171; x_wconf 92' lang='lat' dir='ltr'><strong>in</strong></span> <span class='ocrx_word' id='word_1_133' title='bbox 1050 2133 1158 2188; x_wconf 91' lang='lat' dir='ltr'><strong>quo</strong></span> <span class='ocrx_word' id='word_1_134' title='bbox 1196 2119 1481 2191; x_wconf 77' lang='lat' dir='ltr'><strong>illegaliter</strong></span> <span class='ocrx_word' id='word_1_135' title='bbox 1504 2136 1599 2176; x_wconf 91' lang='lat' dir='ltr'><strong>eos</strong></span> <span class='ocrx_word' id='word_1_136' title='bbox 1629 2124 1783 2177; x_wconf 59' lang='lat' dir='ltr'><strong>iusti-</strong></span> 
     </span>
    </p>
   </div>
   <div class='ocr_carea' id='block_1_19' title="bbox 180 2207 1782 2271">
    <p class='ocr_par' dir='ltr' id='par_1_19' title="bbox 180 2207 1782 2271">
     <span class='ocr_line' id='line_1_19' title="bbox 180 2207 1782 2271; baseline 0.007 -12"><span class='ocrx_word' id='word_1_137' title='bbox 180 2208 303 2271; x_wconf 85' lang='lat' dir='ltr'><strong>tuit,</strong></span> <span class='ocrx_word' id='word_1_138' title='bbox 342 2207 625 2261; x_wconf 85' lang='lat' dir='ltr'><strong>abstinere</strong></span> <span class='ocrx_word' id='word_1_139' title='bbox 672 2222 739 2261; x_wconf 78' lang='lat' dir='ltr'><strong>ex</strong></span> <span class='ocrx_word' id='word_1_140' title='bbox 793 2210 1121 2266; x_wconf 89' lang='lat' dir='ltr'><strong>auctoritate</strong></span> <span class='ocrx_word' id='word_1_141' title='bbox 1155 2212 1247 2266; x_wconf 89' lang='lat' dir='ltr'><strong>Dei</strong></span> <span class='ocrx_word' id='word_1_142' title='bbox 1284 2221 1336 2265; x_wconf 92' lang='lat' dir='ltr'><strong>et</strong></span> <span class='ocrx_word' id='word_1_143' title='bbox 1370 2222 1573 2269; x_wconf 79' lang='lat' dir='ltr'><strong>sancta:</strong></span> <span class='ocrx_word' id='word_1_144' title='bbox 1602 2212 1782 2270; x_wconf 63' lang='lat' dir='ltr'><strong>Mariae</strong></span> 
     </span>
    </p>
   </div>
   <div class='ocr_carea' id='block_1_20' title="bbox 176 2299 1781 2378">
    <p class='ocr_par' dir='ltr' id='par_1_20' title="bbox 176 2299 1781 2378">
     <span class='ocr_line' id='line_1_20' title="bbox 176 2299 1781 2378; baseline 0.008 -28"><span class='ocrx_word' id='word_1_145' title='bbox 176 2306 227 2351; x_wconf 89' lang='lat' dir='ltr'><strong>et</strong></span> <span class='ocrx_word' id='word_1_146' title='bbox 276 2300 453 2353; x_wconf 70' lang='lat' dir='ltr'><strong>Sancti</strong></span> <span class='ocrx_word' id='word_1_147' title='bbox 502 2299 649 2354; x_wconf 84' lang='lat' dir='ltr'><strong>Petri</strong></span> <span class='ocrx_word' id='word_1_148' title='bbox 698 2303 1064 2371; x_wconf 73' lang='lat' dir='ltr'><strong>apostolorum</strong></span> <span class='ocrx_word' id='word_1_149' title='bbox 1116 2305 1381 2376; x_wconf 83' lang='lat' dir='ltr'><strong>principis</strong></span> <span class='ocrx_word' id='word_1_150' title='bbox 1428 2309 1781 2378; x_wconf 90' lang='lat' dir='ltr'><strong>omniumque</strong></span> 
     </span>
    </p>
   </div>
   <div class='ocr_carea' id='block_1_21' title="bbox 178 2396 1781 2458">
    <p class='ocr_par' dir='ltr' id='par_1_21' title="bbox 178 2396 1781 2458">
     <span class='ocr_line' id='line_1_21' title="bbox 178 2396 1781 2458; baseline 0.007 -12"><span class='ocrx_word' id='word_1_151' title='bbox 178 2402 523 2447; x_wconf 77' lang='lat' dir='ltr'><strong>sanctorum.</strong></span> <span class='ocrx_word' id='word_1_152' title='bbox 592 2396 790 2450; x_wconf 79' lang='lat' dir='ltr'><strong>Actum</strong></span> <span class='ocrx_word' id='word_1_153' title='bbox 853 2399 1090 2453; x_wconf 83' lang='lat' dir='ltr'><strong>secunda</strong></span> <span class='ocrx_word' id='word_1_154' title='bbox 1156 2400 1438 2455; x_wconf 86' lang='lat' dir='ltr'><strong>Dominica</strong></span> <span class='ocrx_word' id='word_1_155' title='bbox 1498 2401 1781 2458; x_wconf 85' lang='lat' dir='ltr'><strong>Februarii</strong></span> 
     </span>
    </p>
   </div>
   <div class='ocr_carea' id='block_1_22' title="bbox 177 2485 581 2558">
    <p class='ocr_par' dir='ltr' id='par_1_22' title="bbox 177 2485 581 2558">
     <span class='ocr_line' id='line_1_22' title="bbox 177 2485 581 2558; baseline 0.005 -21"><span class='ocrx_word' id='word_1_156' title='bbox 177 2486 383 2540; x_wconf 82' lang='lat' dir='ltr'><strong>mensis</strong></span> <span class='ocrx_word' id='word_1_157' title='bbox 406 2485 581 2558; x_wconf 72' lang='grc'><strong>(704).</strong></span> 
     </span>
    </p>
   </div>
   <div class='ocr_carea' id='block_1_23' title="bbox 948 2581 1011 2637">
    <p class='ocr_par' dir='ltr' id='par_1_23' title="bbox 948 2581 1011 2637">
     <span class='ocr_line' id='line_1_23' title="bbox 948 2581 1011 2637; baseline 0 0"><span class='ocrx_word' id='word_1_158' title='bbox 948 2581 1011 2637; x_wconf 88' lang='lat' dir='ltr'><strong>ll.</strong></span> 
     </span>
    </p>
   </div>
   <div class='ocr_carea' id='block_1_24' title="bbox 276 2678 1681 2749">
    <p class='ocr_par' dir='ltr' id='par_1_24' title="bbox 276 2678 1681 2749">
     <span class='ocr_line' id='line_1_24' title="bbox 276 2678 1681 2749; baseline 0.006 -27"><span class='ocrx_word' id='word_1_159' title='bbox 276 2684 437 2723; x_wconf 62' lang='lat' dir='ltr'><strong>suun</strong></span> <span class='ocrx_word' id='word_1_160' title='bbox 476 2686 710 2725; x_wconf 70' lang='lat' dir='ltr'><strong>uesani</strong></span> <span class='ocrx_word' id='word_1_161' title='bbox 751 2689 1035 2729; x_wconf 73' lang='grc' dir='ltr'><strong>υεειιετωι</strong></span> <span class='ocrx_word' id='word_1_162' title='bbox 1078 2692 1143 2730; x_wconf 79' lang='lat' dir='ltr'><strong>DE</strong></span> <span class='ocrx_word' id='word_1_163' title='bbox 1184 2692 1359 2731; x_wconf 73' lang='lat' dir='ltr'><strong>EADEM</strong></span> <span class='ocrx_word' id='word_1_164' title='bbox 1403 2694 1469 2732; x_wconf 79' lang='lat' dir='ltr'><strong>tut</strong></span> <span class='ocrx_word' id='word_1_165' title='bbox 1510 2678 1681 2749; x_wconf 74' lang='lat'><strong>(703).</strong></span> 
     </span>
    </p>
   </div>
   <div class='ocr_carea' id='block_1_25' title="bbox 260 2760 1783 2838">
    <p class='ocr_par' dir='ltr' id='par_1_25' title="bbox 260 2760 1783 2838">
     <span class='ocr_line' id='line_1_25' title="bbox 260 2760 1783 2838; baseline 0.01 -26"><span class='ocrx_word' id='word_1_166' title='bbox 260 2760 571 2817; x_wconf 65' lang='lat' dir='ltr'><strong>[iniremus</strong></span> <span class='ocrx_word' id='word_1_167' title='bbox 596 2763 929 2819; x_wconf 73' lang='lat' dir='ltr'><strong>Veronensis</strong></span> <span class='ocrx_word' id='word_1_168' title='bbox 948 2767 1236 2838; x_wconf 82' lang='lat' dir='ltr'><strong>cpiscopus</strong></span> <span class='ocrx_word' id='word_1_169' title='bbox 1266 2770 1519 2826; x_wconf 67' lang='lat' dir='ltr'><strong>Ecclesiae</strong></span> <span class='ocrx_word' id='word_1_170' title='bbox 1542 2786 1651 2825; x_wconf 78' lang='lat' dir='ltr'><strong>sua:</strong></span> <span class='ocrx_word' id='word_1_171' title='bbox 1677 2771 1783 2826; x_wconf 81' lang='lat' dir='ltr'><strong>cle-</strong></span> 
     </span>
    </p>
   </div>
   <div class='ocr_carea' id='block_1_26' title="bbox 180 2854 643 2907">
    <p class='ocr_par' dir='ltr' id='par_1_26' title="bbox 180 2854 643 2907">
     <span class='ocr_line' id='line_1_26' title="bbox 180 2854 643 2907; baseline 0.009 -5"><span class='ocrx_word' id='word_1_172' title='bbox 180 2854 312 2902; x_wconf 77' lang='lat' dir='ltr'><strong>riris</strong></span> <span class='ocrx_word' id='word_1_173' title='bbox 352 2854 643 2907; x_wconf 68' lang='lat' dir='ltr'><strong>universis.</strong></span> 
     </span>
    </p>
   </div>
   <div class='ocr_carea' id='block_1_27' title="bbox 1798 1570 3473 1643">
    <p class='ocr_par' dir='ltr' id='par_1_27' title="bbox 1798 1570 3473 1643">
     <span class='ocr_line' id='line_1_27' title="bbox 1798 1570 3473 1643; baseline 0.002 -18"><span class='ocrx_word' id='word_1_174' title='bbox 1798 1574 1847 1635; x_wconf 75' lang='grc' dir='ltr'><strong>Α</strong></span> <span class='ocrx_word' id='word_1_175' title='bbox 1876 1584 2054 1626; x_wconf 82' lang='lat' dir='ltr'><strong>sarem</strong></span> <span class='ocrx_word' id='word_1_176' title='bbox 2084 1570 2246 1626; x_wconf 82' lang='lat' dir='ltr'><strong>ofﬁcii</strong></span> <span class='ocrx_word' id='word_1_177' title='bbox 2276 1570 2381 1626; x_wconf 87' lang='lat' dir='ltr'><strong>mei</strong></span> <span class='ocrx_word' id='word_1_178' title='bbox 2413 1585 2520 1626; x_wconf 90' lang='lat' dir='ltr'><strong>non</strong></span> <span class='ocrx_word' id='word_1_179' title='bbox 2550 1586 2717 1629; x_wconf 84' lang='lat' dir='ltr'><strong>ausus</strong></span> <span class='ocrx_word' id='word_1_180' title='bbox 2745 1570 2927 1628; x_wconf 86' lang='lat' dir='ltr'><strong>dicere</strong></span> <span class='ocrx_word' id='word_1_181' title='bbox 2954 1571 3263 1643; x_wconf 66' lang='lat' dir='ltr'><strong>praasulem,</strong></span> <span class='ocrx_word' id='word_1_182' title='bbox 3291 1588 3358 1628; x_wconf 85' lang='lat' dir='ltr'><strong>ne</strong></span> <span class='ocrx_word' id='word_1_183' title='bbox 3383 1578 3473 1629; x_wconf 75' lang='lat' dir='ltr'><strong>me</strong></span> 
     </span>
    </p>
   </div>
   <div class='ocr_carea' id='block_1_28' title="bbox 1879 1663 3477 1735">
    <p class='ocr_par' dir='ltr' id='par_1_28' title="bbox 1879 1663 3477 1735">
     <span class='ocr_line' id='line_1_28' title="bbox 1879 1663 3477 1735; baseline 0.003 -18"><span class='ocrx_word' id='word_1_184' title='bbox 1879 1663 2101 1735; x_wconf 81' lang='lat' dir='ltr'><strong>propria</strong></span> <span class='ocrx_word' id='word_1_185' title='bbox 2139 1664 2256 1733; x_wconf 83' lang='lat' dir='ltr'><strong>ipse</strong></span> <span class='ocrx_word' id='word_1_186' title='bbox 2294 1677 2426 1719; x_wconf 85' lang='lat' dir='ltr'><strong>voce</strong></span> <span class='ocrx_word' id='word_1_187' title='bbox 2454 1664 2813 1719; x_wconf 81' lang='lat' dir='ltr'><strong>condemnem</strong></span> <span class='ocrx_word' id='word_1_188' title='bbox 2833 1706 2847 1729; x_wconf 89' lang='lat'><strong>,</strong></span> <span class='ocrx_word' id='word_1_189' title='bbox 2878 1678 2978 1719; x_wconf 88' lang='lat' dir='ltr'><strong>nec</strong></span> <span class='ocrx_word' id='word_1_190' title='bbox 3005 1666 3075 1719; x_wconf 82' lang='lat' dir='ltr'><strong>ab</strong></span> <span class='ocrx_word' id='word_1_191' title='bbox 3099 1678 3164 1720; x_wconf 88' lang='lat' dir='ltr'><strong>eo</strong></span> <span class='ocrx_word' id='word_1_192' title='bbox 3196 1666 3477 1721; x_wconf 76' lang='lat' dir='ltr'><strong>institutos</strong></span> 
     </span>
    </p>
   </div>
   <div class='ocr_carea' id='block_1_29' title="bbox 1881 1752 3475 1825">
    <p class='ocr_par' dir='ltr' id='par_1_29' title="bbox 1881 1752 3475 1825">
     <span class='ocr_line' id='line_1_29' title="bbox 1881 1752 3475 1825; baseline 0.001 -17"><span class='ocrx_word' id='word_1_193' title='bbox 1881 1767 2114 1808; x_wconf 87' lang='lat' dir='ltr'><strong>censere</strong></span> <span class='ocrx_word' id='word_1_194' title='bbox 2138 1752 2408 1808; x_wconf 82' lang='lat' dir='ltr'><strong>ullatenus</strong></span> <span class='ocrx_word' id='word_1_195' title='bbox 2455 1752 2573 1809; x_wconf 89' lang='lat' dir='ltr'><strong>fore</strong></span> <span class='ocrx_word' id='word_1_196' title='bbox 2601 1754 2950 1825; x_wconf 82' lang='lat' dir='ltr'><strong>presbyteros</strong></span> <span class='ocrx_word' id='word_1_197' title='bbox 2974 1752 3060 1809; x_wconf 81' lang='lat' dir='ltr'><strong>vel</strong></span> <span class='ocrx_word' id='word_1_198' title='bbox 3089 1754 3367 1819; x_wconf 84' lang='lat' dir='ltr'><strong>diaconos,</strong></span> <span class='ocrx_word' id='word_1_199' title='bbox 3408 1768 3475 1809; x_wconf 81' lang='lat' dir='ltr'><strong>ne</strong></span> 
     </span>
    </p>
   </div>
   <div class='ocr_carea' id='block_1_30' title="bbox 1882 1843 3476 1915">
    <p class='ocr_par' dir='ltr' id='par_1_30' title="bbox 1882 1843 3476 1915">
     <span class='ocr_line' id='line_1_30' title="bbox 1882 1843 3476 1915; baseline 0.001 -18"><span class='ocrx_word' id='word_1_200' title='bbox 1882 1844 2198 1912; x_wconf 85' lang='lat' dir='ltr'><strong>deposuisse</strong></span> <span class='ocrx_word' id='word_1_201' title='bbox 2241 1844 2429 1898; x_wconf 79' lang='lat' dir='ltr'><strong>videar</strong></span> <span class='ocrx_word' id='word_1_202' title='bbox 2477 1858 2662 1908; x_wconf 86' lang='lat' dir='ltr'><strong>meos;</strong></span> <span class='ocrx_word' id='word_1_203' title='bbox 2702 1843 2930 1915; x_wconf 77' lang='lat' dir='ltr'><strong>levigata</strong></span> <span class='ocrx_word' id='word_1_204' title='bbox 2980 1843 3117 1914; x_wconf 88' lang='lat' dir='ltr'><strong>ipsa,</strong></span> <span class='ocrx_word' id='word_1_205' title='bbox 3150 1858 3311 1913; x_wconf 88' lang='lat' dir='ltr'><strong>quam</strong></span> <span class='ocrx_word' id='word_1_206' title='bbox 3342 1858 3476 1914; x_wconf 67' lang='lat' dir='ltr'><strong>pro~</strong></span> 
     </span>
    </p>
   </div>
   <div class='ocr_carea' id='block_1_31' title="bbox 1884 1934 3479 2006">
    <p class='ocr_par' dir='ltr' id='par_1_31' title="bbox 1884 1934 3479 2006">
     <span class='ocr_line' id='line_1_31' title="bbox 1884 1934 3479 2006; baseline -0.001 -18"><span class='ocrx_word' id='word_1_207' title='bbox 1884 1934 1978 1988; x_wconf 86' lang='lat' dir='ltr'><strong>tuli</strong></span> <span class='ocrx_word' id='word_1_208' title='bbox 2010 1935 2169 1989; x_wconf 84' lang='lat' dir='ltr'><strong>hodie</strong></span> <span class='ocrx_word' id='word_1_209' title='bbox 2193 1951 2409 2006; x_wconf 89' lang='lat' dir='ltr'><strong>quoque</strong></span> <span class='ocrx_word' id='word_1_210' title='bbox 2440 1936 2587 2005; x_wconf 82' lang='lat'><strong>(707)</strong></span> <span class='ocrx_word' id='word_1_211' title='bbox 2617 1944 2675 1989; x_wconf 89' lang='lat' dir='ltr'><strong>ut</strong></span> <span class='ocrx_word' id='word_1_212' title='bbox 2703 1936 2842 2000; x_wconf 87' lang='lat' dir='ltr'><strong>heri,</strong></span> <span class='ocrx_word' id='word_1_213' title='bbox 2877 1934 2963 1989; x_wconf 90' lang='lat' dir='ltr'><strong>illa</strong></span> <span class='ocrx_word' id='word_1_214' title='bbox 2988 1935 3314 2004; x_wconf 83' lang='lat' dir='ltr'><strong>quandoque</strong></span> <span class='ocrx_word' id='word_1_215' title='bbox 3340 1949 3479 2004; x_wconf 59' lang='lat' dir='ltr'><strong>prie.</strong></span> 
     </span>
    </p>
   </div>
   <div class='ocr_carea' id='block_1_32' title="bbox 1883 2024 3482 2094">
    <p class='ocr_par' dir='ltr' id='par_1_32' title="bbox 1883 2024 3482 2094">
     <span class='ocr_line' id='line_1_32' title="bbox 1883 2024 3482 2094; baseline -0.001 -15"><span class='ocrx_word' id='word_1_216' title='bbox 1883 2026 2044 2079; x_wconf 88' lang='lat' dir='ltr'><strong>terita</strong></span> <span class='ocrx_word' id='word_1_217' title='bbox 2085 2026 2367 2079; x_wconf 82' lang='lat' dir='ltr'><strong>sanctione</strong></span> <span class='ocrx_word' id='word_1_218' title='bbox 2408 2040 2571 2094; x_wconf 86' lang='lat' dir='ltr'><strong>super</strong></span> <span class='ocrx_word' id='word_1_219' title='bbox 2601 2024 2722 2079; x_wconf 90' lang='lat' dir='ltr'><strong>illos</strong></span> <span class='ocrx_word' id='word_1_220' title='bbox 2761 2025 3043 2089; x_wconf 88' lang='lat' dir='ltr'><strong>canonica,</strong></span> <span class='ocrx_word' id='word_1_221' title='bbox 3076 2024 3170 2079; x_wconf 86' lang='lat' dir='ltr'><strong>Dei</strong></span> <span class='ocrx_word' id='word_1_222' title='bbox 3196 2024 3400 2092; x_wconf 85' lang='lat' dir='ltr'><strong>judicio</strong></span> <span class='ocrx_word' id='word_1_223' title='bbox 3424 2031 3482 2078; x_wconf 89' lang='lat' dir='ltr'><strong>et</strong></span> 
     </span>
    </p>
   </div>
   <div class='ocr_carea' id='block_1_33' title="bbox 1884 2116 3479 2188">
    <p class='ocr_par' dir='ltr' id='par_1_33' title="bbox 1884 2116 3479 2188">
     <span class='ocr_line' id='line_1_33' title="bbox 1884 2116 3479 2188; baseline -0.001 -18"><span class='ocrx_word' id='word_1_224' title='bbox 1884 2117 2102 2188; x_wconf 85' lang='lat' dir='ltr'><strong>proprio</strong></span> <span class='ocrx_word' id='word_1_225' title='bbox 2129 2132 2222 2171; x_wconf 86' lang='lat' dir='ltr'><strong>eos</strong></span> <span class='ocrx_word' id='word_1_226' title='bbox 2249 2118 2594 2171; x_wconf 86' lang='lat' dir='ltr'><strong>committens</strong></span> <span class='ocrx_word' id='word_1_227' title='bbox 2625 2116 2871 2179; x_wconf 87' lang='lat' dir='ltr'><strong>arbitrio,</strong></span> <span class='ocrx_word' id='word_1_228' title='bbox 2901 2133 2961 2171; x_wconf 87' lang='lat' dir='ltr'><strong>se</strong></span> <span class='ocrx_word' id='word_1_229' title='bbox 2986 2118 3209 2186; x_wconf 77' lang='lat' dir='ltr'><strong>exsequi</strong></span> <span class='ocrx_word' id='word_1_230' title='bbox 3239 2116 3479 2184; x_wconf 83' lang='lat' dir='ltr'><strong>injuncta</strong></span> 
     </span>
    </p>
   </div>
   <div class='ocr_carea' id='block_1_34' title="bbox 1884 2208 3477 2274">
    <p class='ocr_par' dir='ltr' id='par_1_34' title="bbox 1884 2208 3477 2274">
     <span class='ocr_line' id='line_1_34' title="bbox 1884 2208 3477 2274; baseline -0.001 -11"><span class='ocrx_word' id='word_1_231' title='bbox 1884 2211 1953 2263; x_wconf 84' lang='lat' dir='ltr'><strong>ab</strong></span> <span class='ocrx_word' id='word_1_232' title='bbox 2006 2210 2254 2263; x_wconf 80' lang='lat' dir='ltr'><strong>invasere</strong></span> <span class='ocrx_word' id='word_1_233' title='bbox 2297 2225 2403 2263; x_wconf 89' lang='lat' dir='ltr'><strong>non</strong></span> <span class='ocrx_word' id='word_1_234' title='bbox 2460 2209 2653 2263; x_wconf 87' lang='lat' dir='ltr'><strong>timent</strong></span> <span class='ocrx_word' id='word_1_235' title='bbox 2706 2208 2906 2274; x_wconf 83' lang='lat' dir='ltr'><strong>oﬂicia,</strong></span> <span class='ocrx_word' id='word_1_236' title='bbox 2960 2210 3160 2263; x_wconf 81' lang='lat' dir='ltr'><strong>audere</strong></span> <span class='ocrx_word' id='word_1_237' title='bbox 3212 2209 3331 2262; x_wconf 91' lang='lat' dir='ltr'><strong>illos</strong></span> <span class='ocrx_word' id='word_1_238' title='bbox 3368 2223 3477 2261; x_wconf 83' lang='lat' dir='ltr'><strong>non</strong></span> 
     </span>
    </p>
   </div>
   <div class='ocr_carea' id='block_1_35' title="bbox 1884 2299 3481 2372">
    <p class='ocr_par' dir='ltr' id='par_1_35' title="bbox 1884 2299 3481 2372">
     <span class='ocr_line' id='line_1_35' title="bbox 1884 2299 3481 2372; baseline -0.002 -18"><span class='ocrx_word' id='word_1_239' title='bbox 1884 2301 2139 2371; x_wconf 83' lang='lat' dir='ltr'><strong>prohibet</strong></span> <span class='ocrx_word' id='word_1_240' title='bbox 2167 2300 2419 2355; x_wconf 73' lang='lat' dir='ltr'><strong>violentia</strong></span> <span class='ocrx_word' id='word_1_241' title='bbox 2451 2316 2589 2354; x_wconf 89' lang='lat' dir='ltr'><strong>mea.</strong></span> <span class='ocrx_word' id='word_1_242' title='bbox 2640 2299 2696 2354; x_wconf 91' lang='lat' dir='ltr'><strong>Si</strong></span> <span class='ocrx_word' id='word_1_243' title='bbox 2730 2300 2923 2355; x_wconf 89' lang='lat' dir='ltr'><strong>timent</strong></span> <span class='ocrx_word' id='word_1_244' title='bbox 2947 2301 3117 2372; x_wconf 80' lang='lat'><strong>(708),</strong></span> <span class='ocrx_word' id='word_1_245' title='bbox 3152 2300 3341 2354; x_wconf 88' lang='lat' dir='ltr'><strong>timere</strong></span> <span class='ocrx_word' id='word_1_246' title='bbox 3371 2313 3481 2353; x_wconf 85' lang='lat' dir='ltr'><strong>nun</strong></span> 
     </span>
    </p>
   </div>
   <div class='ocr_carea' id='block_1_36' title="bbox 1887 2390 3483 2464">
    <p class='ocr_par' dir='ltr' id='par_1_36' title="bbox 1887 2390 3483 2464">
     <span class='ocr_line' id='line_1_36' title="bbox 1887 2390 3483 2464; baseline -0.003 -17"><span class='ocrx_word' id='word_1_247' title='bbox 1887 2394 2032 2464; x_wconf 84' lang='lat' dir='ltr'><strong>cogit</strong></span> <span class='ocrx_word' id='word_1_248' title='bbox 2060 2393 2236 2463; x_wconf 90' lang='lat' dir='ltr'><strong>jussio</strong></span> <span class='ocrx_word' id='word_1_249' title='bbox 2263 2409 2380 2447; x_wconf 86' lang='lat' dir='ltr'><strong>mea</strong></span> <span class='ocrx_word' id='word_1_250' title='bbox 2407 2411 2419 2447; x_wconf 90' lang='lat'>:</span> <span class='ocrx_word' id='word_1_251' title='bbox 2449 2392 2664 2447; x_wconf 86' lang='lat' dir='ltr'><strong>intersit</strong></span> <span class='ocrx_word' id='word_1_252' title='bbox 2694 2392 2931 2456; x_wconf 90' lang='lat' dir='ltr'><strong>illorum,</strong></span> <span class='ocrx_word' id='word_1_253' title='bbox 2965 2393 3066 2456; x_wconf 91' lang='lat' dir='ltr'><strong>uti,</strong></span> <span class='ocrx_word' id='word_1_254' title='bbox 3096 2407 3162 2445; x_wconf 85' lang='lat' dir='ltr'><strong>an</strong></span> <span class='ocrx_word' id='word_1_255' title='bbox 3194 2391 3344 2445; x_wconf 86' lang='lat' dir='ltr'><strong>abuti</strong></span> <span class='ocrx_word' id='word_1_256' title='bbox 3375 2390 3483 2443; x_wconf 85' lang='lat' dir='ltr'><strong>Do-</strong></span> 
     </span>
    </p>
   </div>
   <div class='ocr_carea' id='block_1_37' title="bbox 1892 2483 3484 2557">
    <p class='ocr_par' dir='ltr' id='par_1_37' title="bbox 1892 2483 3484 2557">
     <span class='ocr_line' id='line_1_37' title="bbox 1892 2483 3484 2557; baseline -0.003 -14"><span class='ocrx_word' id='word_1_257' title='bbox 1892 2488 2097 2543; x_wconf 88' lang='lat' dir='ltr'><strong>minico</strong></span> <span class='ocrx_word' id='word_1_258' title='bbox 2146 2489 2446 2543; x_wconf 89' lang='lat' dir='ltr'><strong>decernant</strong></span> <span class='ocrx_word' id='word_1_259' title='bbox 2474 2488 2571 2557; x_wconf 92' lang='lat' dir='ltr'><strong>ipsi</strong></span> <span class='ocrx_word' id='word_1_260' title='bbox 2610 2494 2901 2556; x_wconf 75' lang='lat' dir='ltr'><strong>praecepto,</strong></span> <span class='ocrx_word' id='word_1_261' title='bbox 2935 2501 3021 2540; x_wconf 90' lang='lat' dir='ltr'><strong>me</strong></span> <span class='ocrx_word' id='word_1_262' title='bbox 3054 2486 3107 2539; x_wconf 91' lang='lat' dir='ltr'><strong>in</strong></span> <span class='ocrx_word' id='word_1_263' title='bbox 3137 2487 3239 2539; x_wconf 87' lang='lat' dir='ltr'><strong>hoc</strong></span> <span class='ocrx_word' id='word_1_264' title='bbox 3269 2483 3484 2553; x_wconf 77' lang='lat' dir='ltr'><strong>penitus</strong></span> 
     </span>
    </p>
   </div>
   <div class='ocr_carea' id='block_1_38' title="bbox 1886 2577 3481 2651">
    <p class='ocr_par' dir='ltr' id='par_1_38' title="bbox 1886 2577 3481 2651">
     <span class='ocr_line' id='line_1_38' title="bbox 1886 2577 3481 2651; baseline -0.003 -15"><span class='ocrx_word' id='word_1_265' title='bbox 1886 2581 2181 2650; x_wconf 91' lang='lat' dir='ltr'><strong>inculpato.</strong></span> <span class='ocrx_word' id='word_1_266' title='bbox 2216 2581 2292 2634; x_wconf 89' lang='lat' dir='ltr'><strong>De</strong></span> <span class='ocrx_word' id='word_1_267' title='bbox 2318 2580 2586 2650; x_wconf 86' lang='lat' dir='ltr'><strong>episcopis</strong></span> <span class='ocrx_word' id='word_1_268' title='bbox 2629 2579 2778 2651; x_wconf 89' lang='lat'><strong>(709)</strong></span> <span class='ocrx_word' id='word_1_269' title='bbox 2825 2589 3104 2644; x_wconf 70' lang='lat' dir='ltr'><strong>cteterum,</strong></span> <span class='ocrx_word' id='word_1_270' title='bbox 3157 2594 3293 2649; x_wconf 88' lang='lat' dir='ltr'><strong>quos</strong></span> <span class='ocrx_word' id='word_1_271' title='bbox 3334 2577 3481 2633; x_wconf 79' lang='lat' dir='ltr'><strong>ordi-</strong></span> 
     </span>
    </p>
   </div>
   <div class='ocr_carea' id='block_1_39' title="bbox 1886 2672 3486 2746">
    <p class='ocr_par' dir='ltr' id='par_1_39' title="bbox 1886 2672 3486 2746">
     <span class='ocr_line' id='line_1_39' title="bbox 1886 2672 3486 2746; baseline -0.002 -17"><span class='ocrx_word' id='word_1_272' title='bbox 1886 2692 2043 2730; x_wconf 85' lang='lat' dir='ltr'><strong>nasse</strong></span> <span class='ocrx_word' id='word_1_273' title='bbox 2069 2676 2236 2730; x_wconf 83' lang='lat' dir='ltr'><strong>isdem</strong></span> <span class='ocrx_word' id='word_1_274' title='bbox 2268 2676 2558 2746; x_wconf 84' lang='lat' dir='ltr'><strong>Opponitur</strong></span> <span class='ocrx_word' id='word_1_275' title='bbox 2589 2674 2652 2728; x_wconf 92' lang='lat' dir='ltr'><strong>ad</strong></span> <span class='ocrx_word' id='word_1_276' title='bbox 2684 2676 3147 2746; x_wconf 90' lang='lat' dir='ltr'><strong>presbyteratum,</strong></span> <span class='ocrx_word' id='word_1_277' title='bbox 3179 2688 3289 2728; x_wconf 91' lang='lat' dir='ltr'><strong>non</strong></span> <span class='ocrx_word' id='word_1_278' title='bbox 3326 2672 3486 2726; x_wconf 88' lang='lat' dir='ltr'><strong>aliter</strong></span> 
     </span>
    </p>
   </div>
   <div class='ocr_carea' id='block_1_40' title="bbox 1886 2762 3481 2839">
    <p class='ocr_par' dir='ltr' id='par_1_40' title="bbox 1886 2762 3481 2839">
     <span class='ocr_line' id='line_1_40' title="bbox 1886 2762 3481 2839; baseline -0.005 -16"><span class='ocrx_word' id='word_1_279' title='bbox 1886 2784 2005 2823; x_wconf 79' lang='lat' dir='ltr'><strong>mea</strong></span> <span class='ocrx_word' id='word_1_280' title='bbox 2053 2766 2321 2822; x_wconf 87' lang='lat' dir='ltr'><strong>satisfacit</strong></span> <span class='ocrx_word' id='word_1_281' title='bbox 2372 2765 2520 2839; x_wconf 80' lang='lat' dir='ltr'><strong>(7l0)</strong></span> <span class='ocrx_word' id='word_1_282' title='bbox 2573 2767 2793 2835; x_wconf 76' lang='lat' dir='ltr'><strong>inertia,</strong></span> <span class='ocrx_word' id='word_1_283' title='bbox 2841 2766 2942 2820; x_wconf 92' lang='lat' dir='ltr'><strong>nisi</strong></span> <span class='ocrx_word' id='word_1_284' title='bbox 2994 2774 3055 2819; x_wconf 90' lang='lat' dir='ltr'><strong>ut</strong></span> <span class='ocrx_word' id='word_1_285' title='bbox 3102 2762 3481 2835; x_wconf 62' lang='lat' dir='ltr'><strong>respondeam:</strong></span> 
     </span>
    </p>
   </div>
   <div class='ocr_carea' id='block_1_41' title="bbox 1887 2854 3481 2931">
    <p class='ocr_par' dir='ltr' id='par_1_41' title="bbox 1887 2854 3481 2931">
     <span class='ocr_line' id='line_1_41' title="bbox 1887 2854 3481 2931; baseline -0.003 -18"><span class='ocrx_word' id='word_1_286' title='bbox 1887 2860 2013 2931; x_wconf 88' lang='lat' dir='ltr'><strong>quia</strong></span> <span class='ocrx_word' id='word_1_287' title='bbox 2066 2861 2425 2931; x_wconf 82' lang='lat' dir='ltr'><strong>unusquisque</strong></span> <span class='ocrx_word' id='word_1_288' title='bbox 2475 2875 2607 2912; x_wconf 75' lang='lat' dir='ltr'><strong>onus</strong></span> <span class='ocrx_word' id='word_1_289' title='bbox 2662 2875 2814 2912; x_wconf 78' lang='lat' dir='ltr'><strong>suum</strong></span> <span class='ocrx_word' id='word_1_290' title='bbox 2863 2856 3087 2927; x_wconf 84' lang='lat' dir='ltr'><strong>portabit</strong></span> <span class='ocrx_word' id='word_1_291' title='bbox 3121 2854 3262 2927; x_wconf 83' lang='lat' dir='ltr'><strong>(Cal.</strong></span> <span class='ocrx_word' id='word_1_292' title='bbox 3296 2870 3370 2920; x_wconf 88' lang='lat' dir='ltr'><strong>vI,</strong></span> <span class='ocrx_word' id='word_1_293' title='bbox 3404 2854 3481 2923; x_wconf 83' lang='lat'><strong>5).</strong></span> 
     </span>
    </p>
   </div>
   <div class='ocr_carea' id='block_1_42' title="bbox 251 2938 3479 3025">
    <p class='ocr_par' dir='ltr' id='par_1_42' title="bbox 251 2938 3479 3025">
     <span class='ocr_line' id='line_1_42' title="bbox 251 2938 3479 3025; baseline 0.001 -25"><span class='ocrx_word' id='word_1_294' title='bbox 251 2942 425 3015; x_wconf 75' lang='lat' dir='ltr'><strong>Leges</strong></span> <span class='ocrx_word' id='word_1_295' title='bbox 476 2947 625 3001; x_wconf 89' lang='lat' dir='ltr'><strong>inter</strong></span> <span class='ocrx_word' id='word_1_296' title='bbox 674 2948 810 3003; x_wconf 85' lang='lat' dir='ltr'><strong>bella</strong></span> <span class='ocrx_word' id='word_1_297' title='bbox 871 2950 1030 3007; x_wconf 84' lang='lat' dir='ltr'><strong>silere</strong></span> <span class='ocrx_word' id='word_1_298' title='bbox 1077 2952 1252 3009; x_wconf 85' lang='lat' dir='ltr'><strong>Tullio</strong></span> <span class='ocrx_word' id='word_1_299' title='bbox 1300 2955 1581 3010; x_wconf 85' lang='lat' dir='ltr'><strong>didicerim</strong></span> <span class='ocrx_word' id='word_1_300' title='bbox 1631 2955 1779 3021; x_wconf 87' lang='lat' dir='ltr'><strong>licet,</strong></span> <span class='ocrx_word' id='word_1_301' title='bbox 1813 2938 1858 2997; x_wconf 77' lang='grc' dir='ltr'><strong><em>Β</em></strong></span> <span class='ocrx_word' id='word_1_302' title='bbox 1891 2956 2108 3012; x_wconf 87' lang='lat' dir='ltr'><strong>Utinam</strong></span> <span class='ocrx_word' id='word_1_303' title='bbox 2140 2971 2271 3011; x_wconf 89' lang='lat' dir='ltr'><strong>vero</strong></span> <span class='ocrx_word' id='word_1_304' title='bbox 2318 2955 2557 3025; x_wconf 88' lang='lat' dir='ltr'><strong>ipsorum</strong></span> <span class='ocrx_word' id='word_1_305' title='bbox 2613 2954 2973 3021; x_wconf 74' lang='lat' dir='ltr'><strong>transgressio</strong></span> <span class='ocrx_word' id='word_1_306' title='bbox 3024 2954 3251 3007; x_wconf 90' lang='lat' dir='ltr'><strong>istorum</strong></span> <span class='ocrx_word' id='word_1_307' title='bbox 3283 2951 3479 3004; x_wconf 84' lang='lat' dir='ltr'><strong>saltent</strong></span> 
     </span>
    </p>
   </div>
   <div class='ocr_carea' id='block_1_43' title="bbox 182 3040 1784 3121">
    <p class='ocr_par' dir='ltr' id='par_1_43' title="bbox 182 3040 1784 3121">
     <span class='ocr_line' id='line_1_43' title="bbox 182 3040 1784 3121; baseline 0.008 -30"><span class='ocrx_word' id='word_1_308' title='bbox 182 3053 286 3091; x_wconf 79' lang='lat' dir='ltr'><strong>non</strong></span> <span class='ocrx_word' id='word_1_309' title='bbox 337 3040 647 3107; x_wconf 76' lang='lat' dir='ltr'><strong>Augustino</strong></span> <span class='ocrx_word' id='word_1_310' title='bbox 700 3041 961 3110; x_wconf 88' lang='lat' dir='ltr'><strong>docente;</strong></span> <span class='ocrx_word' id='word_1_311' title='bbox 1016 3044 1285 3102; x_wconf 60' lang='lat' dir='ltr'><strong>hesterna“:</strong></span> <span class='ocrx_word' id='word_1_312' title='bbox 1336 3048 1784 3121; x_wconf 79' lang='lat' dir='ltr'><strong>promulgationis</strong></span> 
     </span>
    </p>
   </div>
   <div class='ocr_carea' id='block_1_44' title="bbox 187 3131 1785 3199">
    <p class='ocr_par' dir='ltr' id='par_1_44' title="bbox 187 3131 1785 3199">
     <span class='ocr_line' id='line_1_44' title="bbox 187 3131 1785 3199; baseline 0.009 -17"><span class='ocrx_word' id='word_1_313' title='bbox 187 3131 329 3199; x_wconf 62' lang='lat' dir='ltr'><strong>i705)</strong></span> <span class='ocrx_word' id='word_1_314' title='bbox 358 3133 631 3197; x_wconf 78' lang='lat' dir='ltr'><strong>judicium</strong></span> <span class='ocrx_word' id='word_1_315' title='bbox 662 3149 771 3189; x_wconf 90' lang='lat' dir='ltr'><strong>non</strong></span> <span class='ocrx_word' id='word_1_316' title='bbox 805 3138 1048 3192; x_wconf 83' lang='lat' dir='ltr'><strong>unanimi</strong></span> <span class='ocrx_word' id='word_1_317' title='bbox 1102 3156 1222 3193; x_wconf 91' lang='lat' dir='ltr'><strong>cum</strong></span> <span class='ocrx_word' id='word_1_318' title='bbox 1251 3156 1347 3196; x_wconf 91' lang='lat' dir='ltr'><strong>vos</strong></span> <span class='ocrx_word' id='word_1_319' title='bbox 1399 3141 1785 3197; x_wconf 84' lang='lat' dir='ltr'><strong>consideravc-</strong></span> 
     </span>
    </p>
   </div>
   <div class='ocr_carea' id='block_1_45' title="bbox 186 3226 1781 3305">
    <p class='ocr_par' dir='ltr' id='par_1_45' title="bbox 186 3226 1781 3305">
     <span class='ocr_line' id='line_1_45' title="bbox 186 3226 1781 3305; baseline 0.007 -27"><span class='ocrx_word' id='word_1_320' title='bbox 186 3226 282 3278; x_wconf 81' lang='lat' dir='ltr'><strong>rim</strong></span> <span class='ocrx_word' id='word_1_321' title='bbox 313 3226 627 3283; x_wconf 84' lang='lat' dir='ltr'><strong>laudavisse</strong></span> <span class='ocrx_word' id='word_1_322' title='bbox 656 3244 943 3295; x_wconf 87' lang='lat' dir='ltr'><strong>consensu,</strong></span> <span class='ocrx_word' id='word_1_323' title='bbox 973 3232 1023 3285; x_wconf 91' lang='lat' dir='ltr'><strong>in</strong></span> <span class='ocrx_word' id='word_1_324' title='bbox 1055 3242 1304 3304; x_wconf 88' lang='lat' dir='ltr'><strong>promptu</strong></span> <span class='ocrx_word' id='word_1_325' title='bbox 1337 3232 1438 3288; x_wconf 91' lang='lat' dir='ltr'><strong>fuit</strong></span> <span class='ocrx_word' id='word_1_326' title='bbox 1466 3250 1781 3305; x_wconf 86' lang='lat' dir='ltr'><strong>agnoscere,</strong></span> 
     </span>
    </p>
   </div>
   <div class='ocr_carea' id='block_1_46' title="bbox 188 3320 1783 3395">
    <p class='ocr_par' dir='ltr' id='par_1_46' title="bbox 188 3320 1783 3395">
     <span class='ocr_line' id='line_1_46' title="bbox 188 3320 1783 3395; baseline 0.006 -26"><span class='ocrx_word' id='word_1_327' title='bbox 188 3334 431 3372; x_wconf 90' lang='lat' dir='ltr'><strong>umrmur</strong></span> <span class='ocrx_word' id='word_1_328' title='bbox 482 3320 609 3375; x_wconf 82' lang='lat' dir='ltr'><strong>inde</strong></span> <span class='ocrx_word' id='word_1_329' title='bbox 660 3322 840 3390; x_wconf 90' lang='lat' dir='ltr'><strong>potius</strong></span> <span class='ocrx_word' id='word_1_330' title='bbox 881 3323 1174 3378; x_wconf 89' lang='lat' dir='ltr'><strong>multorum</strong></span> <span class='ocrx_word' id='word_1_331' title='bbox 1225 3340 1389 3395; x_wconf 87' lang='lat' dir='ltr'><strong>quam</strong></span> <span class='ocrx_word' id='word_1_332' title='bbox 1442 3325 1783 3381; x_wconf 89' lang='lat' dir='ltr'><strong>rectitudinis</strong></span> 
     </span>
    </p>
   </div>
   <div class='ocr_carea' id='block_1_47' title="bbox 186 3410 1785 3481">
    <p class='ocr_par' dir='ltr' id='par_1_47' title="bbox 186 3410 1785 3481">
     <span class='ocr_line' id='line_1_47' title="bbox 186 3410 1785 3481; baseline 0.006 -20"><span class='ocrx_word' id='word_1_333' title='bbox 186 3410 517 3478; x_wconf 57' lang='lat' dir='ltr'><strong>praeconium</strong></span> <span class='ocrx_word' id='word_1_334' title='bbox 584 3428 1014 3481; x_wconf 89' lang='lat' dir='ltr'><strong>processurum,</strong></span> <span class='ocrx_word' id='word_1_335' title='bbox 1068 3417 1151 3471; x_wconf 91' lang='lat' dir='ltr'><strong>vel</strong></span> <span class='ocrx_word' id='word_1_336' title='bbox 1208 3417 1425 3472; x_wconf 86' lang='lat' dir='ltr'><strong>utilitati</strong></span> <span class='ocrx_word' id='word_1_337' title='bbox 1476 3417 1785 3472; x_wconf 89' lang='lat' dir='ltr'><strong>animarum</strong></span> 
     </span>
    </p>
   </div>
   <div class='ocr_carea' id='block_1_48' title="bbox 184 3501 1785 3579">
    <p class='ocr_par' dir='ltr' id='par_1_48' title="bbox 184 3501 1785 3579">
     <span class='ocr_line' id='line_1_48' title="bbox 184 3501 1785 3579; baseline 0.011 -28"><span class='ocrx_word' id='word_1_338' title='bbox 184 3501 485 3570; x_wconf 81' lang='lat' dir='ltr'><strong>proficuum</strong></span> <span class='ocrx_word' id='word_1_339' title='bbox 546 3504 783 3573; x_wconf 86' lang='lat' dir='ltr'><strong>aliquem</strong></span> <span class='ocrx_word' id='word_1_340' title='bbox 812 3507 979 3579; x_wconf 75' lang='lat'><strong>328</strong></span> <span class='ocrx_word' id='word_1_341' title='bbox 1008 3508 1262 3564; x_wconf 86' lang='lat' dir='ltr'><strong>fructum.</strong></span> <span class='ocrx_word' id='word_1_342' title='bbox 1306 3511 1463 3568; x_wconf 87' lang='lat' dir='ltr'><strong>Unde</strong></span> <span class='ocrx_word' id='word_1_343' title='bbox 1512 3528 1580 3568; x_wconf 89' lang='lat' dir='ltr'><strong>ne</strong></span> <span class='ocrx_word' id='word_1_344' title='bbox 1613 3522 1785 3568; x_wconf 56' lang='lat' dir='ltr'><strong>teme.</strong></span> 
     </span>
    </p>
   </div>
   <div class='ocr_carea' id='block_1_49' title="bbox 186 3597 1786 3674">
    <p class='ocr_par' dir='ltr' id='par_1_49' title="bbox 186 3597 1786 3674">
     <span class='ocr_line' id='line_1_49' title="bbox 186 3597 1786 3674; baseline 0.006 -25"><span class='ocrx_word' id='word_1_345' title='bbox 186 3598 363 3651; x_wconf 75' lang='lat' dir='ltr'><strong>rarius</strong></span> <span class='ocrx_word' id='word_1_346' title='bbox 409 3597 516 3650; x_wconf 89' lang='lat' dir='ltr'><strong>mei</strong></span> <span class='ocrx_word' id='word_1_347' title='bbox 586 3597 758 3668; x_wconf 88' lang='lat' dir='ltr'><strong>ipsius</strong></span> <span class='ocrx_word' id='word_1_348' title='bbox 807 3599 1075 3667; x_wconf 80' lang='lat' dir='ltr'><strong>laudator,</strong></span> <span class='ocrx_word' id='word_1_349' title='bbox 1124 3613 1179 3657; x_wconf 90' lang='lat' dir='ltr'><strong>et</strong></span> <span class='ocrx_word' id='word_1_350' title='bbox 1218 3603 1351 3658; x_wconf 90' lang='lat' dir='ltr'><strong>mihi</strong></span> <span class='ocrx_word' id='word_1_351' title='bbox 1401 3603 1563 3658; x_wconf 68' lang='lat' dir='ltr'><strong>illane</strong></span> <span class='ocrx_word' id='word_1_352' title='bbox 1606 3604 1786 3674; x_wconf 84' lang='lat' dir='ltr'><strong>potius</strong></span> 
     </span>
    </p>
   </div>
   <div class='ocr_carea' id='block_1_50' title="bbox 184 3687 1784 3764">
    <p class='ocr_par' dir='ltr' id='par_1_50' title="bbox 184 3687 1784 3764">
     <span class='ocr_line' id='line_1_50' title="bbox 184 3687 1784 3764; baseline 0.003 -20"><span class='ocrx_word' id='word_1_353' title='bbox 184 3687 396 3758; x_wconf 75' lang='lat' dir='ltr'><strong>injuria:</strong></span> <span class='ocrx_word' id='word_1_354' title='bbox 427 3690 597 3757; x_wconf 90' lang='lat' dir='ltr'><strong>ultor,</strong></span> <span class='ocrx_word' id='word_1_355' title='bbox 628 3705 792 3761; x_wconf 89' lang='lat' dir='ltr'><strong>quam</strong></span> <span class='ocrx_word' id='word_1_356' title='bbox 834 3692 1009 3763; x_wconf 84' lang='lat' dir='ltr'><strong>legum</strong></span> <span class='ocrx_word' id='word_1_357' title='bbox 1042 3692 1256 3764; x_wconf 86' lang='lat' dir='ltr'><strong>jndicer</strong></span> <span class='ocrx_word' id='word_1_358' title='bbox 1284 3704 1597 3761; x_wconf 84' lang='lat' dir='ltr'><strong>exsecutor,</strong></span> <span class='ocrx_word' id='word_1_359' title='bbox 1629 3696 1784 3749; x_wconf 87' lang='lat' dir='ltr'><strong>inva-</strong></span> 
     </span>
    </p>
   </div>
   <div class='ocr_carea' id='block_1_51' title="bbox 253 3929 1789 3999">
    <p class='ocr_par' dir='ltr' id='par_1_51' title="bbox 253 3929 1789 3999">
     <span class='ocr_line' id='line_1_51' title="bbox 253 3929 1789 3999; baseline 0.007 -18"><span class='ocrx_word' id='word_1_360' title='bbox 253 3929 405 3999; x_wconf 69' lang='lat'><strong>(702)</strong></span> <span class='ocrx_word' id='word_1_361' title='bbox 452 3930 569 3985; x_wconf 82' lang='lat' dir='ltr'><strong>Hoc</strong></span> <span class='ocrx_word' id='word_1_362' title='bbox 618 3930 893 3988; x_wconf 86' lang='lat' dir='ltr'><strong>decretum</strong></span> <span class='ocrx_word' id='word_1_363' title='bbox 957 3943 1117 3988; x_wconf 87' lang='lat' dir='ltr'><strong>antea</strong></span> <span class='ocrx_word' id='word_1_364' title='bbox 1165 3936 1424 3990; x_wconf 90' lang='lat' dir='ltr'><strong>ineditmn</strong></span> <span class='ocrx_word' id='word_1_365' title='bbox 1471 3936 1711 3991; x_wconf 82' lang='lat' dir='ltr'><strong>emimus</strong></span> <span class='ocrx_word' id='word_1_366' title='bbox 1756 3953 1789 3992; x_wconf 87' lang='lat' dir='ltr'><strong>e</strong></span> 
     </span>
    </p>
   </div>
   <div class='ocr_carea' id='block_1_52' title="bbox 186 4001 1789 4077">
    <p class='ocr_par' dir='ltr' id='par_1_52' title="bbox 186 4001 1789 4077">
     <span class='ocr_line' id='line_1_52' title="bbox 186 4001 1789 4077; baseline 0.004 -22"><span class='ocrx_word' id='word_1_367' title='bbox 186 4016 288 4055; x_wconf 87' lang='lat' dir='ltr'><strong>ms.</strong></span> <span class='ocrx_word' id='word_1_368' title='bbox 318 4001 922 4077; x_wconf 26' lang='lat' dir='ltr'><strong>Fr_is_in_gensi,_‘inquo</strong></span> <span class='ocrx_word' id='word_1_369' title='bbox 968 4015 1090 4073; x_wconf 90' lang='lat' dir='ltr'><strong>post</strong></span> <span class='ocrx_word' id='word_1_370' title='bbox 1127 4004 1445 4060; x_wconf 68' lang='lat' dir='ltr'><strong>Invectivam</strong></span> <span class='ocrx_word' id='word_1_371' title='bbox 1474 4009 1789 4077; x_wconf 67' lang='lat' dir='ltr'><strong>prmceden-</strong></span> 
     </span>
    </p>
   </div>
   <div class='ocr_carea' id='block_1_53' title="bbox 188 4071 1788 4153">
    <p class='ocr_par' dir='ltr' id='par_1_53' title="bbox 188 4071 1788 4153">
     <span class='ocr_line' id='line_1_53' title="bbox 188 4071 1788 4153; baseline 0.005 -29"><span class='ocrx_word' id='word_1_372' title='bbox 188 4080 292 4153; x_wconf 68' lang='lat' dir='ltr'><strong>tem</strong></span> <span class='ocrx_word' id='word_1_373' title='bbox 319 4073 631 4140; x_wconf 77' lang='lat' dir='ltr'><strong>subjicitur.</strong></span> <span class='ocrx_word' id='word_1_374' title='bbox 666 4071 924 4141; x_wconf 79' lang='lat' dir='ltr'><strong>Titulum,</strong></span> <span class='ocrx_word' id='word_1_375' title='bbox 958 4071 1049 4146; x_wconf 81' lang='lat' dir='ltr'><strong>qui</strong></span> <span class='ocrx_word' id='word_1_376' title='bbox 1086 4071 1521 4143; x_wconf 78' lang='lat' dir='ltr'><strong>desiderabatur,</strong></span> <span class='ocrx_word' id='word_1_377' title='bbox 1571 4078 1788 4149; x_wconf 84' lang='lat' dir='ltr'><strong>supple-</strong></span> 
     </span>
    </p>
   </div>
   <div class='ocr_carea' id='block_1_54' title="bbox 187 4155 387 4195">
    <p class='ocr_par' dir='ltr' id='par_1_54' title="bbox 187 4155 387 4195">
     <span class='ocr_line' id='line_1_54' title="bbox 187 4155 387 4195; baseline 0.01 -2"><span class='ocrx_word' id='word_1_378' title='bbox 187 4155 387 4195; x_wconf 67' lang='lat' dir='ltr'><strong>“tuus.</strong></span> 
     </span>
    </p>
   </div>
   <div class='ocr_carea' id='block_1_55' title="bbox 254 4213 1785 4288">
    <p class='ocr_par' dir='ltr' id='par_1_55' title="bbox 254 4213 1785 4288">
     <span class='ocr_line' id='line_1_55' title="bbox 254 4213 1785 4288; baseline 0.007 -23"><span class='ocrx_word' id='word_1_379' title='bbox 254 4213 975 4288; x_wconf 67' lang='lat' dir='ltr'><strong>(70.3)_C:itiottes_respicit,</strong></span> <span class='ocrx_word' id='word_1_380' title='bbox 1004 4234 1141 4288; x_wconf 92' lang='lat' dir='ltr'><strong>quos</strong></span> <span class='ocrx_word' id='word_1_381' title='bbox 1178 4219 1229 4271; x_wconf 92' lang='lat' dir='ltr'><strong>in</strong></span> <span class='ocrx_word' id='word_1_382' title='bbox 1264 4219 1425 4272; x_wconf 89' lang='lat' dir='ltr'><strong>tertio</strong></span> <span class='ocrx_word' id='word_1_383' title='bbox 1456 4219 1785 4275; x_wconf 89' lang='lat' dir='ltr'><strong>documento</strong></span> 
     </span>
    </p>
   </div>
   <div class='ocr_carea' id='block_1_56' title="bbox 189 4285 1783 4359">
    <p class='ocr_par' dir='ltr' id='par_1_56' title="bbox 189 4285 1783 4359">
     <span class='ocr_line' id='line_1_56' title="bbox 189 4285 1783 4359; baseline 0.004 -22"><span class='ocrx_word' id='word_1_384' title='bbox 189 4299 274 4359; x_wconf 64' lang='lat' dir='ltr'><strong>sint</strong></span> <span class='ocrx_word' id='word_1_385' title='bbox 295 4285 494 4359; x_wconf 75' lang='lat' dir='ltr'><strong>libello</strong></span> <span class='ocrx_word' id='word_1_386' title='bbox 516 4285 647 4359; x_wconf 77' lang='lat' dir='ltr'><strong>clet&#39;i</strong></span> <span class='ocrx_word' id='word_1_387' title='bbox 677 4285 1001 4343; x_wconf 79' lang='lat' dir='ltr'><strong>Veronensis</strong></span> <span class='ocrx_word' id='word_1_388' title='bbox 1025 4285 1247 4351; x_wconf 75' lang='lat' dir='ltr'><strong>nomine</strong></span> <span class='ocrx_word' id='word_1_389' title='bbox 1280 4290 1539 4359; x_wconf 83' lang='lat' dir='ltr'><strong>inscripto</strong></span> <span class='ocrx_word' id='word_1_390' title='bbox 1566 4292 1633 4343; x_wconf 89' lang='lat' dir='ltr'><strong>ab</strong></span> <span class='ocrx_word' id='word_1_391' title='bbox 1666 4292 1783 4358; x_wconf 89' lang='lat' dir='ltr'><strong>ipso</strong></span> 
     </span>
    </p>
   </div>
   <div class='ocr_carea' id='block_1_57' title="bbox 191 4355 1784 4431">
    <p class='ocr_par' dir='ltr' id='par_1_57' title="bbox 191 4355 1784 4431">
     <span class='ocr_line' id='line_1_57' title="bbox 191 4355 1784 4431; baseline 0.004 -23"><span class='ocrx_word' id='word_1_392' title='bbox 191 4355 451 4431; x_wconf 73' lang='lat' dir='ltr'><strong>Ratbcrio</strong></span> <span class='ocrx_word' id='word_1_393' title='bbox 480 4356 738 4411; x_wconf 85' lang='lat' dir='ltr'><strong>collectos</strong></span> <span class='ocrx_word' id='word_1_394' title='bbox 782 4360 1043 4413; x_wconf 79' lang='lat' dir='ltr'><strong>invenies.</strong></span> <span class='ocrx_word' id='word_1_395' title='bbox 1098 4359 1161 4414; x_wconf 86' lang='lat' dir='ltr'><strong>lli</strong></span> <span class='ocrx_word' id='word_1_396' title='bbox 1210 4355 1657 4431; x_wconf 77' lang='lat' dir='ltr'><strong>antemrigidius</strong></span> <span class='ocrx_word' id='word_1_397' title='bbox 1685 4355 1784 4415; x_wconf 82' lang='lat' dir='ltr'><strong>ali-</strong></span> 
     </span>
    </p>
   </div>
   <div class='ocr_carea' id='block_1_58' title="bbox 189 4428 1780 4549">
    <p class='ocr_par' dir='ltr' id='par_1_58' title="bbox 189 4428 1780 4549">
     <span class='ocr_line' id='line_1_58' title="bbox 189 4428 1780 4549; baseline 0.006 -73"><span class='ocrx_word' id='word_1_398' title='bbox 189 4428 273 4495; x_wconf 90' lang='lat' dir='ltr'><strong>qni</strong></span> <span class='ocrx_word' id='word_1_399' title='bbox 300 4429 635 4549; x_wconf 30' lang='lat' dir='ltr'><strong>Instatuunt,</strong></span> <span class='ocrx_word' id='word_1_400' title='bbox 672 4442 833 4497; x_wconf 89' lang='lat' dir='ltr'><strong>quam</strong></span> <span class='ocrx_word' id='word_1_401' title='bbox 862 4433 1003 4500; x_wconf 88' lang='lat' dir='ltr'><strong>quod</strong></span> <span class='ocrx_word' id='word_1_402' title='bbox 1052 4432 1103 4485; x_wconf 94' lang='lat' dir='ltr'><strong>in</strong></span> <span class='ocrx_word' id='word_1_403' title='bbox 1147 4434 1398 4503; x_wconf 80' lang='lat' dir='ltr'><strong>praesenti</strong></span> <span class='ocrx_word' id='word_1_404' title='bbox 1428 4428 1651 4487; x_wconf 73' lang='lat' dir='ltr'><strong>decreto</strong></span> <span class='ocrx_word' id='word_1_405' title='bbox 1682 4432 1780 4486; x_wconf 90' lang='lat' dir='ltr'><strong>de-</strong></span> 
     </span>
     <span class='ocr_line' id='line_1_59' title="bbox 192 4514 453 4549; baseline 0 0"><span class='ocrx_word' id='word_1_406' title='bbox 192 4514 332 4549; x_wconf 73' lang='lat' dir='ltr'><strong>CL‘I‘IH</strong></span> <span class='ocrx_word' id='word_1_407' title='bbox 366 4514 453 4549; x_wconf 84' lang='grc' dir='ltr'><strong>ΙΙΓ.</strong></span> 
     </span>
    </p>
   </div>
   <div class='ocr_carea' id='block_1_59' title="bbox 192 4514 453 4550">
    <p class='ocr_par' dir='ltr' id='par_1_59' title="bbox 192 4514 453 4550">
     <span class='ocr_line' id='line_1_60' title="bbox 192 4514 453 4550; baseline 0 0"><span class='ocrx_word' id='word_1_408' title='bbox 192 4514 396 4550; x_wconf 62' lang='grc'><strong>001⁸111111</strong></span> <span class='ocrx_word' id='word_1_409' title='bbox 408 4514 453 4550; x_wconf 86' lang='grc' dir='ltr'><strong>Γ.</strong></span> 
     </span>
    </p>
   </div>
   <div class='ocr_carea' id='block_1_60' title="bbox 257 4567 1781 4640">
    <p class='ocr_par' dir='ltr' id='par_1_60' title="bbox 257 4567 1781 4640">
     <span class='ocr_line' id='line_1_61' title="bbox 257 4567 1781 4640; baseline 0.007 -24"><span class='ocrx_word' id='word_1_410' title='bbox 257 4567 406 4637; x_wconf 75' lang='grc'><strong>(701)</strong></span> <span class='ocrx_word' id='word_1_411' title='bbox 456 4570 589 4624; x_wconf 82' lang='lat' dir='ltr'><strong>Cum</strong></span> <span class='ocrx_word' id='word_1_412' title='bbox 641 4585 786 4625; x_wconf 89' lang='lat' dir='ltr'><strong>anno</strong></span> <span class='ocrx_word' id='word_1_413' title='bbox 818 4570 940 4635; x_wconf 81' lang='lat'><strong>965,</strong></span> <span class='ocrx_word' id='word_1_414' title='bbox 989 4586 1097 4640; x_wconf 84' lang='lat' dir='ltr'><strong>quo</strong></span> <span class='ocrx_word' id='word_1_415' title='bbox 1138 4572 1240 4625; x_wconf 89' lang='lat' dir='ltr'><strong>hoc</strong></span> <span class='ocrx_word' id='word_1_416' title='bbox 1281 4572 1555 4627; x_wconf 90' lang='lat' dir='ltr'><strong>decretum</strong></span> <span class='ocrx_word' id='word_1_417' title='bbox 1597 4573 1781 4627; x_wconf 88' lang='lat' dir='ltr'><strong>datum</strong></span> 
     </span>
    </p>
   </div>
   <div class='ocr_carea' id='block_1_61' title="bbox 193 4636 1784 4765">
    <p class='ocr_par' dir='ltr' id='par_1_61' title="bbox 193 4636 1784 4765">
     <span class='ocr_line' id='line_1_62' title="bbox 193 4636 1784 4765; baseline 0.006 -76"><span class='ocrx_word' id='word_1_418' title='bbox 193 4636 357 4692; x_wconf 85' lang='lat' dir='ltr'><strong>fuisse</strong></span> <span class='ocrx_word' id='word_1_419' title='bbox 390 4636 454 4691; x_wconf 88' lang='lat' dir='ltr'><strong>in</strong></span> <span class='ocrx_word' id='word_1_420' title='bbox 507 4640 627 4694; x_wconf 82' lang='lat' dir='ltr'><strong>Vita</strong></span> <span class='ocrx_word' id='word_1_421' title='bbox 684 4636 1035 4711; x_wconf 75' lang='lat' dir='ltr'><strong>probavimus</strong></span> <span class='ocrx_word' id='word_1_422' title='bbox 1085 4641 1111 4765; x_wconf 53' lang='grc' dir='ltr'><em>ξ</em></span> <span class='ocrx_word' id='word_1_423' title='bbox 1166 4641 1251 4705; x_wconf 71' lang='grc'><strong>11,</strong></span> <span class='ocrx_word' id='word_1_424' title='bbox 1303 4642 1455 4711; x_wconf 72' lang='lat' dir='ltr'><strong>cyclo</strong></span> <span class='ocrx_word' id='word_1_425' title='bbox 1493 4643 1655 4698; x_wconf 89' lang='lat' dir='ltr'><strong>solari</strong></span> <span class='ocrx_word' id='word_1_426' title='bbox 1710 4658 1784 4698; x_wconf 77' lang='lat' dir='ltr'><strong>xx</strong></span> 
     </span>
     <span class='ocr_line' id='line_1_63' title="bbox 193 4706 1784 4765; baseline 0.003 -5"><span class='ocrx_word' id='word_1_427' title='bbox 193 4706 365 4761; x_wconf 88' lang='lat' dir='ltr'><strong>littera</strong></span> <span class='ocrx_word' id='word_1_428' title='bbox 398 4710 753 4765; x_wconf 85' lang='lat' dir='ltr'><strong>Dominicalis</strong></span> <span class='ocrx_word' id='word_1_429' title='bbox 786 4722 928 4765; x_wconf 84' lang='lat' dir='ltr'><strong>esset</strong></span> <span class='ocrx_word' id='word_1_430' title='bbox 976 4712 1037 4765; x_wconf 84' lang='grc' dir='ltr'><strong>υ.</strong></span> <span class='ocrx_word' id='word_1_431' title='bbox 1112 4713 1365 4765; x_wconf 83' lang='lat' dir='ltr'><strong>)ominica</strong></span> <span class='ocrx_word' id='word_1_432' title='bbox 1415 4715 1651 4765; x_wconf 80' lang='lat' dir='ltr'><strong>secunda</strong></span> <span class='ocrx_word' id='word_1_433' title='bbox 1685 4714 1784 4765; x_wconf 86' lang='lat' dir='ltr'><strong>Fe-</strong></span> 
     </span>
    </p>
   </div>
   <div class='ocr_carea' id='block_1_62' title="bbox 193 4706 1787 4774">
    <p class='ocr_par' dir='ltr' id='par_1_62' title="bbox 193 4706 1787 4774">
     <span class='ocr_line' id='line_1_64' title="bbox 193 4706 1787 4774; baseline 0.006 -14"><span class='ocrx_word' id='word_1_434' title='bbox 193 4706 365 4761; x_wconf 87' lang='lat' dir='ltr'><strong>littera</strong></span> <span class='ocrx_word' id='word_1_435' title='bbox 398 4706 753 4766; x_wconf 82' lang='lat' dir='ltr'><strong>Dominicalis</strong></span> <span class='ocrx_word' id='word_1_436' title='bbox 786 4722 928 4766; x_wconf 83' lang='lat' dir='ltr'><strong>esset</strong></span> <span class='ocrx_word' id='word_1_437' title='bbox 976 4712 1037 4774; x_wconf 86' lang='grc' dir='ltr'><strong>υ,</strong></span> <span class='ocrx_word' id='word_1_438' title='bbox 1086 4706 1365 4766; x_wconf 78' lang='lat' dir='ltr'><strong>Dominica</strong></span> <span class='ocrx_word' id='word_1_439' title='bbox 1415 4715 1651 4768; x_wconf 79' lang='lat' dir='ltr'><strong>secunda</strong></span> <span class='ocrx_word' id='word_1_440' title='bbox 1685 4714 1787 4770; x_wconf 86' lang='lat' dir='ltr'><strong>Fe-</strong></span> 
     </span>
    </p>
   </div>
   <div class='ocr_carea' id='block_1_63' title="bbox 194 4777 1674 4852">
    <p class='ocr_par' dir='ltr' id='par_1_63' title="bbox 194 4777 1674 4852">
     <span class='ocr_line' id='line_1_65' title="bbox 194 4777 1674 4852; baseline 0.004 -20"><span class='ocrx_word' id='word_1_441' title='bbox 194 4777 391 4852; x_wconf 68' lang='lat' dir='ltr'><strong>bruarii</strong></span> <span class='ocrx_word' id='word_1_442' title='bbox 423 4780 612 4852; x_wconf 80' lang='lat' dir='ltr'><strong>incidit</strong></span> <span class='ocrx_word' id='word_1_443' title='bbox 648 4784 699 4835; x_wconf 92' lang='lat' dir='ltr'><strong>in</strong></span> <span class='ocrx_word' id='word_1_444' title='bbox 729 4782 869 4835; x_wconf 89' lang='lat' dir='ltr'><strong>diem</strong></span> <span class='ocrx_word' id='word_1_445' title='bbox 895 4783 1134 4852; x_wconf 83' lang='lat' dir='ltr'><strong>ejusdem</strong></span> <span class='ocrx_word' id='word_1_446' title='bbox 1172 4782 1373 4836; x_wconf 87' lang='lat' dir='ltr'><strong>mensis</strong></span> <span class='ocrx_word' id='word_1_447' title='bbox 1405 4793 1674 4838; x_wconf 89' lang='lat' dir='ltr'><strong>octavam.</strong></span> 
     </span>
    </p>
   </div>
   <div class='ocr_carea' id='block_1_64' title="bbox 264 4848 1788 4922">
    <p class='ocr_par' dir='ltr' id='par_1_64' title="bbox 264 4848 1788 4922">
     <span class='ocr_line' id='line_1_66' title="bbox 264 4848 1788 4922; baseline 0.005 -20"><span class='ocrx_word' id='word_1_448' title='bbox 264 4848 410 4919; x_wconf 79' lang='lat'><strong>(705)</strong></span> <span class='ocrx_word' id='word_1_449' title='bbox 449 4851 557 4907; x_wconf 90' lang='lat' dir='ltr'><strong>lloc</strong></span> <span class='ocrx_word' id='word_1_450' title='bbox 595 4856 873 4907; x_wconf 88' lang='lat' dir='ltr'><strong>decretum</strong></span> <span class='ocrx_word' id='word_1_451' title='bbox 907 4848 958 4906; x_wconf 79' lang='lat' dir='ltr'><strong>iii</strong></span> <span class='ocrx_word' id='word_1_452' title='bbox 996 4870 1094 4907; x_wconf 91' lang='lat' dir='ltr'><strong>ms.</strong></span> <span class='ocrx_word' id='word_1_453' title='bbox 1138 4852 1469 4922; x_wconf 88' lang='lat' dir='ltr'><strong>Frisingensi</strong></span> <span class='ocrx_word' id='word_1_454' title='bbox 1502 4856 1788 4922; x_wconf 81' lang='lat' dir='ltr'><strong>subjicitur</strong></span> 
     </span>
    </p>
   </div>
   <div class='ocr_carea' id='block_1_65' title="bbox 195 4924 1783 5043">
    <p class='ocr_par' dir='ltr' id='par_1_65' title="bbox 195 4924 1783 5043">
     <span class='ocr_line' id='line_1_67' title="bbox 195 4924 1783 5043; baseline 0.006 -71"><span class='ocrx_word' id='word_1_455' title='bbox 195 4924 541 5043; x_wconf 56' lang='lat' dir='ltr'><strong>Bra&#39;ccdcnti,</strong></span> <span class='ocrx_word' id='word_1_456' title='bbox 592 4939 659 4977; x_wconf 91' lang='lat' dir='ltr'><strong>ae</strong></span> <span class='ocrx_word' id='word_1_457' title='bbox 710 4939 774 4977; x_wconf 76' lang='lat' dir='ltr'><strong>ex</strong></span> <span class='ocrx_word' id='word_1_458' title='bbox 826 4924 1017 4978; x_wconf 89' lang='lat' dir='ltr'><strong>eodem</strong></span> <span class='ocrx_word' id='word_1_459' title='bbox 1058 4924 1244 4978; x_wconf 87' lang='lat' dir='ltr'><strong>codice</strong></span> <span class='ocrx_word' id='word_1_460' title='bbox 1278 4924 1481 4979; x_wconf 90' lang='lat' dir='ltr'><strong>editum</strong></span> <span class='ocrx_word' id='word_1_461' title='bbox 1528 4925 1626 4979; x_wconf 87' lang='lat' dir='ltr'><strong>fuit</strong></span> <span class='ocrx_word' id='word_1_462' title='bbox 1658 4942 1687 4978; x_wconf 91' lang='lat' dir='ltr'><strong>a</strong></span> <span class='ocrx_word' id='word_1_463' title='bbox 1722 4926 1783 4982; x_wconf 86' lang='lat' dir='ltr'><strong>P.</strong></span> 
     </span>
     <span class='ocr_line' id='line_1_68' title="bbox 238 4992 1782 5043; baseline 0 0"><span class='ocrx_word' id='word_1_464' title='bbox 238 4994 467 5043; x_wconf 87' lang='lat' dir='ltr'><strong>ernardo</strong></span> <span class='ocrx_word' id='word_1_465' title='bbox 517 4994 643 5043; x_wconf 85' lang='lat' dir='ltr'><strong>Pez-</strong></span> <span class='ocrx_word' id='word_1_466' title='bbox 700 5004 827 5043; x_wconf 90' lang='lat' dir='ltr'><strong>tom.</strong></span> <span class='ocrx_word' id='word_1_467' title='bbox 884 4992 952 5043; x_wconf 70' lang='lat' dir='ltr'><strong>Vl</strong></span> <span class='ocrx_word' id='word_1_468' title='bbox 1028 4994 1290 5043; x_wconf 80' lang='lat' dir='ltr'><strong>Thesauri</strong></span> <span class='ocrx_word' id='word_1_469' title='bbox 1363 4996 1782 5043; x_wconf 66' lang='lat' dir='ltr'><strong>AneetlntnrnnL</strong></span> 
     </span>
    </p>
   </div>
   <div class='ocr_carea' id='block_1_66' title="bbox 238 4992 1784 5115">
    <p class='ocr_par' dir='ltr' id='par_1_66' title="bbox 238 4992 1784 5115">
     <span class='ocr_line' id='line_1_69' title="bbox 238 4992 1784 5115; baseline 0.004 -70"><span class='ocrx_word' id='word_1_470' title='bbox 238 4994 467 5115; x_wconf 39' lang='lat' dir='ltr'><strong>ernzrllo</strong></span> <span class='ocrx_word' id='word_1_471' title='bbox 514 4994 643 5059; x_wconf 84' lang='lat' dir='ltr'><strong>Pez,</strong></span> <span class='ocrx_word' id='word_1_472' title='bbox 700 5004 827 5048; x_wconf 91' lang='lat' dir='ltr'><strong>tom.</strong></span> <span class='ocrx_word' id='word_1_473' title='bbox 884 4992 953 5048; x_wconf 73' lang='lat' dir='ltr'><strong>Vl</strong></span> <span class='ocrx_word' id='word_1_474' title='bbox 1028 4994 1291 5050; x_wconf 86' lang='lat' dir='ltr'><strong>Thesauri</strong></span> <span class='ocrx_word' id='word_1_475' title='bbox 1361 4996 1784 5066; x_wconf 87' lang='lat' dir='ltr'><strong>Auecdotorum,</strong></span> 
     </span>
     <span class='ocr_line' id='line_1_70' title="bbox 238 5080 415 5115; baseline 0.011 -2"><span class='ocrx_word' id='word_1_476' title='bbox 238 5080 316 5115; x_wconf 72' lang='lat' dir='ltr'><strong>ac.</strong></span> <span class='ocrx_word' id='word_1_477' title='bbox 383 5086 415 5115; x_wconf 69' lang='grc' dir='ltr'><em>δ</em></span> 
     </span>
    </p>
   </div>
   <div class='ocr_carea' id='block_1_67' title="bbox 203 5079 415 5131">
    <p class='ocr_par' dir='ltr' id='par_1_67' title="bbox 203 5079 415 5131">
     <span class='ocr_line' id='line_1_71' title="bbox 203 5079 415 5131; baseline 0.019 -18"><span class='ocrx_word' id='word_1_478' title='bbox 203 5079 316 5131; x_wconf 69' lang='lat' dir='ltr'><strong>pag.</strong></span> <span class='ocrx_word' id='word_1_479' title='bbox 345 5079 415 5117; x_wconf 71' lang='lat' dir='ltr'><strong>‘Ja</strong></span> 
     </span>
    </p>
   </div>
   <div class='ocr_carea' id='block_1_68' title="bbox 1885 3043 3484 3114">
    <p class='ocr_par' dir='ltr' id='par_1_68' title="bbox 1885 3043 3484 3114">
     <span class='ocr_line' id='line_1_72' title="bbox 1885 3043 3484 3114; baseline -0.005 -11"><span class='ocrx_word' id='word_1_480' title='bbox 1885 3050 2091 3104; x_wconf 86' lang='lat' dir='ltr'><strong>valeret</strong></span> <span class='ocrx_word' id='word_1_481' title='bbox 2117 3065 2239 3105; x_wconf 89' lang='lat' dir='ltr'><strong>esse</strong></span> <span class='ocrx_word' id='word_1_482' title='bbox 2271 3048 2539 3104; x_wconf 84' lang='lat' dir='ltr'><strong>defensio.</strong></span> <span class='ocrx_word' id='word_1_483' title='bbox 2598 3046 2713 3102; x_wconf 83' lang='lat' dir='ltr'><strong>Non</strong></span> <span class='ocrx_word' id='word_1_484' title='bbox 2740 3045 2927 3101; x_wconf 80' lang='lat' dir='ltr'><strong>defore</strong></span> <span class='ocrx_word' id='word_1_485' title='bbox 2960 3055 3137 3100; x_wconf 91' lang='lat' dir='ltr'><strong>tamen</strong></span> <span class='ocrx_word' id='word_1_486' title='bbox 3166 3043 3484 3114; x_wconf 88' lang='lat' dir='ltr'><strong>pronuntio,</strong></span> 
     </span>
    </p>
   </div>
   <div class='ocr_carea' id='block_1_69' title="bbox 1888 3138 3486 3216">
    <p class='ocr_par' dir='ltr' id='par_1_69' title="bbox 1888 3138 3486 3216">
     <span class='ocr_line' id='line_1_73' title="bbox 1888 3138 3486 3216; baseline -0.003 -17"><span class='ocrx_word' id='word_1_487' title='bbox 1888 3145 2041 3216; x_wconf 86' lang='grc'><strong>(711)</strong></span> <span class='ocrx_word' id='word_1_488' title='bbox 2072 3144 2162 3215; x_wconf 90' lang='lat' dir='ltr'><strong>qui</strong></span> <span class='ocrx_word' id='word_1_489' title='bbox 2198 3143 2513 3214; x_wconf 89' lang='lat' dir='ltr'><strong>episcopum</strong></span> <span class='ocrx_word' id='word_1_490' title='bbox 2551 3158 2615 3197; x_wconf 79' lang='lat' dir='ltr'><strong>ex</strong></span> <span class='ocrx_word' id='word_1_491' title='bbox 2646 3142 2875 3195; x_wconf 86' lang='lat' dir='ltr'><strong>diacono</strong></span> <span class='ocrx_word' id='word_1_492' title='bbox 2922 3139 3040 3195; x_wconf 92' lang='lat' dir='ltr'><strong>sine</strong></span> <span class='ocrx_word' id='word_1_493' title='bbox 3081 3138 3486 3209; x_wconf 74' lang='lat' dir='ltr'><strong>presbyteratus</strong></span> 
     </span>
    </p>
   </div>
   <div class='ocr_carea' id='block_1_70' title="bbox 1885 3230 3485 3301">
    <p class='ocr_par' dir='ltr' id='par_1_70' title="bbox 1885 3230 3485 3301">
     <span class='ocr_line' id='line_1_74' title="bbox 1885 3230 3485 3301; baseline -0.007 -7"><span class='ocrx_word' id='word_1_494' title='bbox 1885 3238 2079 3294; x_wconf 83' lang='lat' dir='ltr'><strong>ordine</strong></span> <span class='ocrx_word' id='word_1_495' title='bbox 2104 3236 2299 3292; x_wconf 87' lang='lat' dir='ltr'><strong>viderit</strong></span> <span class='ocrx_word' id='word_1_496' title='bbox 2328 3235 2553 3301; x_wconf 84' lang='lat' dir='ltr'><strong>factum,</strong></span> <span class='ocrx_word' id='word_1_497' title='bbox 2586 3233 2957 3290; x_wconf 91' lang='lat' dir='ltr'><strong>astruentibus</strong></span> <span class='ocrx_word' id='word_1_498' title='bbox 2986 3231 3114 3287; x_wconf 91' lang='lat' dir='ltr'><strong>facti</strong></span> <span class='ocrx_word' id='word_1_499' title='bbox 3148 3230 3485 3298; x_wconf 88' lang='lat' dir='ltr'><strong>auctoribus,</strong></span> 
     </span>
    </p>
   </div>
   <div class='ocr_carea' id='block_1_71' title="bbox 1884 3323 3486 3401">
    <p class='ocr_par' dir='ltr' id='par_1_71' title="bbox 1884 3323 3486 3401">
     <span class='ocr_line' id='line_1_75' title="bbox 1884 3323 3486 3401; baseline -0.005 -16"><span class='ocrx_word' id='word_1_500' title='bbox 1884 3331 2009 3401; x_wconf 91' lang='lat' dir='ltr'><strong>quis</strong></span> <span class='ocrx_word' id='word_1_501' title='bbox 2073 3338 2220 3385; x_wconf 89' lang='lat' dir='ltr'><strong>esset</strong></span> <span class='ocrx_word' id='word_1_502' title='bbox 2284 3329 2591 3400; x_wconf 89' lang='lat' dir='ltr'><strong>episcopus,</strong></span> <span class='ocrx_word' id='word_1_503' title='bbox 2640 3334 3034 3397; x_wconf 86' lang='lat' dir='ltr'><strong>consequenter</strong></span> <span class='ocrx_word' id='word_1_504' title='bbox 3083 3325 3224 3395; x_wconf 91' lang='lat' dir='ltr'><strong>quod</strong></span> <span class='ocrx_word' id='word_1_505' title='bbox 3255 3323 3486 3394; x_wconf 86' lang='lat' dir='ltr'><strong>presby-</strong></span> 
     </span>
    </p>
   </div>
   <div class='ocr_carea' id='block_1_72' title="bbox 1887 3419 3484 3490">
    <p class='ocr_par' dir='ltr' id='par_1_72' title="bbox 1887 3419 3484 3490">
     <span class='ocr_line' id='line_1_76' title="bbox 1887 3419 3484 3490; baseline -0.004 -13"><span class='ocrx_word' id='word_1_506' title='bbox 1887 3433 1989 3489; x_wconf 90' lang='lat' dir='ltr'><strong>ter,</strong></span> <span class='ocrx_word' id='word_1_507' title='bbox 2024 3432 2117 3475; x_wconf 92' lang='lat' dir='ltr'><strong>ant</strong></span> <span class='ocrx_word' id='word_1_508' title='bbox 2143 3423 2398 3477; x_wconf 85' lang='lat' dir='ltr'><strong>sacerdos</strong></span> <span class='ocrx_word' id='word_1_509' title='bbox 2430 3422 2616 3490; x_wconf 90' lang='lat' dir='ltr'><strong>utique</strong></span> <span class='ocrx_word' id='word_1_510' title='bbox 2668 3421 2807 3475; x_wconf 89' lang='lat' dir='ltr'><strong>foret</strong></span> <span class='ocrx_word' id='word_1_511' title='bbox 2847 3420 3021 3490; x_wconf 74' lang='lat' dir='ltr'><strong>(7l2).</strong></span> <span class='ocrx_word' id='word_1_512' title='bbox 3061 3419 3309 3473; x_wconf 75' lang='lat' dir='ltr'><strong>Viderint</strong></span> <span class='ocrx_word' id='word_1_513' title='bbox 3360 3428 3484 3471; x_wconf 87' lang='lat' dir='ltr'><strong>tan-</strong></span> 
     </span>
    </p>
   </div>
   <div class='ocr_carea' id='block_1_73' title="bbox 1888 3511 3483 3584">
    <p class='ocr_par' dir='ltr' id='par_1_73' title="bbox 1888 3511 3483 3584">
     <span class='ocr_line' id='line_1_77' title="bbox 1888 3511 3483 3584; baseline -0.006 -14"><span class='ocrx_word' id='word_1_514' title='bbox 1888 3524 2025 3580; x_wconf 91' lang='lat' dir='ltr'><strong>tum,</strong></span> <span class='ocrx_word' id='word_1_515' title='bbox 2059 3515 2149 3584; x_wconf 90' lang='lat' dir='ltr'><strong>qui</strong></span> <span class='ocrx_word' id='word_1_516' title='bbox 2199 3514 2542 3568; x_wconf 90' lang='lat' dir='ltr'><strong>ordinatione</strong></span> <span class='ocrx_word' id='word_1_517' title='bbox 2592 3511 2896 3579; x_wconf 70' lang='lat' dir='ltr'><strong>huiusmodi</strong></span> <span class='ocrx_word' id='word_1_518' title='bbox 2950 3511 3126 3563; x_wconf 90' lang='lat' dir='ltr'><strong>sortiti</strong></span> <span class='ocrx_word' id='word_1_519' title='bbox 3169 3518 3294 3563; x_wconf 89' lang='lat' dir='ltr'><strong>sunt</strong></span> <span class='ocrx_word' id='word_1_520' title='bbox 3343 3524 3483 3576; x_wconf 75' lang='lat' dir='ltr'><strong>pra:-</strong></span> 
     </span>
    </p>
   </div>
   <div class='ocr_carea' id='block_1_74' title="bbox 1887 3600 3487 3677">
    <p class='ocr_par' dir='ltr' id='par_1_74' title="bbox 1887 3600 3487 3677">
     <span class='ocr_line' id='line_1_78' title="bbox 1887 3600 3487 3677; baseline -0.006 -13"><span class='ocrx_word' id='word_1_521' title='bbox 1887 3607 2141 3674; x_wconf 87' lang='lat' dir='ltr'><strong>sulatum,</strong></span> <span class='ocrx_word' id='word_1_522' title='bbox 2171 3617 2229 3662; x_wconf 91' lang='lat' dir='ltr'><strong>ut</strong></span> <span class='ocrx_word' id='word_1_523' title='bbox 2258 3623 2285 3661; x_wconf 89' lang='lat' dir='ltr'><strong>a</strong></span> <span class='ocrx_word' id='word_1_524' title='bbox 2315 3606 2554 3675; x_wconf 79' lang='lat' dir='ltr'><strong>legitimo</strong></span> <span class='ocrx_word' id='word_1_525' title='bbox 2572 3605 2825 3677; x_wconf 82' lang='lat' dir='ltr'><strong>pontiﬁce</strong></span> <span class='ocrx_word' id='word_1_526' title='bbox 2859 3603 3059 3675; x_wconf 85' lang='lat' dir='ltr'><strong>indepti</strong></span> <span class='ocrx_word' id='word_1_527' title='bbox 3084 3600 3283 3657; x_wconf 88' lang='lat' dir='ltr'><strong>fuerint</strong></span> <span class='ocrx_word' id='word_1_528' title='bbox 3307 3600 3487 3655; x_wconf 84' lang='lat' dir='ltr'><strong>diaco-</strong></span> 
     </span>
    </p>
   </div>
   <div class='ocr_carea' id='block_1_75' title="bbox 1887 3710 2097 3758">
    <p class='ocr_par' dir='ltr' id='par_1_75' title="bbox 1887 3710 2097 3758">
     <span class='ocr_line' id='line_1_79' title="bbox 1887 3710 2097 3758; baseline -0.019 0"><span class='ocrx_word' id='word_1_529' title='bbox 1887 3710 2097 3758; x_wconf 89' lang='lat' dir='ltr'><strong>natum.</strong></span> 
     </span>
    </p>
   </div>
   <div class='ocr_carea' id='block_1_76' title="bbox 1889 3926 3487 4000">
    <p class='ocr_par' dir='ltr' id='par_1_76' title="bbox 1889 3926 3487 4000">
     <span class='ocr_line' id='line_1_80' title="bbox 1889 3926 3487 4000; baseline -0.005 -11"><span class='ocrx_word' id='word_1_530' title='bbox 1889 3935 1993 3989; x_wconf 91' lang='lat' dir='ltr'><strong>hoc</strong></span> <span class='ocrx_word' id='word_1_531' title='bbox 2042 3931 2275 3987; x_wconf 82' lang='lat' dir='ltr'><strong>alterum</strong></span> <span class='ocrx_word' id='word_1_532' title='bbox 2320 3932 2600 3987; x_wconf 87' lang='lat' dir='ltr'><strong>decretum</strong></span> <span class='ocrx_word' id='word_1_533' title='bbox 2649 3930 2794 3994; x_wconf 89' lang='lat' dir='ltr'><strong>tnlit,</strong></span> <span class='ocrx_word' id='word_1_534' title='bbox 2835 3945 2969 4000; x_wconf 85' lang='lat' dir='ltr'><strong>quo,</strong></span> <span class='ocrx_word' id='word_1_535' title='bbox 3009 3942 3273 3998; x_wconf 88' lang='lat' dir='ltr'><strong>suspenso</strong></span> <span class='ocrx_word' id='word_1_536' title='bbox 3310 3926 3487 4000; x_wconf 76' lang='lat' dir='ltr'><strong>priori</strong></span> 
     </span>
    </p>
   </div>
   <div class='ocr_carea' id='block_1_77' title="bbox 1888 3998 3488 4130">
    <p class='ocr_par' dir='ltr' id='par_1_77' title="bbox 1888 3998 3488 4130">
     <span class='ocr_line' id='line_1_81' title="bbox 1888 3998 3488 4130; baseline -0.006 -70"><span class='ocrx_word' id='word_1_537' title='bbox 1888 4007 2132 4130; x_wconf 52' lang='lat' dir='ltr'><strong>Secreto,</strong></span> <span class='ocrx_word' id='word_1_538' title='bbox 2166 4018 2260 4059; x_wconf 87' lang='lat' dir='ltr'><strong>eos</strong></span> <span class='ocrx_word' id='word_1_539' title='bbox 2288 4003 2472 4058; x_wconf 90' lang='lat' dir='ltr'><strong>divino</strong></span> <span class='ocrx_word' id='word_1_540' title='bbox 2511 4001 2720 4071; x_wconf 89' lang='lat' dir='ltr'><strong>judicio</strong></span> <span class='ocrx_word' id='word_1_541' title='bbox 2766 4011 2821 4057; x_wconf 91' lang='lat' dir='ltr'><strong>et</strong></span> <span class='ocrx_word' id='word_1_542' title='bbox 2851 3998 3083 4072; x_wconf 77' lang='lat' dir='ltr'><strong>propria:</strong></span> <span class='ocrx_word' id='word_1_543' title='bbox 3138 3998 3488 4054; x_wconf 71' lang='lat' dir='ltr'><strong>conscientiae</strong></span> 
     </span>
     <span class='ocr_line' id='line_1_82' title="bbox 1929 4087 2115 4129; baseline -0.005 0"><span class='ocrx_word' id='word_1_544' title='bbox 1929 4087 2115 4129; x_wconf 81' lang='lat' dir='ltr'><strong>tttttSll.</strong></span> 
     </span>
    </p>
   </div>
   <div class='ocr_carea' id='block_1_78' title="bbox 1929 4077 2115 4129">
    <p class='ocr_par' dir='ltr' id='par_1_78' title="bbox 1929 4077 2115 4129">
     <span class='ocr_line' id='line_1_83' title="bbox 1929 4077 2115 4129; baseline -0.005 0"><span class='ocrx_word' id='word_1_545' title='bbox 1929 4077 2115 4129; x_wconf 70' lang='lat' dir='ltr'><strong>inlisit.</strong></span> 
     </span>
    </p>
   </div>
   <div class='ocr_carea' id='block_1_79' title="bbox 1961 4140 3486 4217">
    <p class='ocr_par' dir='ltr' id='par_1_79' title="bbox 1961 4140 3486 4217">
     <span class='ocr_line' id='line_1_84' title="bbox 1961 4140 3486 4217; baseline -0.003 -19"><span class='ocrx_word' id='word_1_546' title='bbox 1961 4145 2111 4217; x_wconf 80' lang='lat'><strong>(708)</strong></span> <span class='ocrx_word' id='word_1_547' title='bbox 2144 4145 2221 4199; x_wconf 81' lang='lat' dir='ltr'><strong>ita</strong></span> <span class='ocrx_word' id='word_1_548' title='bbox 2266 4144 2855 4217; x_wconf 19' lang='lat' dir='ltr'><strong>codexilt‘risingensis,</strong></span> <span class='ocrx_word' id='word_1_549' title='bbox 2911 4141 3080 4217; x_wconf 80' lang='lat' dir='ltr'><strong>cujus</strong></span> <span class='ocrx_word' id='word_1_550' title='bbox 3115 4140 3486 4217; x_wconf 66' lang='lat' dir='ltr'><strong>apographnm</strong></span> 
     </span>
    </p>
   </div>
   <div class='ocr_carea' id='block_1_80' title="bbox 1889 4214 3376 4285">
    <p class='ocr_par' dir='ltr' id='par_1_80' title="bbox 1889 4214 3376 4285">
     <span class='ocr_line' id='line_1_85' title="bbox 1889 4214 3376 4285; baseline -0.005 -14"><span class='ocrx_word' id='word_1_551' title='bbox 1889 4214 2221 4285; x_wconf 85' lang='lat' dir='ltr'><strong>accepimus.</strong></span> <span class='ocrx_word' id='word_1_552' title='bbox 2249 4216 2401 4284; x_wconf 84' lang='lat' dir='ltr'><strong>Apud</strong></span> <span class='ocrx_word' id='word_1_553' title='bbox 2432 4216 2491 4269; x_wconf 85' lang='lat' dir='ltr'><strong>P.</strong></span> <span class='ocrx_word' id='word_1_554' title='bbox 2522 4216 2626 4269; x_wconf 86' lang='lat' dir='ltr'><strong>Pez</strong></span> <span class='ocrx_word' id='word_1_555' title='bbox 2654 4214 2743 4269; x_wconf 73' lang='lat' dir='ltr'><strong>sed</strong></span> <span class='ocrx_word' id='word_1_556' title='bbox 2770 4218 2977 4278; x_wconf 82' lang='lat' dir='ltr'><strong>timent,</strong></span> <span class='ocrx_word' id='word_1_557' title='bbox 3012 4214 3190 4285; x_wconf 87' lang='lat' dir='ltr'><strong>minus</strong></span> <span class='ocrx_word' id='word_1_558' title='bbox 3219 4215 3376 4285; x_wconf 85' lang='lat' dir='ltr'><strong>bene.</strong></span> 
     </span>
    </p>
   </div>
   <div class='ocr_carea' id='block_1_81' title="bbox 1962 4282 3489 4359">
    <p class='ocr_par' dir='ltr' id='par_1_81' title="bbox 1962 4282 3489 4359">
     <span class='ocr_line' id='line_1_86' title="bbox 1962 4282 3489 4359; baseline -0.003 -19"><span class='ocrx_word' id='word_1_559' title='bbox 1962 4282 2109 4359; x_wconf 82' lang='lat'><strong>(709)</strong></span> <span class='ocrx_word' id='word_1_560' title='bbox 2144 4287 2254 4342; x_wconf 85' lang='lat' dir='ltr'><strong>Hoc</strong></span> <span class='ocrx_word' id='word_1_561' title='bbox 2290 4282 2357 4340; x_wconf 76' lang='lat' dir='ltr'><strong>ex</strong></span> <span class='ocrx_word' id='word_1_562' title='bbox 2407 4286 2524 4359; x_wconf 88' lang='lat' dir='ltr'><strong>loco</strong></span> <span class='ocrx_word' id='word_1_563' title='bbox 2563 4288 2698 4341; x_wconf 89' lang='lat' dir='ltr'><strong>satis</strong></span> <span class='ocrx_word' id='word_1_564' title='bbox 2726 4296 2912 4355; x_wconf 88' lang='lat' dir='ltr'><strong>aperte</strong></span> <span class='ocrx_word' id='word_1_565' title='bbox 2938 4284 3236 4359; x_wconf 74' lang='lat' dir='ltr'><strong>colligitur,</strong></span> <span class='ocrx_word' id='word_1_566' title='bbox 3276 4282 3489 4359; x_wconf 83' lang='lat' dir='ltr'><strong>aliquos</strong></span> 
     </span>
    </p>
   </div>
   <div class='ocr_carea' id='block_1_82' title="bbox 1891 4354 3489 4478">
    <p class='ocr_par' dir='ltr' id='par_1_82' title="bbox 1891 4354 3489 4478">
     <span class='ocr_line' id='line_1_87' title="bbox 1891 4354 3489 4478; baseline -0.004 -67"><span class='ocrx_word' id='word_1_567' title='bbox 1891 4354 2251 4422; x_wconf 76' lang='lat' dir='ltr'><strong>Veronenses,</strong></span> <span class='ocrx_word' id='word_1_568' title='bbox 2282 4372 2412 4427; x_wconf 82' lang='lat' dir='ltr'><strong>quos</strong></span> <span class='ocrx_word' id='word_1_569' title='bbox 2451 4358 2604 4410; x_wconf 87' lang='lat' dir='ltr'><strong>iuvas</strong></span> <span class='ocrx_word' id='word_1_570' title='bbox 2618 4373 2679 4411; x_wconf 94' lang='lat' dir='ltr'><strong>or</strong></span> <span class='ocrx_word' id='word_1_571' title='bbox 2709 4354 2774 4411; x_wconf 84' lang='lat' dir='ltr'><strong>ad</strong></span> <span class='ocrx_word' id='word_1_572' title='bbox 2805 4358 3238 4478; x_wconf 53' lang='lat' dir='ltr'><strong>preslifyteratum</strong></span> <span class='ocrx_word' id='word_1_573' title='bbox 3271 4354 3489 4407; x_wconf 82' lang='lat' dir='ltr'><strong>ordina-</strong></span> 
     </span>
     <span class='ocr_line' id='line_1_88' title="bbox 1891 4427 3391 4478; baseline 0 0"><span class='ocrx_word' id='word_1_574' title='bbox 1891 4438 2061 4478; x_wconf 60' lang='lat' dir='ltr'><strong>verat.</strong></span> <span class='ocrx_word' id='word_1_575' title='bbox 2093 4427 2199 4478; x_wconf 90' lang='lat' dir='ltr'><strong>iam</strong></span> <span class='ocrx_word' id='word_1_576' title='bbox 2231 4430 2335 4478; x_wconf 83' lang='lat' dir='ltr'><strong>hoc</strong></span> <span class='ocrx_word' id='word_1_577' title='bbox 2367 4437 2608 4478; x_wconf 80' lang='lat' dir='ltr'><strong>tempore</strong></span> <span class='ocrx_word' id='word_1_578' title='bbox 2639 4430 2924 4478; x_wconf 85' lang='lat' dir='ltr'><strong>enisconos</strong></span> <span class='ocrx_word' id='word_1_579' title='bbox 2978 4428 3123 4478; x_wconf 88' lang='lat' dir='ltr'><strong>uisse</strong></span> <span class='ocrx_word' id='word_1_580' title='bbox 3153 4434 3391 4478; x_wconf 85' lang='lat' dir='ltr'><strong>creatos.</strong></span> 
     </span>
    </p>
   </div>
   <div class='ocr_carea' id='block_1_83' title="bbox 1888 4427 3391 4497">
    <p class='ocr_par' dir='ltr' id='par_1_83' title="bbox 1888 4427 3391 4497">
     <span class='ocr_line' id='line_1_89' title="bbox 1888 4427 3391 4497; baseline -0.002 -15"><span class='ocrx_word' id='word_1_581' title='bbox 1888 4438 2061 4491; x_wconf 73' lang='lat' dir='ltr'><strong>verat,</strong></span> <span class='ocrx_word' id='word_1_582' title='bbox 2086 4427 2199 4493; x_wconf 91' lang='lat' dir='ltr'><strong>jam</strong></span> <span class='ocrx_word' id='word_1_583' title='bbox 2231 4430 2335 4483; x_wconf 86' lang='lat' dir='ltr'><strong>hoc</strong></span> <span class='ocrx_word' id='word_1_584' title='bbox 2367 4437 2608 4497; x_wconf 89' lang='lat' dir='ltr'><strong>tempore</strong></span> <span class='ocrx_word' id='word_1_585' title='bbox 2639 4430 2935 4497; x_wconf 83' lang='lat' dir='ltr'><strong>episcopos</strong></span> <span class='ocrx_word' id='word_1_586' title='bbox 2955 4427 3123 4497; x_wconf 80' lang='lat' dir='ltr'><strong>fuisse</strong></span> <span class='ocrx_word' id='word_1_587' title='bbox 3153 4434 3391 4497; x_wconf 86' lang='lat' dir='ltr'><strong>creatos.</strong></span> 
     </span>
    </p>
   </div>
   <div class='ocr_carea' id='block_1_84' title="bbox 1961 4495 3489 4569">
    <p class='ocr_par' dir='ltr' id='par_1_84' title="bbox 1961 4495 3489 4569">
     <span class='ocr_line' id='line_1_90' title="bbox 1961 4495 3489 4569; baseline -0.002 -17"><span class='ocrx_word' id='word_1_588' title='bbox 1961 4499 2108 4569; x_wconf 84' lang='grc'><strong>(710)</strong></span> <span class='ocrx_word' id='word_1_589' title='bbox 2142 4499 2295 4567; x_wconf 79' lang='lat' dir='ltr'><strong>Apud</strong></span> <span class='ocrx_word' id='word_1_590' title='bbox 2347 4497 2407 4552; x_wconf 88' lang='lat' dir='ltr'><strong>P.</strong></span> <span class='ocrx_word' id='word_1_591' title='bbox 2438 4495 2541 4553; x_wconf 81' lang='lat' dir='ltr'><strong>Pez</strong></span> <span class='ocrx_word' id='word_1_592' title='bbox 2571 4495 2890 4567; x_wconf 74' lang='lat' dir='ltr'><strong>satisfaciat.</strong></span> <span class='ocrx_word' id='word_1_593' title='bbox 2922 4496 3112 4551; x_wconf 86' lang='lat' dir='ltr'><strong>Melior</strong></span> <span class='ocrx_word' id='word_1_594' title='bbox 3138 4495 3253 4550; x_wconf 84' lang='lat' dir='ltr'><strong>visa</strong></span> <span class='ocrx_word' id='word_1_595' title='bbox 3289 4503 3371 4549; x_wconf 87' lang='lat' dir='ltr'><strong>est</strong></span> <span class='ocrx_word' id='word_1_596' title='bbox 3399 4508 3489 4549; x_wconf 84' lang='lat' dir='ltr'><strong>co-</strong></span> 
     </span>
    </p>
   </div>
   <div class='ocr_carea' id='block_1_85' title="bbox 1889 4571 2235 4626">
    <p class='ocr_par' dir='ltr' id='par_1_85' title="bbox 1889 4571 2235 4626">
     <span class='ocr_line' id='line_1_91' title="bbox 1889 4571 2235 4626; baseline -0.009 0"><span class='ocrx_word' id='word_1_597' title='bbox 1889 4571 2026 4626; x_wconf 81' lang='lat' dir='ltr'><strong>dicis</strong></span> <span class='ocrx_word' id='word_1_598' title='bbox 2054 4571 2235 4624; x_wconf 87' lang='lat' dir='ltr'><strong>lectio.</strong></span> 
     </span>
    </p>
   </div>
   <div class='ocr_carea' id='block_1_86' title="bbox 1963 4635 3485 4712">
    <p class='ocr_par' dir='ltr' id='par_1_86' title="bbox 1963 4635 3485 4712">
     <span class='ocr_line' id='line_1_92' title="bbox 1963 4635 3485 4712; baseline -0.002 -18"><span class='ocrx_word' id='word_1_599' title='bbox 1963 4642 2108 4712; x_wconf 88' lang='grc'><strong>(711)</strong></span> <span class='ocrx_word' id='word_1_600' title='bbox 2161 4640 2406 4712; x_wconf 84' lang='lat' dir='ltr'><strong>Notabile</strong></span> <span class='ocrx_word' id='word_1_601' title='bbox 2446 4651 2529 4695; x_wconf 90' lang='lat' dir='ltr'><strong>est</strong></span> <span class='ocrx_word' id='word_1_602' title='bbox 2574 4641 2677 4695; x_wconf 87' lang='lat' dir='ltr'><strong>hoc</strong></span> <span class='ocrx_word' id='word_1_603' title='bbox 2708 4638 3076 4694; x_wconf 85' lang='lat' dir='ltr'><strong>testimonium</strong></span> <span class='ocrx_word' id='word_1_604' title='bbox 3113 4636 3180 4691; x_wconf 87' lang='lat' dir='ltr'><strong>de</strong></span> <span class='ocrx_word' id='word_1_605' title='bbox 3213 4635 3485 4707; x_wconf 82' lang='lat' dir='ltr'><strong>episcopis</strong></span> 
     </span>
    </p>
   </div>
   <div class='ocr_carea' id='block_1_87' title="bbox 1893 4711 2537 4779">
    <p class='ocr_par' dir='ltr' id='par_1_87' title="bbox 1893 4711 2537 4779">
     <span class='ocr_line' id='line_1_93' title="bbox 1893 4711 2537 4779; baseline -0.003 -12"><span class='ocrx_word' id='word_1_606' title='bbox 1893 4711 2160 4767; x_wconf 86' lang='lat' dir='ltr'><strong>ordinatis</strong></span> <span class='ocrx_word' id='word_1_607' title='bbox 2194 4726 2290 4779; x_wconf 86' lang='lat' dir='ltr'><strong>per</strong></span> <span class='ocrx_word' id='word_1_608' title='bbox 2320 4711 2537 4765; x_wconf 84' lang='lat' dir='ltr'><strong>saltum.</strong></span> 
     </span>
    </p>
   </div>
   <div class='ocr_carea' id='block_1_88' title="bbox 1963 4777 3485 4857">
    <p class='ocr_par' dir='ltr' id='par_1_88' title="bbox 1963 4777 3485 4857">
     <span class='ocr_line' id='line_1_94' title="bbox 1963 4777 3485 4857; baseline -0.005 -21"><span class='ocrx_word' id='word_1_609' title='bbox 1963 4783 2109 4851; x_wconf 73' lang='lat'><strong>(712)</strong></span> <span class='ocrx_word' id='word_1_610' title='bbox 2134 4777 2497 4857; x_wconf 63' lang='lat' dir='ltr'><strong>Apographus</strong></span> <span class='ocrx_word' id='word_1_611' title='bbox 2515 4791 2699 4857; x_wconf 86' lang='lat' dir='ltr'><strong>noster</strong></span> <span class='ocrx_word' id='word_1_612' title='bbox 2723 4781 2887 4857; x_wconf 66' lang='lat' dir='ltr'><strong>habet</strong></span> <span class='ocrx_word' id='word_1_613' title='bbox 2911 4779 3053 4851; x_wconf 87' lang='lat' dir='ltr'><strong>quod</strong></span> <span class='ocrx_word' id='word_1_614' title='bbox 3069 4777 3485 4857; x_wconf 27' lang='lat' dir='ltr'><strong>presbyteruqut</strong></span> 
     </span>
    </p>
   </div>
   <div class='ocr_carea' id='block_1_89' title="bbox 1889 4847 3489 4917">
    <p class='ocr_par' dir='ltr' id='par_1_89' title="bbox 1889 4847 3489 4917">
     <span class='ocr_line' id='line_1_95' title="bbox 1889 4847 3489 4917; baseline -0.006 -8"><span class='ocrx_word' id='word_1_615' title='bbox 1889 4856 1936 4909; x_wconf 79' lang='lat' dir='ltr'><strong>si</strong></span> <span class='ocrx_word' id='word_1_616' title='bbox 1962 4847 2225 4917; x_wconf 73' lang='lat' dir='ltr'><strong>sacerdos,</strong></span> <span class='ocrx_word' id='word_1_617' title='bbox 2254 4847 2364 4907; x_wconf 69' lang='lat' dir='ltr'><strong>ubi</strong></span> <span class='ocrx_word' id='word_1_618' title='bbox 2380 4854 2423 4907; x_wconf 85' lang='lat' dir='ltr'><strong>si</strong></span> <span class='ocrx_word' id='word_1_619' title='bbox 2452 4855 2708 4907; x_wconf 83' lang='lat' dir='ltr'><strong>abundat.</strong></span> <span class='ocrx_word' id='word_1_620' title='bbox 2746 4847 2950 4907; x_wconf 80' lang='lat' dir='ltr'><strong>Sensus</strong></span> <span class='ocrx_word' id='word_1_621' title='bbox 2996 4851 3138 4903; x_wconf 87' lang='lat' dir='ltr'><strong>enim</strong></span> <span class='ocrx_word' id='word_1_622' title='bbox 3192 4865 3312 4902; x_wconf 84' lang='lat' dir='ltr'><strong>esse</strong></span> <span class='ocrx_word' id='word_1_623' title='bbox 3344 4847 3489 4899; x_wconf 82' lang='lat' dir='ltr'><strong>vide-</strong></span> 
     </span>
    </p>
   </div>
   <div class='ocr_carea' id='block_1_90' title="bbox 1892 4920 3489 4987">
    <p class='ocr_par' dir='ltr' id='par_1_90' title="bbox 1892 4920 3489 4987">
     <span class='ocr_line' id='line_1_96' title="bbox 1892 4920 3489 4987; baseline -0.008 -7"><span class='ocrx_word' id='word_1_624' title='bbox 1892 4933 2003 4987; x_wconf 87' lang='lat' dir='ltr'><strong>tur,</strong></span> <span class='ocrx_word' id='word_1_625' title='bbox 2035 4924 2158 4978; x_wconf 88' lang='lat' dir='ltr'><strong>facti</strong></span> <span class='ocrx_word' id='word_1_626' title='bbox 2192 4934 2463 4987; x_wconf 83' lang='lat' dir='ltr'><strong>auctores,</strong></span> <span class='ocrx_word' id='word_1_627' title='bbox 2495 4934 2555 4977; x_wconf 89' lang='lat' dir='ltr'><strong>ut</strong></span> <span class='ocrx_word' id='word_1_628' title='bbox 2580 4924 2922 4978; x_wconf 88' lang='lat' dir='ltr'><strong>vindicarent</strong></span> <span class='ocrx_word' id='word_1_629' title='bbox 2962 4920 3335 4974; x_wconf 89' lang='lat' dir='ltr'><strong>ordinationes</strong></span> <span class='ocrx_word' id='word_1_630' title='bbox 3374 4921 3489 4983; x_wconf 70' lang='lat' dir='ltr'><strong>cp;-</strong></span> 
     </span>
    </p>
   </div>
   <div class='ocr_carea' id='block_1_91' title="bbox 1894 4992 3497 5065">
    <p class='ocr_par' dir='ltr' id='par_1_91' title="bbox 1894 4992 3497 5065">
     <span class='ocr_line' id='line_1_97' title="bbox 1894 4992 3497 5065; baseline -0.007 -12"><span class='ocrx_word' id='word_1_631' title='bbox 1894 5011 2182 5065; x_wconf 84' lang='lat' dir='ltr'><strong>scoporum</strong></span> <span class='ocrx_word' id='word_1_632' title='bbox 2204 5009 2271 5048; x_wconf 74' lang='lat' dir='ltr'><strong>ex</strong></span> <span class='ocrx_word' id='word_1_633' title='bbox 2294 4995 2539 5049; x_wconf 88' lang='lat' dir='ltr'><strong>diaconis</strong></span> <span class='ocrx_word' id='word_1_634' title='bbox 2561 4996 2765 5048; x_wconf 87' lang='lat' dir='ltr'><strong>omisso</strong></span> <span class='ocrx_word' id='word_1_635' title='bbox 2794 4992 3191 5062; x_wconf 84' lang='lat' dir='ltr'><strong>presbyteratu,</strong></span> <span class='ocrx_word' id='word_1_636' title='bbox 3217 4998 3497 5065; x_wconf 78' lang='lat' dir='ltr'><strong>astruere,</strong></span> 
     </span>
    </p>
   </div>
   <div class='ocr_carea' id='block_1_92' title="bbox 1892 5059 3489 5134">
    <p class='ocr_par' dir='ltr' id='par_1_92' title="bbox 1892 5059 3489 5134">
     <span class='ocr_line' id='line_1_98' title="bbox 1892 5059 3489 5134; baseline -0.005 -15"><span class='ocrx_word' id='word_1_637' title='bbox 1892 5059 2030 5134; x_wconf 79' lang='lat' dir='ltr'><strong>quod</strong></span> <span class='ocrx_word' id='word_1_638' title='bbox 2056 5066 2147 5132; x_wconf 87' lang='lat' dir='ltr'><strong>qui</strong></span> <span class='ocrx_word' id='word_1_639' title='bbox 2180 5076 2309 5119; x_wconf 76' lang='lat' dir='ltr'><strong>esset</strong></span> <span class='ocrx_word' id='word_1_640' title='bbox 2354 5068 2643 5132; x_wconf 79' lang='lat' dir='ltr'><strong>episcopus,</strong></span> <span class='ocrx_word' id='word_1_641' title='bbox 2681 5059 3056 5128; x_wconf 75' lang='lat' dir='ltr'><strong>consequenter</strong></span> <span class='ocrx_word' id='word_1_642' title='bbox 3100 5059 3369 5127; x_wconf 76' lang='lat' dir='ltr'><strong>presbyter</strong></span> <span class='ocrx_word' id='word_1_643' title='bbox 3395 5068 3489 5111; x_wconf 82' lang='lat' dir='ltr'><strong>aut</strong></span> 
     </span>
    </p>
   </div>
  </div>
