4032 5354
197 332 298 388 481

1491 334 1578 390 DE
1614 292 1912 394 ιηιὺιιιιιο
1952 334 2195 393 LAPSU.

3367 341 3473 396 £82

196 452 347 521 quod
384 454 659 509 communi
689 469 953 510 consensu
986 453 1353 520 tractavimus,
1390 464 1574 507 coram
1608 455 1785 508 omni-
1816 461 1863 517 Λ
1893 453 1973 508 sul
2004 468 2217 522 quoque
2268 453 2488 517 l'atcln',
2518 451 2642 521 quia
2683 452 2894 507 dicente
2938 453 3199 507 Domino:
3229 452 3352 509 Non
3394 468 3471 511 est

195 523 305 579 bus
333 524 690 579 declat-emus.
748 525 982 579 Primum
1030 525 1267 578 omnium
1318 524 1687 587 decernimus,
1730 536 1789 580 ut

194 595 477 665 episcopi,
540 610 676 665 quos
722 596 1095 658 consecravit,
1163 594 1427 665 siquidem
1489 596 1786 664 presbyteri

192 666 357 735 prius
386 664 607 719 fuerunt
630 674 722 719 aut
763 666 992 729 diaconi,
1025 666 1075 735 in
1099 665 1287 718 eodem
1332 664 1560 735 pristino
1588 665 1789 720 honore

194 743 571 798 revertantur,
602 745 656 789 et
681 737 1019 805 postmodum
1048 734 1189 789 facto
1214 750 1364 787 more
1389 734 1545 787 solito
1571 736 1787 789 decreto

191 806 482 857 electionis
508 819 718 867 eorum,
760 807 825 859 ad
854 807 1035 860 sedem
1086 805 1433 874 apostolicam
1483 820 1604 858 cum
1635 806 1787 874 plebe

195 888 363 943 atque
394 874 616 929 decreto
645 876 713 929 ad
754 875 1175 931 consecrandum
1206 876 1477 937 eveniant,
1508 883 1562 927 et
1589 890 1786 929 conse-

197 946 497 1015 crationem
523 945 685 1015 332
712 963 739 999 a
770 956 955 1000 nostro
986 945 1281 1015 apostolico
1311 946 1627 1015 suscipiant.
1650 961 1713 999 ac
1739 945 1783 999 si

195 1016 351 1081 prius
391 1013 618 1069 fuissent
644 1013 861 1071 ininime
887 1013 1147 1077 ordinati;
1197 1016 1291 1069 scd
1329 1023 1383 1068 et
1430 1013 1546 1082 qua)
1587 1015 1687 1068 alia
1732 1017 1783 1069 in

198 1086 369 1141 sacris
418 1084 609 1139 oﬂlciis
660 1085 827 1140 isdem
863 1086 1250 1141 Constantinus
1288 1088 1531 1154 peregit,
1589 1094 1786 1151 pneter

192 1156 575 1209 tantummodo
602 1156 959 1223 baptismum,
1005 1157 1188 1209 omnia
1230 1158 1513 1209 iterentur.
1557 1156 1627 1209 At
1657 1172 1785 1211 vero

188 1224 497 1347 gesbyteri
523 1226 595 1279 illi
624 1226 710 1280 vel
735 1226 1117 1294 diaconi,quos
1140 1226 1191 1280 in
1214 1227 1315 1281 hac
1333 1234 1517 1279 sancta
1542 1224 1782 1281 Romana

268 1296 435 1347 clesia
475 1296 767 1347 ordinavit.
797 1296 850 1347 in
882 1296 1108 1347 nristino
1134 1297 1550 1347 subdiacouatus
1569 1296 1778 1347 ordine.

268 1296 435 1349 elesia
475 1296 767 1365 ordinavit,
797 1296 850 1350 in
882 1296 1108 1365 pristino
1134 1297 1550 1350 subdiacouatus
1569 1296 1778 1361 ordine,

187 1365 275 1416 vel
301 1364 412 1419 alio
439 1380 547 1435 quo
577 1364 937 1435 fungebantur
957 1366 1132 1421 ollicio
1162 1374 1529 1430 revertantur;
1563 1381 1684 1420 cum
1728 1376 1778 1421 et

185 1437 535 1503 postmodum
558 1436 611 1490 in
639 1445 833 1506 vestrae
854 1437 1202 1491 sanctissima
1230 1437 1485 1490 almitatis
1513 1445 1781 1506 potestate

187 1505 279 1565 sit,
308 1506 532 1576 siveeos
558 1505 867 1571 ordinandi,
892 1508 1005 1562 sive
1028 1515 1087 1561 ut
1108 1508 1260 1563 vobis
1286 1505 1568 1576 placuerit,
1597 1507 1779 1575 dispo-

187 1575 375 1628 nendi.
401 1575 710 1647 Laicivero
733 1578 831 1642 illi,
853 1578 940 1646 qui
973 1578 1041 1633 ab
1068 1593 1134 1632 eo
1176 1575 1433 1632 tons’urati
1468 1586 1591 1630 sunt
1614 1588 1776 1647 atque

186 1646 515 1712 consecrati,
545 1646 899 1701 decernentes
938 1649 1245 1709 statuimus,
1283 1658 1339 1701 ut
1368 1656 1459 1700 aut
1493 1648 1542 1700 in
1589 1664 1777 1701 mona-

184 1716 353 1787 sterio
401 1716 774 1781 rctrudantur,
806 1727 899 1771 aut
944 1720 997 1771 in
1042 1719 1271 1787 propriis
1332 1717 1578 1771 domibus
1636 1719 1771 1772 resi-

1893 546 2181 615 discipulus
2208 564 2367 617 supra
2401 548 2705 616 magistrum
2733 546 2949 617 (Matth.
2978 562 3032 612 ι,
3052 546 3179 617 ἓ4);
3213 547 3470 619 quidquid

1891 655 1986 695 vos
2008 639 2135 694 hinc
2157 638 2525 702 decreveritis,
2553 653 2649 709 pro
2674 648 2793 693 rato
2825 654 2882 693 se
2922 637 3253 692 habiturum.
3294 639 3461 710 Opta-

1891 738 1973 783 ret
1996 744 2140 793 vero,
2164 737 2222 782 ut
2256 736 2491 783 vestrum
2518 729 2661 798 quod
2704 728 2757 783 in
2791 728 2894 783 hoc
2921 730 3253 798 sequendum
3284 740 3470 785 censet

1888 820 2171 875 arbitrium
2198 858 2214 883 ,
2265 819 2333 873 ab
2372 820 2690 873 auctoritate
2739 832 2846 873 non
2877 818 3209 889 discreparet
3254 821 3469 890 penitus

1888 928 2177 969 canonum.
2211 911 2475 967 Interesse
2516 921 2693 967 tamen
2728 922 2908 966 vestra
2931 911 3155 966 dimittit
3184 913 3466 967 arbitrium

1888 1004 1941 1058 in
1969 1005 2071 1059 hoc
2103 1003 2483 1075 proprium,an
2512 1004 2667 1073 sequi
2699 1004 2851 1058 vobis
2877 1011 3282 1059 antecessorum
3304 1004 3469 1060 libeat

1879 1094 2171 1165 judicium,
2225 1096 2551 1151 sanctissimi
2595 1095 2801 1160 Patres,
2844 1103 3171 1150 vestrorum.
3213 1094 3367 1161 Quod
3420 1096 3465 1149 si

1885 1188 2039 1243 nobis
2068 1188 2120 1242 in
2159 1196 2305 1242 tanto
2327 1188 2628 1241 animarum
2651 1202 2969 1242 succurrere
2997 1186 3288 1257 dignamini
3320 1188 3463 1255 peri-

1884 1277 2028 1344 culo,
2055 1292 2213 1348 quem
2270 1278 2394 1333 inde
2450 1285 2906 1333 remuneratorem
2938 1291 3155 1345 sperare
3188 1276 3322 1331 del-.e
3343 1277 3427 1329 uis
3447 1315 3462 1339 ,

1882 1369 2064 1424 doceri
2091 1369 2397 1423 nullatenus
2422 1368 2695 1439 indigetis.
2719 1368 2851 1423 Cum
2874 1383 3004 1423 vero
3028 1367 3240 1438 plurimi
3271 1369 3463 1432 simus,

1883 1476 1987 1517 non
2019 1461 2324 1516 defuturum
2352 1459 2715 1531 promittimus
2750 1460 2840 1528 qui
2892 1460 2958 1513 ad
3000 1468 3231 1514 vestram
3280 1463 3465 1513 redeat

1881 1551 2249 1613 sanctitatem,
2281 1550 2415 1603 dans
2463 1550 2515 1603 in
2566 1550 2717 1604 vobis
2752 1549 2976 1620 gloriam
3007 1551 3135 1615 Deo,
3165 1561 3463 1619 vestrieque

1878 1642 2191 1714 paternitati
2214 1642 2534 1713 condignam
2563 1682 2578 1705 ,
2625 1641 2880 1709 Quirites,
2915 1656 3050 1711 quos
3102 1643 3227 1697 hinc
3256 1643 3462 1712 specia-

1878 1735 1981 1790 lius
2028 1750 2337 1805 precamur,
2390 1735 2715 1799 venerandi,
2773 1733 3096 1790 mercedem.
3159 1734 3279 1789 Dut.
3338 1735 3459 1793 Kal.

183 1784 375 1840 dentes
406 1787 710 1856 spiritalem
745 1797 907 1857 atque
954 1784 1257 1858 religiosam
1294 1790 1459 1843 vitam
1502 1790 1718 1859 degant.
1748 1807 1766 1839 ι
1803 1817 1847 1877 Β
1873 1784 2121 1881 δ’

250 1875 280 1898 ε·
356 1877 623 1898 A,s::_s-_-
662 1880 1054 1898 _-___-_-s-e__.,,_
1103 1892 1216 1898 ,,_,.
1259 1895 1291 1898 μ
1338 1880 1584 1898 “June”
1726 1896 1737 1898 _
1962 1868 1989 1898 ΰ
2106 1867 2121 1881 ⁸

246 1875 302 1929 5.
344 1877 628 1947 Adjiciens
657 1880 1061 1949 suprascriptus
1100 1892 1299 1937 nostra:
1338 1880 1591 1935 Ecclesia:
1635 1896 1771 1951 prce-

182 2082 2850 2118 MM

1100 2252 1781 2366 RATHERII
1863 2247 2302 2364 OPUSC
2330 2248 2708 2362 ULUM

1213 2494 1359 2581 DE
1438 2489 1969 2583 PROPRIO
2042 2488 2403 2580 LAPSU
2432 2481 2618 2575 (ml.

238 2840 401 2913 333
441 2840 494 2895 1.
537 2839 737 2894 Beatus
785 2840 938 2893 homo
972 2880 986 2901 ,
1035 2841 1126 2911 qui
1179 2855 1379 2909 semper
1423 2848 1496 2892 est
1546 2838 1765 2907 pavidus

172 2930 356 3001 (Prov.
382 2948 586 2995 xxviii,
615 2930 726 2996 14),
752 2946 873 2985 cum
896 2930 1466 3000 dixeritprisciloquus
1491 2928 1634 3000 (721)
1654 2929 1767 2997 qui-

173 3024 328 3088 dam;
363 3025 688 3079 conscientia
738 3037 865 3077 vero
915 3023 988 3076 rei
1030 3039 1229 3091 semper
1265 3022 1319 3074 in
1349 3038 1500 3091 pcena
1538 3030 1657 3089 est,
1701 3035 1768 3073 ex

172 3118 451 3172 modernis
486 3117 613 3171 dum
647 3116 788 3170 alter
813 3115 967 3185 quasi
996 3124 1217 3170 econtra
1243 3156 1257 3179 ,
1290 3112 1417 3168 llatu
1452 3122 1630 3167 tamen
1663 3126 1769 3166 uno

172 3208 453 3276 duplisona
503 3208 693 3261 reboat
731 3207 901 3260 tibia:
934 3205 1111 3260 beatus
1147 3214 1203 3259 et
1241 3222 1357 3258 reus
1388 3203 1619 3273 qualiter
1661 3199 1767 3257 sibi
1794 3242 1838 3306 C

176 3301 514 3363 colimrcant,
546 3298 731 3353 videre
763 3297 1085 3351 omnimodis
1128 3311 1356 3366 nequeo.
1388 3296 1638 3349 Attamen
1680 3293 1766 3349 ille

170 3389 417 3458 pavidus,
466 3389 569 3443 iste
615 3389 669 3441 in
706 3404 855 3459 paena
902 3402 1023 3442 esse
1062 3387 1188 3442 dum
1227 3398 1439 3454 semper
1486 3384 1763 3451 asseritur,

171 3478 511 3533 beatitudine
536 3494 728 3534 carere
774 3488 1002 3547 uterque
1039 3477 1251 3531 illorum
1282 3476 1465 3546 utique
1497 3484 1763 3529 monstrac

171 3579 279 3624 tur.
331 3571 400 3625 Et
441 3587 627 3626 revera
674 3587 843 3640 pavor
886 3580 941 3626 et
988 3586 1145 3643 pinna
1192 3571 1257 3624 ad
1305 3584 1422 3623 eam
1475 3568 1768 3639 respiciunt

172 3663 345 3718 animi
386 3663 727 3733 passionem,
761 3663 825 3718 de
854 3679 959 3733 qua
997 3672 1081 3719 est
1109 3662 1308 3717 dictum
1346 3678 1357 3714 :
1396 3658 1464 3713 Πι
1512 3668 1763 3713 metuunt.

177 3753 278 3821 Qui
319 3754 570 3809 metuunt
616 3769 767 3819 vero,
802 3762 1029 3824 pavent;
1064 3753 1155 3823 qui
1185 3762 1419 3823 pavent,
1464 3765 1620 3820 paena
1658 3766 1763 3805 non

172 3851 389 3899 carent.
432 3843 631 3899 Beatus
665 3859 795 3913 ergo
822 3843 1090 3912 quomodo
1119 3850 1199 3896 est
1241 3841 1331 3911 qui
1366 3847 1555 3909 pavet,
1581 3855 1702 3894 cum
1732 3856 1762 3893 a

169 3935 513 3991 beatitudine
559 3934 718 4006 longe
763 3935 834 3990 sit
871 3935 1084 4005 passio,
1132 3949 1347 4004 pmnam
1392 3948 1522 3987 vero
1563 3933 1762 3988 nullam

166 4030 371 4085 sentiat
406 4028 723 4084 beatitudo?
755 4027 932 4082 Videri
969 4042 1098 4098 ergo
1128 4026 1328 4090 videor,
1371 4025 1512 4095 quod
1554 4025 1598 4079 si
1639 4035 1763 4079 ante

166 4129 378 4174 reatum
408 4118 533 4189 quis
563 4119 635 4173 sit
671 4118 916 4187 pavidus,
949 4117 999 4171 id
1028 4126 1110 4171 est
1140 4115 1426 4179 sollicitus,
1473 4131 1536 4168 nc
1562 4115 1763 4169 incidat

171 4211 223 4265 in
255 4218 500 4273 reatum,
529 4210 675 4279 quod
704 4223 768 4263 eo
794 4209 909 4278 ipso
939 4209 1127 4261 beatus
1154 4208 1226 4261 sit
1270 4209 1386 4277 (spe
1427 4206 1571 4270 licet,
1599 4221 1760 4275 quam

165 4302 243 4371 re)
292 4315 407 4371 quo
442 4308 640 4363 cavet,
692 4312 759 4352 ne
807 4296 1009 4351 incidat
1050 4296 1101 4351 in
1146 4305 1391 4359 reatum,
1441 4308 1573 4349 neve
1611 4302 1762 4348 stans

164 4396 356 4448 subeat
382 4406 599 4455 casum,
635 4398 690 4444 et
720 4406 844 4443 reus
869 4387 1114 4452 et'l'ectus,
1149 4402 1363 4456 pmnam
1409 4386 1507 4440 sibi
1541 4386 1639 4455 ipsi
1667 4386 1762 4440 ad-

163 4486 383 4550 sciscat,
407 4491 739 4551 corruatqne
766 4480 816 4535 in
844 4479 1067 4534 malum.
1094 4478 1246 4547 Quod
1277 4479 1550 4532 contrario
1576 4477 1759 4546 utique

163 4582 503 4630 monstsatur
526 4569 742 4635 ell'ectu,
771 4586 893 4624 cum
926 4570 1169 4639 protinus
1196 4568 1441 4622 subditur
1471 4585 1482 4620 :
1516 4565 1617 4631 Qui
1642 4581 1757 4619 rero

162 4666 349 4719 mentis
385 4673 463 4718 est
505 4663 657 4716 durae
680 4700 695 4723 ,
736 4671 941 4713 corruet
972 4660 1025 4712 in
1071 4657 1306 4722 malum,
1340 4657 1466 4710 illud
1509 4655 1755 4710 \idelicet

164 4754 312 4821 illud,
346 4768 461 4825 quo
490 4765 619 4806 reus
650 4747 894 4812 eﬂ'ectus,
929 4749 979 4803 in
1010 4764 1166 4819 paena
1196 4758 1372 4803 metus
1402 4762 1615 4816 semper
1642 4762 1760 4801 ver-

163 4855 329 4900 satur.
372 4844 484 4899 Sed
531 4856 793 4910 quorsum
825 4840 964 4894 ista?
1007 4839 1084 4893 Eo
1122 4839 1341 4908 inquam
1371 4879 1386 4903 ,
1426 4854 1491 4892 eo
1520 4853 1624 4907 quo
1657 4838 1760 4892 tria

162 4952 355 5009 genera
410 4935 501 4991 his
550 4933 762 4988 duabus
809 4933 1116 4986 noverimus
1150 4931 1432 4985 sententiis
1481 4930 1756 4984 hominum

150 5112 151 5115 η
230 5088 382 5161 (720)
425 5086 545 5142 Hoc
573 5086 889 5164 opusculum
918 5102 983 5164 ex
1010 5100 1112 5164 ms.
1139 5086 1357 5164 capituli
1395 5084 1758 5164 lj‘risingensis

1873 2834 2171 2906 designata.
2203 2831 2381 2889 Unum
2411 2834 2615 2890 scilicet
2643 2848 2828 2890 eorum
2858 2876 2872 2901 ,
2904 2836 2969 2891 de
2997 2850 3224 2907 quorum
3260 2836 3347 2891 ille
3373 2846 3456 2893 est

1873 2926 2139 2995 catalogo,
2171 2925 2237 2979 de
2272 2939 2380 2994 quo
2410 2925 2606 2979 dicitur
2638 2944 2649 2978 :
2686 2925 2791 2991 Qui
2819 2943 2935 2981 vero
2963 2930 3149 2983 mentis
3177 2940 3251 2983 est
3282 2932 3455 2997 dum,

1874 3026 2079 3070 corruet
2109 3018 2162 3071 in
2205 3016 2423 3072 malum.
2456 3017 2611 3071 Aliud
2645 3016 2855 3071 illorum
2880 3058 2894 3083 ,
2937 3020 3076 3075 unde
3103 3020 3188 3076 ille
3233 3037 3350 3079 esse
3376 3025 3457 3079 di-

1875 3108 2173 3176 gnoscitur,
2204 3110 2293 3178 qui
2326 3109 2445 3163 ideo
2470 3118 2551 3164 est
2577 3110 2793 3175 beatus,
2825 3112 2966 3181 quod
3012 3129 3226 3184 semper
3252 3129 3333 3171 est
3360 3133 3457 3188 pa-

1874 3202 2049 3257 vidus.
2084 3203 2323 3258 Tertium
2363 3203 2526 3265 illul,
2566 3218 2629 3258 ex
2661 3202 2814 3273 cujus
2854 3220 3078 3261 numero
3123 3208 3209 3261 ille
3238 3220 3319 3263 cst
3343 3251 3358 3275 ,
3392 3212 3457 3266 de

1870 3309 1977 3365 quo
2007 3294 2204 3349 dicitur
2236 3313 2249 3348 :
2285 3293 2613 3349 Conscientia
2642 3296 2717 3349 rei
2745 3312 2943 3365 semper
2971 3297 3025 3351 in
3054 3314 3202 3367 paena
3232 3310 3327 3353 est.

1939 3386 1992 3439 2.
2036 3385 2180 3440 Istud
2221 3401 2389 3455 genus
2433 3386 2596 3456 igitur
2639 3385 2843 3439 utinam
2890 3386 3187 3455 potius.....
3238 3390 3409 3445 relatu
3437 3432 3453 3456 ,

1868 3490 2028 3546 quam
2062 3477 2397 3547 proprio.....
2427 3476 2767 3546 perspexisse
2808 3486 2957 3531 reatu
2985 3478 2997 3531 l
3026 3477 3175 3545 Quod
3204 3494 3323 3534 cum
3352 3482 3455 3539 mi-

1868 3567 2013 3621 nime
2054 3567 2312 3636 procedat
2340 3580 2498 3635 paena
2550 3563 2852 3634 hujusmodi
2884 3566 3109 3635 (utinam
3152 3580 3453 3627 momenta-

1868 3675 1966 3715 nea
1994 3668 2201 3714 tantum
2230 3661 2393 3731 esset)
2427 3660 2440 3713 !
2472 3674 2576 3714 non
2617 3666 2699 3714 est
2727 3659 3016 3731 iSta(722),
3049 3648 3107 3716 ut
3138 3661 3223 3716 illa
3251 3703 3265 3726 ,
3295 3664 3454 3735 cujus

1868 3759 2111 3820 respectu
2164 3765 2326 3820 pinna
2376 3758 2461 3805 est
2509 3750 2611 3805 ista
2669 3750 2854 3820 utique
2903 3750 3105 3823 [supple
3152 3752 3308 3825 sed],
3364 3755 3452 3811 il.a

1865 3855 2092 3900 aeterna.
2122 3844 2258 3899 Dum
2284 3844 2429 3899 enim
2459 3853 2796 3915 transgresso
2824 3844 2933 3909 illo,
2958 3846 3049 3915 qui
3079 3845 3291 3901 beatum
3325 3847 3469 3905 facit

1865 3934 2177 4000 hominem,
2224 3949 2453 4004 pavore,
2488 3943 2722 3989 mentem
2752 3934 2843 4005 qui
2889 3937 3126 4005 possidet
3157 3937 3321 4012 335.
3353 3941 3449 3995 du-

1864 4040 1979 4079 ram
2004 4065 2017 4089 ,
2060 4023 2251 4078 incidit
2297 4022 2349 4077 in
2385 4022 2513 4077 illud
2552 4022 2793 4088 malum,
2833 4039 2939 4095 quo
2969 4041 3068 4096 pro
3114 4027 3454 4084 immanitate

1864 4114 2128 4170 scelerum
2175 4114 2249 4169 ita
2280 4128 2431 4169 reum
2472 4128 2531 4169 se
2559 4113 2801 4184 cogitat,
2831 4124 2888 4169 ut
2914 4125 3061 4170 metu
3102 4132 3206 4172 non
3234 4121 3450 4188 quidem

1867 4208 1978 4271 Dei,
2011 4207 2102 4262 sed
2140 4206 2373 4271 illorum,
2417 4221 2537 4275 quae
2569 4205 2809 4277 inﬂigere
2835 4217 3027 4276 potens
3060 4217 3143 4263 est
3170 4208 3449 4276 Dominus,

1863 4298 2193 4354 conscientia
2230 4298 2373 4352 illius
2406 4298 2497 4352 diu
2537 4306 2807 4375 noctuque
2841 4298 2923 4367 (ut
2953 4308 3156 4364 nostra,
3191 4302 3324 4371 proh
3359 4316 3452 4357 ne-

1862 4388 1979 4443 fas!
2032 4387 2196 4458 nunc)
2240 4398 2488 4443 versetur
2530 4386 2615 4459 [[1,
2641 4388 2889 4461 vexetur]
2933 4390 3211 4446 continua.
3256 4393 3452 4451 Evenit

1868 4479 1959 4534 tali
1987 4480 2209 4534 cuilibet
2254 4478 2603 4549 plerumque,
2636 4480 2776 4548 quod
2813 4479 2885 4534 illi
2911 4482 3213 4552 contingit,
3238 4484 3306 4539 de
3344 4502 3451 4555 quo

1860 4578 1943 4624 est
1975 4570 2046 4623 ita
2073 4569 2339 4640 prolatum
2374 4582 2389 4622 :
2430 4568 2653 4637 Impius,
2687 4587 2804 4623 cum
2834 4574 3026 4626 venerit
3052 4574 3104 4627 in
3125 4576 3449 4645 profundum

1860 4658 2121 4712 malorum
2150 4699 2164 4723 ,
2196 4658 2473 4713 contemnit
2510 4656 2693 4730 (Prov.
2743 4676 2899 4728 xviii,
2926 4660 3019 4730 3);
3067 4677 3281 4733 semper
3320 4680 3450 4722 vero

1866 4749 2116 4823 [subaudi
2157 4747 2360 4821 evenit]
2402 4750 2545 4820 quod
2586 4748 2819 4806 Joannes
2865 4751 3139 4822 apostolus
3174 4755 3251 4808 ait
3288 4774 3300 4809 :
3343 4755 3450 4822 Qui

1864 4851 2038 4896 autem
2071 4842 2239 4904 timet,
2270 4856 2372 4894 non
2408 4848 2482 4895 est
2520 4840 2778 4909 perfectus
2818 4843 2871 4895 in
2909 4843 3162 4898 charitate
3190 4843 3243 4916 (I
3285 4846 3445 4902 Joan.

1867 4948 1941 4997 tv,
1974 4932 2082 5002 18).
2112 4931 2175 4985 Et
2206 4930 2412 4985 utinam
2445 4931 2748 5002 hujusmodi
2776 4932 2979 4987 homini
3013 4932 3139 4988 illud
3166 4936 3356 4993 saltem
3382 4939 3450 4993 de

1863 5086 2303 5166 Qiizttl‘ragosim-a.
