4032 5354
546 174 659 233 883

1500 164 2086 224 ΒΛΤΗΕΒΠἘΗΞΟ.
2129 166 2384 224 VERON.
2421 165 2570 225 OPP.
2613 166 2817 225 PARS.
2856 168 2899 223 l.

3746 172 3885 232 484

544 286 757 359 psalmo
779 268 1237 354 valuissct‘aptari
1258 323 1272 346 ,
1304 281 1407 337 hoc
1429 289 1513 337 est
1534 294 1550 334 :
1574 278 1947 351 Imperfectum
1974 296 2147 337 meum
2177 286 2226 342 Δ
2256 281 2607 338 mcntandum
2628 323 2646 349 ,
2675 297 2841 355 quam
2878 283 2945 339 de
2976 282 3094 354 ejus
3133 282 3506 344 misericordia
3550 285 3890 359 ἀείρει-³η.

545 378 787 439 uiderunt
836 375 974 431 oculi
1020 375 1097 429 tui
1136 372 1310 445 (Prol.
1354 388 1620 438 cxxxvtu,
1674 372 1783 445 16).
1829 371 1964 429 Cum
2000 373 2147 431 enim

547 469 694 524 idem
731 467 879 523 dicat
928 464 1209 536 apustolus
1252 481 1264 517 :
1309 462 1487 521 Timor
1525 479 1631 519 non
1667 472 1744 518 est
1791 462 1848 521 in
1891 463 2148 523 alacritate

547 560 596 633 (ι
638 559 802 615 Joan.
854 573 929 623 tv,
967 556 1097 628 18),
1135 554 1426 611 dilectione
1472 548 1571 610 Dei
1616 554 1877 625 probatur
1918 556 2143 631 omnino

550 666 779 715 carere,
834 648 993 718 cujus
1032 646 1426 704 conscientiam
1473 660 1629 702 amor
1677 660 1952 716 nunquam
2001 645 2146 701 illius

542 743 802 809 oblectat,
841 741 941 799 sed
966 754 1124 811 pinna
1164 739 1426 811 gehennae
1446 736 1819 795 indesinenter
1841 737 2141 795 excruciat.

544 836 834 908 Nunquam
862 834 1045 904 itaque
1075 833 1386 899 Dominum,
1415 832 1667 903 quamvis
1699 831 2147 887 irrationabiliter

545 942 677 984 eum
704 934 934 992 metuat,
960 924 1158 994 diligit,
1184 924 1277 994 qui
1307 923 1548 991 moribus
1585 922 1698 979 suis
1748 921 1895 976 illum
1930 937 2148 993 semper

484 1044 491 1051 ~
543 1017 877 1074 contrarium
901 1016 1084 1081 sentit,
1114 1022 1175 1069 ut
1208 1014 1399 1085 utique
1430 1014 1546 1084 ipse
1573 1014 1647 1069 ibi
1675 1012 1874 1077 innuit,
1900 1013 1990 1070 ubi
2022 1027 2146 1068 ver-

542 1108 675 1165 bum
722 1106 822 1163 Dei
854 1106 969 1163 fore
1010 1106 1167 1161 nobis
1212 1105 1586 1161 adversarium
1616 1104 1691 1159 ait
1720 1102 1871 1178 (725)
1897 1120 1912 1170 ;
1943 1112 1998 1158 ct
2029 1118 2145 1159 mo-

545 1219 661 1259 rem
693 1216 885 1274 gerere
913 1201 987 1257 illi
1032 1202 1249 1264 debere,
1282 1199 1426 1254 viam
1471 1198 1597 1254 dum
1626 1198 1863 1269 gerimus
1889 1198 2013 1252 vita:
2035 1237 2051 1263 ,
2087 1197 2144 1252 in

546 1304 871 1369 perpetuum
904 1308 1090 1350 ne.....
1132 1293 1186 1349 in
1230 1305 1507 1346 carcerem
1538 1289 1800 1361 gehennae
1837 1288 2140 1356 mittamur,

546 1388 705 1445 nobis
727 1387 961 1457 benigne
983 1384 1174 1441 suasit.

578 1520 583 1523 -
615 1481 672 1535 5.
715 1476 787 1535 Ut
813 1476 958 1533 enim
999 1489 1064 1531 ex
1098 1472 1324 1530 infinitis
1364 1473 1467 1529 ista
1504 1480 1710 1528 tantum
1737 1472 2099 1544 perstringam
2123 1511 2140 1540 ,

545 1569 816 1643 quomodo
846 1566 1133 1627 Dominum
1173 1564 1317 1621 valet
1346 1563 1436 1619 ille
1456 1604 1475 1632 ,
1510 1578 1713 1637 quaaso,
1746 1563 1969 1635 diligere
1993 1604 2009 1629 ,
2047 1578 2139 1638 qui

544 1662 612 1717 de
647 1676 709 1716 se
756 1658 903 1714 illum
946 1657 1222 1727 cognoscit
1267 1675 1281 1712 :
1327 1655 1481 1722 Quod
1521 1656 1744 1727 tetigerit
1792 1655 2093 1710 immundus
2121 1695 2137 1722 ,

544 1750 876 1806 immundum
922 1750 1021 1805 erit
1059 1748 1251 1820 (Num.
1297 1764 1424 1813 xu,
1455 1747 1579 1817 22),
1620 1747 1865 1802 dixisse?
1899 1746 2141 1813 Qualiter

545 1859 670 1899 eum
720 1844 864 1899 valet
900 1857 1116 1907 amare,
1154 1842 1247 1913 qui
1291 1840 1357 1896 de
1397 1856 1456 1896 se
1502 1840 1651 1896 audit
1698 1856 1819 1896 cum
1863 1839 2139 1896 clamare:

546 1926 721 1987 Homo
747 1932 990 1987 sacerdos
1021 1931 1084 1985 de
1115 1930 1309 1985 semine
1337 1930 1539 1996 Aaron,
1568 1930 1659 2000 qui
1693 1928 1935 1984 habuerit
1962 1944 2146 1984 niueu-

544 2023 682 2086 lant,
717 2039 819 2077 non
856 2024 1035 2093 o/feret
1075 2039 1234 2090 panes
1270 2020 1495 2076 Domino
1527 2020 1725 2093 (Exod.
1765 2036 1886 2085 xxx,
1923 2019 2049 2093 l7);
2087 2030 2144 2077 et

544 2114 636 2169 ille
664 2130 786 2169 cum
818 2114 925 2177 bis,
955 2127 1076 2183 qum
1104 2111 1212 2167 illic
1241 2110 1619 2183 subjiciuntur,
1654 2110 1879 2166 maculis
1910 2110 2141 2165 hostiam

504 2220 507 2223 '
542 2206 883 2278 compellitur
913 2205 1069 2259 litare
1099 2203 1370 2269 Domino,
1402 2201 1518 2274 ipso
1558 2203 1788 2266 scilicet,
1832 2202 1973 2273 quod
2005 2201 2144 2256 indi-

545 2316 649 2371 gne
678 2307 872 2371 gestat,
910 2296 1124 2352 ollicio?
1158 2295 1298 2364 Quid
1335 2310 1464 2353 vero
1500 2296 1718 2359 mirum,
1765 2296 1809 2351 si
1847 2293 2145 2365 compesci-

545 2401 634 2447 tur
663 2392 731 2446 ab
757 2388 1053 2453 otl'erendo,
1083 2390 1168 2443 cui
1200 2404 1307 2443 non
1341 2388 1675 2458 permittitur
1703 2388 1895 2443 saltem
1926 2395 2145 2459 gustare

547 2483 614 2536 tle
642 2479 822 2535 oblato
854 2479 993 2547 ipso,
1028 2478 1098 2531 ita
1141 2477 1493 2532 interdicente
1519 2476 1843 2532 omnimodis
1872 2477 2100 2533 Domino
2126 2496 2140 2532 :

548 2570 863 2641 Quicunque
897 2569 1033 2623 enim
1063 2608 1077 2632 ,
1113 2567 1207 2631 ait,
1250 2568 1644 2622 manducauerit
1690 2567 1757 2621 de
1788 2583 1945 2622 carne
1972 2570 2143 2623 sacri-

547 2661 675 2726 ﬁcii,
704 2659 845 2733 quod
866 2671 941 2714 est
962 2658 1199 2723 Domini,
1222 2668 1269 2713 et
1298 2658 1634 2713 inmunditia
1663 2658 1776 2730 ejus
1799 2676 1955 2729 super
1974 2661 2143 2731 ipsum

542 2763 653 2819 est;
681 2752 867 2825 peribit
912 2750 1089 2805 anima
1118 2748 1211 2804 illa
1252 2749 1318 2804 de
1356 2748 1548 2821 populo
1593 2766 1688 2804 suo
1734 2750 1919 2822 (Leuit.
1945 2767 2042 2816 vn,
2071 2750 2144 2808 20

545 2845 743 2919 (721]).
797 2844 1079 2901 Postremo
1108 2842 1272 2919 335
1298 2842 1569 2912 quomodo
1622 2843 1909 2899 Dominum
1947 2844 2143 2916 proba-

546 2951 635 2995 tur
661 2938 915 3011 diligere,
955 2937 1042 2993 cui
1079 2938 1321 2993 noscitur
1353 2935 1612 2992 Deminus
1648 2937 1815 2992 etiam
1844 2938 2139 2994 auctorita-

2254 371 2403 436 dum,
2436 370 2489 426 id
2532 379 2618 428 est
2663 381 2807 428 metu
2844 371 3101 443 gehennae
3134 372 3627 444 irrccnperabiliter
3667 378 3889 436 forari-

2249 462 2486 519 dandum
2519 479 2534 531 ;
2590 480 2712 520 cum
2752 463 2958 520 nullum
2998 464 3173 536 magis
3198 466 3324 521 odio
3361 467 3555 523 habeat
3587 470 3885 544 ὄμβρω-

2257 563 2473 621 catum,
2527 555 2652 612 dum
2700 554 2876 612 cernit
2931 553 3328 623 irremissibile,
3383 557 3506 625 quia
3545 568 3597 614 et
3626 572 3879 635 aposta-

2251 646 2413 702 ticum
2444 645 2639 703 solum.
2672 646 2845 718 Magis
2873 647 3018 716 quod
3044 646 3261 704 diabolo
3293 649 3478 714 cessit,
3519 653 3877 710 enubescenr

2248 738 2400 804 dum,
2427 754 2589 811 quam
2616 753 2687 796 ne
2705 755 2830 797 cum
2867 728 2961 796 illo
2981 741 3292 805 damnetur,
3328 737 3622 800 timendum
3659 764 3674 800 :
3706 745 3877 818 quod

2246 843 2354 884 non
2384 829 2646 885 abstinuit
2674 845 2702 884 a
2734 830 3045 887 carnalibus
3079 830 3363 889 desideriis
3413 831 3470 906 (I
3507 827 3627 892 Pet.
3661 853 3726 901 ιι,
3769 839 3871 909 Η)

2246 918 2560 991 apostolicis
2586 922 2830 987 monitis,
2868 921 2964 978 sed
2987 921 3222 979 militare
3240 933 3431 979 contra
3450 940 3510 981 se
3532 926 3871 985 daemonicis

2244 1024 2309 1065 ea
2326 1008 2453 1065 fecit
2471 1010 2731 1079 imperiis,
2751 1012 3166 1082 tritnnpbarede
3186 1028 3247 1068 se
3261 1012 3483 1083 insuper
3502 1018 3870 1074 miserrimus

2246 1098 2490 1155 tribuens
2505 1098 2609 1155 illis
2625 1100 2795 1173 (725).
2819 1100 3063 1173 Amplius
3089 1102 3271 1174 itaque
3293 1104 3646 1161 contristetur
3666 1106 3874 1178 hujus:-

2245 1190 2436 1257 modi,
2500 1192 2647 1263 quod
2705 1192 3121 1265 lledetnpzorem
3195 1204 3303 1251 tam
3360 1198 3507 1268 pium
3564 1196 3870 1257 olli-aderit

2244 1298 2408 1353 quam
2436 1294 2710 1351 vereatur,
2728 1285 2965 1357 judicem
2989 1302 3115 1343 eum
3140 1289 3437 1345 terribilem
3460 1292 3681 1350 visurus
3709 1295 3865 1365 quod

2243 1374 2348 1429 erit
2385 1372 2533 1446 (7%)
2564 1392 2575 1429 :
2605 1376 2749 1447 quod
2779 1392 2981 1448 corpus
3007 1386 3062 1432 et
3088 1379 3407 1449 sanguinem
3433 1380 3605 1450 ipsius
3635 1383 3865 1456 indigne

2245 1469 2475 1540 accepit,
2508 1485 2669 1540 quam
2711 1470 2854 1542 quod
2877 1470 2932 1526 in
2955 1470 3217 1540 judicium
3254 1487 3374 1531 sese
3396 1472 3526 1531 illud
3547 1477 3860 1548 sumpsisse

2245 1570 2538 1632 cognoscat
2561 1576 2576 1617 :
2598 1562 2955 1635 quodgaudio
2978 1561 3208 1635 spiritali
3238 1566 3549 1637 paschaletn
3573 1567 3859 1639 Quinqua-

2174 1637 2219 1696 Β
2243 1640 2503 1724 gesimam
2540 1652 2819 1710 celebrare
2854 1656 3112 1712 muastitia
3143 1657 3210 1713 de
3243 1665 3594 1728 peccatorum
3632 1637 3858 1714 contra-

2240 1751 2329 1797 ctu
2393 1743 2561 1813 ipsius
2616 1744 2856 1799 laetitiam
2911 1745 3337 1818 interrumpente
3389 1747 3604 1803 distulit
3651 1750 3803 1818 (727)
3832 1791 3849 1816 ,

2241 1848 2403 1903 quam
2432 1835 2576 1905 quod
2604 1835 2894 1891 vindictam
2922 1836 3237 1893 eorumdem
3266 1837 3570 1894 facinorum
3600 1840 3716 1910 ipse
3740 1842 3845 1897 sibi

2243 1923 2498 1980 conﬂavit
2526 1944 2539 1980 :
2582 1926 2725 1996 quod
2756 1941 2929 1998 usque
2972 1928 3027 1983 in
3056 1927 3223 1984 tinem
3253 1928 3621 1986 solemnitatis
3656 1931 3849 1987 saltem

2245 2017 2477 2072 termino
2494 2017 2607 2089 jam
2634 2032 2739 2073 non
2765 2021 3195 2090 perseveraverit
3218 2021 3455 2078 instante
3479 2041 3494 2077 :
3525 2025 3674 2093 quod
3698 2024 3848 2079 ﬁnita

2244 2107 2589 2165 solemnitate
2616 2109 2993 2166 consuetudini
3022 2126 3130 2166 non
3167 2111 3335 2168 valuit
3361 2114 3643 2180 resistere,
3670 2116 3846 2172 noxia:

2245 2201 2310 2257 ad
2359 2202 2617 2257 vomitum
2658 2218 2906 2259 reversus
2953 2205 3205 2275 nequitice
3242 2225 3256 2261 :
3303 2208 3447 2279 quod
3484 2206 3849 2266 Pentecosten

2246 2292 2591 2348 festivitatem
2639 2294 2892 2350 «mnibus
2941 2293 3264 2352 festiviorem
3315 2297 3662 2354 tristissimus
3701 2300 3847 2355 cele-

2244 2379 2422 2434 bravit
2446 2378 2598 2449 cujus
2619 2382 2871 2452 gaudium
2896 2382 3011 2453 ipso
3031 2382 3240 2439 Pascha
3263 2386 3533 2441 celebrius
3560 2388 3679 2444 fore
3702 2389 3844 2459 quod

2246 2469 2514 2551 debuerit,
2566 2472 2872 2527 certissime
2929 2474 3099 2540 novit,
3151 2490 3326 2545 neque
3377 2479 3595 2549 negavit
3654 2480 3841 2551 (728):

2246 2546 2413 2629 quod"
2439 2577 2544 2617 non
2574 2561 2812 2633 profusis
2841 2564 2892 2618 in
2925 2564 3038 2634 ipsa
3077 2567 3252 2635 pntuit
3278 2546 3491 2639 gaudiis
3531 2546 3842 2636 exsultare,

2246 2653 2342 2713 sed
2379 2652 2597 2724 profusa
2630 2656 2997 2713 intestitudine
3024 2659 3334 2729 compulsus
3363 2672 3448 2717 est
3470 2660 3680 2731 ejulare
3711 2683 3725 2719 :
3756 2681 3844 2722 su-

2245 2759 2342 2816 per
2366 2745 2546 2800 omnia
2579 2747 2690 2802 haec
2716 2748 2857 2819 quod
2891 2743 3049 2821 turpe
3096 2750 3245 2822 (729)
3273 2753 3403 2821 quid
3448 2753 3568 2825 ipso
3600 2771 3842 2825 praesen-

2251 2837 2458 2893 tissimo
2488 2836 2598 2894 Deo
2628 2847 2791 2911 atque
2826 2853 3087 2900 cernente
3122 2860 3223 2901 nec
3252 2845 3449 2913 timuit,
3497 2864 3599 2904 nec
3635 2850 3844 2904 erubuit

2247 2926 2414 2999 loqui,
2445 2927 2530 2984 vel
2561 2928 2760 3002 legere.
2788 2932 2931 3003 quod
2959 2941 3054 2988 aut
3084 2934 3506 2999 incredulitatis,
3537 2947 3635 2991 aut
3673 2938 3841 2993 relelo

545 3041 655 3088 tem
698 3003 784 3087 de.
805 3045 866 3086 se
914 3030 1168 3101 loquendi
1207 3043 1406 3101 negare
1438 3045 1454 3083 ε
1491 3026 1669 3094 Quare
1708 3039 1767 3083 tu
1790 3070 1805 3094 ,
1851 3029 2102 3100 inquiens
2126 3070 2145 3097 ,
2173 3003 2217 3065 (ἶ
2250 3018 2406 3075 lionis
2447 3018 2674 3092 publica:
2705 3018 2806 3075 fuit
2852 3020 3108 3080 indicium
3151 3024 3359 3095 utique.
3396 3025 3622 3081 Dicente
3667 3037 3841 3082 autem

543 3141 761 3180 cnarras
794 3124 1037 3194 justitias
1079 3124 1261 3178 meas?
1299 3122 1474 3195 (Psal.
1510 3138 1659 3191 χιιι,
1693 3122 1804 3195 16.)
1842 3123 1921 3179 De
1965 3123 2149 3181 istius-

546 3220 691 3278 modi
735 3219 896 3292 igitur
945 3219 1227 3275 hominum
1265 3233 1465 3290 genere
1493 3236 1600 3275 non
1641 3219 1747 3275 alia
1776 3219 1909 3275 mibi
1949 3235 2145 3275 occur-

545 3313 622 3377 rit
649 3328 815 3377 nunc,
847 3310 1043 3377 fateor,
1086 3310 1419 3377 consolatio,
1453 3312 1555 3369 nisi
1598 3312 1699 3371 ista
1734 3311 2145 3367 tantummodo:

546 3372 729 3460 Nescit
767 3372 942 3467 homo,
989 3372 1175 3457 utrum
1201 3402 1344 3467 odio,
1380 3417 1451 3457 au
1480 3417 1658 3459 amour
1685 3401 1877 3473 dignus
1908 3401 2010 3467 sit,
2053 3402 2147 3456 sed

545 3494 722 3549 omnia
762 3494 820 3547 in
864 3492 1103 3563 futurum
1139 3500 1414 3546 servantur
1449 3490 1649 3546 incerta
1699 3490 1899 3564 (Eccle.
1946 3507 2031 3559 ιι,
2066 3490 2138 3564 1).

2251 3111 2479 3168 Domino
2512 3129 2525 3167 :
2560 3112 2777 3183 Auferte
2817 3112 3015 3169 malunt
3045 3117 3418 3188 cogitationum
3455 3129 3753 3174 uestrarum
3782 3121 3842 3175 ab

2251 3204 2419 3261 oculis
2444 3206 2573 3260 meis
2603 3202 2777 3276 (I’sal.
2810 3222 2852 3274 ι,
2884 3207 2995 3278 16),
3021 3224 3182 3281 quam
3211 3219 3465 3279 putamus
3491 3227 3619 3265 eum
3651 3211 3841 3267 offendi

2248 3299 2495 3370 turpibus
2524 3297 2660 3353 actis
2696 3298 2749 3353 in
2787 3300 3079 3369 praesentia
3110 3299 3411 3370 majestatis
3446 3314 3558 3357 suae
3590 3304 3843 3373 patratis,

2246 3405 2368 3447 cum
2398 3391 2465 3446 de
2495 3390 2917 3461 cogitationibus
2945 3392 3107 3448 etiam
3134 3392 3236 3449 hoc
3267 3393 3480 3449 dicatur
3507 3396 3707 3451 malis?

2311 3480 2478 3555 336
2496 3481 2550 3537 5.
2577 3482 2639 3539 Et
2654 3496 2842 3538 revera
2862 3482 3031 3539 levius
3048 3491 3133 3539 est
3154 3476 3248 3556 per
3270 3484 3630 3555 ignorantiam
3657 3501 3846 3557 quem~

444 4924 449 4929 ’
546 4918 703 4988 culpa
738 4911 1071 4988 revocetur.
1114 4911 1327 4988 Eodem
1384 4912 1541 4983 plane
1589 4928 1751 4988 sensu
1803 4927 1968 4988 scrin.
2023 4911 2133 4979 10,

548 3574 686 3637 Nam
715 3594 911 3639 caetera
950 3582 1023 3638 de
1058 3580 1153 3637 Dei
1198 3580 1732 3651 incomprehensibili
1771 3580 2140 3637 misericordia

2248 3570 2375 3627 libet
2403 3571 2576 3643 decipi
2605 3588 2633 3626 a
2671 3587 2729 3628 se
2765 3572 2901 3643 ipso,
2925 3574 3088 3645 quam
3117 3589 3215 3645 per
3242 3575 3551 3647 superbiam
3578 3579 3837 3634 rebellem

546 3674 692 3729 dicta
723 3672 830 3731 illis
874 3682 1097 3728 autumo
1127 3671 1300 3727 solum
1343 3685 1677 3743 congruere,
1714 3671 1912 3741 quibus
1940 3671 2144 3727 dictum
2241 3666 2479 3723 existere
2506 3667 2764 3733 Domino;
2793 3677 2847 3723 et
2871 3666 3201 3725 tolerabilius
3227 3665 3400 3724 fertur
3423 3668 3623 3741 injuria
3645 3687 3839 3742 qnam-

548 3764 766 3835 prollcit
794 3763 1072 3830 absolute;
1104 3763 1228 3835 quia
1256 3762 1440 3817 omnia
1468 3762 1663 3818 delicta
1692 3762 1984 3833 exstinguit
2011 3762 2145 3818 cba-
2240 3757 2323 3811 vis
2367 3770 2561 3826 magna
2611 3772 2719 3813 non
2763 3758 2917 3824 visa,
2965 3773 3130 3830 quam
3178 3760 3392 3817 modica
3442 3760 3495 3817 in
3552 3765 3841 3833 praesentia

560 3857 697 3912 ritas
722 3855 773 3927 (1
805 3854 953 3912 Par.
984 3871 1058 3920 ιν,
1086 3856 1143 3927 8)
2242 3847 2414 3913 facta;
2449 3863 2547 3904 nec
2584 3863 2738 3918 aeque
2777 3858 3038 3920 pensatur
3070 3865 3362 3916 excessus,
3399 3860 3565 3924 atque
3594 3866 3837 3912 contem-

617 3947 674 4003 ι,
714 3946 982 4015 Quocirca
1011 3936 1225 4001 videtur
1260 3944 1391 4005 mihi
1428 3944 1620 4016 magis,
1653 3944 1796 4014 quod
1832 3956 1942 4000 tam
1985 3943 2138 4000 ueni.
2239 3945 2362 4008 plus
2391 3939 2804 4009 praemeditatio,
2833 3948 2888 3998 et
2912 3940 3073 3997 subiti
3104 3958 3262 3999 casus
3296 3947 3628 4011 necessitas,
3674 3958 3837 4018 atque

548 4054 715 4110 gnum
753 4038 971 4096 Patrem
1003 4037 1291 4108 quisquam
1329 4046 1579 4093 nostrum
1616 4036 1812 4091 Radere
1857 4034 2137 4104 toleravit,
2239 4028 2488 4086 voluntas
2531 4045 2547 4083 ἶ
2594 4029 2745 4101 (759)
2785 4030 2987 4087 relator
3036 4032 3183 4104 quod
3233 4034 3442 4091 utinam
3490 4039 3841 4107 praecavisset

546 4130 836 4186 dolendum
861 4169 877 4197 ,
906 4138 964 4185 et
992 4127 1194 4200 cjulatu
1226 4127 1462 4183 maximo
1485 4126 1712 4182 interius
1756 4126 2023 4198 pra-cipue
2057 4125 2136 4181 la-
2239 4122 2484 4189 istorum,
2513 4138 2582 4179 ne
2608 4121 2818 4179 scilicet
2840 4126 3116 4196 properati
3145 4135 3329 4184 reatus
3355 4129 3611 4200 angustia
3639 4130 3697 4186 in
3732 4141 3840 4186 tam

620 4279 789 4355 (7725)
813 4278 1055 4355 Similem
1094 4276 1419 4355 sententiam
1458 4275 1659 4355 repetit_
1684 4275 1736 4329 in
1767 4290 2015 4330 sermone
2051 4291 2136 4331 sc-

545 4348 727 4411 eundo
753 4348 826 4407 'de
867 4348 1504 4420 Quadragesitna,qttem
1526 4348 1697 4420 paulo
1722 4354 1851 4420 post
1896 4361 2136 4420 praesens

547 4414 1113 4495 opusctdnm'babuit:
1148 4419 1223 4474 lbi
1249 4414 1394 4495 enim
1424 4414 1586 4495 nuni._
1616 4417 1688 4473 40
1709 4414 1917 4495 legitur
1944 4434 1957 4471 :
1990 4414 2133 4472 Nam

547 4487 673 4553 talis
709 4509 888 4549 amare
914 4490 1237 4553 nullatenus,
1268 4488 1385 4544 licet
1412 4506 1529 4546 eum
1567 4487 1999 4547 irrationabiliter
2028 4504 2133 4542 me-

545 4576 679 4629 tuat,
712 4563 1035 4619 convincitur
1058 4559 1248 4625 Deum,
1276 4576 1427 4629 quem
1457 4569 1564 4614 tam
1592 4561 1821 4614 moribus
1846 4559 1954 4613 suis
1977 4561 2131 4613 sentit

548 4637 845 4692 adversum.
886 4631 1209 4688 Adverbium
1246 4629 1674 4684 irrationabiliter
1710 4631 1995 4700 utrobique
2034 4644 2134 4698 pro

546 4723 653 4763 non
680 4715 833 4769 recte,
861 4718 955 4759 seu
980 4718 1084 4756 non
1116 4711 1255 4756 recta
1279 4702 1480 4755 ratione
1506 4700 1877 4771 accipiendum
1902 4708 2007 4755 est.
2038 4701 2133 4756 Illo

547 4778 695 4833 enim
740 4772 1175 4831 irrationabiliter
1220 4786 1316 4830 seu
1365 4785 1471 4827 non
1524 4782 1671 4828 recta
1722 4773 1928 4826 ratione
1981 4771 2135 4827 timet

2237 4278 2484 4331 abstinuit
2513 4295 2544 4332 a
2567 4278 2875 4351 carnalibus
2901 4278 3199 4344 desideriis,
3224 4280 3315 4335 sed
3342 4280 3465 4351 fecit
3485 4296 3551 4336 ea
3595 4282 3832 4336 militare

2163 4373 2213 4432 ι)
2239 4359 2421 4432 contra
2464 4365 2519 4402 se
2559 4349 2793 4430 itttperiis
2821 4351 3146 4432 .dtrmonicis
3169 4392 3185 4419 ,
3231 4349 3555 4407 miserrimus
3598 4354 3833 4407 tribuens

2240 4418 2345 4473 illis
2376 4419 2588 4489 insuper
2614 4418 2941 4488 triumphare
2967 4422 3035 4477 de
3057 4438 3133 4477 se.

2311 4488 2990 4567 (72.6)hCunstruerguam
3018 4502 3278 4560 vereatur,
3308 4494 3448 4567 quod
3480 4494 3697 4549 visurus
3727 4498 3826 4551 erit

2238 4558 2357 4614 eunt
2379 4558 2610 4628 judicent
2639 4558 2942 4615 terribilem.

2266 4630 2273 4635 “
2302 4630 2468 4717 (727).
2501 4630 2553 4683 Id
2594 4632 2866 4712 est,.quod
2908 4632 3113 4717 distulit
3152 4633 3641 4717 celebrarggaudio
3667 4637 3828 4705 spiri-

2240 4701 2335 4755 tali
2363 4702 2859 4773 Quinquagesimant
2899 4705 3215 4773 pare/talem,
3247 4701 3492 4760 mastitia
3521 4708 3588 4760 de
3614 4701 3829 4762 contra.

2240 4782 2326 4826 ctu
2367 4771 2700 4853 peccatorum
2734 4771 3138 4844 interrumpente
3175 4775 3415 4831 laetitiam
3456 4777 3622 4845 ipsius
3663 4777 3831 4844 Quin.

2281 4856 2588 4896 naccsnmte.

2240 4856 2588 4913 qnagesmue.

2311 4912 2471 4989 (723)
2498 4912 2787 4989 Corrupto,
2812 4913 3122 4989 u_t_videtur,
3149 4916 3201 4971 in
3225 4917 3539 4989 apograplto
3564 4917 3821 4989 scriptum

2240 4983 2471 5058 eratcui
2504 4997 2615 5058 pro_
2630 4984 2804 5053 cujus.
2835 4984 2927 5040 Sic
2963 4996 3143 5058 autem
3168 4983 3592 5058 construendum
3626 5005 3640 5042 :
3673 4983 3820 5058 cujus

2242 5052 2553 5113 festivitatis
2582 5052 2926 5125 Pentecostes
2948 5057 3198 5125 gaudium
3235 5055 3517 5110 certissime
3542 5059 3707 5123 uouit,
3732 5052 3819 5112 ne-

2240 5125 2590 5197 queyneganit,
2615 5124 2756 5197 quod
2765 5124 3013 5197 debuerit
3038 5127 3149 5196 fore
3180 5125 3430 5182 celebrius
3461 5128 3573 5197 ipso
3602 5131 3829 5197 pasclta.‘

2313 5142 2338 5176 e
2367 5142 2427 5177 ne
2464 5142 2590 5189 anu,
2651 5142 2752 5179 uoa
2780 5142 3013 5180 aeouertt
3038 5142 3149 5196 {ore
3180 5142 3430 5182 ceteortus
3461 5144 3573 5197 ipso
3602 5142 3829 5197 pascua-

2313 5142 2461 5264 (ηρ)
2499 5142 2705 5268 Gangen:
2723 5194 2852 5268 illud
2880 5197 3104 5251 verbum
3130 5210 3297 5268 turpe,
3324 5200 3465 5268 quod
3494 5199 3749 5268 coarguit
3768 5190 3842 5252 iul

2242 5263 2351 5325 alio
2376 5263 2638 5354 opusculo
2670 5263 2744 5318 De
2770 5266 2933 5319 alioso
2969 5263 3227 5322 sermone'
3250 5263 3395 5354 nutu.
3414 5266 3481 5321 ‘5.
3517 5263 3658 5323 Vide
3684 5284 3813 5337 quo-

549 4849 752 4913 lleum,
780 4847 869 4917 qui
914 4844 1083 4900 solam
1112 4858 1329 4917 p_cen_am
1384 4850 1650 4917 metuens,
1681 4858 1785 4896 non
1820 4844 1975 4896 timet
2012 4851 2132 4917 uta

550 4983 698 5045 num.
739 4988 773 5044 4
793 5028 809 5053 ,
838 4988 979 5043 idem
1007 4985 1319 5039 adverbium
1350 4991 1665 5052 usurpatum
1697 4983 1959 5037 invenies.

620 5058 770 5133 (724)
798 5051 966 5133 diuite
1008 5051 1578 5133 Leviticintegtum’ex
1616 5053 1836 5123 antiqua
1884 5051 2135 5133 versione

551 5122 953 5184 iisdem'verbis
978 5126 1201 5195 protulit
1226 5123 1284 5179 S.
1319 5123 1466 5178 Zeno
1492 5122 1601 5195 lib.
1621 5138 1658 5195 l_,
1684 5122 1964 5195 (tract.715,
1993 5137 2048 5176 n.
2077 5123 2133 5189 li,

554 5198 641 5251 ubi
674 5206 881 5253 tantum
912 5193 1010 5251 vox
1044 5193 1294 5250 salutaris
1321 5202 1445 5265 post
1467 5193 1715 5262 sacriﬁcii
1742 5194 1979 5265 additur.

556 5335 599 5354 ἢ
626 5267 1083 5354 (725)¹βοι¹ιεξι·υθ
1106 5281 1263 5354 εριιζη
1294 5262 1497 5354 nullum
1533 5274 1800 5354 pechatunt
1830 5263 1993 5354 magis
2025 5262 2134 5354 ipse
