4032 5354
189 315 296 371 ιὸὕ

1159 318 1248 376 DE
1284 319 1706 380 convenero
1747 324 2102 384 canoram.
2139 360 2208 372 -
2252 329 2431 386 mus
2470 333 2510 388 l.
2617 296 2619 298 ’

3368 345 3477 401 486

187 443 342 499 graw
364 426 494 498 ejus
514 427 843 485 conscientia
869 429 1210 497 consisteret,
1237 440 1292 486 ut
1315 434 1576 502 cernitur,
1601 450 1791 504 patna:
1824 443 1870 504 Α
1903 441 2072 496 bonus
2101 453 2183 498 est
2209 457 2222 510 ;
2259 460 2364 498 non
2397 447 2571 500 ilOllllS
2598 444 2768 501 solum
2791 487 2806 513 ,
2837 447 2932 503 sed
2959 457 3014 504 et
3041 449 3304 523 benignus
3326 495 3339 516 ,
3369 471 3489 509 nta—

188 517 331 588 qnod
366 517 626 574 videlicet
660 517 735 574 illi
771 518 918 575 nullo
955 521 1112 576 modo
1143 522 1496 594 contigisset,
1527 525 1569 579 si
1602 541 1794 594 pavor,

186 611 277 681 qui
312 612 542 664 beatum
573 609 739 667 eﬂicit
771 613 1066 678 hominem,
1101 629 1225 669 eum
1253 623 1542 686 antequam
1576 619 1796 674 caderet

186 703 560 774 possedisset;
605 705 767 760 timor
805 707 992 776 utique
1037 707 1159 773 ille,
1201 709 1292 778 qui
1331 725 1428 780 per
1471 711 1794 767 cltaritatem

186 794 456 864 expulsus
479 835 497 860 ,
532 795 825 852 introducit
854 797 1003 853 illum
1045 799 1294 855 timorem
1321 800 1666 872 plerumque,
1700 803 1790 874 qui

187 893 368 938 castus
413 884 471 937 in
518 885 773 942 satculum
822 888 1004 944 saeculi
1047 890 1290 946 noscitur
1333 907 1676 962 permanere.
1728 895 1796 950 Et

189 989 372 1028 revera
428 976 550 1046 ipsa
609 993 705 1033 nos
751 979 909 1036 docet
955 990 1148 1037 natura
1178 1024 1192 1048 ,
1248 985 1478 1040 multum
1530 986 1794 1044 interesse

188 1066 326 1121 inter
351 1066 614 1124 timorem
645 1072 771 1126 mali
801 1075 969 1140 servi,
997 1084 1052 1130 et
1080 1077 1332 1134 timorem
1359 1079 1453 1133 lilii
1478 1080 1602 1136 boni
1630 1091 1793 1154 atque

187 1173 449 1212 amorem.
484 1160 635 1219 Illius
661 1165 806 1222 enim
833 1182 988 1222 amor
1019 1183 1088 1223 ex
1125 1169 1318 1226 timore
1350 1170 1602 1240 Domini,
1637 1176 1792 1231 istius

191 1265 338 1304 amor
385 1268 454 1305 ex
498 1256 676 1322 patris
711 1257 909 1327 pendet
961 1276 1148 1317 amore
1199 1281 1212 1316 :
1262 1263 1406 1333 quod
1448 1265 1634 1336 utique
1684 1285 1790 1322 non

187 1341 408 1397 dedocet
459 1345 620 1418 (73l)
658 1347 915 1406 Dominus
953 1352 1067 1422 ipse
1107 1371 1120 1408 :
1161 1354 1306 1421 1am,
1361 1357 1635 1428 inquiens,
1687 1377 1790 1416 non

187 1433 350 1486 dit-am
389 1452 481 1490 eos
525 1454 734 1505 servos,
767 1442 858 1495 sed
901 1445 1098 1499 amicos
1141 1462 1282 1500 meos
1321 1445 1504 1517 (Joan.
1539 1465 1638 1514 xv,
1676 1450 1787 1519 15).

183 1527 469 1595 Apostolus
509 1544 731 1602 quoque
763 1549 777 1587 :
810 1531 938 1590 Non
967 1537 1104 1591 enim
1141 1539 1412 1609 accepistis
1434 1580 1450 1606 ,
1491 1542 1599 1607 ait,
1627 1543 1787 1612 spiri-

186 1626 287 1671 tum
307 1621 583 1678 servituti:
609 1625 664 1679 in
688 1627 952 1694 timorem,
973 1630 1064 1684 sed
1090 1631 1364 1700 accepistis
1389 1634 1636 1702 spiritum
1660 1637 1786 1690 ado-

184 1709 362 1776 ptionis
384 1711 656 1779 ﬁliorum,
682 1717 736 1770 in
760 1734 862 1787 qua
887 1718 1196 1788 clamamus,
1221 1721 1387 1790 Abba,
1415 1723 1579 1780 Pater
1602 1725 1784 1796 (Rom.

1891 531 1982 601 jus
2026 536 2170 603 quod
2221 536 2407 606 utique
2459 543 2562 593 est.
2602 537 2672 592 Ut
2715 546 2894 594 autem
2933 539 3349 606 inaestimabilis,
3411 545 3487 602 ita

1895 634 1950 680 et
1998 628 2343 697 omnipotens
2393 639 2477 684 est
2510 629 2722 685 Domini
2774 630 3082 688 clementia.
3135 633 3365 693 Tantum
3397 640 3482 694 sui

1895 716 2102 772 amoris
2135 718 2402 775 instillare
2440 720 2597 775 nobis
2635 719 2872 790 aliquam
2910 722 3158 794 dignetur
3203 725 3308 789 (est
3343 728 3488 796 quod

1895 807 2013 862 sine
2067 810 2472 866 intermissione
2522 812 2808 884 orandum)
2856 827 2975 882 qua:
3028 813 3115 870 isti
3169 815 3337 870 defuit
3391 833 3489 887 pro

1893 909 2046 956 certo
2085 902 2350 972 particula
2385 921 2397 956 :
2438 895 2549 972 ipsa
2579 904 2764 973 procul
2805 904 2968 960 dubio
3015 915 3071 959 et
3104 905 3357 961 deserere
3389 923 3489 964 nos

1895 994 2123 1066 (mala),
2165 1003 2219 1049 et
2253 995 2430 1051 locum
2470 995 2683 1050 illorum
2723 1011 3076 1066 compensare
3119 997 3281 1054 faciet
3326 1002 3484 1054 bona.

1894 1089 1990 1146 Est
2019 1099 2212 1158 potens
2241 1089 2382 1160 quod
2421 1089 2534 1158 ipse
2569 1089 2826 1145 Dominus
2856 1099 3139 1159 praestare,
3177 1101 3238 1144 ut
3270 1108 3375 1146 non
3417 1093 3487 1150 sit

1885 1180 1996 1250 jam
2026 1193 2161 1248 Opus
2202 1180 2356 1235 nobis
2385 1189 2646 1234 tartarum
2683 1189 2925 1236 metuere
2953 1180 3121 1250 (752),
3152 1182 3250 1236 sed
3283 1181 3482 1236 etclam

1891 1272 2197 1328 constantia
2222 1271 2373 1326 ﬁrma
2399 1285 2644 1340 sperare,
2663 1281 2722 1328 ut
2745 1287 2868 1325 cum
2906 1270 3190 1325 Psalmista
3215 1273 3485 1342 possimus

1891 1363 2142 1419 videlicet
2171 1363 2408 1418 clamare
2437 1381 2449 1415 :
2485 1362 2791 1419 Secundum
2818 1361 3204 1416 multitudinem
3239 1364 3484 1419 dolorum

1891 1469 2124 1508 meorum
2168 1453 2221 1506 in
2252 1453 2408 1507 corde
2451 1470 2564 1507 meo
2605 1453 2987 1507 consolationes
3030 1464 3136 1508 tua:
3177 1455 3483 1524 [letiﬁcare-

1890 1554 2010 1597 runt
2040 1545 2271 1598 animum
2302 1561 2468 1598 meum
2501 1542 2674 1615 (Psal.
2704 1559 2854 1609 XCIII,
2891 1543 3014 1615 lli);
3053 1554 3108 1598 et
3137 1559 3152 1596 :
3185 1543 3360 1610 Quare
3389 1547 3485 1599 tri:

1888 1635 1982 1689 stis
2022 1652 2076 1688 es
2118 1635 2298 1688 anima
2339 1651 2484 1696 mea,
2529 1651 2692 1706 quare
2735 1634 3028 1688 conturbas
3067 1636 3186 1688 me?
3225 1634 3390 1705 Spera
3429 1638 3483 1690 in

1891 1726 2021 1791 Deo,
2067 1727 2316 1794 quoniam
2365 1727 2540 1780 adhuc
2584 1725 2868 1795 conﬁtebor
2917 1725 2995 1780 illi
3032 1727 3266 1781 salutare
3308 1728 3481 1783 vultus

187 1812 290 1860 rm,
323 1800 435 1871 ις).
471 1801 579 1869 Qui
612 1804 776 1876 igitur
802 1806 1023 1863 Patrem
1052 1810 1269 1866 invocat
1297 1813 1585 1870 Dominum
1609 1855 1624 1880 ,
1657 1833 1783 1886 pro-
1816 1824 1858 1884 n
1886 1817 1985 1868 mei
2016 1827 2061 1869 et
2093 1815 2234 1869 Deus
2268 1832 2410 1870 meus
2447 1813 2620 1885 (Psal.
2658 1831 2799 1880 xui,
2832 1815 2907 1886 5).
2945 1815 3140 1884 Utique
3170 1816 3394 1882 vultum,
3426 1817 3482 1880 id

190 1887 358 1944 litetur
389 1906 452 1947 se
491 1893 728 1951 liberum
766 1913 917 1964 esse,
963 1915 1072 1956 non
1119 1916 1358 1958 servum.
1401 1903 1606 1960 Pudeat
1651 1920 1781 1976 ergo

189 1977 326 2031 illum
376 1982 557 2050 magis
587 2023 606 2048 ,
645 2000 808 2054 quam
857 1989 1045 2046 timeat
1091 2005 1215 2048 eum
1262 1991 1572 2060 oﬂ‘endcre,
1618 2010 1777 2066 quem

191 2071 456 2136 prtesumit
484 2072 706 2130 Patrem
735 2093 950 2136 vocare.
981 2080 1096 2138 Non
1121 2083 1374 2156 desperet
1401 2094 1580 2140 tamen
1603 2087 1668 2142 de
1698 2104 1782 2142 re-

191 2162 588 2232 conciliatione,
619 2170 663 2224 si
701 2185 824 2225 eum
853 2172 1094 2240 oﬂ'emlit,
1128 2192 1435 2249 quanquam
1469 2179 1616 2234 illum
1657 2195 1781 2251 gra-

193 2251 317 2305 viter
360 2254 675 2314 oﬂ'enderit.
726 2260 886 2319 Pater
931 2265 1075 2320 enim
1124 2275 1246 2335 est,
1294 2269 1604 2325 misericors
1652 2279 1776 2336 est,

258 2386 398 2470 (73η
438 2391 494 2444 In
529 2399 849 2470 apograplto
881 2402 1137 2456 mendose
1166 2413 1284 2458 erat
1311 2422 1412 2458 non
1444 2406 1674 2460 dedecet.
1701 2407 1777 2461 Ita

193 2470 309 2544 verti
347 2463 863 2544 lticscriptnm'non
889 2470 1101 2544 deducet
1129 2489 1227 2544 pro
1253 2476 1422 2540 ducet,
1449 2487 1504 2530 ut
1530 2479 1780 2532 similiter

193 2527 241 2581 in
269 2527 520 2612 l-n_l“€t'll:1!a
539 2575 558 2595 ,
580 2527 650 2588 'in
679 2554 838 2612 quam
871 2543 988 2595 vide
1019 2538 1130 2596 not.

250 2602 398 2675 _(752)
437 2602 716 2684 Cons-true
747 2626 759 2660 :
795 2607 1017 2684 Tantum
1048 2614 1294 2684 dignetur
1335 2616 1596 2670 instillare
1627 2619 1776 2672 nobis

193 2667 406 2738 aliquam
451 2677 781 2744 particulam
826 2683 908 2734 sui
951 2667 1146 2737 umori;-
1192 2687 1351 2756 (quod
1377 2667 1776 2742 blanditias:

203 2781 276 2794 ..ηρ

202 2769 546 2784 1—.—

279 2776 2358 2822 Μ

1886 1914 1968 1961 est
1997 1920 2219 1961 (κη-ηοω
2252 1916 2494 1961 nostram
2527 1905 2730 1971 induit,
2764 1907 2853 1975 qui
2891 1915 2976 1960 est
3013 1907 3201 1960 doctor
3225 1917 3277 1960 et
3313 1907 3485 1960 domi-

1885 2014 1988 2054 nus
2015 2007 2293 2067 protector
2322 2006 2506 2052 noster
2535 1995 2693 2053 Jesus
2722 1996 2997 2060 Christus,
3041 1997 3132 2066 qui
3177 2012 3296 2050 cum
3330 1995 3483 2066 geni-

1888 2095 2006 2142 tore
2036 2086 2147 2140 Deo
2177 2096 2232 2140 et
2261 2087 2601 2142 consolatore
2649 2085 2886 2141 ﬁdelium
2930 2085 3136 2159 Spiritu
3178 2096 3367 2140 sancto
3395 2093 3483 2140 est

1885 2193 2026 2234 unus
2050 2177 2484 2247 inseparabiliter
2512 2177 2829 2233 benedictus
2854 2191 2950 2248 per
2972 2176 3166 2231 saecula
3193 2177 3478 2231 Dominus.

1884 2269 2076 2326 Amen.

1880 2406 1994 2458 sine
2025 2402 2425 2464 intermissione)
2455 2418 2571 2472 qum
2597 2397 2858 2472 particula
2881 2396 3110 2468 profecto
3140 2395 3304 2472 defuit
3338 2394 3426 2472 isti
3447 2405 3468 2446 :

1881 2477 1998 2546 ipsa
2029 2476 2210 2542 procul
2241 2473 2399 2546 dubio
2425 2467 2659 2546 [deiet—et
2688 2487 2780 2522 uos
2810 2467 3051 2546 deserere
3066 2467 3230 2546 mala,
3261 2476 3306 2518 et
3338 2469 3473 2518 bona

1881 2537 2213 2616 compensare
2240 2537 2643 2616 loettm'illorum
2675 2540 2854 2608 :quod
2876 2540 2981 2606 ipse
3011 2537 3263 2616 Dominus
3292 2547 3476 2616 potens

1880 2624 1954 2670 est
1979 2613 2256 2686 ῥαβδίων,
2283 2624 2335 2668 ttt
2377 2615 2521 2667 nobis
2541 2613 2656 2682 jam
2691 2628 2818 2679 opus
2851 2626 2954 2663 non
2984 2613 3051 2662 sit
3088 2618 3335 2672 metuere,
3364 2615 3473 2659 etc.

2362 2788 3446 2822 mm

1355 2881 2294 2998 BATHEBII

1484 3063 1745 3120 PISCOPI
1786 3067 2226 3126 VERONENSIS

196 3200 496 3365 DE
667 3064 2226 3388 CONTEESiogazﬁh
2320 3222 3473 3390 CANONUM

1328 3465 1874 3584 PARTES
1960 3473 2343 3592 DUfE.
3110 3545 3114 3549 -

346 3655 3292 3885 πει-πεσδωνῡιυΜΕΝἦΒΡΕΝΒΙΟΗιΟΒΠΜ
3335 3939 3342 3944 ν

1088 3953 1670 4049 ΒΑΤΗΕΒΙΙ
1764 3967 1817 4058 V

1888 3963 2569 4064 ERONENSIS.
3349 4015 3402 4058 -_
3470 3991 3472 3994 '

1765 4125 1866 4166 νει.

400 4206 413 4216 ’
449 4205 686 4272 VISUS
727 4207 1141 4277 CUJUSDAM
1187 4219 1517 4284 APPENSI
1561 4221 1725 4286 CUM
1772 4227 1986 4292 ALIIS
2023 4231 2324 4295 MULTIS
2365 4236 2445 4296 ΙΝ
2490 4234 2736 4296 LIGNO
2786 4234 3190 4297 LATRONIS

1025 4314 1107 4359 AD
1151 4314 1500 4362 Βυηιιτυω
1550 4307 1701 4381 (754)
1746 4324 2132 4372 ΡΑιιωςΝεΕΜ
2177 4331 2551 4376 Ειηεεοιιω.

859 4501 1040 4616 DE
1127 4502 2011 4631 CONTEMPTU
2059 4516 2788 4654 ,CANONUM

1431 4700 1722 4794 PARS
1794 4707 2207 4798 PRIMA.

1693 4864 1987 4888 —_—-——n

252 4922 468 4983 Domino
488 4929 788 4986 venerabili
817 4933 866 4989 in
885 4935 1103 4994 Christo
1128 4939 1386 4998 llunenro
1433 4951 1770 5018 compraisuli
1800 4960 1848 5023 ο
1950 4955 2098 5026 (755)
2142 4955 2366 5010 Frustra
2397 4956 2634 5011 oratoris
2678 4955 2993 5020 nrbanitati,
3049 4971 3195 5022 reor,
3243 4973 3348 5012 non
3383 4955 3468 5010 in-

194 5011 486 5079 Rnnemus
512 5034 788 5094 peccator.

255 5195 386 5220 I-A'P'!\
429 5201 491 5220 11·
562 5205 618 5220 .ι-
668 5206 681 5220 ι
791 5209 832 5220 -ι

1875 5045 2072 5115 cogniti
2097 5052 2307 5111 vestrae,
2345 5044 2501 5114 juxta
2550 5048 2875 5104 sententiam
2928 5046 3071 5105 illius
3119 5046 3238 5112 uiti,
3289 5057 3471 5114 neque
