  <div class='ocr_page' id='page_1' title='image "/cluster/home/n/w/nwhite01/storage/ocr_20150623/136/hvd.32044015471766/248.png"; bbox 0 0 4032 5354; ppageno 0'>
   <div class='ocr_carea' id='block_1_1' title="bbox 214 162 2494 257">
    <p class='ocr_par' dir='ltr' id='par_1_1' title="bbox 214 162 2494 257">
     <span class='ocr_line' id='line_1_1' title="bbox 214 162 2494 257; baseline -0.007 0"><span class='ocrx_word' id='word_1_1' title='bbox 214 201 304 257; x_wconf 72' lang='lat' dir='ltr'>tea</span> <span class='ocrx_word' id='word_1_2' title='bbox 754 162 757 165; x_wconf 10' lang='lat' dir='ltr'>i</span> <span class='ocrx_word' id='word_1_3' title='bbox 1153 191 1240 246; x_wconf 84' lang='lat' dir='ltr'>DE</span> <span class='ocrx_word' id='word_1_4' title='bbox 1277 190 1694 247; x_wconf 65' lang='lat' dir='ltr'>coarsumu</span> <span class='ocrx_word' id='word_1_5' title='bbox 1735 188 2087 247; x_wconf 62' lang='lat' dir='ltr'>casoxun.</span> <span class='ocrx_word' id='word_1_6' title='bbox 2129 213 2201 228; x_wconf 84' lang='lat'>--</span> <span class='ocrx_word' id='word_1_7' title='bbox 2237 187 2415 244; x_wconf 66' lang='lat' dir='ltr'>rans</span> <span class='ocrx_word' id='word_1_8' title='bbox 2454 188 2494 243; x_wconf 90' lang='grc' dir='ltr'>ι.</span> 
     </span>
    </p>
   </div>
   <div class='ocr_carea' id='block_1_2' title="bbox 212 301 1848 381">
    <p class='ocr_par' dir='ltr' id='par_1_2' title="bbox 212 301 1848 381">
     <span class='ocr_line' id='line_1_2' title="bbox 212 301 1848 381; baseline -0.009 -16"><span class='ocrx_word' id='word_1_9' title='bbox 212 309 463 381; x_wconf 82' lang='lat' dir='ltr'>permisso</span> <span class='ocrx_word' id='word_1_10' title='bbox 491 323 520 361; x_wconf 87' lang='lat' dir='ltr'>a</span> <span class='ocrx_word' id='word_1_11' title='bbox 551 321 642 360; x_wconf 84' lang='lat' dir='ltr'>sua</span> <span class='ocrx_word' id='word_1_12' title='bbox 672 302 924 375; x_wconf 89' lang='lat' dir='ltr'>parochia</span> <span class='ocrx_word' id='word_1_13' title='bbox 963 302 1279 364; x_wconf 88' lang='lat' dir='ltr'>abscedant,</span> <span class='ocrx_word' id='word_1_14' title='bbox 1333 316 1428 355; x_wconf 88' lang='lat' dir='ltr'>nec</span> <span class='ocrx_word' id='word_1_15' title='bbox 1460 302 1511 353; x_wconf 92' lang='lat' dir='ltr'>in</span> <span class='ocrx_word' id='word_1_16' title='bbox 1562 315 1623 353; x_wconf 88' lang='lat' dir='ltr'>ea</span> <span class='ocrx_word' id='word_1_17' title='bbox 1678 301 1772 353; x_wconf 89' lang='lat' dir='ltr'>ad-</span> <span class='ocrx_word' id='word_1_18' title='bbox 1802 304 1848 361; x_wconf 80' lang='grc' dir='ltr'><strong>Α</strong></span> 
     </span>
    </p>
   </div>
   <div class='ocr_carea' id='block_1_3' title="bbox 213 389 1772 462">
    <p class='ocr_par' dir='ltr' id='par_1_3' title="bbox 213 389 1772 462">
     <span class='ocr_line' id='line_1_3' title="bbox 213 389 1772 462; baseline -0.008 -10"><span class='ocrx_word' id='word_1_19' title='bbox 213 408 481 452; x_wconf 73' lang='lat' dir='ltr'>ventantes</span> <span class='ocrx_word' id='word_1_20' title='bbox 508 394 701 448; x_wconf 78' lang='lat' dir='ltr'>morari</span> <span class='ocrx_word' id='word_1_21' title='bbox 743 400 1088 462; x_wconf 66' lang='lat' dir='ltr'>praesumant.</span> <span class='ocrx_word' id='word_1_22' title='bbox 1116 389 1324 443; x_wconf 81' lang='lat' dir='ltr'>Animae</span> <span class='ocrx_word' id='word_1_23' title='bbox 1355 404 1481 443; x_wconf 89' lang='lat' dir='ltr'>vero</span> <span class='ocrx_word' id='word_1_24' title='bbox 1510 404 1694 441; x_wconf 88' lang='lat' dir='ltr'>eormn</span> <span class='ocrx_word' id='word_1_25' title='bbox 1725 389 1772 440; x_wconf 88' lang='lat' dir='ltr'>ei</span> 
     </span>
    </p>
   </div>
   <div class='ocr_carea' id='block_1_4' title="bbox 244 480 1773 552">
    <p class='ocr_par' dir='ltr' id='par_1_4' title="bbox 244 480 1773 552">
     <span class='ocr_line' id='line_1_4' title="bbox 244 480 1773 552; baseline -0.009 -8"><span class='ocrx_word' id='word_1_26' title='bbox 244 490 421 544; x_wconf 76' lang='lat' dir='ltr'>reditze</span> <span class='ocrx_word' id='word_1_27' title='bbox 447 497 603 547; x_wconf 89' lang='lat' dir='ltr'>sunt;</span> <span class='ocrx_word' id='word_1_28' title='bbox 626 486 745 539; x_wconf 86' lang='lat' dir='ltr'>ideo</span> <span class='ocrx_word' id='word_1_29' title='bbox 772 484 886 552; x_wconf 82' lang='lat' dir='ltr'>ejus</span> <span class='ocrx_word' id='word_1_30' title='bbox 914 482 1139 537; x_wconf 82' lang='lat' dir='ltr'>consilio</span> <span class='ocrx_word' id='word_1_31' title='bbox 1168 482 1345 535; x_wconf 98' lang='lat' dir='ltr'>omnia</span> <span class='ocrx_word' id='word_1_32' title='bbox 1372 496 1529 551; x_wconf 85' lang='lat' dir='ltr'>agere</span> <span class='ocrx_word' id='word_1_33' title='bbox 1560 480 1773 542; x_wconf 72' lang='lat' dir='ltr'>debent,</span> 
     </span>
    </p>
   </div>
   <div class='ocr_carea' id='block_1_5' title="bbox 220 574 903 642">
    <p class='ocr_par' dir='ltr' id='par_1_5' title="bbox 220 574 903 642">
     <span class='ocr_line' id='line_1_5' title="bbox 220 574 903 642; baseline -0.016 -7"><span class='ocrx_word' id='word_1_34' title='bbox 220 603 248 642; x_wconf 84' lang='lat' dir='ltr'><strong>e</strong></span> <span class='ocrx_word' id='word_1_35' title='bbox 283 594 343 634; x_wconf 89' lang='lat' dir='ltr'>eo</span> <span class='ocrx_word' id='word_1_36' title='bbox 366 575 668 632; x_wconf 86' lang='lat' dir='ltr'>inconsulto</span> <span class='ocrx_word' id='word_1_37' title='bbox 693 574 843 628; x_wconf 80' lang='lat' dir='ltr'>nihil.</span> <span class='ocrx_word' id='word_1_38' title='bbox 886 590 903 624; x_wconf 75' lang='grc' dir='ltr'>ι</span> 
     </span>
    </p>
   </div>
   <div class='ocr_carea' id='block_1_6' title="bbox 478 677 1493 745">
    <p class='ocr_par' dir='ltr' id='par_1_6' title="bbox 478 677 1493 745">
     <span class='ocr_line' id='line_1_6' title="bbox 478 677 1493 745; baseline -0.007 -6"><span class='ocrx_word' id='word_1_39' title='bbox 478 687 611 739; x_wconf 81' lang='lat' dir='ltr'>Item</span> <span class='ocrx_word' id='word_1_40' title='bbox 634 701 696 737; x_wconf 72' lang='lat' dir='ltr'>ex</span> <span class='ocrx_word' id='word_1_41' title='bbox 725 683 942 736; x_wconf 85' lang='lat' dir='ltr'>concilio</span> <span class='ocrx_word' id='word_1_42' title='bbox 966 681 1299 745; x_wconf 83' lang='lat' dir='ltr'>Autiocheno,</span> <span class='ocrx_word' id='word_1_43' title='bbox 1329 678 1409 731; x_wconf 87' lang='lat' dir='ltr'>lit.</span> <span class='ocrx_word' id='word_1_44' title='bbox 1440 677 1493 732; x_wconf 81' lang='lat'>9.</span> 
     </span>
    </p>
   </div>
   <div class='ocr_carea' id='block_1_7' title="bbox 278 768 1778 845">
    <p class='ocr_par' dir='ltr' id='par_1_7' title="bbox 278 768 1778 845">
     <span class='ocr_line' id='line_1_7' title="bbox 278 768 1778 845; baseline -0.006 -16"><span class='ocrx_word' id='word_1_45' title='bbox 278 799 296 829; x_wconf 72' lang='grc' dir='ltr'>ι</span> <span class='ocrx_word' id='word_1_46' title='bbox 341 777 721 845; x_wconf 84' lang='lat' dir='ltr'>Unusquisque</span> <span class='ocrx_word' id='word_1_47' title='bbox 766 772 909 826; x_wconf 90' lang='lat' dir='ltr'>enim</span> <span class='ocrx_word' id='word_1_48' title='bbox 938 772 1223 840; x_wconf 88' lang='lat' dir='ltr'>episcopus</span> <span class='ocrx_word' id='word_1_49' title='bbox 1253 768 1450 823; x_wconf 85' lang='lat' dir='ltr'>habeat</span> <span class='ocrx_word' id='word_1_50' title='bbox 1477 784 1585 822; x_wconf 60' lang='lat' dir='ltr'>suae</span> <span class='ocrx_word' id='word_1_51' title='bbox 1619 782 1778 837; x_wconf 86' lang='lat' dir='ltr'>paro-</span> 
     </span>
    </p>
   </div>
   <div class='ocr_carea' id='block_1_8' title="bbox 211 857 1780 940">
    <p class='ocr_par' dir='ltr' id='par_1_8' title="bbox 211 857 1780 940">
     <span class='ocr_line' id='line_1_8' title="bbox 211 857 1780 940; baseline -0.011 -12"><span class='ocrx_word' id='word_1_52' title='bbox 211 874 335 927; x_wconf 71' lang='lat' dir='ltr'>chise</span> <span class='ocrx_word' id='word_1_53' title='bbox 362 877 703 940; x_wconf 89' lang='lat' dir='ltr'>potestatem,</span> <span class='ocrx_word' id='word_1_54' title='bbox 738 875 795 919; x_wconf 89' lang='lat' dir='ltr'>ut</span> <span class='ocrx_word' id='word_1_55' title='bbox 826 875 977 932; x_wconf 82' lang='lat' dir='ltr'>regat</span> <span class='ocrx_word' id='word_1_56' title='bbox 1010 862 1163 930; x_wconf 79' lang='lat' dir='ltr'>juxta</span> <span class='ocrx_word' id='word_1_57' title='bbox 1215 860 1572 915; x_wconf 88' lang='lat' dir='ltr'>reverentiam</span> <span class='ocrx_word' id='word_1_58' title='bbox 1617 857 1780 929; x_wconf 67' lang='grc'>340</span> 
     </span>
    </p>
   </div>
   <div class='ocr_carea' id='block_1_9' title="bbox 211 949 1779 1031">
    <p class='ocr_par' dir='ltr' id='par_1_9' title="bbox 211 949 1779 1031">
     <span class='ocr_line' id='line_1_9' title="bbox 211 949 1779 1031; baseline -0.01 -16"><span class='ocrx_word' id='word_1_59' title='bbox 211 961 419 1031; x_wconf 74' lang='lat' dir='ltr'>singulis</span> <span class='ocrx_word' id='word_1_60' title='bbox 447 966 859 1028; x_wconf 83' lang='lat' dir='ltr'>competentem,</span> <span class='ocrx_word' id='word_1_61' title='bbox 890 963 944 1007; x_wconf 92' lang='lat' dir='ltr'>et</span> <span class='ocrx_word' id='word_1_62' title='bbox 969 952 1361 1022; x_wconf 79' lang='lat' dir='ltr'>providentiam</span> <span class='ocrx_word' id='word_1_63' title='bbox 1411 960 1561 1020; x_wconf 87' lang='lat' dir='ltr'>gerat</span> <span class='ocrx_word' id='word_1_64' title='bbox 1603 949 1779 1002; x_wconf 88' lang='lat' dir='ltr'>onmis</span> 
     </span>
    </p>
   </div>
   <div class='ocr_carea' id='block_1_10' title="bbox 210 1040 1777 1119">
    <p class='ocr_par' dir='ltr' id='par_1_10' title="bbox 210 1040 1777 1119">
     <span class='ocr_line' id='line_1_10' title="bbox 210 1040 1777 1119; baseline -0.01 -14"><span class='ocrx_word' id='word_1_65' title='bbox 210 1050 552 1119; x_wconf 72' lang='lat' dir='ltr'>possessionis</span> <span class='ocrx_word' id='word_1_66' title='bbox 604 1062 722 1116; x_wconf 80' lang='lat' dir='ltr'>qua:</span> <span class='ocrx_word' id='word_1_67' title='bbox 753 1046 851 1098; x_wconf 88' lang='lat' dir='ltr'>sub</span> <span class='ocrx_word' id='word_1_68' title='bbox 872 1043 986 1110; x_wconf 91' lang='lat' dir='ltr'>ejus</span> <span class='ocrx_word' id='word_1_69' title='bbox 1010 1052 1089 1096; x_wconf 92' lang='lat' dir='ltr'>est</span> <span class='ocrx_word' id='word_1_70' title='bbox 1115 1051 1399 1111; x_wconf 88' lang='lat' dir='ltr'>potestate.</span> <span class='ocrx_word' id='word_1_71' title='bbox 1434 1061 1450 1092; x_wconf 82' lang='lat'><strong>)</strong></span> <span class='ocrx_word' id='word_1_72' title='bbox 1480 1040 1633 1102; x_wconf 81' lang='lat' dir='ltr'>item,</span> <span class='ocrx_word' id='word_1_73' title='bbox 1657 1054 1777 1106; x_wconf 90' lang='lat' dir='ltr'>cap.</span> 
     </span>
    </p>
   </div>
   <div class='ocr_carea' id='block_1_11' title="bbox 211 1130 1779 1208">
    <p class='ocr_par' dir='ltr' id='par_1_11' title="bbox 211 1130 1779 1208">
     <span class='ocr_line' id='line_1_11' title="bbox 211 1130 1779 1208; baseline -0.01 -11"><span class='ocrx_word' id='word_1_74' title='bbox 211 1144 269 1197; x_wconf 58' lang='lat' dir='ltr'>ﬁll</span> <span class='ocrx_word' id='word_1_75' title='bbox 299 1162 311 1196; x_wconf 88' lang='lat'><strong>:</strong></span> <span class='ocrx_word' id='word_1_76' title='bbox 339 1162 354 1193; x_wconf 84' lang='lat' dir='ltr'>t</span> <span class='ocrx_word' id='word_1_77' title='bbox 393 1141 523 1208; x_wconf 71' lang='lat' dir='ltr'>Quae</span> <span class='ocrx_word' id='word_1_78' title='bbox 568 1148 694 1192; x_wconf 89' lang='lat' dir='ltr'>sunt</span> <span class='ocrx_word' id='word_1_79' title='bbox 736 1136 1026 1198; x_wconf 64' lang='lat' dir='ltr'>Ecclesiae,</span> <span class='ocrx_word' id='word_1_80' title='bbox 1084 1134 1182 1187; x_wconf 85' lang='lat' dir='ltr'>sub</span> <span class='ocrx_word' id='word_1_81' title='bbox 1229 1133 1377 1186; x_wconf 90' lang='lat' dir='ltr'>omni</span> <span class='ocrx_word' id='word_1_82' title='bbox 1420 1130 1779 1185; x_wconf 86' lang='lat' dir='ltr'>sollicitudine</span> 
     </span>
    </p>
   </div>
   <div class='ocr_carea' id='block_1_12' title="bbox 180 1223 1776 1305">
    <p class='ocr_par' dir='ltr' id='par_1_12' title="bbox 180 1223 1776 1305">
     <span class='ocr_line' id='line_1_12' title="bbox 180 1223 1776 1305; baseline -0.009 -18"><span class='ocrx_word' id='word_1_83' title='bbox 180 1300 183 1305; x_wconf 19' lang='grc' dir='ltr'>Ξ</span> <span class='ocrx_word' id='word_1_84' title='bbox 214 1233 342 1305; x_wconf 66' lang='lat' dir='ltr'>till)</span> <span class='ocrx_word' id='word_1_85' title='bbox 372 1242 423 1285; x_wconf 90' lang='lat' dir='ltr'>et</span> <span class='ocrx_word' id='word_1_86' title='bbox 452 1229 756 1285; x_wconf 79' lang='lat' dir='ltr'>constantia</span> <span class='ocrx_word' id='word_1_87' title='bbox 791 1230 953 1288; x_wconf 87' lang='lat' dir='ltr'>bona,</span> <span class='ocrx_word' id='word_1_88' title='bbox 978 1236 1033 1280; x_wconf 93' lang='lat' dir='ltr'>et</span> <span class='ocrx_word' id='word_1_89' title='bbox 1059 1225 1179 1287; x_wconf 86' lang='lat' dir='ltr'>lide,</span> <span class='ocrx_word' id='word_1_90' title='bbox 1235 1240 1353 1292; x_wconf 54' lang='lat' dir='ltr'>quas</span> <span class='ocrx_word' id='word_1_91' title='bbox 1386 1223 1436 1275; x_wconf 92' lang='lat' dir='ltr'>in</span> <span class='ocrx_word' id='word_1_92' title='bbox 1487 1223 1652 1275; x_wconf 88' lang='lat' dir='ltr'>Deum</span> <span class='ocrx_word' id='word_1_93' title='bbox 1676 1229 1776 1284; x_wconf 87' lang='lat' dir='ltr'>est,</span> 
     </span>
    </p>
   </div>
   <div class='ocr_carea' id='block_1_13' title="bbox 215 1310 1778 1392">
    <p class='ocr_par' dir='ltr' id='par_1_13' title="bbox 215 1310 1778 1392">
     <span class='ocr_line' id='line_1_13' title="bbox 215 1310 1778 1392; baseline -0.008 -17"><span class='ocrx_word' id='word_1_94' title='bbox 215 1323 294 1392; x_wconf 87' lang='lat' dir='ltr'>qui</span> <span class='ocrx_word' id='word_1_95' title='bbox 322 1329 507 1375; x_wconf 87' lang='lat' dir='ltr'>cuncta</span> <span class='ocrx_word' id='word_1_96' title='bbox 550 1317 862 1373; x_wconf 86' lang='lat' dir='ltr'>considerat</span> <span class='ocrx_word' id='word_1_97' title='bbox 905 1315 1243 1385; x_wconf 87' lang='lat' dir='ltr'>judicatque,</span> <span class='ocrx_word' id='word_1_98' title='bbox 1297 1320 1598 1366; x_wconf 91' lang='lat' dir='ltr'>serventur.</span> <span class='ocrx_word' id='word_1_99' title='bbox 1651 1310 1778 1375; x_wconf 64' lang='lat' dir='ltr'>Quae</span> 
     </span>
    </p>
   </div>
   <div class='ocr_carea' id='block_1_14' title="bbox 214 1398 1781 1480">
    <p class='ocr_par' dir='ltr' id='par_1_14' title="bbox 214 1398 1781 1480">
     <span class='ocr_line' id='line_1_14' title="bbox 214 1398 1781 1480; baseline -0.01 -14"><span class='ocrx_word' id='word_1_100' title='bbox 214 1413 359 1466; x_wconf 86' lang='lat' dir='ltr'>etiam</span> <span class='ocrx_word' id='word_1_101' title='bbox 386 1408 749 1480; x_wconf 87' lang='lat' dir='ltr'>dispensanda</span> <span class='ocrx_word' id='word_1_102' title='bbox 792 1414 914 1461; x_wconf 91' lang='lat' dir='ltr'>sunt</span> <span class='ocrx_word' id='word_1_103' title='bbox 938 1404 1144 1475; x_wconf 88' lang='lat' dir='ltr'>judicio</span> <span class='ocrx_word' id='word_1_104' title='bbox 1174 1412 1228 1458; x_wconf 88' lang='lat' dir='ltr'>et</span> <span class='ocrx_word' id='word_1_105' title='bbox 1272 1410 1540 1472; x_wconf 87' lang='lat' dir='ltr'>potestate</span> <span class='ocrx_word' id='word_1_106' title='bbox 1568 1398 1781 1469; x_wconf 81' lang='lat' dir='ltr'>pontili-</span> 
     </span>
    </p>
   </div>
   <div class='ocr_carea' id='block_1_15' title="bbox 216 1494 1779 1567">
    <p class='ocr_par' dir='ltr' id='par_1_15' title="bbox 216 1494 1779 1567">
     <span class='ocr_line' id='line_1_15' title="bbox 216 1494 1779 1567; baseline -0.006 -10"><span class='ocrx_word' id='word_1_107' title='bbox 216 1505 300 1565; x_wconf 85' lang='lat' dir='ltr'>cis,</span> <span class='ocrx_word' id='word_1_108' title='bbox 326 1503 403 1556; x_wconf 85' lang='lat' dir='ltr'>cui</span> <span class='ocrx_word' id='word_1_109' title='bbox 435 1501 761 1556; x_wconf 83' lang='lat' dir='ltr'>commissus</span> <span class='ocrx_word' id='word_1_110' title='bbox 791 1509 872 1553; x_wconf 89' lang='lat' dir='ltr'>est</span> <span class='ocrx_word' id='word_1_111' title='bbox 898 1497 1145 1567; x_wconf 90' lang='lat' dir='ltr'>populus,</span> <span class='ocrx_word' id='word_1_112' title='bbox 1174 1506 1229 1550; x_wconf 93' lang='lat' dir='ltr'>et</span> <span class='ocrx_word' id='word_1_113' title='bbox 1272 1496 1464 1549; x_wconf 71' lang='lat' dir='ltr'>anima:</span> <span class='ocrx_word' id='word_1_114' title='bbox 1485 1509 1602 1563; x_wconf 64' lang='lat' dir='ltr'>qua:</span> <span class='ocrx_word' id='word_1_115' title='bbox 1639 1494 1779 1547; x_wconf 89' lang='lat' dir='ltr'>intra</span> 
     </span>
    </p>
   </div>
   <div class='ocr_carea' id='block_1_16' title="bbox 214 1584 1777 1661">
    <p class='ocr_par' dir='ltr' id='par_1_16' title="bbox 214 1584 1777 1661">
     <span class='ocr_line' id='line_1_16' title="bbox 214 1584 1777 1661; baseline -0.006 -15"><span class='ocrx_word' id='word_1_116' title='bbox 214 1593 471 1647; x_wconf 82' lang='lat' dir='ltr'>ecclesiam</span> <span class='ocrx_word' id='word_1_117' title='bbox 500 1598 920 1661; x_wconf 81' lang='lat' dir='ltr'>congregantur.</span> <span class='ocrx_word' id='word_1_118' title='bbox 963 1608 980 1639; x_wconf 72' lang='grc' dir='ltr'><strong>ν</strong></span> <span class='ocrx_word' id='word_1_119' title='bbox 1016 1588 1144 1642; x_wconf 88' lang='lat' dir='ltr'>ltetn</span> <span class='ocrx_word' id='word_1_120' title='bbox 1167 1627 1180 1651; x_wconf 95' lang='lat'>,</span> <span class='ocrx_word' id='word_1_121' title='bbox 1211 1601 1329 1655; x_wconf 88' lang='lat' dir='ltr'>cap.</span> <span class='ocrx_word' id='word_1_122' title='bbox 1353 1585 1423 1639; x_wconf 67' lang='lat'>25</span> <span class='ocrx_word' id='word_1_123' title='bbox 1458 1602 1469 1636; x_wconf 93' lang='lat'><strong>:</strong></span> <span class='ocrx_word' id='word_1_124' title='bbox 1503 1603 1519 1634; x_wconf 83' lang='lat' dir='ltr'>t</span> <span class='ocrx_word' id='word_1_125' title='bbox 1554 1584 1777 1653; x_wconf 87' lang='lat' dir='ltr'>Episco-</span> 
     </span>
    </p>
   </div>
   <div class='ocr_carea' id='block_1_17' title="bbox 218 1664 1855 1755">
    <p class='ocr_par' dir='ltr' id='par_1_17' title="bbox 218 1664 1855 1755">
     <span class='ocr_line' id='line_1_17' title="bbox 218 1664 1855 1755; baseline -0.006 -18"><span class='ocrx_word' id='word_1_126' title='bbox 218 1702 301 1755; x_wconf 90' lang='lat' dir='ltr'>pus</span> <span class='ocrx_word' id='word_1_127' title='bbox 321 1683 804 1739; x_wconf 84' lang='lat' dir='ltr'>ecclesiasticarum</span> <span class='ocrx_word' id='word_1_128' title='bbox 843 1696 1020 1734; x_wconf 83' lang='lat' dir='ltr'>rerum</span> <span class='ocrx_word' id='word_1_129' title='bbox 1072 1679 1265 1732; x_wconf 87' lang='lat' dir='ltr'>habeat</span> <span class='ocrx_word' id='word_1_130' title='bbox 1314 1685 1655 1746; x_wconf 81' lang='lat' dir='ltr'>potestatem,</span> <span class='ocrx_word' id='word_1_131' title='bbox 1712 1676 1779 1727; x_wconf 89' lang='lat' dir='ltr'>ad</span> <span class='ocrx_word' id='word_1_132' title='bbox 1813 1664 1855 1721; x_wconf 74' lang='grc' dir='ltr'><strong>Β</strong></span> 
     </span>
    </p>
   </div>
   <div class='ocr_carea' id='block_1_18' title="bbox 220 1770 1784 1848">
    <p class='ocr_par' dir='ltr' id='par_1_18' title="bbox 220 1770 1784 1848">
     <span class='ocr_line' id='line_1_18' title="bbox 220 1770 1784 1848; baseline -0.007 -18"><span class='ocrx_word' id='word_1_133' title='bbox 220 1777 624 1848; x_wconf 64' lang='lat' dir='ltr'>dispensandum</span> <span class='ocrx_word' id='word_1_134' title='bbox 648 1790 772 1844; x_wconf 88' lang='lat' dir='ltr'>erga</span> <span class='ocrx_word' id='word_1_135' title='bbox 802 1786 991 1827; x_wconf 82' lang='lat' dir='ltr'>omnes</span> <span class='ocrx_word' id='word_1_136' title='bbox 1016 1771 1107 1839; x_wconf 90' lang='lat' dir='ltr'>qui</span> <span class='ocrx_word' id='word_1_137' title='bbox 1132 1770 1394 1839; x_wconf 76' lang='lat' dir='ltr'>indigent,</span> <span class='ocrx_word' id='word_1_138' title='bbox 1420 1783 1541 1822; x_wconf 90' lang='lat' dir='ltr'>cum</span> <span class='ocrx_word' id='word_1_139' title='bbox 1575 1782 1784 1821; x_wconf 88' lang='lat' dir='ltr'>summa</span> 
     </span>
    </p>
   </div>
   <div class='ocr_carea' id='block_1_19' title="bbox 219 1858 1781 1928">
    <p class='ocr_par' dir='ltr' id='par_1_19' title="bbox 219 1858 1781 1928">
     <span class='ocr_line' id='line_1_19' title="bbox 219 1858 1781 1928; baseline -0.008 -5"><span class='ocrx_word' id='word_1_140' title='bbox 219 1868 496 1923; x_wconf 81' lang='lat' dir='ltr'>reverentia</span> <span class='ocrx_word' id='word_1_141' title='bbox 522 1875 578 1919; x_wconf 93' lang='lat' dir='ltr'><strong>et</strong></span> <span class='ocrx_word' id='word_1_142' title='bbox 603 1866 796 1919; x_wconf 85' lang='lat' dir='ltr'>timore</span> <span class='ocrx_word' id='word_1_143' title='bbox 845 1862 959 1916; x_wconf 78' lang='lat' dir='ltr'>Dei.</span> <span class='ocrx_word' id='word_1_144' title='bbox 1000 1861 1294 1928; x_wconf 88' lang='lat' dir='ltr'>Participet</span> <span class='ocrx_word' id='word_1_145' title='bbox 1332 1868 1511 1913; x_wconf 90' lang='lat' dir='ltr'>autem</span> <span class='ocrx_word' id='word_1_146' title='bbox 1556 1868 1611 1912; x_wconf 90' lang='lat' dir='ltr'>et</span> <span class='ocrx_word' id='word_1_147' title='bbox 1652 1858 1781 1926; x_wconf 87' lang='lat' dir='ltr'>ipse,</span> 
     </span>
    </p>
   </div>
   <div class='ocr_carea' id='block_1_20' title="bbox 214 1949 1783 2028">
    <p class='ocr_par' dir='ltr' id='par_1_20' title="bbox 214 1949 1783 2028">
     <span class='ocr_line' id='line_1_20' title="bbox 214 1949 1783 2028; baseline -0.007 -18"><span class='ocrx_word' id='word_1_148' title='bbox 214 1960 389 2028; x_wconf 81' lang='lat' dir='ltr'>quibus</span> <span class='ocrx_word' id='word_1_149' title='bbox 419 1958 646 2026; x_wconf 85' lang='lat' dir='ltr'>indiget,</span> <span class='ocrx_word' id='word_1_150' title='bbox 698 1956 741 2009; x_wconf 89' lang='lat' dir='ltr'>si</span> <span class='ocrx_word' id='word_1_151' title='bbox 801 1964 980 2008; x_wconf 89' lang='lat' dir='ltr'>tatnen</span> <span class='ocrx_word' id='word_1_152' title='bbox 1029 1952 1251 2017; x_wconf 81' lang='lat' dir='ltr'>indiget,</span> <span class='ocrx_word' id='word_1_153' title='bbox 1301 1958 1407 2003; x_wconf 89' lang='lat' dir='ltr'>tam</span> <span class='ocrx_word' id='word_1_154' title='bbox 1461 1949 1573 2001; x_wconf 90' lang='lat' dir='ltr'>suis</span> <span class='ocrx_word' id='word_1_155' title='bbox 1623 1963 1783 2017; x_wconf 90' lang='lat' dir='ltr'>quam</span> 
     </span>
    </p>
   </div>
   <div class='ocr_carea' id='block_1_21' title="bbox 217 2038 1787 2115">
    <p class='ocr_par' dir='ltr' id='par_1_21' title="bbox 217 2038 1787 2115">
     <span class='ocr_line' id='line_1_21' title="bbox 217 2038 1787 2115; baseline -0.006 -16"><span class='ocrx_word' id='word_1_156' title='bbox 217 2048 421 2100; x_wconf 82' lang='lat' dir='ltr'>fratrum</span> <span class='ocrx_word' id='word_1_157' title='bbox 471 2046 561 2115; x_wconf 92' lang='lat' dir='ltr'>qui</span> <span class='ocrx_word' id='word_1_158' title='bbox 611 2045 771 2099; x_wconf 87' lang='lat' dir='ltr'>abeo</span> <span class='ocrx_word' id='word_1_159' title='bbox 800 2042 1185 2112; x_wconf 87' lang='lat' dir='ltr'>suscipiuntur,</span> <span class='ocrx_word' id='word_1_160' title='bbox 1235 2039 1557 2093; x_wconf 79' lang='lat' dir='ltr'>necessariis</span> <span class='ocrx_word' id='word_1_161' title='bbox 1600 2038 1787 2091; x_wconf 84' lang='lat' dir='ltr'>usibus</span> 
     </span>
    </p>
   </div>
   <div class='ocr_carea' id='block_1_22' title="bbox 219 2127 1784 2206">
    <p class='ocr_par' dir='ltr' id='par_1_22' title="bbox 219 2127 1784 2206">
     <span class='ocr_line' id='line_1_22' title="bbox 219 2127 1784 2206; baseline -0.007 -17"><span class='ocrx_word' id='word_1_162' title='bbox 219 2136 524 2206; x_wconf 84' lang='lat' dir='ltr'>profuturus,</span> <span class='ocrx_word' id='word_1_163' title='bbox 559 2135 638 2188; x_wconf 89' lang='lat' dir='ltr'>ita</span> <span class='ocrx_word' id='word_1_164' title='bbox 666 2144 724 2187; x_wconf 84' lang='grc' dir='ltr'>ιιι</span> <span class='ocrx_word' id='word_1_165' title='bbox 756 2135 809 2187; x_wconf 86' lang='grc' dir='ltr'>ἰιι</span> <span class='ocrx_word' id='word_1_166' title='bbox 844 2132 989 2186; x_wconf 89' lang='lat' dir='ltr'>nullo</span> <span class='ocrx_word' id='word_1_167' title='bbox 1031 2130 1272 2199; x_wconf 90' lang='lat' dir='ltr'>qualibet</span> <span class='ocrx_word' id='word_1_168' title='bbox 1298 2128 1587 2184; x_wconf 89' lang='lat' dir='ltr'>occasione</span> <span class='ocrx_word' id='word_1_169' title='bbox 1636 2127 1784 2180; x_wconf 63' lang='lat' dir='ltr'>frau.</span> 
     </span>
    </p>
   </div>
   <div class='ocr_carea' id='block_1_23' title="bbox 220 2217 1786 2293">
    <p class='ocr_par' dir='ltr' id='par_1_23' title="bbox 220 2217 1786 2293">
     <span class='ocr_line' id='line_1_23' title="bbox 220 2217 1786 2293; baseline -0.006 -15"><span class='ocrx_word' id='word_1_170' title='bbox 220 2229 388 2279; x_wconf 70' lang='lat' dir='ltr'>dentur</span> <span class='ocrx_word' id='word_1_171' title='bbox 405 2225 556 2293; x_wconf 78' lang='lat' dir='ltr'>juxta</span> <span class='ocrx_word' id='word_1_172' title='bbox 591 2234 838 2279; x_wconf 86' lang='lat' dir='ltr'>sanctum</span> <span class='ocrx_word' id='word_1_173' title='bbox 872 2221 1184 2293; x_wconf 81' lang='lat' dir='ltr'>Apostolum</span> <span class='ocrx_word' id='word_1_174' title='bbox 1215 2221 1485 2274; x_wconf 86' lang='lat' dir='ltr'>dicentem</span> <span class='ocrx_word' id='word_1_175' title='bbox 1518 2236 1532 2272; x_wconf 88' lang='lat'><strong>:</strong></span> <span class='ocrx_word' id='word_1_176' title='bbox 1565 2217 1786 2271; x_wconf 81' lang='lat' dir='ltr'>[laben-</span> 
     </span>
    </p>
   </div>
   <div class='ocr_carea' id='block_1_24' title="bbox 222 2310 1781 2388">
    <p class='ocr_par' dir='ltr' id='par_1_24' title="bbox 222 2310 1781 2388">
     <span class='ocr_line' id='line_1_24' title="bbox 222 2310 1781 2388; baseline -0.006 -17"><span class='ocrx_word' id='word_1_177' title='bbox 222 2332 285 2374; x_wconf 84' lang='lat' dir='ltr'>tes</span> <span class='ocrx_word' id='word_1_178' title='bbox 314 2320 492 2373; x_wconf 75' lang='lat' dir='ltr'>rictum</span> <span class='ocrx_word' id='word_1_179' title='bbox 523 2329 571 2372; x_wconf 87' lang='lat' dir='ltr'>et</span> <span class='ocrx_word' id='word_1_180' title='bbox 598 2326 974 2388; x_wconf 80' lang='lat' dir='ltr'>tegumentum,</span> <span class='ocrx_word' id='word_1_181' title='bbox 996 2317 1077 2369; x_wconf 82' lang='lat' dir='ltr'>his</span> <span class='ocrx_word' id='word_1_182' title='bbox 1099 2314 1328 2368; x_wconf 83' lang='lat' dir='ltr'>contenti</span> <span class='ocrx_word' id='word_1_183' title='bbox 1356 2329 1537 2367; x_wconf 87' lang='lat' dir='ltr'>sumus</span> <span class='ocrx_word' id='word_1_184' title='bbox 1565 2311 1617 2381; x_wconf 87' lang='lat' dir='ltr'>(I</span> <span class='ocrx_word' id='word_1_185' title='bbox 1650 2310 1781 2363; x_wconf 89' lang='lat' dir='ltr'>Tim.</span> 
     </span>
    </p>
   </div>
   <div class='ocr_carea' id='block_1_25' title="bbox 220 2411 423 2479">
    <p class='ocr_par' dir='ltr' id='par_1_25' title="bbox 220 2411 423 2479">
     <span class='ocr_line' id='line_1_25' title="bbox 220 2411 423 2479; baseline -0.005 -16"><span class='ocrx_word' id='word_1_186' title='bbox 220 2427 281 2474; x_wconf 73' lang='lat' dir='ltr'>vt,</span> <span class='ocrx_word' id='word_1_187' title='bbox 311 2411 376 2479; x_wconf 86' lang='lat'>8).</span> <span class='ocrx_word' id='word_1_188' title='bbox 407 2430 423 2462; x_wconf 75' lang='grc' dir='ltr'>ι</span> 
     </span>
    </p>
   </div>
   <div class='ocr_carea' id='block_1_26' title="bbox 422 2520 1549 2593">
    <p class='ocr_par' dir='ltr' id='par_1_26' title="bbox 422 2520 1549 2593">
     <span class='ocr_line' id='line_1_26' title="bbox 422 2520 1549 2593; baseline -0.009 -12"><span class='ocrx_word' id='word_1_189' title='bbox 422 2527 555 2581; x_wconf 80' lang='lat' dir='ltr'>Item</span> <span class='ocrx_word' id='word_1_190' title='bbox 580 2542 651 2580; x_wconf 81' lang='lat' dir='ltr'>ea:</span> <span class='ocrx_word' id='word_1_191' title='bbox 686 2526 903 2578; x_wconf 76' lang='lat' dir='ltr'>decretis</span> <span class='ocrx_word' id='word_1_192' title='bbox 930 2540 1079 2593; x_wconf 81' lang='lat' dir='ltr'>papa:</span> <span class='ocrx_word' id='word_1_193' title='bbox 1101 2520 1319 2585; x_wconf 80' lang='lat' dir='ltr'>Gelasii,</span> <span class='ocrx_word' id='word_1_194' title='bbox 1350 2521 1431 2574; x_wconf 85' lang='lat' dir='ltr'>tit.</span> <span class='ocrx_word' id='word_1_195' title='bbox 1461 2520 1549 2573; x_wconf 73' lang='lat'>27.</span> 
     </span>
    </p>
   </div>
   <div class='ocr_carea' id='block_1_27' title="bbox 286 2610 1787 2680">
    <p class='ocr_par' dir='ltr' id='par_1_27' title="bbox 286 2610 1787 2680">
     <span class='ocr_line' id='line_1_27' title="bbox 286 2610 1787 2680; baseline -0.005 -10"><span class='ocrx_word' id='word_1_196' title='bbox 286 2637 303 2670; x_wconf 76' lang='grc' dir='ltr'>ι</span> <span class='ocrx_word' id='word_1_197' title='bbox 350 2617 496 2674; x_wconf 87' lang='lat' dir='ltr'>Sicut</span> <span class='ocrx_word' id='word_1_198' title='bbox 542 2616 849 2673; x_wconf 82' lang='lat' dir='ltr'>sacerdotis</span> <span class='ocrx_word' id='word_1_199' title='bbox 904 2614 1154 2669; x_wconf 88' lang='lat' dir='ltr'>intererit</span> <span class='ocrx_word' id='word_1_200' title='bbox 1206 2613 1470 2680; x_wconf 82' lang='lat' dir='ltr'>integram</span> <span class='ocrx_word' id='word_1_201' title='bbox 1526 2610 1787 2663; x_wconf 88' lang='lat' dir='ltr'>ministris</span> 
     </span>
    </p>
   </div>
   <div class='ocr_carea' id='block_1_28' title="bbox 223 2700 1787 2774">
    <p class='ocr_par' dir='ltr' id='par_1_28' title="bbox 223 2700 1787 2774">
     <span class='ocr_line' id='line_1_28' title="bbox 223 2700 1787 2774; baseline -0.006 -12"><span class='ocrx_word' id='word_1_202' title='bbox 223 2707 448 2763; x_wconf 66' lang='lat' dir='ltr'>Ecclesia:</span> <span class='ocrx_word' id='word_1_203' title='bbox 493 2716 856 2761; x_wconf 85' lang='lat' dir='ltr'>memoratam</span> <span class='ocrx_word' id='word_1_204' title='bbox 909 2704 1210 2774; x_wconf 83' lang='lat' dir='ltr'>dependere</span> <span class='ocrx_word' id='word_1_205' title='bbox 1269 2702 1656 2772; x_wconf 87' lang='lat' dir='ltr'>quantitatem;</span> <span class='ocrx_word' id='word_1_206' title='bbox 1708 2700 1787 2753; x_wconf 86' lang='lat' dir='ltr'>sic</span> 
     </span>
    </p>
   </div>
   <div class='ocr_carea' id='block_1_29' title="bbox 222 2790 1786 2867">
    <p class='ocr_par' dir='ltr' id='par_1_29' title="bbox 222 2790 1786 2867">
     <span class='ocr_line' id='line_1_29' title="bbox 222 2790 1786 2867; baseline -0.006 -16"><span class='ocrx_word' id='word_1_207' title='bbox 222 2799 376 2853; x_wconf 86' lang='lat' dir='ltr'>clerus</span> <span class='ocrx_word' id='word_1_208' title='bbox 396 2799 529 2852; x_wconf 90' lang='lat' dir='ltr'>ultra</span> <span class='ocrx_word' id='word_1_209' title='bbox 562 2797 875 2867; x_wconf 74' lang='lat' dir='ltr'>delegatum</span> <span class='ocrx_word' id='word_1_210' title='bbox 908 2796 1005 2849; x_wconf 83' lang='lat' dir='ltr'>sibi</span> <span class='ocrx_word' id='word_1_211' title='bbox 1037 2809 1301 2847; x_wconf 86' lang='lat' dir='ltr'>summam</span> <span class='ocrx_word' id='word_1_212' title='bbox 1326 2791 1461 2846; x_wconf 86' lang='lat' dir='ltr'>nihil</span> <span class='ocrx_word' id='word_1_213' title='bbox 1493 2790 1786 2846; x_wconf 81' lang='lat' dir='ltr'>insolenter</span> 
     </span>
    </p>
   </div>
   <div class='ocr_carea' id='block_1_30' title="bbox 220 2884 895 2958">
    <p class='ocr_par' dir='ltr' id='par_1_30' title="bbox 220 2884 895 2958">
     <span class='ocr_line' id='line_1_30' title="bbox 220 2884 895 2958; baseline -0.007 -18"><span class='ocrx_word' id='word_1_214' title='bbox 220 2890 404 2943; x_wconf 79' lang='lat' dir='ltr'>noverit</span> <span class='ocrx_word' id='word_1_215' title='bbox 442 2884 836 2958; x_wconf 78' lang='lat' dir='ltr'>expetendum.</span> <span class='ocrx_word' id='word_1_216' title='bbox 879 2904 895 2935; x_wconf 79' lang='grc' dir='ltr'>ι</span> 
     </span>
    </p>
   </div>
   <div class='ocr_carea' id='block_1_31' title="bbox 402 2996 1523 3068">
    <p class='ocr_par' dir='ltr' id='par_1_31' title="bbox 402 2996 1523 3068">
     <span class='ocr_line' id='line_1_31' title="bbox 402 2996 1523 3068; baseline -0.006 -14"><span class='ocrx_word' id='word_1_217' title='bbox 402 3000 531 3055; x_wconf 84' lang='lat' dir='ltr'>Item</span> <span class='ocrx_word' id='word_1_218' title='bbox 550 3001 611 3054; x_wconf 83' lang='lat' dir='ltr'>in</span> <span class='ocrx_word' id='word_1_219' title='bbox 640 3017 761 3053; x_wconf 86' lang='lat' dir='ltr'>can.</span> <span class='ocrx_word' id='word_1_220' title='bbox 800 2997 1096 3068; x_wconf 81' lang='lat' dir='ltr'>Cungren.,</span> <span class='ocrx_word' id='word_1_221' title='bbox 1122 3014 1236 3066; x_wconf 85' lang='lat' dir='ltr'>cap.</span> <span class='ocrx_word' id='word_1_222' title='bbox 1288 2997 1317 3047; x_wconf 85' lang='lat'><strong>7</strong></span> <span class='ocrx_word' id='word_1_223' title='bbox 1346 2996 1421 3050; x_wconf 80' lang='lat' dir='ltr'>vel</span> <span class='ocrx_word' id='word_1_224' title='bbox 1471 2996 1523 3049; x_wconf 89' lang='lat'>8.</span> 
     </span>
    </p>
   </div>
   <div class='ocr_carea' id='block_1_32' title="bbox 285 3088 1783 3162">
    <p class='ocr_par' dir='ltr' id='par_1_32' title="bbox 285 3088 1783 3162">
     <span class='ocr_line' id='line_1_32' title="bbox 285 3088 1783 3162; baseline 0 -21"><span class='ocrx_word' id='word_1_225' title='bbox 285 3109 301 3141; x_wconf 81' lang='grc' dir='ltr'>ι</span> <span class='ocrx_word' id='word_1_226' title='bbox 347 3092 399 3146; x_wconf 88' lang='lat' dir='ltr'>Si</span> <span class='ocrx_word' id='word_1_227' title='bbox 438 3092 560 3162; x_wconf 88' lang='lat' dir='ltr'>quis</span> <span class='ocrx_word' id='word_1_228' title='bbox 608 3090 916 3147; x_wconf 88' lang='lat' dir='ltr'>oblationes</span> <span class='ocrx_word' id='word_1_229' title='bbox 970 3089 1226 3144; x_wconf 74' lang='lat' dir='ltr'>Ecclesia:</span> <span class='ocrx_word' id='word_1_230' title='bbox 1264 3088 1597 3158; x_wconf 86' lang='lat' dir='ltr'>baptismalis</span> <span class='ocrx_word' id='word_1_231' title='bbox 1631 3098 1783 3143; x_wconf 79' lang='lat' dir='ltr'>extra</span> 
     </span>
    </p>
   </div>
   <div class='ocr_carea' id='block_1_33' title="bbox 224 3178 1783 3250">
    <p class='ocr_par' dir='ltr' id='par_1_33' title="bbox 224 3178 1783 3250">
     <span class='ocr_line' id='line_1_33' title="bbox 224 3178 1783 3250; baseline -0.001 -19"><span class='ocrx_word' id='word_1_232' title='bbox 224 3194 322 3232; x_wconf 85' lang='lat' dir='ltr'>eam</span> <span class='ocrx_word' id='word_1_233' title='bbox 356 3182 593 3250; x_wconf 85' lang='lat' dir='ltr'>accipere</span> <span class='ocrx_word' id='word_1_234' title='bbox 616 3178 706 3233; x_wconf 89' lang='lat' dir='ltr'>vel</span> <span class='ocrx_word' id='word_1_235' title='bbox 738 3180 868 3233; x_wconf 91' lang='lat' dir='ltr'>dare</span> <span class='ocrx_word' id='word_1_236' title='bbox 900 3178 1130 3232; x_wconf 90' lang='lat' dir='ltr'>voluerit</span> <span class='ocrx_word' id='word_1_237' title='bbox 1155 3186 1351 3247; x_wconf 60' lang='lat' dir='ltr'>praeter</span> <span class='ocrx_word' id='word_1_238' title='bbox 1395 3178 1783 3233; x_wconf 85' lang='lat' dir='ltr'>conscientiam</span> 
     </span>
    </p>
   </div>
   <div class='ocr_carea' id='block_1_34' title="bbox 228 3270 1783 3341">
    <p class='ocr_par' dir='ltr' id='par_1_34' title="bbox 228 3270 1783 3341">
     <span class='ocr_line' id='line_1_34' title="bbox 228 3270 1783 3341; baseline -0.001 -17"><span class='ocrx_word' id='word_1_239' title='bbox 228 3271 457 3341; x_wconf 84' lang='lat' dir='ltr'>episcopi,</span> <span class='ocrx_word' id='word_1_240' title='bbox 490 3273 570 3327; x_wconf 90' lang='lat' dir='ltr'>vel</span> <span class='ocrx_word' id='word_1_241' title='bbox 594 3270 719 3340; x_wconf 88' lang='lat' dir='ltr'>ejus</span> <span class='ocrx_word' id='word_1_242' title='bbox 746 3270 832 3324; x_wconf 89' lang='lat' dir='ltr'>cui</span> <span class='ocrx_word' id='word_1_243' title='bbox 862 3272 973 3325; x_wconf 71' lang='lat' dir='ltr'>ha‘c</span> <span class='ocrx_word' id='word_1_244' title='bbox 996 3270 1168 3324; x_wconf 86' lang='lat' dir='ltr'>ollicia</span> <span class='ocrx_word' id='word_1_245' title='bbox 1190 3271 1476 3325; x_wconf 90' lang='lat' dir='ltr'>commissa</span> <span class='ocrx_word' id='word_1_246' title='bbox 1502 3279 1648 3332; x_wconf 88' lang='lat' dir='ltr'>sunt,</span> <span class='ocrx_word' id='word_1_247' title='bbox 1686 3285 1783 3323; x_wconf 93' lang='lat' dir='ltr'>nec</span> 
     </span>
    </p>
   </div>
   <div class='ocr_carea' id='block_1_35' title="bbox 224 3344 1779 3429">
    <p class='ocr_par' dir='ltr' id='par_1_35' title="bbox 224 3344 1779 3429">
     <span class='ocr_line' id='line_1_35' title="bbox 224 3344 1779 3429; baseline -0.001 -16"><span class='ocrx_word' id='word_1_248' title='bbox 224 3375 325 3413; x_wconf 83' lang='lat' dir='ltr'>cum</span> <span class='ocrx_word' id='word_1_249' title='bbox 349 3360 460 3429; x_wconf 89' lang='lat' dir='ltr'>ejus</span> <span class='ocrx_word' id='word_1_250' title='bbox 490 3363 593 3417; x_wconf 85' lang='lat' dir='ltr'>hoc</span> <span class='ocrx_word' id='word_1_251' title='bbox 621 3344 715 3416; x_wconf 30' lang='lat' dir='ltr'>sit.</span> <span class='ocrx_word' id='word_1_252' title='bbox 741 3360 988 3424; x_wconf 91' lang='lat' dir='ltr'>consilio,</span> <span class='ocrx_word' id='word_1_253' title='bbox 1037 3360 1326 3414; x_wconf 84' lang='lat' dir='ltr'>anathema</span> <span class='ocrx_word' id='word_1_254' title='bbox 1377 3361 1466 3415; x_wconf 89' lang='lat' dir='ltr'>sit.</span> <span class='ocrx_word' id='word_1_255' title='bbox 1522 3381 1538 3412; x_wconf 76' lang='grc' dir='ltr'>ι</span> <span class='ocrx_word' id='word_1_256' title='bbox 1602 3360 1732 3415; x_wconf 91' lang='lat' dir='ltr'>Item</span> <span class='ocrx_word' id='word_1_257' title='bbox 1768 3378 1779 3412; x_wconf 93' lang='lat'><strong>:</strong></span> 
     </span>
    </p>
   </div>
   <div class='ocr_carea' id='block_1_36' title="bbox 228 3448 1781 3519">
    <p class='ocr_par' dir='ltr' id='par_1_36' title="bbox 228 3448 1781 3519">
     <span class='ocr_line' id='line_1_36' title="bbox 228 3448 1781 3519; baseline 0.001 -20"><span class='ocrx_word' id='word_1_258' title='bbox 228 3465 245 3499; x_wconf 81' lang='grc' dir='ltr'>ι</span> <span class='ocrx_word' id='word_1_259' title='bbox 274 3448 323 3503; x_wconf 88' lang='lat' dir='ltr'>Si</span> <span class='ocrx_word' id='word_1_260' title='bbox 348 3451 461 3519; x_wconf 90' lang='lat' dir='ltr'>quis</span> <span class='ocrx_word' id='word_1_261' title='bbox 482 3450 699 3506; x_wconf 81' lang='lat' dir='ltr'>dederit</span> <span class='ocrx_word' id='word_1_262' title='bbox 731 3450 906 3504; x_wconf 91' lang='lat' dir='ltr'>oblata</span> <span class='ocrx_word' id='word_1_263' title='bbox 936 3449 1192 3504; x_wconf 66' lang='lat' dir='ltr'>Ecclesia!</span> <span class='ocrx_word' id='word_1_264' title='bbox 1230 3459 1426 3518; x_wconf 63' lang='lat' dir='ltr'>prieter</span> <span class='ocrx_word' id='word_1_265' title='bbox 1447 3450 1781 3519; x_wconf 82' lang='lat' dir='ltr'>episcopum,</span> 
     </span>
    </p>
   </div>
   <div class='ocr_carea' id='block_1_37' title="bbox 223 3540 1781 3611">
    <p class='ocr_par' dir='ltr' id='par_1_37' title="bbox 223 3540 1781 3611">
     <span class='ocr_line' id='line_1_37' title="bbox 223 3540 1781 3611; baseline 0.001 -21"><span class='ocrx_word' id='word_1_266' title='bbox 223 3540 292 3591; x_wconf 83' lang='lat' dir='ltr'>vel</span> <span class='ocrx_word' id='word_1_267' title='bbox 322 3555 433 3595; x_wconf 90' lang='lat' dir='ltr'>eum</span> <span class='ocrx_word' id='word_1_268' title='bbox 454 3542 543 3611; x_wconf 91' lang='lat' dir='ltr'>qui</span> <span class='ocrx_word' id='word_1_269' title='bbox 577 3542 915 3597; x_wconf 89' lang='lat' dir='ltr'>constitutus</span> <span class='ocrx_word' id='word_1_270' title='bbox 939 3548 1025 3594; x_wconf 85' lang='lat' dir='ltr'>est</span> <span class='ocrx_word' id='word_1_271' title='bbox 1053 3541 1120 3594; x_wconf 91' lang='lat' dir='ltr'>ab</span> <span class='ocrx_word' id='word_1_272' title='bbox 1147 3556 1213 3594; x_wconf 91' lang='lat' dir='ltr'>eo</span> <span class='ocrx_word' id='word_1_273' title='bbox 1243 3540 1307 3594; x_wconf 90' lang='lat' dir='ltr'>ad</span> <span class='ocrx_word' id='word_1_274' title='bbox 1332 3540 1781 3609; x_wconf 87' lang='lat' dir='ltr'>dispensandum;</span> 
     </span>
    </p>
   </div>
   <div class='ocr_carea' id='block_1_38' title="bbox 221 3632 1457 3703">
    <p class='ocr_par' dir='ltr' id='par_1_38' title="bbox 221 3632 1457 3703">
     <span class='ocr_line' id='line_1_38' title="bbox 221 3632 1457 3703; baseline 0 -19"><span class='ocrx_word' id='word_1_275' title='bbox 221 3633 364 3702; x_wconf 87' lang='lat' dir='ltr'>etqui</span> <span class='ocrx_word' id='word_1_276' title='bbox 393 3634 501 3701; x_wconf 89' lang='lat' dir='ltr'>dat,</span> <span class='ocrx_word' id='word_1_277' title='bbox 527 3644 581 3690; x_wconf 90' lang='lat' dir='ltr'>et</span> <span class='ocrx_word' id='word_1_278' title='bbox 608 3634 707 3703; x_wconf 85' lang='lat' dir='ltr'>qui</span> <span class='ocrx_word' id='word_1_279' title='bbox 738 3633 933 3703; x_wconf 89' lang='lat' dir='ltr'>accipit</span> <span class='ocrx_word' id='word_1_280' title='bbox 959 3674 972 3697; x_wconf 92' lang='lat'>,</span> <span class='ocrx_word' id='word_1_281' title='bbox 1002 3632 1287 3687; x_wconf 84' lang='lat' dir='ltr'>anathema</span> <span class='ocrx_word' id='word_1_282' title='bbox 1310 3633 1397 3687; x_wconf 92' lang='lat' dir='ltr'>sit.</span> <span class='ocrx_word' id='word_1_283' title='bbox 1439 3652 1457 3684; x_wconf 76' lang='grc' dir='ltr'>ι</span> 
     </span>
    </p>
   </div>
   <div class='ocr_carea' id='block_1_39' title="bbox 473 3745 1482 3814">
    <p class='ocr_par' dir='ltr' id='par_1_39' title="bbox 473 3745 1482 3814">
     <span class='ocr_line' id='line_1_39' title="bbox 473 3745 1482 3814; baseline -0.005 -10"><span class='ocrx_word' id='word_1_284' title='bbox 473 3748 609 3804; x_wconf 85' lang='lat' dir='ltr'>Item</span> <span class='ocrx_word' id='word_1_285' title='bbox 638 3748 694 3802; x_wconf 86' lang='lat' dir='ltr'>in</span> <span class='ocrx_word' id='word_1_286' title='bbox 720 3763 838 3801; x_wconf 86' lang='lat' dir='ltr'>can.</span> <span class='ocrx_word' id='word_1_287' title='bbox 866 3746 1208 3811; x_wconf 81' lang='lat' dir='ltr'>Chalcedon.,</span> <span class='ocrx_word' id='word_1_288' title='bbox 1240 3763 1355 3814; x_wconf 83' lang='lat' dir='ltr'>cap.</span> <span class='ocrx_word' id='word_1_289' title='bbox 1392 3745 1482 3799; x_wconf 75' lang='grc'>26.</span> 
     </span>
    </p>
   </div>
   <div class='ocr_carea' id='block_1_40' title="bbox 286 3834 1785 3907">
    <p class='ocr_par' dir='ltr' id='par_1_40' title="bbox 286 3834 1785 3907">
     <span class='ocr_line' id='line_1_40' title="bbox 286 3834 1785 3907; baseline 0 -19"><span class='ocrx_word' id='word_1_290' title='bbox 286 3853 305 3888; x_wconf 76' lang='grc' dir='ltr'>ι</span> <span class='ocrx_word' id='word_1_291' title='bbox 327 3836 584 3905; x_wconf 82' lang='lat' dir='ltr'>Quoniam</span> <span class='ocrx_word' id='word_1_292' title='bbox 606 3837 830 3907; x_wconf 87' lang='lat' dir='ltr'>quidam</span> <span class='ocrx_word' id='word_1_293' title='bbox 854 3845 1049 3904; x_wconf 64' lang='lat' dir='ltr'>praeter</span> <span class='ocrx_word' id='word_1_294' title='bbox 1091 3836 1488 3905; x_wconf 86' lang='lat' dir='ltr'>dispensatores</span> <span class='ocrx_word' id='word_1_295' title='bbox 1508 3834 1785 3904; x_wconf 86' lang='lat' dir='ltr'>episcopo-</span> 
     </span>
    </p>
   </div>
   <div class='ocr_carea' id='block_1_41' title="bbox 219 3916 1785 3995">
    <p class='ocr_par' dir='ltr' id='par_1_41' title="bbox 219 3916 1785 3995">
     <span class='ocr_line' id='line_1_41' title="bbox 219 3916 1785 3995; baseline -0.001 -14"><span class='ocrx_word' id='word_1_296' title='bbox 219 3941 321 3982; x_wconf 87' lang='lat' dir='ltr'>rum</span> <span class='ocrx_word' id='word_1_297' title='bbox 346 3916 633 3985; x_wconf 39' lang='lat' dir='ltr'>facultates.</span> <span class='ocrx_word' id='word_1_298' title='bbox 651 3927 1047 3983; x_wconf 85' lang='lat' dir='ltr'>ecclesiasticas</span> <span class='ocrx_word' id='word_1_299' title='bbox 1092 3935 1344 3992; x_wconf 90' lang='lat' dir='ltr'>tractant,</span> <span class='ocrx_word' id='word_1_300' title='bbox 1381 3927 1470 3995; x_wconf 92' lang='lat' dir='ltr'>qui</span> <span class='ocrx_word' id='word_1_301' title='bbox 1515 3927 1617 3980; x_wconf 91' lang='lat' dir='ltr'>hoc</span> <span class='ocrx_word' id='word_1_302' title='bbox 1645 3924 1785 3980; x_wconf 85' lang='lat' dir='ltr'>fece-</span> 
     </span>
    </p>
   </div>
   <div class='ocr_carea' id='block_1_42' title="bbox 224 4015 1782 4086">
    <p class='ocr_par' dir='ltr' id='par_1_42' title="bbox 224 4015 1782 4086">
     <span class='ocr_line' id='line_1_42' title="bbox 224 4015 1782 4086; baseline -0.001 -17"><span class='ocrx_word' id='word_1_303' title='bbox 224 4018 335 4083; x_wconf 90' lang='lat' dir='ltr'>rint,</span> <span class='ocrx_word' id='word_1_304' title='bbox 365 4020 642 4074; x_wconf 87' lang='lat' dir='ltr'>canonieis</span> <span class='ocrx_word' id='word_1_305' title='bbox 694 4017 1131 4085; x_wconf 89' lang='lat' dir='ltr'>correptionibus</span> <span class='ocrx_word' id='word_1_306' title='bbox 1182 4018 1537 4086; x_wconf 83' lang='lat' dir='ltr'>castigentur.</span> <span class='ocrx_word' id='word_1_307' title='bbox 1575 4035 1593 4067; x_wconf 77' lang='grc' dir='ltr'>ι</span> <span class='ocrx_word' id='word_1_308' title='bbox 1649 4015 1782 4069; x_wconf 90' lang='lat' dir='ltr'>Item</span> 
     </span>
    </p>
   </div>
   <div class='ocr_carea' id='block_1_43' title="bbox 222 4108 1772 4180">
    <p class='ocr_par' dir='ltr' id='par_1_43' title="bbox 222 4108 1772 4180">
     <span class='ocr_line' id='line_1_43' title="bbox 222 4108 1772 4180; baseline -0.003 -17"><span class='ocrx_word' id='word_1_309' title='bbox 222 4124 320 4180; x_wconf 85' lang='lat' dir='ltr'>cap.</span> <span class='ocrx_word' id='word_1_310' title='bbox 343 4109 391 4175; x_wconf 90' lang='lat'>8,</span> <span class='ocrx_word' id='word_1_311' title='bbox 423 4110 497 4165; x_wconf 85' lang='lat' dir='ltr'>De</span> <span class='ocrx_word' id='word_1_312' title='bbox 528 4109 735 4165; x_wconf 75' lang='lat' dir='ltr'>clericis</span> <span class='ocrx_word' id='word_1_313' title='bbox 765 4109 854 4179; x_wconf 87' lang='lat' dir='ltr'>qui</span> <span class='ocrx_word' id='word_1_314' title='bbox 881 4119 1001 4162; x_wconf 85' lang='lat' dir='ltr'>sunt</span> <span class='ocrx_word' id='word_1_315' title='bbox 1063 4109 1117 4161; x_wconf 84' lang='lat' dir='ltr'>iu</span> <span class='ocrx_word' id='word_1_316' title='bbox 1155 4109 1373 4178; x_wconf 73' lang='lat' dir='ltr'>plac/riis</span> <span class='ocrx_word' id='word_1_317' title='bbox 1394 4149 1409 4172; x_wconf 92' lang='lat'>,</span> <span class='ocrx_word' id='word_1_318' title='bbox 1442 4108 1772 4161; x_wconf 84' lang='lat' dir='ltr'>monasteriis</span> 
     </span>
    </p>
   </div>
   <div class='ocr_carea' id='block_1_44' title="bbox 223 4200 1779 4271">
    <p class='ocr_par' dir='ltr' id='par_1_44' title="bbox 223 4200 1779 4271">
     <span class='ocr_line' id='line_1_44' title="bbox 223 4200 1779 4271; baseline 0.002 -21"><span class='ocrx_word' id='word_1_319' title='bbox 223 4209 352 4268; x_wconf 78' lang='lat' dir='ltr'>atque</span> <span class='ocrx_word' id='word_1_320' title='bbox 373 4202 664 4271; x_wconf 84' lang='lat' dir='ltr'>martyriis,</span> <span class='ocrx_word' id='word_1_321' title='bbox 682 4216 800 4268; x_wconf 70' lang='grc' dir='ltr'>(μίαν</span> <span class='ocrx_word' id='word_1_322' title='bbox 821 4200 914 4254; x_wconf 84' lang='lat' dir='ltr'>sub</span> <span class='ocrx_word' id='word_1_323' title='bbox 938 4209 1189 4268; x_wconf 78' lang='lat' dir='ltr'>potestate</span> <span class='ocrx_word' id='word_1_324' title='bbox 1212 4200 1567 4269; x_wconf 85' lang='lat' dir='ltr'>episcoporum</span> <span class='ocrx_word' id='word_1_325' title='bbox 1595 4200 1779 4253; x_wconf 86' lang='lat' dir='ltr'>unius-</span> 
     </span>
    </p>
   </div>
   <div class='ocr_carea' id='block_1_45' title="bbox 223 4292 1780 4363">
    <p class='ocr_par' dir='ltr' id='par_1_45' title="bbox 223 4292 1780 4363">
     <span class='ocr_line' id='line_1_45' title="bbox 223 4292 1780 4363; baseline 0.003 -22"><span class='ocrx_word' id='word_1_326' title='bbox 223 4292 449 4363; x_wconf 77' lang='lat' dir='ltr'>cujusque</span> <span class='ocrx_word' id='word_1_327' title='bbox 477 4295 711 4347; x_wconf 77' lang='lat' dir='ltr'>civitatis</span> <span class='ocrx_word' id='word_1_328' title='bbox 747 4294 971 4347; x_wconf 77' lang='lat' dir='ltr'>existunt</span> <span class='ocrx_word' id='word_1_329' title='bbox 1010 4306 1027 4344; x_wconf 88' lang='lat'><em>:</em></span> <span class='ocrx_word' id='word_1_330' title='bbox 1071 4312 1089 4343; x_wconf 88' lang='grc'><em>‹</em></span> <span class='ocrx_word' id='word_1_331' title='bbox 1132 4293 1325 4347; x_wconf 81' lang='lat' dir='ltr'>Clerici</span> <span class='ocrx_word' id='word_1_332' title='bbox 1354 4293 1445 4362; x_wconf 89' lang='lat' dir='ltr'>qui</span> <span class='ocrx_word' id='word_1_333' title='bbox 1476 4292 1780 4362; x_wconf 61' lang='lat' dir='ltr'>praeficiun-</span> 
     </span>
    </p>
   </div>
   <div class='ocr_carea' id='block_1_46' title="bbox 223 4367 1859 4454">
    <p class='ocr_par' dir='ltr' id='par_1_46' title="bbox 223 4367 1859 4454">
     <span class='ocr_line' id='line_1_46' title="bbox 223 4367 1859 4454; baseline 0.004 -21"><span class='ocrx_word' id='word_1_334' title='bbox 223 4389 296 4434; x_wconf 88' lang='lat' dir='ltr'>tur</span> <span class='ocrx_word' id='word_1_335' title='bbox 322 4384 565 4452; x_wconf 87' lang='lat' dir='ltr'>ptochiis,</span> <span class='ocrx_word' id='word_1_336' title='bbox 596 4384 683 4439; x_wconf 91' lang='lat' dir='ltr'>vel</span> <span class='ocrx_word' id='word_1_337' title='bbox 739 4384 826 4454; x_wconf 91' lang='lat' dir='ltr'>qui</span> <span class='ocrx_word' id='word_1_338' title='bbox 862 4384 1187 4440; x_wconf 87' lang='lat' dir='ltr'>ordinantur</span> <span class='ocrx_word' id='word_1_339' title='bbox 1237 4385 1290 4438; x_wconf 88' lang='lat' dir='ltr'>in</span> <span class='ocrx_word' id='word_1_340' title='bbox 1338 4386 1682 4440; x_wconf 85' lang='lat' dir='ltr'>monasteriis</span> <span class='ocrx_word' id='word_1_341' title='bbox 1728 4393 1783 4440; x_wconf 87' lang='lat' dir='ltr'>et</span> <span class='ocrx_word' id='word_1_342' title='bbox 1813 4367 1859 4426; x_wconf 81' lang='grc' dir='ltr'>Ῑ)</span> 
     </span>
    </p>
   </div>
   <div class='ocr_carea' id='block_1_47' title="bbox 222 4468 1777 4544">
    <p class='ocr_par' dir='ltr' id='par_1_47' title="bbox 222 4468 1777 4544">
     <span class='ocr_line' id='line_1_47' title="bbox 222 4468 1777 4544; baseline 0.004 -23"><span class='ocrx_word' id='word_1_343' title='bbox 222 4468 431 4528; x_wconf 87' lang='lat' dir='ltr'>basilicis</span> <span class='ocrx_word' id='word_1_344' title='bbox 451 4485 779 4544; x_wconf 84' lang='lat' dir='ltr'>martyrum,</span> <span class='ocrx_word' id='word_1_345' title='bbox 807 4474 907 4528; x_wconf 93' lang='lat' dir='ltr'>sub</span> <span class='ocrx_word' id='word_1_346' title='bbox 927 4475 1325 4544; x_wconf 88' lang='lat' dir='ltr'>episcoporum,</span> <span class='ocrx_word' id='word_1_347' title='bbox 1352 4475 1443 4544; x_wconf 87' lang='lat' dir='ltr'>qui</span> <span class='ocrx_word' id='word_1_348' title='bbox 1463 4476 1514 4528; x_wconf 92' lang='lat' dir='ltr'>in</span> <span class='ocrx_word' id='word_1_349' title='bbox 1545 4491 1777 4544; x_wconf 86' lang='lat' dir='ltr'>unaqua-</span> 
     </span>
    </p>
   </div>
   <div class='ocr_carea' id='block_1_48' title="bbox 223 4563 1782 4629">
    <p class='ocr_par' dir='ltr' id='par_1_48' title="bbox 223 4563 1782 4629">
     <span class='ocr_line' id='line_1_48' title="bbox 223 4563 1782 4629; baseline 0.002 -16"><span class='ocrx_word' id='word_1_350' title='bbox 223 4575 312 4629; x_wconf 86' lang='lat' dir='ltr'>que</span> <span class='ocrx_word' id='word_1_351' title='bbox 351 4563 562 4619; x_wconf 89' lang='lat' dir='ltr'>civitate</span> <span class='ocrx_word' id='word_1_352' title='bbox 589 4573 738 4629; x_wconf 87' lang='lat' dir='ltr'>sunt,</span> <span class='ocrx_word' id='word_1_353' title='bbox 772 4564 1062 4619; x_wconf 86' lang='lat' dir='ltr'>secundum</span> <span class='ocrx_word' id='word_1_354' title='bbox 1093 4574 1402 4619; x_wconf 90' lang='lat' dir='ltr'>sanctorum</span> <span class='ocrx_word' id='word_1_355' title='bbox 1428 4564 1645 4617; x_wconf 88' lang='lat' dir='ltr'>Patrum</span> <span class='ocrx_word' id='word_1_356' title='bbox 1675 4574 1782 4617; x_wconf 86' lang='lat' dir='ltr'>tra-</span> 
     </span>
    </p>
   </div>
   <div class='ocr_carea' id='block_1_49' title="bbox 225 4652 1785 4726">
    <p class='ocr_par' dir='ltr' id='par_1_49' title="bbox 225 4652 1785 4726">
     <span class='ocr_line' id='line_1_49' title="bbox 225 4652 1785 4726; baseline 0.004 -23"><span class='ocrx_word' id='word_1_357' title='bbox 225 4652 444 4719; x_wconf 73' lang='lat' dir='ltr'>ditiones,</span> <span class='ocrx_word' id='word_1_358' title='bbox 492 4664 765 4725; x_wconf 87' lang='lat' dir='ltr'>potestate</span> <span class='ocrx_word' id='word_1_359' title='bbox 814 4665 1191 4726; x_wconf 85' lang='lat' dir='ltr'>permaneant,</span> <span class='ocrx_word' id='word_1_360' title='bbox 1244 4672 1346 4711; x_wconf 91' lang='lat' dir='ltr'>nec</span> <span class='ocrx_word' id='word_1_361' title='bbox 1368 4672 1465 4725; x_wconf 89' lang='lat' dir='ltr'>per</span> <span class='ocrx_word' id='word_1_362' title='bbox 1505 4664 1785 4712; x_wconf 89' lang='lat' dir='ltr'>contuma-</span> 
     </span>
    </p>
   </div>
   <div class='ocr_carea' id='block_1_50' title="bbox 225 4743 1785 4818">
    <p class='ocr_par' dir='ltr' id='par_1_50' title="bbox 225 4743 1785 4818">
     <span class='ocr_line' id='line_1_50' title="bbox 225 4743 1785 4818; baseline 0.003 -23"><span class='ocrx_word' id='word_1_363' title='bbox 225 4743 343 4797; x_wconf 87' lang='lat' dir='ltr'>ciam</span> <span class='ocrx_word' id='word_1_364' title='bbox 372 4746 434 4799; x_wconf 88' lang='lat' dir='ltr'>ab</span> <span class='ocrx_word' id='word_1_365' title='bbox 459 4749 715 4816; x_wconf 85' lang='lat' dir='ltr'>episcopo</span> <span class='ocrx_word' id='word_1_366' title='bbox 752 4762 849 4801; x_wconf 90' lang='lat' dir='ltr'>suo</span> <span class='ocrx_word' id='word_1_367' title='bbox 888 4747 1176 4802; x_wconf 87' lang='lat' dir='ltr'>dissiliant.</span> <span class='ocrx_word' id='word_1_368' title='bbox 1214 4746 1313 4813; x_wconf 86' lang='lat' dir='ltr'>Qui</span> <span class='ocrx_word' id='word_1_369' title='bbox 1343 4745 1500 4818; x_wconf 62' lang='lat'>341</span> <span class='ocrx_word' id='word_1_370' title='bbox 1535 4762 1664 4803; x_wconf 87' lang='lat' dir='ltr'>vero</span> <span class='ocrx_word' id='word_1_371' title='bbox 1690 4763 1785 4800; x_wconf 89' lang='lat' dir='ltr'>an-</span> 
     </span>
    </p>
   </div>
   <div class='ocr_carea' id='block_1_51' title="bbox 226 4830 1777 4907">
    <p class='ocr_par' dir='ltr' id='par_1_51' title="bbox 226 4830 1777 4907">
     <span class='ocr_line' id='line_1_51' title="bbox 226 4830 1777 4907; baseline 0.004 -23"><span class='ocrx_word' id='word_1_372' title='bbox 226 4830 331 4885; x_wconf 88' lang='lat' dir='ltr'>dent</span> <span class='ocrx_word' id='word_1_373' title='bbox 360 4846 594 4890; x_wconf 80' lang='lat' dir='ltr'>evertere</span> <span class='ocrx_word' id='word_1_374' title='bbox 616 4835 985 4903; x_wconf 89' lang='lat' dir='ltr'>hujuscemodi</span> <span class='ocrx_word' id='word_1_375' title='bbox 1006 4836 1233 4891; x_wconf 89' lang='lat' dir='ltr'>formam</span> <span class='ocrx_word' id='word_1_376' title='bbox 1256 4853 1576 4907; x_wconf 88' lang='lat' dir='ltr'>quocunque</span> <span class='ocrx_word' id='word_1_377' title='bbox 1600 4840 1777 4903; x_wconf 74' lang='lat' dir='ltr'>modo,</span> 
     </span>
    </p>
   </div>
   <div class='ocr_carea' id='block_1_52' title="bbox 226 4923 1779 4996">
    <p class='ocr_par' dir='ltr' id='par_1_52' title="bbox 226 4923 1779 4996">
     <span class='ocr_line' id='line_1_52' title="bbox 226 4923 1779 4996; baseline 0.006 -25"><span class='ocrx_word' id='word_1_378' title='bbox 226 4933 309 4974; x_wconf 87' lang='lat' dir='ltr'>nec</span> <span class='ocrx_word' id='word_1_379' title='bbox 332 4925 537 4992; x_wconf 89' lang='lat' dir='ltr'>proprio</span> <span class='ocrx_word' id='word_1_380' title='bbox 567 4923 928 4991; x_wconf 88' lang='lat' dir='ltr'>subjiciuntur</span> <span class='ocrx_word' id='word_1_381' title='bbox 953 4927 1241 4995; x_wconf 87' lang='lat' dir='ltr'>episcopo:</span> <span class='ocrx_word' id='word_1_382' title='bbox 1292 4926 1554 4996; x_wconf 90' lang='lat' dir='ltr'>siquidem</span> <span class='ocrx_word' id='word_1_383' title='bbox 1596 4928 1779 4982; x_wconf 89' lang='lat' dir='ltr'>clerici</span> 
     </span>
    </p>
   </div>
   <div class='ocr_carea' id='block_1_53' title="bbox 227 5012 1779 5082">
    <p class='ocr_par' dir='ltr' id='par_1_53' title="bbox 227 5012 1779 5082">
     <span class='ocr_line' id='line_1_53' title="bbox 227 5012 1779 5082; baseline 0.008 -24"><span class='ocrx_word' id='word_1_384' title='bbox 227 5019 638 5072; x_wconf 88' lang='lat' dir='ltr'>sunt,cauonum</span> <span class='ocrx_word' id='word_1_385' title='bbox 665 5012 1096 5082; x_wconf 87' lang='lat' dir='ltr'>correptionibus</span> <span class='ocrx_word' id='word_1_386' title='bbox 1126 5012 1517 5081; x_wconf 83' lang='lat' dir='ltr'>subjacebunt;</span> <span class='ocrx_word' id='word_1_387' title='bbox 1563 5014 1606 5069; x_wconf 91' lang='lat' dir='ltr'>si</span> <span class='ocrx_word' id='word_1_388' title='bbox 1650 5032 1779 5071; x_wconf 89' lang='lat' dir='ltr'>vero</span> 
     </span>
    </p>
   </div>
   <div class='ocr_carea' id='block_1_54' title="bbox 228 5094 1772 5175">
    <p class='ocr_par' dir='ltr' id='par_1_54' title="bbox 228 5094 1772 5175">
     <span class='ocr_line' id='line_1_54' title="bbox 228 5094 1772 5175; baseline 0.008 -28"><span class='ocrx_word' id='word_1_389' title='bbox 228 5094 331 5153; x_wconf 89' lang='lat' dir='ltr'>laici</span> <span class='ocrx_word' id='word_1_390' title='bbox 359 5103 433 5155; x_wconf 85' lang='lat' dir='ltr'>vel</span> <span class='ocrx_word' id='word_1_391' title='bbox 460 5105 710 5159; x_wconf 90' lang='lat' dir='ltr'>monachi</span> <span class='ocrx_word' id='word_1_392' title='bbox 746 5104 966 5169; x_wconf 85' lang='lat' dir='ltr'>fuerint,</span> <span class='ocrx_word' id='word_1_393' title='bbox 994 5105 1370 5162; x_wconf 86' lang='lat' dir='ltr'>communione</span> <span class='ocrx_word' id='word_1_394' title='bbox 1416 5106 1714 5175; x_wconf 87' lang='lat' dir='ltr'>priveutur.</span> <span class='ocrx_word' id='word_1_395' title='bbox 1754 5128 1772 5159; x_wconf 77' lang='grc' dir='ltr'>ι</span> 
     </span>
    </p>
   </div>
   <div class='ocr_carea' id='block_1_55' title="bbox 293 5292 359 5300">
    <p class='ocr_par' dir='ltr' id='par_1_55' title="bbox 293 5292 359 5300">
     <span class='ocr_line' id='line_1_55' title="bbox 293 5292 359 5300; baseline 0 0"><span class='ocrx_word' id='word_1_396' title='bbox 293 5292 359 5300; x_wconf 68' lang='grc' dir='ltr'>ι--</span> 
     </span>
    </p>
   </div>
   <div class='ocr_carea' id='block_1_56' title="bbox 3353 182 3453 240">
    <p class='ocr_par' dir='ltr' id='par_1_56' title="bbox 3353 182 3453 240">
     <span class='ocr_line' id='line_1_56' title="bbox 3353 182 3453 240; baseline -0.01 -1"><span class='ocrx_word' id='word_1_397' title='bbox 3353 182 3453 240; x_wconf 61' lang='grc'>890</span> 
     </span>
    </p>
   </div>
   <div class='ocr_carea' id='block_1_57' title="bbox 2086 292 3241 367">
    <p class='ocr_par' dir='ltr' id='par_1_57' title="bbox 2086 292 3241 367">
     <span class='ocr_line' id='line_1_57' title="bbox 2086 292 3241 367; baseline -0.003 -16"><span class='ocrx_word' id='word_1_398' title='bbox 2086 298 2221 351; x_wconf 82' lang='lat' dir='ltr'>Item</span> <span class='ocrx_word' id='word_1_399' title='bbox 2258 314 2321 350; x_wconf 74' lang='lat' dir='ltr'>ex</span> <span class='ocrx_word' id='word_1_400' title='bbox 2352 294 2569 367; x_wconf 83' lang='lat' dir='ltr'>epistola</span> <span class='ocrx_word' id='word_1_401' title='bbox 2610 311 2759 364; x_wconf 67' lang='lat' dir='ltr'>papae</span> <span class='ocrx_word' id='word_1_402' title='bbox 2801 292 3021 359; x_wconf 84' lang='lat' dir='ltr'>Urbani,</span> <span class='ocrx_word' id='word_1_403' title='bbox 3045 310 3159 364; x_wconf 86' lang='lat' dir='ltr'>cap.</span> <span class='ocrx_word' id='word_1_404' title='bbox 3192 296 3241 348; x_wconf 71' lang='lat'>&#39;2.</span> 
     </span>
    </p>
   </div>
   <div class='ocr_carea' id='block_1_58' title="bbox 1953 383 3454 454">
    <p class='ocr_par' dir='ltr' id='par_1_58' title="bbox 1953 383 3454 454">
     <span class='ocr_line' id='line_1_58' title="bbox 1953 383 3454 454; baseline 0.003 -17"><span class='ocrx_word' id='word_1_405' title='bbox 1953 406 1969 437; x_wconf 79' lang='grc' dir='ltr'>ι</span> <span class='ocrx_word' id='word_1_406' title='bbox 2004 386 2109 441; x_wconf 73' lang='lat' dir='ltr'>Des</span> <span class='ocrx_word' id='word_1_407' title='bbox 2138 386 2391 440; x_wconf 68' lang='lat' dir='ltr'>Ecclesia:</span> <span class='ocrx_word' id='word_1_408' title='bbox 2414 384 2622 440; x_wconf 73' lang='lat' dir='ltr'>collatm</span> <span class='ocrx_word' id='word_1_409' title='bbox 2649 384 2703 437; x_wconf 90' lang='lat' dir='ltr'>in</span> <span class='ocrx_word' id='word_1_410' title='bbox 2726 383 2958 438; x_wconf 91' lang='lat' dir='ltr'>editione</span> <span class='ocrx_word' id='word_1_411' title='bbox 2980 386 3454 454; x_wconf 88' lang='lat' dir='ltr'>erantautiquitus</span> 
     </span>
    </p>
   </div>
   <div class='ocr_carea' id='block_1_59' title="bbox 1876 475 3463 547">
    <p class='ocr_par' dir='ltr' id='par_1_59' title="bbox 1876 475 3463 547">
     <span class='ocr_line' id='line_1_59' title="bbox 1876 475 3463 547; baseline -0.001 -17"><span class='ocrx_word' id='word_1_412' title='bbox 1876 478 2273 547; x_wconf 88' lang='lat' dir='ltr'>episcoporum,</span> <span class='ocrx_word' id='word_1_413' title='bbox 2319 477 2407 546; x_wconf 92' lang='lat' dir='ltr'>qui</span> <span class='ocrx_word' id='word_1_414' title='bbox 2448 476 2621 529; x_wconf 84' lang='lat' dir='ltr'>locum</span> <span class='ocrx_word' id='word_1_415' title='bbox 2656 484 2839 529; x_wconf 88' lang='lat' dir='ltr'>tenent</span> <span class='ocrx_word' id='word_1_416' title='bbox 2880 476 2931 529; x_wconf 93' lang='lat' dir='ltr'>in</span> <span class='ocrx_word' id='word_1_417' title='bbox 2974 475 3216 529; x_wconf 83' lang='lat' dir='ltr'>Ecclesia</span> <span class='ocrx_word' id='word_1_418' title='bbox 3250 484 3463 543; x_wconf 84' lang='lat' dir='ltr'>aposto-</span> 
     </span>
    </p>
   </div>
   <div class='ocr_carea' id='block_1_60' title="bbox 1877 564 3462 635">
    <p class='ocr_par' dir='ltr' id='par_1_60' title="bbox 1877 564 3462 635">
     <span class='ocr_line' id='line_1_60' title="bbox 1877 564 3462 635; baseline 0.002 -16"><span class='ocrx_word' id='word_1_419' title='bbox 1877 566 2073 631; x_wconf 89' lang='lat' dir='ltr'>lorum,</span> <span class='ocrx_word' id='word_1_420' title='bbox 2126 575 2181 620; x_wconf 91' lang='lat' dir='ltr'>et</span> <span class='ocrx_word' id='word_1_421' title='bbox 2206 575 2332 621; x_wconf 93' lang='lat' dir='ltr'>sunt</span> <span class='ocrx_word' id='word_1_422' title='bbox 2361 581 2530 635; x_wconf 86' lang='lat' dir='ltr'>usque</span> <span class='ocrx_word' id='word_1_423' title='bbox 2560 566 2759 630; x_wconf 90' lang='lat' dir='ltr'>adhuc,</span> <span class='ocrx_word' id='word_1_424' title='bbox 2801 574 2855 619; x_wconf 93' lang='lat' dir='ltr'><strong>et</strong></span> <span class='ocrx_word' id='word_1_425' title='bbox 2882 564 3077 620; x_wconf 85' lang='lat' dir='ltr'>futuris</span> <span class='ocrx_word' id='word_1_426' title='bbox 3103 566 3299 621; x_wconf 88' lang='lat' dir='ltr'>debent</span> <span class='ocrx_word' id='word_1_427' title='bbox 3339 581 3462 621; x_wconf 86' lang='lat' dir='ltr'>esse</span> 
     </span>
    </p>
   </div>
   <div class='ocr_carea' id='block_1_61' title="bbox 1878 658 2279 727">
    <p class='ocr_par' dir='ltr' id='par_1_61' title="bbox 1878 658 2279 727">
     <span class='ocr_line' id='line_1_61' title="bbox 1878 658 2279 727; baseline 0.002 -19"><span class='ocrx_word' id='word_1_428' title='bbox 1878 658 2228 727; x_wconf 89' lang='lat' dir='ltr'>temporibus.</span> <span class='ocrx_word' id='word_1_429' title='bbox 2263 678 2279 709; x_wconf 76' lang='grc' dir='ltr'>ι</span> 
     </span>
    </p>
   </div>
   <div class='ocr_carea' id='block_1_62' title="bbox 1878 765 3451 822">
    <p class='ocr_par' dir='ltr' id='par_1_62' title="bbox 1878 765 3451 822">
     <span class='ocr_line' id='line_1_62' title="bbox 1878 765 3451 822; baseline 0.001 -3"><span class='ocrx_word' id='word_1_430' title='bbox 1878 765 2015 821; x_wconf 83' lang='lat' dir='ltr'>Item</span> <span class='ocrx_word' id='word_1_431' title='bbox 2041 768 2103 820; x_wconf 86' lang='lat' dir='ltr'>de</span> <span class='ocrx_word' id='word_1_432' title='bbox 2124 768 2461 821; x_wconf 82' lang='lat' dir='ltr'>xenodochiis</span> <span class='ocrx_word' id='word_1_433' title='bbox 2485 779 2530 821; x_wconf 85' lang='lat' dir='ltr'>et</span> <span class='ocrx_word' id='word_1_434' title='bbox 2561 768 2890 821; x_wconf 62' lang='lat' dir='ltr'>monasteriis</span> <span class='ocrx_word' id='word_1_435' title='bbox 2926 777 3034 821; x_wconf 89' lang='lat' dir='ltr'>tam</span> <span class='ocrx_word' id='word_1_436' title='bbox 3076 768 3451 822; x_wconf 82' lang='lat' dir='ltr'>monachorum</span> 
     </span>
    </p>
   </div>
   <div class='ocr_carea' id='block_1_63' title="bbox 1948 836 3457 909">
    <p class='ocr_par' dir='ltr' id='par_1_63' title="bbox 1948 836 3457 909">
     <span class='ocr_line' id='line_1_63' title="bbox 1948 836 3457 909; baseline 0 -20"><span class='ocrx_word' id='word_1_437' title='bbox 1948 853 2103 908; x_wconf 83' lang='lat' dir='ltr'>quam</span> <span class='ocrx_word' id='word_1_438' title='bbox 2126 838 2601 909; x_wconf 71' lang='lat' dir='ltr'>sanctimonialium</span> <span class='ocrx_word' id='word_1_439' title='bbox 2637 854 2699 889; x_wconf 76' lang='lat' dir='ltr'>ea:</span> <span class='ocrx_word' id='word_1_440' title='bbox 2741 838 2963 909; x_wconf 80' lang='lat' dir='ltr'>decretis</span> <span class='ocrx_word' id='word_1_441' title='bbox 2990 840 3205 909; x_wconf 77' lang='lat' dir='ltr'>concilii</span> <span class='ocrx_word' id='word_1_442' title='bbox 3232 836 3457 909; x_wconf 74' lang='lat' dir='ltr'>Eugenii</span> 
     </span>
    </p>
   </div>
   <div class='ocr_carea' id='block_1_64' title="bbox 1948 906 3462 978">
    <p class='ocr_par' dir='ltr' id='par_1_64' title="bbox 1948 906 3462 978">
     <span class='ocr_line' id='line_1_64' title="bbox 1948 906 3462 978; baseline 0.001 -19"><span class='ocrx_word' id='word_1_443' title='bbox 1948 906 2120 978; x_wconf 59' lang='lat' dir='ltr'>papa,</span> <span class='ocrx_word' id='word_1_444' title='bbox 2151 923 2265 975; x_wconf 89' lang='lat' dir='ltr'>cap.</span> <span class='ocrx_word' id='word_1_445' title='bbox 2289 906 2379 969; x_wconf 65' lang='grc'>24,</span> <span class='ocrx_word' id='word_1_446' title='bbox 2403 909 2622 978; x_wconf 73' lang='lat' dir='ltr'>itemque</span> <span class='ocrx_word' id='word_1_447' title='bbox 2650 908 2831 960; x_wconf 85' lang='lat' dir='ltr'>iisdem</span> <span class='ocrx_word' id='word_1_448' title='bbox 2862 906 3022 960; x_wconf 85' lang='lat' dir='ltr'>verbis</span> <span class='ocrx_word' id='word_1_449' title='bbox 3063 909 3236 978; x_wconf 87' lang='lat' dir='ltr'>quarti</span> <span class='ocrx_word' id='word_1_450' title='bbox 3274 906 3462 964; x_wconf 73' lang='lat' dir='ltr'>Leonis</span> 
     </span>
    </p>
   </div>
   <div class='ocr_carea' id='block_1_65' title="bbox 1949 975 2651 1046">
    <p class='ocr_par' dir='ltr' id='par_1_65' title="bbox 1949 975 2651 1046">
     <span class='ocr_line' id='line_1_65' title="bbox 1949 975 2651 1046; baseline -0.003 -16"><span class='ocrx_word' id='word_1_451' title='bbox 1949 975 2097 1046; x_wconf 77' lang='lat' dir='ltr'>papa:</span> <span class='ocrx_word' id='word_1_452' title='bbox 2114 1016 2129 1041; x_wconf 94' lang='lat'><strong>,</strong></span> <span class='ocrx_word' id='word_1_453' title='bbox 2162 993 2277 1043; x_wconf 85' lang='lat' dir='ltr'>cap.</span> <span class='ocrx_word' id='word_1_454' title='bbox 2299 975 2537 1029; x_wconf 82' lang='lat' dir='ltr'>similiter</span> <span class='ocrx_word' id='word_1_455' title='bbox 2562 976 2651 1030; x_wconf 63' lang='lat'>25.</span> 
     </span>
    </p>
   </div>
   <div class='ocr_carea' id='block_1_66' title="bbox 1957 1088 3457 1161">
    <p class='ocr_par' dir='ltr' id='par_1_66' title="bbox 1957 1088 3457 1161">
     <span class='ocr_line' id='line_1_66' title="bbox 1957 1088 3457 1161; baseline 0.005 -20"><span class='ocrx_word' id='word_1_456' title='bbox 1957 1109 1974 1141; x_wconf 75' lang='grc' dir='ltr'>ι</span> <span class='ocrx_word' id='word_1_457' title='bbox 2014 1088 2118 1142; x_wconf 85' lang='lat' dir='ltr'>Per</span> <span class='ocrx_word' id='word_1_458' title='bbox 2150 1088 2563 1143; x_wconf 89' lang='lat' dir='ltr'>sollicitudinem</span> <span class='ocrx_word' id='word_1_459' title='bbox 2593 1090 2961 1158; x_wconf 90' lang='lat' dir='ltr'>episcoporum</span> <span class='ocrx_word' id='word_1_460' title='bbox 3013 1091 3160 1156; x_wconf 75' lang='lat' dir='ltr'>hrec,</span> <span class='ocrx_word' id='word_1_461' title='bbox 3226 1107 3457 1161; x_wconf 87' lang='lat' dir='ltr'>quorum</span> 
     </span>
    </p>
   </div>
   <div class='ocr_carea' id='block_1_67' title="bbox 1879 1183 3463 1253">
    <p class='ocr_par' dir='ltr' id='par_1_67' title="bbox 1879 1183 3463 1253">
     <span class='ocr_line' id='line_1_67' title="bbox 1879 1183 3463 1253; baseline 0 -16"><span class='ocrx_word' id='word_1_462' title='bbox 1879 1185 2175 1238; x_wconf 76' lang='lat' dir='ltr'>ditceeseos</span> <span class='ocrx_word' id='word_1_463' title='bbox 2201 1185 2458 1247; x_wconf 77' lang='lat' dir='ltr'>existunt,</span> <span class='ocrx_word' id='word_1_464' title='bbox 2488 1184 2553 1237; x_wconf 89' lang='lat' dir='ltr'>ad</span> <span class='ocrx_word' id='word_1_465' title='bbox 2577 1183 2790 1238; x_wconf 89' lang='lat' dir='ltr'>easdem</span> <span class='ocrx_word' id='word_1_466' title='bbox 2812 1184 3092 1249; x_wconf 87' lang='lat' dir='ltr'>utilitates,</span> <span class='ocrx_word' id='word_1_467' title='bbox 3117 1185 3311 1253; x_wconf 89' lang='lat' dir='ltr'>quibus</span> <span class='ocrx_word' id='word_1_468' title='bbox 3336 1200 3463 1239; x_wconf 88' lang='lat' dir='ltr'>con.</span> 
     </span>
    </p>
   </div>
   <div class='ocr_carea' id='block_1_68' title="bbox 1879 1275 3466 1345">
    <p class='ocr_par' dir='ltr' id='par_1_68' title="bbox 1879 1275 3466 1345">
     <span class='ocr_line' id='line_1_68' title="bbox 1879 1275 3466 1345; baseline 0.001 -16"><span class='ocrx_word' id='word_1_469' title='bbox 1879 1276 2065 1330; x_wconf 90' lang='lat' dir='ltr'>stituta</span> <span class='ocrx_word' id='word_1_470' title='bbox 2095 1285 2239 1339; x_wconf 92' lang='lat' dir='ltr'>sunt,</span> <span class='ocrx_word' id='word_1_471' title='bbox 2270 1276 2625 1339; x_wconf 86' lang='lat' dir='ltr'>ordinentur;</span> <span class='ocrx_word' id='word_1_472' title='bbox 2660 1284 2717 1328; x_wconf 93' lang='lat' dir='ltr'>ut</span> <span class='ocrx_word' id='word_1_473' title='bbox 2748 1275 2912 1328; x_wconf 88' lang='lat' dir='ltr'>debiti</span> <span class='ocrx_word' id='word_1_474' title='bbox 2945 1290 3130 1345; x_wconf 89' lang='lat' dir='ltr'>panes,</span> <span class='ocrx_word' id='word_1_475' title='bbox 3181 1287 3345 1345; x_wconf 88' lang='lat' dir='ltr'>atque</span> <span class='ocrx_word' id='word_1_476' title='bbox 3365 1292 3466 1330; x_wconf 69' lang='lat' dir='ltr'>cm-</span> 
     </span>
    </p>
   </div>
   <div class='ocr_carea' id='block_1_69' title="bbox 1882 1364 3461 1435">
    <p class='ocr_par' dir='ltr' id='par_1_69' title="bbox 1882 1364 3461 1435">
     <span class='ocr_line' id='line_1_69' title="bbox 1882 1364 3461 1435; baseline 0.001 -16"><span class='ocrx_word' id='word_1_477' title='bbox 1882 1374 1993 1420; x_wconf 90' lang='lat' dir='ltr'>tera</span> <span class='ocrx_word' id='word_1_478' title='bbox 2030 1366 2335 1435; x_wconf 89' lang='lat' dir='ltr'>petentibus</span> <span class='ocrx_word' id='word_1_479' title='bbox 2369 1372 2732 1428; x_wconf 88' lang='lat' dir='ltr'>revertantur,</span> <span class='ocrx_word' id='word_1_480' title='bbox 2770 1364 3003 1433; x_wconf 88' lang='lat' dir='ltr'>qualiter</span> <span class='ocrx_word' id='word_1_481' title='bbox 3034 1366 3141 1418; x_wconf 89' lang='lat' dir='ltr'>Deo</span> <span class='ocrx_word' id='word_1_482' title='bbox 3179 1376 3461 1430; x_wconf 90' lang='lat' dir='ltr'>vacantes,</span> 
     </span>
    </p>
   </div>
   <div class='ocr_carea' id='block_1_70' title="bbox 1881 1454 3457 1525">
    <p class='ocr_par' dir='ltr' id='par_1_70' title="bbox 1881 1454 3457 1525">
     <span class='ocr_line' id='line_1_70' title="bbox 1881 1454 3457 1525; baseline -0.001 -16"><span class='ocrx_word' id='word_1_483' title='bbox 1881 1455 2099 1524; x_wconf 85' lang='lat' dir='ltr'>inopia,</span> <span class='ocrx_word' id='word_1_484' title='bbox 2157 1454 2239 1508; x_wconf 86' lang='lat' dir='ltr'>vel</span> <span class='ocrx_word' id='word_1_485' title='bbox 2294 1454 2707 1509; x_wconf 87' lang='lat' dir='ltr'>necessitatibus</span> <span class='ocrx_word' id='word_1_486' title='bbox 2752 1455 3058 1509; x_wconf 87' lang='lat' dir='ltr'>nullatenus</span> <span class='ocrx_word' id='word_1_487' title='bbox 3102 1466 3457 1525; x_wconf 87' lang='lat' dir='ltr'>occupentur,</span> 
     </span>
    </p>
   </div>
   <div class='ocr_carea' id='block_1_71' title="bbox 1882 1544 3466 1615">
    <p class='ocr_par' dir='ltr' id='par_1_71' title="bbox 1882 1544 3466 1615">
     <span class='ocr_line' id='line_1_71' title="bbox 1882 1544 3466 1615; baseline 0.001 -15"><span class='ocrx_word' id='word_1_488' title='bbox 1882 1546 1999 1612; x_wconf 88' lang='lat' dir='ltr'>sed,</span> <span class='ocrx_word' id='word_1_489' title='bbox 2026 1545 2171 1600; x_wconf 78' lang='lat' dir='ltr'>omni</span> <span class='ocrx_word' id='word_1_490' title='bbox 2200 1544 2417 1613; x_wconf 81' lang='lat' dir='ltr'>expulsa</span> <span class='ocrx_word' id='word_1_491' title='bbox 2443 1560 2591 1611; x_wconf 91' lang='lat' dir='ltr'>cura,</span> <span class='ocrx_word' id='word_1_492' title='bbox 2623 1546 2773 1615; x_wconf 90' lang='lat' dir='ltr'>puris</span> <span class='ocrx_word' id='word_1_493' title='bbox 2802 1545 2854 1599; x_wconf 92' lang='lat' dir='ltr'>in</span> <span class='ocrx_word' id='word_1_494' title='bbox 2884 1546 2975 1601; x_wconf 84' lang='lat' dir='ltr'>Det</span> <span class='ocrx_word' id='word_1_495' title='bbox 3000 1546 3222 1602; x_wconf 88' lang='lat' dir='ltr'>servitio</span> <span class='ocrx_word' id='word_1_496' title='bbox 3248 1548 3466 1602; x_wconf 85' lang='lat' dir='ltr'>valeant</span> 
     </span>
    </p>
   </div>
   <div class='ocr_carea' id='block_1_72' title="bbox 1883 1637 2568 1706">
    <p class='ocr_par' dir='ltr' id='par_1_72' title="bbox 1883 1637 2568 1706">
     <span class='ocr_line' id='line_1_72' title="bbox 1883 1637 2568 1706; baseline 0 -15"><span class='ocrx_word' id='word_1_497' title='bbox 1883 1637 2153 1691; x_wconf 88' lang='lat' dir='ltr'>mentibus</span> <span class='ocrx_word' id='word_1_498' title='bbox 2183 1651 2518 1706; x_wconf 85' lang='lat' dir='ltr'>permanere.</span> <span class='ocrx_word' id='word_1_499' title='bbox 2550 1658 2568 1690; x_wconf 76' lang='grc' dir='ltr'>ι</span> 
     </span>
    </p>
   </div>
   <div class='ocr_carea' id='block_1_73' title="bbox 1956 1730 3470 1803">
    <p class='ocr_par' dir='ltr' id='par_1_73' title="bbox 1956 1730 3470 1803">
     <span class='ocr_line' id='line_1_73' title="bbox 1956 1730 3470 1803; baseline 0.002 -19"><span class='ocrx_word' id='word_1_500' title='bbox 1956 1731 2012 1785; x_wconf 76' lang='lat'>5.</span> <span class='ocrx_word' id='word_1_501' title='bbox 2043 1730 2165 1783; x_wconf 66' lang='lat' dir='ltr'>llaec</span> <span class='ocrx_word' id='word_1_502' title='bbox 2209 1730 2332 1783; x_wconf 90' lang='lat' dir='ltr'>dum</span> <span class='ocrx_word' id='word_1_503' title='bbox 2386 1731 2772 1795; x_wconf 88' lang='lat' dir='ltr'>inconsultius,</span> <span class='ocrx_word' id='word_1_504' title='bbox 2817 1740 3000 1801; x_wconf 90' lang='lat' dir='ltr'>utpote</span> <span class='ocrx_word' id='word_1_505' title='bbox 3041 1732 3301 1788; x_wconf 87' lang='lat' dir='ltr'>inutiliter</span> <span class='ocrx_word' id='word_1_506' title='bbox 3347 1748 3470 1803; x_wconf 81' lang='lat' dir='ltr'>gar-</span> 
     </span>
    </p>
   </div>
   <div class='ocr_carea' id='block_1_74' title="bbox 1885 1819 3465 1892">
    <p class='ocr_par' dir='ltr' id='par_1_74' title="bbox 1885 1819 3465 1892">
     <span class='ocr_line' id='line_1_74' title="bbox 1885 1819 3465 1892; baseline 0.002 -19"><span class='ocrx_word' id='word_1_507' title='bbox 1885 1819 2032 1874; x_wconf 89' lang='lat' dir='ltr'>riens</span> <span class='ocrx_word' id='word_1_508' title='bbox 2071 1820 2429 1885; x_wconf 88' lang='lat' dir='ltr'>delatrarcm,</span> <span class='ocrx_word' id='word_1_509' title='bbox 2490 1836 2699 1875; x_wconf 89' lang='lat' dir='ltr'>mecum</span> <span class='ocrx_word' id='word_1_510' title='bbox 2751 1822 2820 1874; x_wconf 91' lang='lat' dir='ltr'>ita</span> <span class='ocrx_word' id='word_1_511' title='bbox 2870 1823 3009 1892; x_wconf 74' lang='lat' dir='ltr'>ccepi</span> <span class='ocrx_word' id='word_1_512' title='bbox 3059 1840 3247 1879; x_wconf 92' lang='lat' dir='ltr'>rursus</span> <span class='ocrx_word' id='word_1_513' title='bbox 3279 1824 3465 1878; x_wconf 84' lang='lat' dir='ltr'>rixari.</span> 
     </span>
    </p>
   </div>
   <div class='ocr_carea' id='block_1_75' title="bbox 1889 1907 3470 1982">
    <p class='ocr_par' dir='ltr' id='par_1_75' title="bbox 1889 1907 3470 1982">
     <span class='ocr_line' id='line_1_75' title="bbox 1889 1907 3470 1982; baseline 0.006 -21"><span class='ocrx_word' id='word_1_514' title='bbox 1889 1907 1993 1964; x_wconf 89' lang='lat' dir='ltr'>Sed</span> <span class='ocrx_word' id='word_1_515' title='bbox 2026 1911 2153 1978; x_wconf 87' lang='lat' dir='ltr'>quid</span> <span class='ocrx_word' id='word_1_516' title='bbox 2184 1912 2285 1965; x_wconf 92' lang='lat' dir='ltr'>ritu</span> <span class='ocrx_word' id='word_1_517' title='bbox 2319 1911 2760 1966; x_wconf 87' lang='lat' dir='ltr'>stultissimorum</span> <span class='ocrx_word' id='word_1_518' title='bbox 2805 1914 3159 1982; x_wconf 83' lang='lat' dir='ltr'>quorumdam</span> <span class='ocrx_word' id='word_1_519' title='bbox 3191 1916 3336 1971; x_wconf 89' lang='lat' dir='ltr'>mille</span> <span class='ocrx_word' id='word_1_520' title='bbox 3366 1918 3470 1971; x_wconf 91' lang='lat' dir='ltr'>hoc</span> 
     </span>
    </p>
   </div>
   <div class='ocr_carea' id='block_1_76' title="bbox 1887 2003 3470 2070">
    <p class='ocr_par' dir='ltr' id='par_1_76' title="bbox 1887 2003 3470 2070">
     <span class='ocr_line' id='line_1_76' title="bbox 1887 2003 3470 2070; baseline 0.006 -17"><span class='ocrx_word' id='word_1_521' title='bbox 1887 2010 2130 2057; x_wconf 89' lang='lat' dir='ltr'>astruere</span> <span class='ocrx_word' id='word_1_522' title='bbox 2176 2004 2534 2067; x_wconf 86' lang='lat' dir='ltr'>testimoniis,</span> <span class='ocrx_word' id='word_1_523' title='bbox 2586 2019 2707 2057; x_wconf 91' lang='lat' dir='ltr'>eum</span> <span class='ocrx_word' id='word_1_524' title='bbox 2740 2003 2971 2059; x_wconf 77' lang='lat' dir='ltr'>sufﬁciat.</span> <span class='ocrx_word' id='word_1_525' title='bbox 2997 2021 3183 2070; x_wconf 92' lang='lat' dir='ltr'>unum,</span> <span class='ocrx_word' id='word_1_526' title='bbox 3235 2006 3470 2062; x_wconf 70' lang='lat' dir='ltr'>laboro?</span> 
     </span>
    </p>
   </div>
   <div class='ocr_carea' id='block_1_77' title="bbox 1888 2092 3467 2167">
    <p class='ocr_par' dir='ltr' id='par_1_77' title="bbox 1888 2092 3467 2167">
     <span class='ocr_line' id='line_1_77' title="bbox 1888 2092 3467 2167; baseline 0.007 -21"><span class='ocrx_word' id='word_1_527' title='bbox 1888 2092 2163 2165; x_wconf 82' lang='lat' dir='ltr'>Interroga</span> <span class='ocrx_word' id='word_1_528' title='bbox 2192 2096 2335 2150; x_wconf 91' lang='lat' dir='ltr'>enim</span> <span class='ocrx_word' id='word_1_529' title='bbox 2361 2095 2674 2165; x_wconf 89' lang='lat' dir='ltr'>quemlibet,</span> <span class='ocrx_word' id='word_1_530' title='bbox 2723 2096 2864 2152; x_wconf 90' lang='lat' dir='ltr'>unde</span> <span class='ocrx_word' id='word_1_531' title='bbox 2890 2114 3005 2152; x_wconf 92' lang='lat' dir='ltr'>mos</span> <span class='ocrx_word' id='word_1_532' title='bbox 3038 2099 3321 2154; x_wconf 87' lang='lat' dir='ltr'>inoleverit</span> <span class='ocrx_word' id='word_1_533' title='bbox 3357 2102 3467 2167; x_wconf 89' lang='lat' dir='ltr'>ille,</span> 
     </span>
    </p>
   </div>
   <div class='ocr_carea' id='block_1_78' title="bbox 1886 2189 3471 2263">
    <p class='ocr_par' dir='ltr' id='par_1_78' title="bbox 1886 2189 3471 2263">
     <span class='ocr_line' id='line_1_78' title="bbox 1886 2189 3471 2263; baseline 0.006 -23"><span class='ocrx_word' id='word_1_534' title='bbox 1886 2197 1944 2241; x_wconf 90' lang='lat' dir='ltr'>ut</span> <span class='ocrx_word' id='word_1_535' title='bbox 1974 2197 2217 2256; x_wconf 89' lang='lat' dir='ltr'>pastores</span> <span class='ocrx_word' id='word_1_536' title='bbox 2243 2198 2504 2243; x_wconf 88' lang='lat' dir='ltr'>vocentur</span> <span class='ocrx_word' id='word_1_537' title='bbox 2528 2189 2783 2244; x_wconf 63' lang='lat' dir='ltr'>Ecclesiae</span> <span class='ocrx_word' id='word_1_538' title='bbox 2829 2193 3105 2259; x_wconf 65' lang='lat' dir='ltr'>priesules.</span> <span class='ocrx_word' id='word_1_539' title='bbox 3136 2194 3323 2249; x_wconf 90' lang='lat' dir='ltr'>Nonne</span> <span class='ocrx_word' id='word_1_540' title='bbox 3348 2205 3471 2263; x_wconf 87' lang='lat' dir='ltr'>post</span> 
     </span>
    </p>
   </div>
   <div class='ocr_carea' id='block_1_79' title="bbox 1890 2279 3473 2355">
    <p class='ocr_par' dir='ltr' id='par_1_79' title="bbox 1890 2279 3473 2355">
     <span class='ocr_line' id='line_1_79' title="bbox 1890 2279 3473 2355; baseline 0.006 -23"><span class='ocrx_word' id='word_1_541' title='bbox 1890 2279 2120 2348; x_wconf 78' lang='lat' dir='ltr'>typieam</span> <span class='ocrx_word' id='word_1_542' title='bbox 2160 2279 2303 2333; x_wconf 89' lang='lat' dir='ltr'>illam</span> <span class='ocrx_word' id='word_1_543' title='bbox 2333 2281 2767 2350; x_wconf 88' lang='lat' dir='ltr'>patriarcharum</span> <span class='ocrx_word' id='word_1_544' title='bbox 2816 2283 3071 2353; x_wconf 91' lang='lat' dir='ltr'>pascendi</span> <span class='ocrx_word' id='word_1_545' title='bbox 3108 2301 3296 2355; x_wconf 78' lang='lat' dir='ltr'>greges</span> <span class='ocrx_word' id='word_1_546' title='bbox 3342 2303 3473 2342; x_wconf 87' lang='lat' dir='ltr'>con-</span> 
     </span>
    </p>
   </div>
   <div class='ocr_carea' id='block_1_80' title="bbox 1888 2368 3474 2442">
    <p class='ocr_par' dir='ltr' id='par_1_80' title="bbox 1888 2368 3474 2442">
     <span class='ocr_line' id='line_1_80' title="bbox 1888 2368 3474 2442; baseline 0.006 -21"><span class='ocrx_word' id='word_1_547' title='bbox 1888 2368 2251 2435; x_wconf 89' lang='lat' dir='ltr'>suetudinem,</span> <span class='ocrx_word' id='word_1_548' title='bbox 2292 2378 2347 2425; x_wconf 93' lang='lat' dir='ltr'>et</span> <span class='ocrx_word' id='word_1_549' title='bbox 2375 2372 2762 2442; x_wconf 87' lang='lat' dir='ltr'>prophetarum</span> <span class='ocrx_word' id='word_1_550' title='bbox 2805 2374 2872 2427; x_wconf 90' lang='lat' dir='ltr'>ad</span> <span class='ocrx_word' id='word_1_551' title='bbox 2924 2385 3167 2430; x_wconf 88' lang='lat' dir='ltr'>nostrum</span> <span class='ocrx_word' id='word_1_552' title='bbox 3214 2377 3265 2429; x_wconf 90' lang='lat' dir='ltr'>id</span> <span class='ocrx_word' id='word_1_553' title='bbox 3311 2392 3474 2432; x_wconf 74' lang='lat' dir='ltr'>scccu-</span> 
     </span>
    </p>
   </div>
   <div class='ocr_carea' id='block_1_81' title="bbox 1889 2456 3471 2531">
    <p class='ocr_par' dir='ltr' id='par_1_81' title="bbox 1889 2456 3471 2531">
     <span class='ocr_line' id='line_1_81' title="bbox 1889 2456 3471 2531; baseline 0.006 -20"><span class='ocrx_word' id='word_1_554' title='bbox 1889 2458 1995 2512; x_wconf 90' lang='lat' dir='ltr'>lum</span> <span class='ocrx_word' id='word_1_555' title='bbox 2021 2459 2338 2529; x_wconf 81' lang='lat' dir='ltr'>spiritaliter</span> <span class='ocrx_word' id='word_1_556' title='bbox 2381 2463 2806 2531; x_wconf 88' lang='lat' dir='ltr'>retorquentium</span> <span class='ocrx_word' id='word_1_557' title='bbox 2859 2456 3065 2529; x_wconf 86' lang='lat' dir='ltr'>vocem,</span> <span class='ocrx_word' id='word_1_558' title='bbox 3111 2471 3354 2522; x_wconf 82' lang='lat' dir='ltr'>summus</span> <span class='ocrx_word' id='word_1_559' title='bbox 3383 2468 3471 2521; x_wconf 89' lang='lat' dir='ltr'>ille</span> 
     </span>
    </p>
   </div>
   <div class='ocr_carea' id='block_1_82' title="bbox 1886 2551 3474 2625">
    <p class='ocr_par' dir='ltr' id='par_1_82' title="bbox 1886 2551 3474 2625">
     <span class='ocr_line' id='line_1_82' title="bbox 1886 2551 3474 2625; baseline 0.005 -24"><span class='ocrx_word' id='word_1_560' title='bbox 1886 2560 2163 2618; x_wconf 84' lang='lat' dir='ltr'>pastorum</span> <span class='ocrx_word' id='word_1_561' title='bbox 2212 2551 2464 2622; x_wconf 89' lang='lat' dir='ltr'>princeps</span> <span class='ocrx_word' id='word_1_562' title='bbox 2490 2553 2754 2617; x_wconf 90' lang='lat' dir='ltr'>occurrit,</span> <span class='ocrx_word' id='word_1_563' title='bbox 2794 2562 2845 2607; x_wconf 92' lang='lat' dir='ltr'>et</span> <span class='ocrx_word' id='word_1_564' title='bbox 2874 2555 2949 2609; x_wconf 87' lang='lat' dir='ltr'>ait</span> <span class='ocrx_word' id='word_1_565' title='bbox 2974 2572 2987 2608; x_wconf 91' lang='lat'><strong>:</strong></span> <span class='ocrx_word' id='word_1_566' title='bbox 3021 2554 3130 2625; x_wconf 80' lang='lat' dir='ltr'>Ego</span> <span class='ocrx_word' id='word_1_567' title='bbox 3154 2572 3269 2609; x_wconf 86' lang='lat' dir='ltr'>sum</span> <span class='ocrx_word' id='word_1_568' title='bbox 3295 2565 3474 2625; x_wconf 86' lang='lat' dir='ltr'>pastor</span> 
     </span>
    </p>
   </div>
   <div class='ocr_carea' id='block_1_83' title="bbox 1889 2640 3471 2719">
    <p class='ocr_par' dir='ltr' id='par_1_83' title="bbox 1889 2640 3471 2719">
     <span class='ocr_line' id='line_1_83' title="bbox 1889 2640 3471 2719; baseline 0.006 -27"><span class='ocrx_word' id='word_1_569' title='bbox 1889 2640 2295 2711; x_wconf 82' lang='lat' dir='ltr'>bomts?(Joan.</span> <span class='ocrx_word' id='word_1_570' title='bbox 2329 2660 2385 2709; x_wconf 67' lang='grc' dir='ltr'>κ,</span> <span class='ocrx_word' id='word_1_571' title='bbox 2417 2644 2523 2713; x_wconf 86' lang='grc' dir='ltr'>Η.)</span> <span class='ocrx_word' id='word_1_572' title='bbox 2548 2644 2611 2699; x_wconf 85' lang='lat' dir='ltr'><strong>Et</strong></span> <span class='ocrx_word' id='word_1_573' title='bbox 2642 2653 2697 2698; x_wconf 93' lang='lat' dir='ltr'>ut</span> <span class='ocrx_word' id='word_1_574' title='bbox 2721 2645 2810 2715; x_wconf 88' lang='lat' dir='ltr'>qui</span> <span class='ocrx_word' id='word_1_575' title='bbox 2842 2655 3025 2715; x_wconf 89' lang='lat' dir='ltr'>pastor</span> <span class='ocrx_word' id='word_1_576' title='bbox 3053 2657 3133 2702; x_wconf 90' lang='lat' dir='ltr'>est</span> <span class='ocrx_word' id='word_1_577' title='bbox 3160 2648 3341 2719; x_wconf 79' lang='lat' dir='ltr'>gregis</span> <span class='ocrx_word' id='word_1_578' title='bbox 3371 2648 3471 2701; x_wconf 81' lang='lat' dir='ltr'>Do-</span> 
     </span>
    </p>
   </div>
   <div class='ocr_carea' id='block_1_84' title="bbox 1888 2731 3472 2807">
    <p class='ocr_par' dir='ltr' id='par_1_84' title="bbox 1888 2731 3472 2807">
     <span class='ocr_line' id='line_1_84' title="bbox 1888 2731 3472 2807; baseline 0.007 -24"><span class='ocrx_word' id='word_1_579' title='bbox 1888 2731 2070 2786; x_wconf 88' lang='lat' dir='ltr'>minici</span> <span class='ocrx_word' id='word_1_580' title='bbox 2098 2774 2112 2796; x_wconf 92' lang='lat'><strong>,</strong></span> <span class='ocrx_word' id='word_1_581' title='bbox 2160 2744 2557 2803; x_wconf 88' lang='lat' dir='ltr'>consequenter</span> <span class='ocrx_word' id='word_1_582' title='bbox 2604 2738 2850 2791; x_wconf 90' lang='lat' dir='ltr'>eumdem</span> <span class='ocrx_word' id='word_1_583' title='bbox 2891 2740 3204 2807; x_wconf 89' lang='lat' dir='ltr'>episcopum</span> <span class='ocrx_word' id='word_1_584' title='bbox 3257 2740 3472 2795; x_wconf 88' lang='lat' dir='ltr'>noveris</span> 
     </span>
    </p>
   </div>
   <div class='ocr_carea' id='block_1_85' title="bbox 1888 2826 3474 2887">
    <p class='ocr_par' dir='ltr' id='par_1_85' title="bbox 1888 2826 3474 2887">
     <span class='ocr_line' id='line_1_85' title="bbox 1888 2826 3474 2887; baseline 0.006 -12"><span class='ocrx_word' id='word_1_585' title='bbox 1888 2838 2026 2887; x_wconf 86' lang='lat' dir='ltr'>esse,</span> <span class='ocrx_word' id='word_1_586' title='bbox 2060 2826 2181 2879; x_wconf 90' lang='lat' dir='ltr'>audi</span> <span class='ocrx_word' id='word_1_587' title='bbox 2212 2841 2275 2880; x_wconf 86' lang='lat' dir='ltr'><strong>ex</strong></span> <span class='ocrx_word' id='word_1_588' title='bbox 2312 2841 2442 2881; x_wconf 89' lang='lat' dir='ltr'>voce</span> <span class='ocrx_word' id='word_1_589' title='bbox 2466 2828 2695 2881; x_wconf 89' lang='lat' dir='ltr'>dicentis</span> <span class='ocrx_word' id='word_1_590' title='bbox 2722 2845 2734 2879; x_wconf 92' lang='lat'><strong>:</strong></span> <span class='ocrx_word' id='word_1_591' title='bbox 2772 2827 2951 2883; x_wconf 79' lang='lat' dir='ltr'>Eratis</span> <span class='ocrx_word' id='word_1_592' title='bbox 2981 2832 3114 2885; x_wconf 82' lang='lat' dir='ltr'>sicut</span> <span class='ocrx_word' id='word_1_593' title='bbox 3148 2848 3263 2885; x_wconf 82' lang='lat' dir='ltr'>oves</span> <span class='ocrx_word' id='word_1_594' title='bbox 3292 2848 3474 2885; x_wconf 83' lang='lat' dir='ltr'>erran-</span> 
     </span>
    </p>
   </div>
   <div class='ocr_carea' id='block_1_86' title="bbox 1888 2918 3472 2995">
    <p class='ocr_par' dir='ltr' id='par_1_86' title="bbox 1888 2918 3472 2995">
     <span class='ocr_line' id='line_1_86' title="bbox 1888 2918 3472 2995; baseline 0.006 -27"><span class='ocrx_word' id='word_1_595' title='bbox 1888 2925 1983 2981; x_wconf 84' lang='lat' dir='ltr'>tcs,</span> <span class='ocrx_word' id='word_1_596' title='bbox 2016 2918 2106 2970; x_wconf 84' lang='lat' dir='ltr'>sed</span> <span class='ocrx_word' id='word_1_597' title='bbox 2131 2920 2360 2973; x_wconf 78' lang='lat' dir='ltr'>conversi</span> <span class='ocrx_word' id='word_1_598' title='bbox 2390 2922 2510 2974; x_wconf 87' lang='lat' dir='ltr'>estis</span> <span class='ocrx_word' id='word_1_599' title='bbox 2541 2938 2678 2975; x_wconf 83' lang='lat' dir='ltr'>nunc</span> <span class='ocrx_word' id='word_1_600' title='bbox 2706 2924 2774 2975; x_wconf 83' lang='lat' dir='ltr'>ad</span> <span class='ocrx_word' id='word_1_601' title='bbox 2806 2934 3066 2993; x_wconf 86' lang='lat' dir='ltr'>pastorem</span> <span class='ocrx_word' id='word_1_602' title='bbox 3098 2936 3145 2978; x_wconf 86' lang='lat' dir='ltr'>et</span> <span class='ocrx_word' id='word_1_603' title='bbox 3173 2928 3472 2995; x_wconf 70' lang='lat' dir='ltr'>episwpttm</span> 
     </span>
    </p>
   </div>
   <div class='ocr_carea' id='block_1_87' title="bbox 1811 3012 3466 3093">
    <p class='ocr_par' dir='ltr' id='par_1_87' title="bbox 1811 3012 3466 3093">
     <span class='ocr_line' id='line_1_87' title="bbox 1811 3012 3466 3093; baseline 0.009 -32"><span class='ocrx_word' id='word_1_604' title='bbox 1811 3016 1855 3077; x_wconf 67' lang='grc' dir='ltr'>(ζ</span> <span class='ocrx_word' id='word_1_605' title='bbox 1888 3012 2182 3066; x_wconf 82' lang='lat' dir='ltr'>animarum</span> <span class='ocrx_word' id='word_1_606' title='bbox 2228 3025 2510 3069; x_wconf 81' lang='lat' dir='ltr'>vestrarum</span> <span class='ocrx_word' id='word_1_607' title='bbox 2546 3015 2597 3085; x_wconf 92' lang='grc' dir='ltr'>(Ι</span> <span class='ocrx_word' id='word_1_608' title='bbox 2646 3017 2788 3072; x_wconf 88' lang='lat' dir='ltr'>Petr.</span> <span class='ocrx_word' id='word_1_609' title='bbox 2816 3035 2876 3085; x_wconf 87' lang='lat' dir='ltr'>ll,</span> <span class='ocrx_word' id='word_1_610' title='bbox 2914 3020 3027 3091; x_wconf 72' lang='grc'>25).</span> <span class='ocrx_word' id='word_1_611' title='bbox 3060 3021 3205 3093; x_wconf 60' lang='grc' dir='ltr'>(7η)</span> <span class='ocrx_word' id='word_1_612' title='bbox 3250 3023 3382 3076; x_wconf 85' lang='grc' dir='ltr'>Ειιιιι</span> <span class='ocrx_word' id='word_1_613' title='bbox 3411 3023 3466 3076; x_wconf 90' lang='lat' dir='ltr'>in</span> 
     </span>
    </p>
   </div>
   <div class='ocr_carea' id='block_1_88' title="bbox 1887 3102 3474 3180">
    <p class='ocr_par' dir='ltr' id='par_1_88' title="bbox 1887 3102 3474 3180">
     <span class='ocr_line' id='line_1_88' title="bbox 1887 3102 3474 3180; baseline 0.006 -25"><span class='ocrx_word' id='word_1_614' title='bbox 1887 3102 2075 3156; x_wconf 90' lang='lat' dir='ltr'>ordine</span> <span class='ocrx_word' id='word_1_615' title='bbox 2118 3104 2361 3173; x_wconf 90' lang='lat' dir='ltr'>sequitur</span> <span class='ocrx_word' id='word_1_616' title='bbox 2404 3104 2481 3175; x_wconf 81' lang='lat' dir='ltr'>[id</span> <span class='ocrx_word' id='word_1_617' title='bbox 2508 3116 2579 3159; x_wconf 85' lang='lat' dir='ltr'>est</span> <span class='ocrx_word' id='word_1_618' title='bbox 2612 3106 2666 3160; x_wconf 90' lang='lat' dir='ltr'>S.</span> <span class='ocrx_word' id='word_1_619' title='bbox 2704 3107 2917 3180; x_wconf 85' lang='lat' dir='ltr'>Petrus]</span> <span class='ocrx_word' id='word_1_620' title='bbox 2963 3111 3124 3176; x_wconf 86' lang='lat' dir='ltr'>idem,</span> <span class='ocrx_word' id='word_1_621' title='bbox 3169 3126 3329 3180; x_wconf 86' lang='lat' dir='ltr'>quem</span> <span class='ocrx_word' id='word_1_622' title='bbox 3359 3111 3474 3179; x_wconf 84' lang='lat' dir='ltr'>epi-</span> 
     </span>
    </p>
   </div>
   <div class='ocr_carea' id='block_1_89' title="bbox 1886 3194 3468 3273">
    <p class='ocr_par' dir='ltr' id='par_1_89' title="bbox 1886 3194 3468 3273">
     <span class='ocr_line' id='line_1_89' title="bbox 1886 3194 3468 3273; baseline 0.006 -26"><span class='ocrx_word' id='word_1_623' title='bbox 1886 3208 2103 3265; x_wconf 90' lang='lat' dir='ltr'>scopum</span> <span class='ocrx_word' id='word_1_624' title='bbox 2137 3194 2419 3251; x_wconf 86' lang='lat' dir='ltr'>instituere</span> <span class='ocrx_word' id='word_1_625' title='bbox 2450 3198 2645 3265; x_wconf 88' lang='lat' dir='ltr'>(dicam</span> <span class='ocrx_word' id='word_1_626' title='bbox 2672 3207 2729 3252; x_wconf 92' lang='lat' dir='ltr'>ut</span> <span class='ocrx_word' id='word_1_627' title='bbox 2759 3200 2856 3271; x_wconf 88' lang='lat' dir='ltr'>ita)</span> <span class='ocrx_word' id='word_1_628' title='bbox 2886 3202 3142 3271; x_wconf 77' lang='lat' dir='ltr'>gestiens,</span> <span class='ocrx_word' id='word_1_629' title='bbox 3166 3218 3231 3256; x_wconf 90' lang='lat' dir='ltr'>an</span> <span class='ocrx_word' id='word_1_630' title='bbox 3256 3218 3317 3256; x_wconf 89' lang='lat' dir='ltr'>se</span> <span class='ocrx_word' id='word_1_631' title='bbox 3347 3202 3468 3273; x_wconf 90' lang='lat' dir='ltr'>plus</span> 
     </span>
    </p>
   </div>
   <div class='ocr_carea' id='block_1_90' title="bbox 1886 3287 3475 3363">
    <p class='ocr_par' dir='ltr' id='par_1_90' title="bbox 1886 3287 3475 3363">
     <span class='ocr_line' id='line_1_90' title="bbox 1886 3287 3475 3363; baseline 0.006 -23"><span class='ocrx_word' id='word_1_632' title='bbox 1886 3287 2101 3341; x_wconf 63' lang='lat' dir='ltr'>caeteris</span> <span class='ocrx_word' id='word_1_633' title='bbox 2150 3287 2371 3356; x_wconf 81' lang='lat' dir='ltr'>diligat,</span> <span class='ocrx_word' id='word_1_634' title='bbox 2423 3289 2652 3345; x_wconf 90' lang='lat' dir='ltr'>solerter</span> <span class='ocrx_word' id='word_1_635' title='bbox 2700 3292 2997 3363; x_wconf 78' lang='lat' dir='ltr'>interrogat</span> <span class='ocrx_word' id='word_1_636' title='bbox 3041 3312 3052 3347; x_wconf 89' lang='lat'><strong>:</strong></span> <span class='ocrx_word' id='word_1_637' title='bbox 3107 3295 3359 3348; x_wconf 90' lang='lat' dir='ltr'>nimirum</span> <span class='ocrx_word' id='word_1_638' title='bbox 3412 3306 3475 3350; x_wconf 90' lang='lat' dir='ltr'>ut</span> 
     </span>
    </p>
   </div>
   <div class='ocr_carea' id='block_1_91' title="bbox 1885 3380 3467 3455">
    <p class='ocr_par' dir='ltr' id='par_1_91' title="bbox 1885 3380 3467 3455">
     <span class='ocr_line' id='line_1_91' title="bbox 1885 3380 3467 3455; baseline 0.004 -24"><span class='ocrx_word' id='word_1_639' title='bbox 1885 3387 2113 3443; x_wconf 89' lang='lat' dir='ltr'>astruat,</span> <span class='ocrx_word' id='word_1_640' title='bbox 2166 3380 2289 3447; x_wconf 92' lang='lat' dir='ltr'>quia</span> <span class='ocrx_word' id='word_1_641' title='bbox 2324 3383 2593 3451; x_wconf 59' lang='lat' dir='ltr'>praecipua</span> <span class='ocrx_word' id='word_1_642' title='bbox 2648 3384 2902 3451; x_wconf 89' lang='lat' dir='ltr'>pascendi</span> <span class='ocrx_word' id='word_1_643' title='bbox 2934 3384 3305 3438; x_wconf 84' lang='lat' dir='ltr'>rationabilem</span> <span class='ocrx_word' id='word_1_644' title='bbox 3342 3400 3467 3455; x_wconf 87' lang='lat' dir='ltr'>gre-</span> 
     </span>
    </p>
   </div>
   <div class='ocr_carea' id='block_1_92' title="bbox 1886 3460 3468 3544">
    <p class='ocr_par' dir='ltr' id='par_1_92' title="bbox 1886 3460 3468 3544">
     <span class='ocr_line' id='line_1_92' title="bbox 1886 3460 3468 3544; baseline 0.002 -15"><span class='ocrx_word' id='word_1_645' title='bbox 1886 3490 2005 3544; x_wconf 88' lang='lat' dir='ltr'>gem</span> <span class='ocrx_word' id='word_1_646' title='bbox 2030 3491 2241 3540; x_wconf 89' lang='lat' dir='ltr'>norma,</span> <span class='ocrx_word' id='word_1_647' title='bbox 2268 3478 2349 3531; x_wconf 87' lang='lat' dir='ltr'>vis</span> <span class='ocrx_word' id='word_1_648' title='bbox 2373 3485 2455 3531; x_wconf 90' lang='lat' dir='ltr'>est</span> <span class='ocrx_word' id='word_1_649' title='bbox 2490 3477 2793 3541; x_wconf 86' lang='lat' dir='ltr'>charitatis,</span> <span class='ocrx_word' id='word_1_650' title='bbox 2835 3478 3049 3532; x_wconf 85' lang='lat' dir='ltr'>dilectio</span> <span class='ocrx_word' id='word_1_651' title='bbox 3070 3460 3320 3532; x_wconf 85' lang='lat' dir='ltr'>videlicet</span> <span class='ocrx_word' id='word_1_652' title='bbox 3348 3480 3468 3542; x_wconf 91' lang='lat' dir='ltr'>Dei,</span> 
     </span>
    </p>
   </div>
   <div class='ocr_carea' id='block_1_93' title="bbox 1885 3565 3469 3638">
    <p class='ocr_par' dir='ltr' id='par_1_93' title="bbox 1885 3565 3469 3638">
     <span class='ocr_line' id='line_1_93' title="bbox 1885 3565 3469 3638; baseline 0.003 -19"><span class='ocrx_word' id='word_1_653' title='bbox 1885 3574 1939 3619; x_wconf 92' lang='lat' dir='ltr'>et</span> <span class='ocrx_word' id='word_1_654' title='bbox 1962 3565 2200 3635; x_wconf 87' lang='lat' dir='ltr'>ejusdem</span> <span class='ocrx_word' id='word_1_655' title='bbox 2248 3567 2349 3621; x_wconf 92' lang='lat' dir='ltr'>sibi</span> <span class='ocrx_word' id='word_1_656' title='bbox 2400 3583 2429 3620; x_wconf 90' lang='lat' dir='ltr'>a</span> <span class='ocrx_word' id='word_1_657' title='bbox 2482 3568 2591 3621; x_wconf 91' lang='lat' dir='ltr'>Deo</span> <span class='ocrx_word' id='word_1_658' title='bbox 2632 3568 2909 3623; x_wconf 90' lang='lat' dir='ltr'>commissi</span> <span class='ocrx_word' id='word_1_659' title='bbox 2964 3569 3178 3623; x_wconf 89' lang='lat' dir='ltr'>dilectio</span> <span class='ocrx_word' id='word_1_660' title='bbox 3231 3571 3469 3638; x_wconf 82' lang='lat' dir='ltr'>proximi</span> 
     </span>
    </p>
   </div>
   <div class='ocr_carea' id='block_1_94' title="bbox 1886 3654 3471 3726">
    <p class='ocr_par' dir='ltr' id='par_1_94' title="bbox 1886 3654 3471 3726">
     <span class='ocr_line' id='line_1_94' title="bbox 1886 3654 3471 3726; baseline 0.003 -19"><span class='ocrx_word' id='word_1_661' title='bbox 1886 3654 2066 3724; x_wconf 84' lang='lat' dir='ltr'>(Joan.</span> <span class='ocrx_word' id='word_1_662' title='bbox 2121 3671 2235 3721; x_wconf 67' lang='grc' dir='ltr'>χχι,</span> <span class='ocrx_word' id='word_1_663' title='bbox 2270 3655 2376 3726; x_wconf 77' lang='grc'>15).</span> <span class='ocrx_word' id='word_1_664' title='bbox 2431 3655 2683 3722; x_wconf 90' lang='lat' dir='ltr'>Quicum</span> <span class='ocrx_word' id='word_1_665' title='bbox 2736 3664 2820 3709; x_wconf 89' lang='lat' dir='ltr'>ter</span> <span class='ocrx_word' id='word_1_666' title='bbox 2866 3657 3245 3726; x_wconf 86' lang='lat' dir='ltr'>interroganti,</span> <span class='ocrx_word' id='word_1_667' title='bbox 3296 3666 3379 3711; x_wconf 92' lang='lat' dir='ltr'><strong>ter</strong></span> <span class='ocrx_word' id='word_1_668' title='bbox 3409 3672 3471 3711; x_wconf 89' lang='lat' dir='ltr'>se</span> 
     </span>
    </p>
   </div>
   <div class='ocr_carea' id='block_1_95' title="bbox 1885 3745 3470 3817">
    <p class='ocr_par' dir='ltr' id='par_1_95' title="bbox 1885 3745 3470 3817">
     <span class='ocr_line' id='line_1_95' title="bbox 1885 3745 3470 3817; baseline 0.002 -19"><span class='ocrx_word' id='word_1_669' title='bbox 1885 3746 2032 3800; x_wconf 91' lang='lat' dir='ltr'>illum</span> <span class='ocrx_word' id='word_1_670' title='bbox 2083 3745 2306 3816; x_wconf 86' lang='lat' dir='ltr'>diligere</span> <span class='ocrx_word' id='word_1_671' title='bbox 2358 3746 2475 3817; x_wconf 88' lang='lat' dir='ltr'>ipso</span> <span class='ocrx_word' id='word_1_672' title='bbox 2504 3745 2851 3817; x_wconf 82' lang='lat' dir='ltr'>proﬁteretur</span> <span class='ocrx_word' id='word_1_673' title='bbox 2890 3746 3117 3811; x_wconf 89' lang='lat' dir='ltr'>sciente,</span> <span class='ocrx_word' id='word_1_674' title='bbox 3166 3748 3242 3802; x_wconf 91' lang='lat' dir='ltr'>ait</span> <span class='ocrx_word' id='word_1_675' title='bbox 3282 3756 3364 3803; x_wconf 89' lang='lat' dir='ltr'><strong>ter</strong></span> <span class='ocrx_word' id='word_1_676' title='bbox 3394 3746 3470 3801; x_wconf 90' lang='lat' dir='ltr'>illi</span> 
     </span>
    </p>
   </div>
   <div class='ocr_carea' id='block_1_96' title="bbox 1884 3835 3473 3906">
    <p class='ocr_par' dir='ltr' id='par_1_96' title="bbox 1884 3835 3473 3906">
     <span class='ocr_line' id='line_1_96' title="bbox 1884 3835 3473 3906; baseline 0.002 -16"><span class='ocrx_word' id='word_1_677' title='bbox 1884 3836 2145 3891; x_wconf 86' lang='lat' dir='ltr'>Dominus</span> <span class='ocrx_word' id='word_1_678' title='bbox 2176 3852 2391 3906; x_wconf 90' lang='lat' dir='ltr'>quoque</span> <span class='ocrx_word' id='word_1_679' title='bbox 2424 3856 2437 3890; x_wconf 91' lang='lat'><strong>:</strong></span> <span class='ocrx_word' id='word_1_680' title='bbox 2490 3835 2657 3891; x_wconf 80' lang='lat' dir='ltr'>Pasce</span> <span class='ocrx_word' id='word_1_681' title='bbox 2688 3854 2803 3891; x_wconf 83' lang='lat' dir='ltr'>oves</span> <span class='ocrx_word' id='word_1_682' title='bbox 2836 3854 2996 3891; x_wconf 86' lang='lat' dir='ltr'>meas.</span> <span class='ocrx_word' id='word_1_683' title='bbox 3043 3837 3194 3903; x_wconf 87' lang='lat' dir='ltr'>Quod</span> <span class='ocrx_word' id='word_1_684' title='bbox 3227 3838 3329 3892; x_wconf 89' lang='lat' dir='ltr'>fuit</span> <span class='ocrx_word' id='word_1_685' title='bbox 3364 3840 3473 3893; x_wconf 80' lang='lat' dir='ltr'>uti-</span> 
     </span>
    </p>
   </div>
   <div class='ocr_carea' id='block_1_97' title="bbox 1884 3928 3471 4002">
    <p class='ocr_par' dir='ltr' id='par_1_97' title="bbox 1884 3928 3471 4002">
     <span class='ocr_line' id='line_1_97' title="bbox 1884 3928 3471 4002; baseline 0.003 -21"><span class='ocrx_word' id='word_1_686' title='bbox 1884 3943 1988 3997; x_wconf 90' lang='lat' dir='ltr'>que</span> <span class='ocrx_word' id='word_1_687' title='bbox 2008 3928 2190 3983; x_wconf 90' lang='lat' dir='ltr'>dicere</span> <span class='ocrx_word' id='word_1_688' title='bbox 2213 3944 2226 3982; x_wconf 92' lang='lat'><strong>:</strong></span> <span class='ocrx_word' id='word_1_689' title='bbox 2259 3928 2388 3983; x_wconf 89' lang='lat' dir='ltr'>Esto</span> <span class='ocrx_word' id='word_1_690' title='bbox 2406 3937 2591 3999; x_wconf 89' lang='lat' dir='ltr'>pastor</span> <span class='ocrx_word' id='word_1_691' title='bbox 2609 3928 2789 3983; x_wconf 87' lang='lat' dir='ltr'>ovium</span> <span class='ocrx_word' id='word_1_692' title='bbox 2815 3928 3277 3994; x_wconf 87' lang='lat' dir='ltr'>intellectualium,</span> <span class='ocrx_word' id='word_1_693' title='bbox 3307 3929 3471 4002; x_wconf 67' lang='lat'>342</span> 
     </span>
    </p>
   </div>
   <div class='ocr_carea' id='block_1_98' title="bbox 1885 4020 3473 4090">
    <p class='ocr_par' dir='ltr' id='par_1_98' title="bbox 1885 4020 3473 4090">
     <span class='ocr_line' id='line_1_98' title="bbox 1885 4020 3473 4090; baseline 0.001 -16"><span class='ocrx_word' id='word_1_694' title='bbox 1885 4021 1938 4075; x_wconf 92' lang='lat' dir='ltr'>id</span> <span class='ocrx_word' id='word_1_695' title='bbox 1962 4028 2067 4085; x_wconf 89' lang='lat' dir='ltr'>est,</span> <span class='ocrx_word' id='word_1_696' title='bbox 2095 4020 2380 4090; x_wconf 90' lang='lat' dir='ltr'>episcopus</span> <span class='ocrx_word' id='word_1_697' title='bbox 2405 4022 2739 4076; x_wconf 89' lang='lat' dir='ltr'>credentium</span> <span class='ocrx_word' id='word_1_698' title='bbox 2764 4021 3100 4090; x_wconf 87' lang='lat' dir='ltr'>populorum.</span> <span class='ocrx_word' id='word_1_699' title='bbox 3131 4020 3313 4077; x_wconf 90' lang='lat' dir='ltr'>Pastio</span> <span class='ocrx_word' id='word_1_700' title='bbox 3341 4038 3473 4077; x_wconf 86' lang='lat' dir='ltr'>sane</span> 
     </span>
    </p>
   </div>
   <div class='ocr_carea' id='block_1_99' title="bbox 1884 4112 3469 4184">
    <p class='ocr_par' dir='ltr' id='par_1_99' title="bbox 1884 4112 3469 4184">
     <span class='ocr_line' id='line_1_99' title="bbox 1884 4112 3469 4184; baseline 0.003 -19"><span class='ocrx_word' id='word_1_701' title='bbox 1884 4112 1973 4167; x_wconf 88' lang='lat' dir='ltr'>illa</span> <span class='ocrx_word' id='word_1_702' title='bbox 2011 4122 2192 4168; x_wconf 89' lang='lat' dir='ltr'>utrum</span> <span class='ocrx_word' id='word_1_703' title='bbox 2218 4114 2524 4180; x_wconf 79' lang='lat' dir='ltr'>uniformis,</span> <span class='ocrx_word' id='word_1_704' title='bbox 2560 4130 2626 4167; x_wconf 89' lang='lat' dir='ltr'>an</span> <span class='ocrx_word' id='word_1_705' title='bbox 2655 4115 2726 4169; x_wconf 93' lang='lat' dir='ltr'>sit</span> <span class='ocrx_word' id='word_1_706' title='bbox 2758 4113 3123 4180; x_wconf 80' lang='lat' dir='ltr'>multiformis,</span> <span class='ocrx_word' id='word_1_707' title='bbox 3151 4115 3469 4184; x_wconf 85' lang='lat' dir='ltr'>corporalis,</span> 
     </span>
    </p>
   </div>
   <div class='ocr_carea' id='block_1_100' title="bbox 1884 4207 3468 4277">
    <p class='ocr_par' dir='ltr' id='par_1_100' title="bbox 1884 4207 3468 4277">
     <span class='ocr_line' id='line_1_100' title="bbox 1884 4207 3468 4277; baseline 0.002 -18"><span class='ocrx_word' id='word_1_708' title='bbox 1884 4221 1951 4259; x_wconf 88' lang='lat' dir='ltr'>an</span> <span class='ocrx_word' id='word_1_709' title='bbox 1983 4207 2256 4270; x_wconf 89' lang='lat' dir='ltr'>animalis,</span> <span class='ocrx_word' id='word_1_710' title='bbox 2283 4208 2395 4261; x_wconf 89' lang='lat' dir='ltr'>sive</span> <span class='ocrx_word' id='word_1_711' title='bbox 2426 4218 2734 4276; x_wconf 90' lang='lat' dir='ltr'>utrumque,</span> <span class='ocrx_word' id='word_1_712' title='bbox 2767 4222 2870 4261; x_wconf 92' lang='lat' dir='ltr'>non</span> <span class='ocrx_word' id='word_1_713' title='bbox 2896 4223 2925 4260; x_wconf 88' lang='lat' dir='ltr'>a</span> <span class='ocrx_word' id='word_1_714' title='bbox 2966 4223 3050 4261; x_wconf 92' lang='lat' dir='ltr'>me</span> <span class='ocrx_word' id='word_1_715' title='bbox 3077 4209 3305 4277; x_wconf 88' lang='lat' dir='ltr'>quilibet</span> <span class='ocrx_word' id='word_1_716' title='bbox 3325 4224 3468 4277; x_wconf 74' lang='lat' dir='ltr'>pra:—</span> 
     </span>
    </p>
   </div>
   <div class='ocr_carea' id='block_1_101' title="bbox 1886 4297 3471 4366">
    <p class='ocr_par' dir='ltr' id='par_1_101' title="bbox 1886 4297 3471 4366">
     <span class='ocr_line' id='line_1_101' title="bbox 1886 4297 3471 4366; baseline 0.001 -15"><span class='ocrx_word' id='word_1_717' title='bbox 1886 4297 2114 4351; x_wconf 78' lang='lat' dir='ltr'>Stoletur</span> <span class='ocrx_word' id='word_1_718' title='bbox 2144 4298 2363 4361; x_wconf 89' lang='lat' dir='ltr'>audire;</span> <span class='ocrx_word' id='word_1_719' title='bbox 2405 4298 2695 4365; x_wconf 82' lang='lat' dir='ltr'>interroget</span> <span class='ocrx_word' id='word_1_720' title='bbox 2726 4298 2977 4351; x_wconf 88' lang='lat' dir='ltr'>doctores</span> <span class='ocrx_word' id='word_1_721' title='bbox 3005 4297 3125 4351; x_wconf 91' lang='lat' dir='ltr'>illos</span> <span class='ocrx_word' id='word_1_722' title='bbox 3148 4298 3471 4366; x_wconf 72' lang='lat' dir='ltr'>prtccipuos,</span> 
     </span>
    </p>
   </div>
   <div class='ocr_carea' id='block_1_102' title="bbox 1886 4387 3475 4457">
    <p class='ocr_par' dir='ltr' id='par_1_102' title="bbox 1886 4387 3475 4457">
     <span class='ocr_line' id='line_1_102' title="bbox 1886 4387 3475 4457; baseline 0 -16"><span class='ocrx_word' id='word_1_723' title='bbox 1886 4390 1976 4457; x_wconf 87' lang='lat' dir='ltr'>qui</span> <span class='ocrx_word' id='word_1_724' title='bbox 2007 4403 2167 4457; x_wconf 90' lang='lat' dir='ltr'>super</span> <span class='ocrx_word' id='word_1_725' title='bbox 2214 4387 2501 4456; x_wconf 84' lang='lat' dir='ltr'>Evangelia</span> <span class='ocrx_word' id='word_1_726' title='bbox 2535 4400 2751 4441; x_wconf 81' lang='lat' dir='ltr'>sanetos</span> <span class='ocrx_word' id='word_1_727' title='bbox 2790 4388 3072 4441; x_wconf 89' lang='lat' dir='ltr'>ediderunt</span> <span class='ocrx_word' id='word_1_728' title='bbox 3106 4389 3221 4443; x_wconf 92' lang='lat' dir='ltr'>sine</span> <span class='ocrx_word' id='word_1_729' title='bbox 3251 4390 3475 4443; x_wconf 85' lang='lat' dir='ltr'>menda—</span> 
     </span>
    </p>
   </div>
   <div class='ocr_carea' id='block_1_103' title="bbox 1886 4476 3468 4545">
    <p class='ocr_par' dir='ltr' id='par_1_103' title="bbox 1886 4476 3468 4545">
     <span class='ocr_line' id='line_1_103' title="bbox 1886 4476 3468 4545; baseline -0.001 -14"><span class='ocrx_word' id='word_1_730' title='bbox 1886 4477 1970 4531; x_wconf 90' lang='lat' dir='ltr'>cio</span> <span class='ocrx_word' id='word_1_731' title='bbox 1994 4476 2181 4531; x_wconf 88' lang='lat' dir='ltr'>libros.</span> <span class='ocrx_word' id='word_1_732' title='bbox 2214 4476 2269 4529; x_wconf 90' lang='lat' dir='ltr'>Si</span> <span class='ocrx_word' id='word_1_733' title='bbox 2305 4492 2431 4529; x_wconf 90' lang='lat' dir='ltr'>vero</span> <span class='ocrx_word' id='word_1_734' title='bbox 2460 4491 2747 4544; x_wconf 86' lang='lat' dir='ltr'>corporum</span> <span class='ocrx_word' id='word_1_735' title='bbox 2782 4476 3017 4545; x_wconf 84' lang='lat' dir='ltr'>aliquam</span> <span class='ocrx_word' id='word_1_736' title='bbox 3049 4478 3113 4531; x_wconf 90' lang='lat' dir='ltr'>ad</span> <span class='ocrx_word' id='word_1_737' title='bbox 3137 4493 3230 4532; x_wconf 90' lang='lat' dir='ltr'>eos</span> <span class='ocrx_word' id='word_1_738' title='bbox 3261 4493 3468 4541; x_wconf 90' lang='lat' dir='ltr'>curam,</span> 
     </span>
    </p>
   </div>
   <div class='ocr_carea' id='block_1_104' title="bbox 1886 4565 3470 4636">
    <p class='ocr_par' dir='ltr' id='par_1_104' title="bbox 1886 4565 3470 4636">
     <span class='ocr_line' id='line_1_104' title="bbox 1886 4565 3470 4636; baseline 0 -17"><span class='ocrx_word' id='word_1_739' title='bbox 1886 4568 1975 4636; x_wconf 93' lang='lat' dir='ltr'>qui</span> <span class='ocrx_word' id='word_1_740' title='bbox 2025 4567 2183 4627; x_wconf 91' lang='lat' dir='ltr'>illius,</span> <span class='ocrx_word' id='word_1_741' title='bbox 2234 4566 2317 4621; x_wconf 88' lang='lat' dir='ltr'>cui</span> <span class='ocrx_word' id='word_1_742' title='bbox 2369 4565 2603 4635; x_wconf 83' lang='lat' dir='ltr'>primum</span> <span class='ocrx_word' id='word_1_743' title='bbox 2652 4566 2754 4620; x_wconf 89' lang='lat' dir='ltr'>hoc</span> <span class='ocrx_word' id='word_1_744' title='bbox 2782 4567 2984 4621; x_wconf 88' lang='lat' dir='ltr'>dictum</span> <span class='ocrx_word' id='word_1_745' title='bbox 3020 4576 3142 4629; x_wconf 88' lang='lat' dir='ltr'>est,</span> <span class='ocrx_word' id='word_1_746' title='bbox 3182 4574 3367 4621; x_wconf 89' lang='lat' dir='ltr'>tenent</span> <span class='ocrx_word' id='word_1_747' title='bbox 3416 4567 3470 4619; x_wconf 92' lang='lat' dir='ltr'>in</span> 
     </span>
    </p>
   </div>
   <div class='ocr_carea' id='block_1_105' title="bbox 1886 4657 3472 4726">
    <p class='ocr_par' dir='ltr' id='par_1_105' title="bbox 1886 4657 3472 4726">
     <span class='ocr_line' id='line_1_105' title="bbox 1886 4657 3472 4726; baseline -0.001 -15"><span class='ocrx_word' id='word_1_748' title='bbox 1886 4657 2143 4712; x_wconf 89' lang='lat' dir='ltr'>Ecclesiis</span> <span class='ocrx_word' id='word_1_749' title='bbox 2177 4657 2368 4716; x_wconf 91' lang='lat' dir='ltr'>vicem,</span> <span class='ocrx_word' id='word_1_750' title='bbox 2413 4657 2758 4711; x_wconf 89' lang='lat' dir='ltr'>consentiunt</span> <span class='ocrx_word' id='word_1_751' title='bbox 2809 4658 3116 4726; x_wconf 86' lang='lat' dir='ltr'>pertinere;</span> <span class='ocrx_word' id='word_1_752' title='bbox 3168 4664 3472 4711; x_wconf 87' lang='lat' dir='ltr'>monstrent</span> 
     </span>
    </p>
   </div>
   <div class='ocr_carea' id='block_1_106' title="bbox 1886 4746 3475 4819">
    <p class='ocr_par' dir='ltr' id='par_1_106' title="bbox 1886 4746 3475 4819">
     <span class='ocr_line' id='line_1_106' title="bbox 1886 4746 3475 4819; baseline 0.001 -18"><span class='ocrx_word' id='word_1_753' title='bbox 1886 4747 2122 4818; x_wconf 89' lang='lat' dir='ltr'>qualiter</span> <span class='ocrx_word' id='word_1_754' title='bbox 2183 4746 2537 4817; x_wconf 88' lang='lat' dir='ltr'>corporaliter</span> <span class='ocrx_word' id='word_1_755' title='bbox 2598 4748 2700 4802; x_wconf 88' lang='lat' dir='ltr'>sibi</span> <span class='ocrx_word' id='word_1_756' title='bbox 2756 4750 3073 4802; x_wconf 77' lang='lat' dir='ltr'>commissos</span> <span class='ocrx_word' id='word_1_757' title='bbox 3122 4748 3246 4819; x_wconf 83' lang='lat' dir='ltr'>quis</span> <span class='ocrx_word' id='word_1_758' title='bbox 3298 4746 3475 4802; x_wconf 81' lang='lat' dir='ltr'>valeat</span> 
     </span>
    </p>
   </div>
   <div class='ocr_carea' id='block_1_107' title="bbox 1887 4836 3473 4907">
    <p class='ocr_par' dir='ltr' id='par_1_107' title="bbox 1887 4836 3473 4907">
     <span class='ocr_line' id='line_1_107' title="bbox 1887 4836 3473 4907; baseline 0 -14"><span class='ocrx_word' id='word_1_759' title='bbox 1887 4853 2136 4906; x_wconf 88' lang='lat' dir='ltr'>pascere,</span> <span class='ocrx_word' id='word_1_760' title='bbox 2168 4837 2211 4890; x_wconf 91' lang='lat' dir='ltr'>si</span> <span class='ocrx_word' id='word_1_761' title='bbox 2244 4838 2384 4891; x_wconf 90' lang='lat' dir='ltr'>unde</span> <span class='ocrx_word' id='word_1_762' title='bbox 2410 4851 2504 4890; x_wconf 88' lang='lat' dir='ltr'>eos</span> <span class='ocrx_word' id='word_1_763' title='bbox 2550 4838 2743 4891; x_wconf 90' lang='lat' dir='ltr'>debeat</span> <span class='ocrx_word' id='word_1_764' title='bbox 2772 4853 3026 4907; x_wconf 86' lang='lat' dir='ltr'>pascere,</span> <span class='ocrx_word' id='word_1_765' title='bbox 3069 4851 3172 4890; x_wconf 93' lang='lat' dir='ltr'>non</span> <span class='ocrx_word' id='word_1_766' title='bbox 3201 4836 3473 4905; x_wconf 87' lang='lat' dir='ltr'>permitti-</span> 
     </span>
    </p>
   </div>
   <div class='ocr_carea' id='block_1_108' title="bbox 1890 4925 3479 5000">
    <p class='ocr_par' dir='ltr' id='par_1_108' title="bbox 1890 4925 3479 5000">
     <span class='ocr_line' id='line_1_108' title="bbox 1890 4925 3479 5000; baseline 0.003 -19"><span class='ocrx_word' id='word_1_767' title='bbox 1890 4936 1977 4983; x_wconf 92' lang='lat' dir='ltr'>tur</span> <span class='ocrx_word' id='word_1_768' title='bbox 2005 4927 2195 4982; x_wconf 87' lang='lat' dir='ltr'>saltem</span> <span class='ocrx_word' id='word_1_769' title='bbox 2250 4940 2595 5000; x_wconf 85' lang='lat' dir='ltr'>cognoscere.</span> <span class='ocrx_word' id='word_1_770' title='bbox 2655 4926 2873 4983; x_wconf 88' lang='lat' dir='ltr'>Etcum</span> <span class='ocrx_word' id='word_1_771' title='bbox 2923 4928 2988 4983; x_wconf 89' lang='lat' dir='ltr'>de</span> <span class='ocrx_word' id='word_1_772' title='bbox 3015 4925 3375 4982; x_wconf 84' lang='lat' dir='ltr'>oblationibus</span> <span class='ocrx_word' id='word_1_773' title='bbox 3421 4936 3479 4985; x_wconf 85' lang='lat' dir='ltr'>et</span> 
     </span>
    </p>
   </div>
   <div class='ocr_carea' id='block_1_109' title="bbox 1888 5016 3479 5079">
    <p class='ocr_par' dir='ltr' id='par_1_109' title="bbox 1888 5016 3479 5079">
     <span class='ocr_line' id='line_1_109' title="bbox 1888 5016 3479 5079; baseline 0.001 -2"><span class='ocrx_word' id='word_1_774' title='bbox 1888 5021 2110 5077; x_wconf 89' lang='lat' dir='ltr'>decimis</span> <span class='ocrx_word' id='word_1_775' title='bbox 2137 5020 2373 5075; x_wconf 81' lang='lat' dir='ltr'>ﬁdelium</span> <span class='ocrx_word' id='word_1_776' title='bbox 2404 5019 2587 5074; x_wconf 87' lang='lat' dir='ltr'>vivere</span> <span class='ocrx_word' id='word_1_777' title='bbox 2610 5018 2943 5079; x_wconf 86' lang='lat' dir='ltr'>tabernaculi</span> <span class='ocrx_word' id='word_1_778' title='bbox 2966 5016 3215 5073; x_wconf 82' lang='lat' dir='ltr'>Custodes</span> <span class='ocrx_word' id='word_1_779' title='bbox 3242 5019 3479 5078; x_wconf 85' lang='lat' dir='ltr'>debeant</span> 
     </span>
    </p>
   </div>
   <div class='ocr_carea' id='block_1_110' title="bbox 1890 5106 3477 5179">
    <p class='ocr_par' dir='ltr' id='par_1_110' title="bbox 1890 5106 3477 5179">
     <span class='ocr_line' id='line_1_110' title="bbox 1890 5106 3477 5179; baseline 0.001 -12"><span class='ocrx_word' id='word_1_780' title='bbox 1890 5110 2124 5177; x_wconf 89' lang='lat' dir='ltr'>Domini,</span> <span class='ocrx_word' id='word_1_781' title='bbox 2171 5110 2273 5166; x_wconf 88' lang='lat' dir='ltr'>hoc</span> <span class='ocrx_word' id='word_1_782' title='bbox 2302 5119 2386 5165; x_wconf 87' lang='lat' dir='ltr'>est</span> <span class='ocrx_word' id='word_1_783' title='bbox 2416 5109 2669 5165; x_wconf 83' lang='lat' dir='ltr'>Ecclesiae</span> <span class='ocrx_word' id='word_1_784' title='bbox 2701 5108 2925 5174; x_wconf 84' lang='lat' dir='ltr'>clerici;</span> <span class='ocrx_word' id='word_1_785' title='bbox 2973 5106 3018 5166; x_wconf 86' lang='lat' dir='ltr'>si</span> <span class='ocrx_word' id='word_1_786' title='bbox 3062 5108 3237 5163; x_wconf 89' lang='lat' dir='ltr'>nescit</span> <span class='ocrx_word' id='word_1_787' title='bbox 3260 5109 3477 5179; x_wconf 63' lang='lat' dir='ltr'>episco-v</span> 
     </span>
    </p>
   </div>
  </div>
