4032 5354
490 202 587 258 491

1426 196 1753 255 RATllERll
1794 194 2007 251 EPISC.
2050 192 2306 249 VEllON.
2360 191 2511 247 OPP.
2553 192 2731 249 PARS
2768 192 2810 247 Ι.

3655 191 3765 248 ιθε

490 337 593 392 pus
619 327 749 391 quot
774 319 1065 385 decimani,
1092 328 1224 389 quot
1267 318 1467 382 mansi,
1511 326 1643 388 quot
1671 316 1847 371 modia
1882 314 2067 379 tritici,
2097 316 2149 375 Α
2176 312 2318 381 quod
2349 313 2508 369 modo
2551 312 2754 382 patitur
2797 309 2866 365 ab
2898 308 3038 374 istis,
3079 308 3185 364 hoc
3216 306 3329 379 ipse
3370 305 3574 362 inferat
3601 304 3762 364 aliis;

489 417 619 482 quot
633 410 823 482 congia
849 410 954 464 viui
977 410 1142 464 tantis
1168 409 1249 463 vel
1290 408 1452 462 tantis
1476 406 1745 463 sullicuant
1772 404 1983 461 clericis
2005 404 2071 458 ad

488 502 690 555 victum
727 501 911 570 utique
939 509 997 555 et
1042 508 1451 570 legumentum;
1505 512 1681 553 nonne
1732 496 2074 553 convincitur

489 601 584 646 aut
631 606 735 645 non
790 605 912 646 esse
956 601 1164 661 pastor,
1210 599 1304 645 aut
1332 600 1480 645 certe
1535 588 1792 658 insipiens
1840 586 2073 642 existere

484 691 696 750 pastor,
728 682 817 751 qui
856 682 1029 736 nescit
1069 682 1253 750 utique
1285 680 1374 735 ubi
1405 679 1492 734 illa
1533 680 1643 733 sint
1665 694 1861 749 paSrua
1882 718 1896 742 ,
1923 676 2070 745 (745)

489 779 544 822 et
565 770 650 824 ubi
679 786 871 841 pecora
893 770 1195 825 conducere
1218 770 1533 826 debeatsua:
1554 767 1857 839 praevisioni
1878 766 1937 839 [Ι.
1957 782 2074 836 pro-

491 861 704 933 visioni]
729 863 1038 916 commissa.

559 950 611 1002 4.
639 950 725 1014 Et,
751 959 808 1004 ut
833 950 899 1003 ad
950 959 1154 1015 nostra,
1198 949 1247 1002 id
1277 958 1379 1013 est,
1408 948 1543 1019 proh
1570 946 1719 1002 nefas
1743 949 1755 1000 ι
1792 945 2071 1001 saecularia

488 1039 723 1104 redeam,
756 1054 877 1094 cum
902 1039 1177 1093 rarissime
1203 1038 1386 1091 videas
1417 1037 1585 1108 gratis
1616 1035 1845 1104 aliquos,
1871 1032 2074 1106 [supple

490 1126 605 1199 sed]
628 1138 719 1181 aut
766 1129 959 1181 timore
983 1170 997 1192 ,
1038 1130 1129 1181 aut
1160 1125 1517 1181 conftederari
1571 1139 1754 1180 amore
1778 1167 1792 1191 ,
1851 1126 1991 1178 unde
2023 1131 2074 1177 te

488 1218 783 1282 verebitur,
823 1218 907 1274 cui
944 1216 1075 1271 nihil
1102 1217 1247 1271 vales
1271 1216 1529 1270 auferre?
1560 1215 1710 1270 Unde
1740 1213 1965 1278 amabit,
1987 1213 2072 1268 cui

487 1307 617 1363 nihil
647 1316 800 1380 potes
822 1306 1070 1363 conferre
1096 1307 1119 1360 ?
1154 1307 1212 1361 Si
1245 1322 1373 1377 ergo
1404 1306 1467 1360 ad
1499 1306 1811 1375 episcopum
1842 1301 1974 1358 nihil
2006 1301 2073 1357 de

428 1455 433 1460 .
488 1403 651 1458 rebus
680 1403 947 1473 pertinet,
1002 1402 1199 1472 quibus
1255 1401 1436 1456 clerici
1470 1402 1651 1455 vivere
1700 1401 1927 1465 debent;
1980 1406 2075 1453 aut

476 1492 603 1560 ipse
646 1492 725 1547 eis
756 1507 861 1546 non
889 1491 1067 1553 debet,
1103 1499 1157 1543 ut
1182 1491 1495 1556 animalem,
1542 1491 1614 1545 ita
1664 1489 2072 1561 elcorporalem

490 1584 619 1636 dare
646 1581 698 1635 in
747 1582 989 1651 tempere
1038 1581 1199 1635 tritici
1240 1580 1570 1645 mensuram,
1600 1588 1673 1646 et,
1728 1580 1868 1635 sicut
1908 1581 2075 1635 Actus

2175 415 2280 471 qua
2317 401 2502 471 utique
2530 416 2626 471 spe
2661 399 2807 456 mille
2836 399 3049 454 illormn
3081 397 3320 467 decepti,
3349 405 3405 451 et
3446 397 3499 451 in
3528 396 3639 451 hoc
3660 409 3764 451 sa:-

2174 494 2294 550 culo
2317 496 2610 549 maximam
2649 493 2921 565 pertulere
2949 493 3316 563 indigentiam.
3349 499 3405 545 et
3446 488 3501 543 in
3539 486 3650 542 alio
3678 500 3767 541 ve-

2175 586 2398 645 rendum
2430 603 2497 641 ne
2547 584 2687 641 forte
2714 584 3033 655 gehennam.
3083 582 3218 637 Nam
3263 597 3386 637 cum
3418 579 3589 634 totius
3619 578 3768 633 frau-

2175 678 2259 733 dis
2283 686 2338 732 et
2365 678 2602 748 perfidia:
2629 678 2840 733 illorum
2876 677 3007 736 hinc
3046 684 3227 733 sumat
3257 674 3653 743 scaturiginem
3684 672 3764 727 in-

2174 767 2351 832 sania,
2391 768 2484 837 qui
2537 783 2642 823 non
2680 766 2973 823 dissimiles
3018 764 3268 820 videlicet
3307 764 3436 828 illis,
3476 763 3547 817 de
3568 762 3767 832 quibus

2174 857 2374 910 dictum
2398 865 2483 911 est
2513 874 2524 910 :
2554 855 2660 922 Qui
2701 855 3047 927 relinquentes
3094 853 3347 908 mandata
3392 851 3487 905 Dei
3538 860 3767 904 tenerent

2175 944 2234 1017 [Ι.
2276 945 2483 1017 tenetis]
2514 946 2820 1000 traditiones
2866 945 3136 999 hominum
3174 942 3367 1013 (Marc.
3397 955 3498 1004 vlt,
3526 938 3582 1010 8)
3607 937 3767 1013 ,lege

2174 1041 2387 1112 penitus
2436 1042 2698 1096 canonica
2738 1040 3096 1109 floccipeusa,
3148 1036 3573 1093 consuetudines
3618 1034 3766 1105 (75:3)

2185 1141 2371 1186 tenent
2407 1142 2811 1186 antecessorum
2835 1142 3055 1185 suorum
3087 1128 3257 1199 (747),
3286 1141 3442 1198 reges
3460 1127 3652 1195 utique
3678 1134 3770 1177 aut

2175 1221 2640 1285 interficieulium,
2704 1231 2799 1277 aut
2848 1220 3265 1285 excaecantium,
3325 1218 3615 1287 episcopos
3670 1227 3765 1269 aut

2175 1310 2530 1381 ignominioso
2572 1311 2760 1368 vivere
2791 1310 3252 1382 compcllenlium,
3284 1318 3404 1372 aut,
3429 1308 3474 1361 si
3506 1307 3615 1362 hoc
3645 1320 3767 1376 per-

2172 1403 2307 1474 peti,
2336 1413 2397 1459 ut
2439 1402 2586 1475 (7i8)
2622 1412 2810 1458 noster
2840 1403 2964 1467 iste,
3011 1402 3189 1471 quivis
3230 1399 3444 1454 illorum
3498 1396 3772 1469 patienter

2175 1496 2436 1566 nequivit,
2462 1494 2610 1565 (749)
2631 1494 2930 1550 Scariotico
2951 1493 3095 1563 jure,
3124 1500 3183 1546 ut
3211 1492 3279 1547 ab
3308 1490 3431 1544 aliis
3461 1496 3765 1559 pateretur,

2180 1586 2324 1655 quod
2363 1586 2464 1655 ipsi
2508 1585 2824 1650 intulerant,
2874 1581 3371 1639 fraudulentissime
3399 1577 3763 1639 facientium;

491 1673 733 1726 continet
760 1671 1144 1742 apostolorum,
1168 1687 1271 1725 non
1296 1670 1608 1725 dividuntur
1629 1670 1853 1741 singulis
1876 1671 1941 1726 ab
1963 1671 2074 1741 cpi-
2104 1680 2150 1740 Β
2179 1679 2300 1748 quis
2329 1694 2514 1734 eorum
2562 1676 2983 1733 consuetudines
3035 1675 3205 1730 sacris
3248 1672 3503 1744 praeferat
3531 1670 3769 1741 legibus,

492 1776 676 1830 scopo,
712 1760 795 1816 vel
826 1758 1066 1830 quolibet
1094 1761 1199 1815 alio
1231 1762 1297 1817 ab
1326 1761 1515 1816 eodem
1550 1761 1617 1816 ad
1650 1761 1700 1815 id
1729 1762 1960 1817 ofﬁcium
1992 1762 2073 1816 in-

489 1857 695 1921 stiluto,
727 1863 887 1925 prout
915 1855 1110 1924 cuique
1152 1870 1286 1924 Opus
1314 1852 1419 1919 e'st,
1470 1854 1562 1910 sed
1588 1854 1689 1929 ipsi
1717 1855 1899 1910 clerici
1932 1855 2071 1910 divi-

490 1949 622 2003 dunt
655 1948 795 2003 inter
816 1963 873 2003 se
898 1958 1055 2017 prout
1077 1946 1303 2017 quilibet
1326 1961 1514 2002 eorum
1540 1946 1812 2016 potentior
1835 1939 2068 2016 est(Aet.

488 2054 562 2103 tv,
594 2039 685 2112 55)
713 2081 729 2107 ,
762 2043 944 2095 etnon
966 2038 1118 2107 juxta
1156 2037 1599 2093 consuetudinem
1628 2037 1855 2092 aliarum
1884 2037 2071 2092 Eccle-

488 2134 689 2188 siarum
721 2131 972 2187 omnibus
1012 2129 1269 2185 Ecclesia:
1321 2129 1555 2195 clericis,
1612 2130 1705 2185 sed
1745 2128 1903 2198 juxta
1944 2144 2070 2198 pro-

493 2224 666 2292 priam
721 2205 1055 2277 voluntatem
1104 2220 1231 2276 solis
1272 2219 1587 2274 diaconibus
1639 2226 1695 2273 ct
1742 2219 2074 2290 presbyteris

488 2312 703 2376 debent,
722 2327 841 2382 quae
868 2309 1163 2366 Vcronensi
1191 2308 1443 2363 Ecclesia:
1459 2308 1653 2364 'Collata
1678 2316 1824 2373 sunt,
1849 2308 2071 2375 cedere;

488 2412 549 2457 ut
599 2404 748 2458 dilati
787 2402 1038 2469 videlicet
1079 2401 1312 2456 habeant
1339 2401 1479 2455 unde
1527 2409 1715 2455 contra
1759 2400 2072 2469 episcopum

484 2502 644 2549 suum
678 2493 892 2546 valeant
939 2491 1223 2556 rebellare,
1273 2497 1327 2545 et
1356 2498 1415 2544 ut
1462 2489 1809 2545 dominentur
1836 2488 2071 2554 caeteris;

486 2590 545 2638 ’et
566 2584 634 2639 ad
670 2583 753 2639 sui
797 2583 1055 2637 auxilium
1085 2597 1183 2653 per
1205 2589 1526 2652 potestatem
1555 2576 1765 2653 possini
1795 2590 1921 2649 eos,
1950 2597 2075 2637 cum

488 2674 706 2740 volunt,
772 2673 1130 2743 compellere,
1181 2681 1234 2727 et
1285 2670 1650 2740 juramentum
1697 2672 1846 2743 (7M)
1893 2672 2073 2738 alteri,

494 2779 653 2835 quem
697 2756 773 2819 illi
821 2764 1031 2819 scilicet
1096 2765 1440 2828 attraxcrint,
1493 2764 1745 2833 episcopo
1799 2761 2075 2820 fldelitatis

490 2854 698 2933 fecisse
734 2853 823 2927 [[2,
855 2853 1057 2926 facere]
1080 2851 1293 2921 jubere,
1324 2863 1398 2919 el,
1450 2854 1495 2909 si
1528 2870 1631 2911 non
1661 2854 1981 2921 obedierinl,
2011 2853 2077 2910 de

490 2944 731 3002 Ecclesia
760 2959 855 3001 eos
890 2944 1087 3015 ejicere
1111 2959 1307 3013 posse;
1342 2952 1400 2998 ιιι
1428 2943 1664 2999 habeant
1689 2958 1904 3014 quoque
1933 2943 2074 2999 unde

2176 1770 2278 1825 nisi
2302 1785 2464 1840 quem
2495 1768 2754 1839 Josapltat
2788 1769 2897 1838 regi
2937 1782 3041 1822 non
3084 1774 3252 1821 terret
3278 1764 3425 1819 illata
3452 1762 3708 1833 hujusmo
3727 1763 3761 1813 ii

2174 1861 2467 1924 sententia,
2522 1860 2788 1915 dicentis:
2833 1858 3002 1928 Impia
3032 1844 3230 1926 prwbes
3260 1850 3558 1919 auxilium,
3602 1862 3652 1908 et
3687 1852 3769 1906 his

2171 1955 2263 2026 qui
2282 1954 2501 2007 oderunt
2530 1951 2715 2015 Deum,
2747 1951 2979 2005 am'citia
3009 1946 3343 2018 conjungeris
3369 1944 3457 2015 (11
3490 1941 3681 1997 Paral.
3712 1958 3768 2005 ι,

2171 2047 2251 2117 2),
2281 2054 2387 2101 etc.
2436 2043 2565 2098 Illud
2614 2059 2829 2113 quoque
2872 2040 3155 2110 Apostoli:
3192 2038 3315 2093 Non
3361 2035 3536 2093 solum
3560 2036 3653 2107 qui
3688 2034 3769 2103 fa-

2172 2137 2337 2200 ciunt,
2383 2134 2473 2188 sed
2518 2134 2675 2187 etiam
2700 2135 2788 2203 qui
2828 2132 3155 2186 consentiunt
3187 2127 3444 2200 (Ηοιιι.ι,
3480 2127 3603 2197 32).
3636 2124 3767 2180 llic-

2176 2224 2386 2295 ronymi
2418 2237 2634 2292 quoque
2664 2240 2677 2276 :
2736 2226 2755 2273 ι
2792 2221 3093 2276 Defendens
3120 2214 3367 2288 iniquum
3400 2216 3763 2279 destruatur;

2173 2323 2230 2370 et
2258 2328 2417 2384 poma
2445 2312 2608 2368 simili
2655 2313 2948 2367 damnetur
3004 2307 3257 2365 convenit
3302 2305 3565 2362 defensus
3590 2313 3652 2361 et
3677 2305 3772 2360 dc-

2174 2405 2379 2461 feusor.
2416 2424 2434 2457 ι
2486 2405 2659 2459 Item:
2716 2420 2736 2455 ι
2772 2403 2849 2458 Ne
2877 2400 3138 2457 defendas
3167 2398 3385 2469 injuste,
3428 2409 3489 2454 ut
3516 2398 3621 2454 fias
3657 2396 3770 2452 alli-

2175 2507 2333 2570 gatus
2371 2496 2551 2566 jusle,
2596 2503 2650 2552 et
2699 2493 2976 2564 subjectus
3003 2506 3180 2565 plena:
3223 2492 3459 2559 alienae;
3494 2490 3588 2561 qui
3625 2490 3768 2544 enim

2176 2585 2410 2657 percutit
2438 2586 2611 2640 malos
2641 2585 2695 2640 in
2720 2599 2786 2639 eo
2826 2582 2969 2652 quod
3020 2580 3149 2636 mali
3177 2589 3340 2645 sunt,
3390 2577 3770 2633 minlslcho-

2176 2676 2308 2733 mini
2331 2685 2437 2731 est.
2470 2694 2488 2727 ι
2524 2675 2656 2729 Item
2687 2692 2700 2729 :
2737 2694 2754 2726 ι
2788 2672 3100 2728 Homicidas
3146 2680 3201 2726 et
3237 2669 3538 2739 sacrilegos
3580 2667 3769 2738 punire

2175 2784 2285 2823 non
2314 2775 2397 2823 est
2423 2765 2615 2822 effusio
2648 2765 2945 2836 sanguinis,
3001 2763 3095 2819 sed
3125 2760 3488 2818 ministerium
3518 2762 3720 2830 legum.
3741 2778 3761 2810 ι

2176 2860 2316 2917 Nota
2337 2875 2467 2916 vero
2499 2859 2642 2928 quod
2670 2873 2775 2912 non
2811 2857 3006 2911 dixerit
3039 2854 3369 2920 interﬁcere,
3415 2852 3509 2907 sed
3558 2853 3765 2921 punire.

2176 2948 2420 3020 vigilanti
2474 2948 2661 3016 utique
2717 2950 2849 2999 usus
2898 2957 3197 3007 sermone;
3256 2942 3336 2996 sic
3378 2940 3526 2995 enim
3585 2938 3765 2991 alter:

491 3038 616 3093 filiis
641 3052 860 3102 uxores,
904 3035 1115 3092 filiabus
1182 3035 1467 3105 acquirunt
1502 3035 1749 3102 maritos,
1799 3034 1985 3090 vineas
2026 3043 2081 3090 et
2105 3041 2155 3107 α
2187 3040 2389 3106 Tunde,
2412 3040 2509 3105 ait,
2538 3038 2705 3092 latera
2729 3037 2831 3106 ﬁlii
2857 3037 2954 3100 tui,
2996 3035 3121 3088 dum
3145 3034 3324 3121 infans
3350 3040 3424 3087 est
3452 3046 3475 3096 ;
3513 3030 3584 3083 ad
3611 3029 3770 3083 inter-

490 3143 734 3198 campos,
782 3137 1059 3198 postremo
1090 3127 1231 3182 unde
1286 3143 1605 3181 mamuzonze
1637 3126 1938 3197 iniquitatis
1974 3142 2071 3181 va-

486 3216 636 3277 leant
672 3221 966 3277 deservire.
1022 3220 1375 3283 Subdiaconi,
1424 3219 1679 3290 acolylbi,
1724 3228 1780 3273 et
1804 3218 1985 3273 czeteri
2017 3217 2073 3271 in

484 3312 680 3367 ordine
710 3294 894 3366 clerici
929 3309 1055 3378 quid
1102 3309 1298 3365 debent
1328 3324 1512 3378 agere,
1553 3308 1697 3362 unde
1726 3307 1929 3372 vivere,
1978 3321 2076 3376 pro

489 3420 593 3473 qua
623 3420 680 3458 re
706 3403 941 3457 militare
971 3402 1242 3464 Ecclesiae,
1271 3400 1528 3455 excubias
1549 3400 1841 3465 custodire,
1865 3397 2074 3470 ﬂagella

480 3507 587 3562 pro
612 3492 881 3549 discendis
912 3491 1106 3546 litteris
1144 3491 1331 3545 saltem
1360 3490 1639 3561 perferre;
1682 3505 1803 3546 cum
1836 3490 2072 3545 interro-

488 3584 637 3653 ganti
686 3584 942 3654 Apostolo
990 3592 1155 3652 atque
1195 3580 1445 3637 dicenti:
1497 3580 1629 3647 Quis
1657 3582 1796 3636 enim
1824 3580 2072 3634 militavit

495 3676 605 3729 suis
654 3673 923 3743 stipendiis
955 3689 1185 3744 unquam
1210 3670 1235 3726 il
1257 3670 1305 3742 (1
1334 3671 1454 3725 Cor.
1488 3687 1564 3734 tx,
1597 3672 1651 3741 7)
1699 3671 1875 3725 adhuc
1918 3684 2077 3723 nemo

492 3766 852 3836 responderit,
899 3765 988 3819 ille
1034 3763 1195 3836 35,3
1228 3763 1309 3819 vel
1348 3763 1484 3817 ille?
1526 3763 1842 3833 Quanquam
1868 3773 1922 3818 et
1948 3763 2071 3829 illis,

490 3870 590 3924 pro
610 3854 806 3925 quibus
828 3853 1002 3924 litigo,
1033 3869 1142 3909 non
1183 3854 1405 3908 omnino
1429 3855 1527 3907 ista
1562 3868 1679 3909 mea
1707 3854 1917 3924 placeat
1941 3868 2074 3909 con-

492 3953 575 3998 tra
601 3952 1003 4013 contemptores
1047 3944 1104 3997 in
1138 3944 1242 3998 hoc
1271 3957 1539 4000 canonum
1586 3945 1726 4008 rixa,
1758 3944 1904 4016 (745)
1932 3942 2074 4012 quod

493 4035 702 4089 dualms
732 4044 896 4105 agunt
926 4042 1103 4089 tamen
1136 4051 1234 4105 pro
1259 4036 1437 4089 causis
1464 4054 1475 4089 :
1511 4051 1614 4089 una
1638 4035 1863 4097 scilicet,
1891 4036 2075 4089 uthac

490 4129 778 4183 occasione
803 4142 864 4182 se
883 4128 1090 4197 possint
1112 4142 1142 4180 a
1159 4128 1380 4183 servitio
1411 4124 1508 4182 Dei
1536 4127 1811 4182 retrahere
1836 4143 1852 4192 ;
1879 4127 2071 4192 altera,

495 4235 599 4290 qua
631 4236 688 4273 se
716 4219 941 4288 quilibet
971 4217 1184 4272 illorum
1224 4226 1407 4288 sperat
1439 4225 1649 4271 tantum
1680 4218 1969 4281 victurum,
2016 4226 2075 4272 ut

565 4347 714 4419 (745)
752 4346 1075 4419 Coniunctio
1112 4356 1185 4419 et,
1246 4362 1365 4419 qum
1418 4361 1699 4417 perperam
1738 4346 1913 4419 locai'a
1953 4354 2069 4401 erat

496 4417 622 4473 ante
646 4419 842 4488 utique,
880 4419 1008 4480 huc,
1033 4418 1123 4471 ubi
1156 4417 1584 4488 desiderabatur,
1620 4417 2010 4473 transtulimus.

566 4486 1074 4560 (7M)‘Coustrue:
1125 4497 1175 4541 et
1226 4496 1279 4540 ut
1311 4487 1540 4560 [lubeant
1588 4488 2072 4560 undepossintju-

494 4557 611 4613 bere
663 4557 834 4628 facere
874 4557 1239 4627 juramentum
1291 4557 1559 4628 ﬁdelitatis
1607 4557 1771 4628 alteri
1812 4559 2072 4627 episcopo,

492 4641 644 4698 quem
683 4627 763 4683 illi
780 4627 974 4683 scilicet
1003 4628 1310 4682 attraxerint
1336 4643 1354 4682 :
1380 4627 1468 4681 ubi
1510 4627 1804 4698 notandum
1851 4628 2077 4698 verbum

462 4732 476 4740 -
494 4697 714 4767 possint,
746 4699 888 4769 quod
917 4713 1020 4752 non
1047 4714 1160 4751 rem
1191 4707 1310 4751 actu
1333 4706 1563 4767 gestam,
1586 4697 1678 4750 sed
1709 4697 1925 4752 ’ubendi
1949 4710 2076 4764 pos-

442 4760 460 4772 ”
494 4768 805 4819 sibilitatem
834 4768 1122 4819 siunitieat.
1156 4767 1229 4819 ita
1248 4768 1618 4819 utsensussit.
1647 4714 1775 4819 solis
1801 4765 2076 4819 oresbvte-

494 4765 805 4849 sibilitatem
834 4768 1122 4849 significat,
1156 4767 1230 4849 ita
1248 4765 1618 4849 utsensussit.
1647 4765 1775 4847 solis
1801 4765 2080 4849 presbyte-

496 4838 570 4893 ris
600 4850 655 4894 et
693 4837 937 4894 disconis
978 4839 1159 4893 omnia
1192 4837 1444 4892 Ecclesiae
1468 4837 1795 4891 Veronensis
1819 4837 1960 4891 bona
1982 4849 2074 4889 ce—

496 4909 647 4974 dere,
677 4916 741 4963 ut
768 4916 958 4965 contra
991 4909 1300 4978 episcopum
1330 4921 1489 4962 suum
1511 4906 1763 4978 valeant
1791 4903 2075 4969 rebellare,

481 4987 551 5033 .et
570 4993 668 5048 per
689 4986 1007 5048 potestatem
1024 4973 1351 5048 saecularem
1380 4975 1586 5048 possint
1614 4973 1914 5048 inferiores,
1952 4989 2075 5027 cum

498 5044 706 5122 velint,—
728 5048 1051 5118 compellere
1081 5047 1147 5124 ad
1194 5045 1450 5124 auxilium
1481 5044 1583 5109 sui,
1629 5053 1684 5124 et
1714 5045 1781 5097 ad
1810 5052 2075 5124 prastat:-

2176 3133 2449 3204 factionem
2476 3139 2650 3185 autem
2677 3127 2821 3183 illius
2852 3144 2914 3182 ne
2942 3139 3111 3198 ponas
3135 3119 3366 3179 animum
3395 3132 3545 3176 tuam
3576 3119 3767 3191 (Ecdi.

2177 3239 2306 3289 xxx,
2334 3221 2445 3293 12).
2471 3218 2707 3284 Dimitte,
2752 3218 2828 3271 ait
2852 3216 3065 3272 cuidam
3099 3213 3378 3277 Dominus,
3427 3212 3668 3265 mortuos
3692 3224 3770 3261 se-

2175 3313 2594 3385 pelire'mortuos
2615 3308 2967 3378 suostMatth.
2990 3322 3111 3372 vui,
3140 3304 3233 3375 22)
3260 3321 3274 3359 :
3302 3302 3447 3373 quad
3484 3300 3769 3357 enucleare

2180 3404 2418 3476 gestiens
2477 3401 2554 3455 ait
2597 3399 2909 3468 veriloquus
2962 3395 3280 3465 expositor:
3321 3390 3489 3465 πω
3526 3390 3768 3444 Mortuus

2178 3501 2450 3547 mortuum
2477 3488 2691 3559 sepelit,
2723 3502 2842 3543 cum
2858 3480 3114 3558 peccator
3142 3491 3481 3555 peccatorem
3507 3480 3767 3541 defendit,

2176 3592 2232 3638 et
2256 3597 2322 3637 ne
2347 3582 2415 3637 ad
2440 3578 2875 3637 emendationem
2904 3577 3218 3641 reviviscat,
3241 3573 3495 3630 falsitatis
3521 3570 3768 3643 congerie

2176 3674 2376 3730 obruit.
2425 3672 2543 3737 νω,
2591 3672 2667 3726 ait
2693 3686 2793 3741 per
2820 3670 3141 3740 prophetam
3172 3668 3259 3723 his
3286 3666 3454 3723 etiam
3484 3666 3762 3727 Dominus,

2175 3769 2263 3838 qui
2289 3774 2546 3820 consuunt
2575 3762 2818 3835 pulvillos
2844 3763 2938 3818 sub
2959 3763 3101 3817 omni
3129 3762 3303 3817 cubito
3334 3776 3529 3814 manus
3552 3758 3764 3829 (Exerit.

2176 3862 2296 3923 xm,
2323 3857 2431 3929 18).
2459 3856 2562 3924 Qui
2592 3863 2718 3912 sunt
2752 3869 2882 3911 vero
2907 3854 3004 3918 illi,
3053 3853 3156 3909 nisi
3185 3853 3253 3908 de
3280 3849 3479 3923 quibus
3525 3850 3656 3904 alibi
3688 3848 3766 3900 cli-

2175 3950 2349 4004 citur:
2403 3947 2493 4002 γω
2540 3950 2628 4017 qui
2662 3946 2836 4002 dicitis
2874 3948 3069 4000 bonum
3117 3943 3339 4010 malum,
3365 3953 3415 3997 et
3457 3943 3661 3997 malum
3689 3942 3767 3995 bo-

2176 4039 2346 4094 num?
2376 4038 2508 4109 (Isa.
2539 4055 2587 4098 ν.
2612 4038 2731 4109 ‘20.)

2246 4129 2300 4184 5.
2330 4128 2625 4183 Cavillatur
2668 4135 2888 4182 econtra
2913 4145 2925 4180 :
2960 4124 3209 4193 Quandiu
3239 4122 3510 4193 apostolus
3539 4123 3766 4193 gentium

2174 4237 2314 4286 sum,
2347 4221 2423 4274 ait
2451 4221 2648 4274 Doctor
2669 4220 2946 4286 egregius,
2997 4217 3345 4273 ministerium
3390 4232 3566 4270 meum
3602 4218 3766 4269 Ιιοιιοο

2104 4393 2149 4450 ι)
2179 4353 2629 4450 .._.<3.:‘.Zt.!.‘§e3:
2657 4352 3391 4450 "3:"larissaeus.1’
3408 4351 3768 4450 at}.

2179 4421 2496 4478 interfectus
2515 4421 2652 4489 'fuit,
2684 4432 2739 4479 et
2787 4421 3375 4479 Ludovicum'Bosonis
3407 4421 3584 4477 filium
3636 4423 3763 4477 item

2178 4495 2408 4549 Verona:
2432 4494 2784 4549 obcaecatum.

2433 4562 2758 4645 ‘I‘Voslers'ste.
2776 4572 2860 4618 est
2881 4564 2997 4645 ipse
3022 4563 3338 4645 Eutherius.

2274 4631 2402 4702 749)
2427 4631 2715 4687 Scariotico
2730 4634 2875 4701 jure,
2901 4631 2955 4687 id
2985 4643 3072 4688 est
3100 4648 3160 4687 ea
3192 4632 3331 4703 lege,
3372 4632 3449 4686 ait
3477 4632 3767 4695 Acltcrius,

2179 4703 2285 4773 qua
2311 4716 2342 4755 e
2388 4717 2615 4774 numero
2644 4703 2870 4774 militum
2896 4703 3220 4774 expungitur
3266 4704 3559 4774 quis,_sive
3598 4718 3765 4774 exau-

2182 4768 2445 4842 ctoratur.
2482 4768 2698 4834 Verum,
2731 4773 2912 4826 subdit
2940 4768 3265 4827 novissimus
3285 4768 3562 4842 Spicilegii
3593 4772 3768 4826 Ache-

2182 4842 2319 4896 riani
2343 4841 2535 4912 editor.
2587 4854 2642 4895 ut
2673 4843 2727 4896 id
2747 4858 2857 4897 esse
2888 4841 3234 4897 Scarioticum
3254 4841 3349 4912 jus
3394 4857 3648 4912 agnosco,
3672 4842 3764 4912 ius

2178 4911 2437 4982 ejusmodi
2494 4910 2970 4982 interpretationem
3028 4912 3149 4966 huic
3202 4910 3318 4965 loco
3373 4910 3763 4982 acromtuoduri

2176 4979 2326 5052 posse
2346 4994 2506 5051 nego:
2547 4979 2665 5052 nam
2698 4982 2795 5052 hoc
2820 4980 3167 5036 Srarinticum
3191 4982 3288 5052 jus
3315 4979 3764 5052 appellatllathe-

2179 5048 2309 5126 rius,
2335 5048 2450 5126 quo.
2480 5050 2795 5126 quis__e/ﬁeit,
2827 5052 3067 5126 utquod
3106 5048 3217 5126 ipse
3233 5048 3456 5126 malum
3468 5049 3658 5126 infert,
3697 5048 3761 5126 alt
