4032 5354
174 191 264 247 tss
1099 168 1187 243 DE
1223 173 1639 244 CONTEMPTU
1680 183 2035 242 canonum.
2079 216 2148 228 -
2185 185 2363 242 rans
2401 183 2442 241 t.

3265 243 3272 250 .
3295 188 3401 244 494

164 302 357 374 rijicabo
386 300 567 370 (Rom.
602 302 680 365 st,
731 300 838 370 I5).
872 300 953 355 Tu
985 315 1016 355 e
1061 301 1274 356 diverso
1306 315 1469 371 quam
1505 301 1721 372 egregie
1752 307 1799 366 Α
1827 301 2029 371 aliquid
2057 301 2248 355 simile.
2282 321 2297 350 ι
2328 299 2600 364 Εςςιοεὶιη,
2630 299 2823 369 inquit,
2855 314 2961 356 non
2980 297 3107 356 licet
3134 299 3403 357 dimittere

164 391 501 448 ministerium
550 389 700 460 (750)
750 390 823 444 tui
876 391 1033 446 istius
1071 390 1402 446 honoriﬁces
1441 390 1723 446 considera

163 481 400 554 prasulis,
451 480 540 548 qui
593 495 716 535 eum
769 496 1082 536 meusurare
1141 481 1378 535 triticum
1418 488 1472 535 et
1517 482 1720 541 vinum,

164 589 390 631 nummos
415 573 628 629 clericis
648 575 908 639 dividere,
934 583 988 628 et
1019 575 1222 645 reliqua
1242 575 1348 628 rittt
1371 571 1723 644 Sardanapali

165 666 287 720 illius
308 663 502 718 debere
545 666 848 730 contendis,
897 666 989 735 qni
1013 680 1138 720 cum
1171 680 1261 720 rex
1296 665 1516 720 maximi
1548 649 1728 718 ac'l'a-

163 754 429 810 tuosissimi
476 753 619 808 illius
672 755 883 824 imperii
931 755 1108 822 foret,
1166 758 1274 810 imo
1322 769 1441 810 esse
1483 755 1724 818 deberet,

165 857 308 911 pensa
356 843 612 897 inventus
657 852 742 897 est
797 845 1008 899 ancillis
1056 845 1315 900 dividere.
1364 844 1459 899 Cui
1503 853 1727 900 econtra

165 933 263 1002 ipse
294 931 626 1001 respondeo:
679 932 812 998 Quia
861 934 905 988 si
947 933 1190 989 interiori
1223 935 1574 1004 percepisses,
1609 948 1728 1002 qua}

166 1021 407 1076 astruendi
435 1029 562 1074 sunt
601 1022 750 1091 (75I)
785 1038 948 1076 causa
980 1024 1140 1078 isthic
1179 1025 1477 1094 praemissa,
1509 1023 1724 1086 intuitu,

167 1111 467 1180 perpendere
498 1112 686 1180 utique
714 1112 977 1168 valuisses
1025 1113 1238 1184 integro
1268 1122 1413 1168 statu
1447 1112 1729 1183 pontifica-

169 1204 223 1259 lis
256 1202 487 1266 honoris,
530 1204 784 1272 pascendi
815 1218 1032 1274 gregem
1084 1205 1422 1259 Dominicum
1458 1204 1726 1272 depictum

171 1295 244 1348 hic
277 1293 653 1348 decentissime
686 1295 924 1348 modum.
971 1293 1074 1348 Per
1111 1295 1458 1366 presbyteros
1487 1295 1632 1346 enim
1673 1301 1727 1347 et

168 1384 408 1445 diaconos,
458 1383 503 1438 si
547 1393 726 1438 tamen
761 1383 946 1440 ﬁdeles
999 1383 1228 1439 inveniri
1278 1393 1551 1456 poterunt,
1614 1384 1730 1437 lucc

169 1474 225 1527 ab
261 1473 500 1544 episcopo
548 1473 663 1528 fieri
696 1483 966 1545 Oportere,
1023 1484 1129 1530 non
1167 1490 1264 1546 per
1294 1475 1470 1546 ipsum
1516 1475 1728 1544 episco-

170 1581 292 1634 pum,
327 1564 470 1634 (75%)
513 1573 810 1620 monstrata
841 1573 968 1620 sunt
993 1583 1005 1620 :
1035 1564 1354 1636 Quanquam
1385 1573 1440 1619 et
1477 1565 1522 1620 si
1546 1580 1730 1620 neces-

1825 392 2136 461 episcopum
2161 406 2338 456 suum,
2367 401 2425 444 ut
2453 391 2682 446 alterum
2711 391 2926 446 vivente
2963 405 3028 446 eo
3051 392 3304 461 accipiat,
3338 409 3405 449 ne

1828 481 2204 535 fornicationis
2236 481 2320 536 vel
2361 481 2607 535 adulterii
2639 481 2845 536 crimen
2878 483 3138 536 incurrat.
3185 482 3324 539 Nam
3355 485 3403 540 si

1827 573 2122 626 adulterata
2153 571 2334 634 fuerit,
2353 572 2402 624 id
2429 581 2530 633 est,
2547 572 2592 625 si
2615 587 2672 625 se
2695 571 2848 626 alteri
2865 573 3119 642 episcopo
3135 571 3401 642 junxerit,

1826 669 1917 714 aut
1956 675 2117 730 super
2141 676 2199 715 se
2221 661 2446 714 alterum
2483 661 2788 731 episcopum
2818 662 3134 727 adduxerit,
3169 672 3262 718 aut
3285 679 3408 721 esse

1828 757 2033 821 fecerit,
2069 756 2149 810 vel
2176 757 2596 821 desideraverit;
2631 765 2723 810 aut
2746 771 2843 826 per
2863 757 3181 813 acerrimam
3227 763 3408 831 pumi-

1829 847 2048 902 tentiam
2080 862 2177 900 suo
2213 846 2591 901 reconcilietur
2613 846 2884 917 episcopo,
2913 855 3005 901 aut
3032 849 3258 918 innupta
3283 866 3408 922 per-

1828 947 2062 994 maneat.
2107 957 2124 990 ι
2157 937 2332 1006 Nupta
2366 953 2496 992 vero
2525 939 2652 1007 quid
2697 946 2804 1002 est,
2845 939 2949 993 nisi
2983 940 3277 995 maritata?
3312 943 3402 996 Iu-

1829 1036 1990 1098 nnpta
2025 1028 2172 1096 quid,
2217 1028 2317 1081 nisi
2367 1027 2562 1081 marito
2596 1043 2700 1082 non
2740 1029 2909 1081 data?
2949 1027 3027 1082 Ex
3076 1029 3159 1083 his
3187 1045 3317 1100 ergo
3348 1033 3401 1085 in

1828 1120 1930 1174 hoc
1959 1118 2288 1173 vcracissimi
2318 1133 2466 1188 papa:
2507 1119 2689 1182 verbo,
2733 1119 2906 1171 virum
2929 1128 2982 1172 et
3021 1134 3266 1185 uxorem,
3297 1123 3408 1192 spi-

1829 1211 2002 1265 ritalis
2044 1218 2222 1264 tamen
2251 1226 2356 1263 non
2387 1209 2623 1264 carnalis
2646 1209 2900 1263 connubii
2928 1209 3060 1280 lege,
3093 1211 3405 1281 episcopum

1829 1303 1944 1356 fore
1997 1310 2050 1356 et
2087 1301 2187 1356 sibi
2239 1301 2536 1372 delegatum
2591 1301 2908 1366 Ecclesium,
2959 1302 3002 1355 si
3049 1311 3242 1358 (uetera
3298 1319 3406 1358 non

1831 1391 2124 1456 attendisti,
2149 1391 2296 1444 vales
2319 1405 2645 1458 agnoscere;
2677 1389 2824 1460 (755)
2849 1398 2905 1443 et
2933 1405 3051 1459 qum
3078 1403 3200 1445 sunt
3225 1393 3407 1457 istius,

1830 1480 1971 1535 illius
2001 1487 2055 1534 et
2084 1495 2220 1542 esse,
2254 1480 2296 1534 si
2330 1479 2422 1533 tibi
2477 1494 2585 1533 non
2626 1478 2818 1533 desunt
2864 1477 2966 1532 illa:
2997 1477 3211 1548 (Matth.
3243 1496 3304 1548 ll,
3335 1481 3410 1552 I),

1832 1586 1965 1641 quas
1993 1572 2248 1626 Dominus
2288 1570 2617 1639 requirebat,
2666 1585 2827 1624 aures
2851 1569 3236 1638 spiritalitatis,
3266 1571 3412 1641 ejus-

169 1657 280 1709 sitas
303 1655 410 1710 hac
433 1670 560 1710 eum
591 1656 815 1726 exsequi
845 1671 941 1726 per
979 1658 1219 1728 seipsum
1247 1657 1612 1728 compelleret.
1637 1672 1725 1710 su-
1762 1655 1802 1713 Β
1832 1663 1950 1716 dem
1987 1660 2109 1731 jure
2137 1677 2431 1732 perpenso,
2486 1670 2672 1716 notare
2712 1659 2904 1732 (Marc.
2939 1677 3012 1725 IV,
3045 1660 3122 1732 9).
3164 1661 3315 1728 Quod
3359 1673 3414 1716 et

171 1747 328 1815 perhia
373 1746 522 1817 (755)
580 1761 688 1801 non
746 1747 1096 1816 prohiberet;
1151 1763 1492 1819 nequaquam
1544 1745 1732 1815 hujus-

173 1837 289 1890 modi
312 1836 360 1889 in
383 1834 522 1890 {acto
551 1836 702 1890 illum
731 1837 821 1906 qui
846 1837 1004 1902 dixit,
1027 1835 1326 1892 otlenderet
1352 1855 1364 1889 :
1399 1835 1730 1901 Quirolucrit

173 1931 284 1982 inter
319 1947 402 1983 vos
434 1930 608 1999 major
654 1931 791 1998 ﬁeri,
846 1931 912 1985 sit
954 1932 1190 1986 omnium
1239 1947 1417 1985 servus
1457 1929 1645 2000 (Marc.
1674 1945 1731 1990 κ,

180 2019 272 2089 is).
303 2019 398 2074 Sed
422 2036 526 2074 non
553 2020 878 2090 dedignetur
911 2021 1100 2075 talium
1124 2021 1246 2088 quis
1268 2021 1433 2075 Actus
1459 2017 1730 2088 apostolo-

175 2127 293 2172 rum.
337 2120 388 2165 et
417 2112 669 2167 Doctoris
715 2114 956 2182 gen-tium
1004 2114 1264 2183 epistolas
1307 2113 1561 2181 relegere.
1623 2111 1734 2166 Illic

174 2203 372 2270 positum
404 2216 599 2272 nempe
638 2202 876 2257 inveniet
913 2203 1276 2274 apertissime,
1301 2203 1391 2272 qui
1422 2203 1521 2257 hoc
1548 2201 1732 2272 μηροὶ·

176 2309 297 2361 pere,
334 2293 420 2362 qui
450 2293 690 2348 debeant
718 2292 916 2348 facere.
954 2293 1270 2348 Passionem
1303 2307 1518 2363 quoque
1549 2293 1735 2346 beato-

178 2400 273 2436 rum
312 2383 439 2438 Sixti
481 2393 650 2454 atque
684 2385 957 2440 Laurentii
987 2385 1233 2458 [subaudi
1261 2401 1367 2440 non
1393 2382 1730 2454 dcdignetur]

178 2475 384 2529 revisere“
424 2486 727 2548 martyrum
760 2495 772 2530 :
826 2477 878 2531 in
910 2492 1014 2547 qua
1047 2477 1233 2546 utique
1269 2491 1410 2530 unus
1432 2491 1622 2530 eorum
1656 2475 1736 2527 in-

179 2565 446 2621 troducitur
489 2566 652 2621 alteri
684 2565 885 2622 dixisse
916 2585 928 2620 :
979 2584 997 2617 t
1031 2567 1230 2636 Accipe
1258 2574 1313 2620 et
1361 2565 1626 2620 distribue
1656 2563 1734 2617 fa-

177 2655 666 2712 cultatesEcclesize.
696 2676 714 2708 ι
747 2657 895 2711 Alter
923 2657 1225 2711 distributis
1253 2655 1482 2712 ﬁdeliter
1506 2656 1731 2719 eisdem,

180 2754 394 2801 cantatur
446 2746 701 2802 dixisse:
757 2766 776 2798 ι
814 2747 930 2800 Ν)ιί
990 2763 1073 2800 me
1127 2749 1527 2816 derelinquere,
1585 2757 1739 2816 pater

180 2845 354 2902 sancte,
400 2837 523 2906 quia
572 2838 858 2892 thesauros
906 2846 1024 2891 tuos
1061 2835 1176 2904 jam
1221 2836 1472 2907 expendi.
1513 2855 1532 2890 ι
1596 2835 1734 2890 Nola

183 2928 318 2998 igitur
342 2938 396 2983 et
434 2945 591 3000 cape,
637 2930 681 2984 si
711 2929 857 2985 vales
880 2970 894 2994 ,
928 2929 1073 2998 quod
1122 2945 1261 2984 unus
1300 2945 1490 2984 eorum
1533 2928 1736 2983 dixerit

1835 1751 2013 1807 szcculi
2065 1751 2417 1820 promulgata:
2479 1751 2778 1819 antiquitus
2838 1749 3024 1820 leges,
3083 1750 3185 1804 nisi
3237 1750 3413 1813 fallor,

1834 1844 2086 1896 videntur
2109 1852 2373 1896 astruere.
2413 1843 2564 1908 Quod
2596 1843 2739 1896 cuitu
2785 1843 2851 1896 ad
2884 1843 3193 1911 episcopum
3227 1843 3417 1898 immu-

1836 1931 2062 1986 nitatum
2093 1930 2412 1998 compositio
2443 1931 2756 2000 pertineret,
2799 1931 2898 1984 nisi
2923 1946 3077 1985 suum
3106 1931 3254 1997 illud,
3281 1948 3414 1987 con-

1837 2030 1919 2075 tra
1943 2022 2082 2091 qunti
2106 2019 2300 2088 injuste
2323 2021 2451 2090 quid
2476 2030 2654 2075 actum
2684 2030 2785 2084 est,
2814 2023 2949 2088 sive,
2976 2033 3034 2075 ut
3057 2023 3167 2077 illic
3194 2023 3412 2094 legitur,

1835 2111 2034 2181 aliquid
2069 2110 2190 2162 ntali
2223 2111 2421 2164 factum
2448 2121 2549 2176 est,
2578 2110 2759 2166 foret?
2782 2111 3226 2181 Resipisceergo,
3263 2130 3416 2169 cessa

1838 2201 2051 2256 tandem
2101 2201 2390 2270 aliquando
2434 2212 2618 2255 contra
2646 2202 2735 2271 jus
2782 2200 2969 2271 fasque
3012 2203 3186 2258 nitens
3216 2219 3414 2258 vesana

1835 2291 2163 2360 loquacitas,
2217 2302 2271 2345 et
2308 2293 2450 2360 quod
2491 2289 2633 2360 justc
2690 2293 3019 2360 respondeas
3065 2293 3286 2349 minime
3337 2295 3419 2346 ll:-

1837 2388 2015 2443 vento,
2041 2379 2264 2448 digitum
2293 2378 2374 2432 ori
2401 2393 2608 2448 appone
2634 2379 2918 2450 sacrilego.

1906 2469 1958 2522 6.
1991 2469 2095 2523 Ista
2127 2471 2251 2523 dum
2291 2469 2428 2523 alter
2459 2479 2516 2523 ut
2541 2470 2805 2524 Chremes
2835 2471 3042 2524 tumiuo
3093 2472 3421 2528 iratissimus

1833 2575 1929 2615 ore
1951 2560 2169 2631 delitigo
2196 2560 2429 2629 (lloun.
2461 2561 2530 2614 ad
2553 2559 2738 2616 Pison.
2769 2578 2913 2618 vers.
2945 2563 3065 2633 94),
3110 2565 3248 2634 εωρί
3277 2565 3419 2618 intra

1836 2660 2045 2707 secreta
2081 2653 2262 2707 cordis
2291 2654 2496 2718 conari,
2522 2653 2565 2708 si
2603 2652 2743 2707 forte
2775 2654 3014 2708 invenire
3045 2655 3302 2718 valerem,
3331 2671 3421 2726 ge-

1837 2742 2037 2799 neralis
2062 2744 2203 2798 unde
2224 2729 2796 2812 contigeritcauonum
2847 2745 2947 2800 iste
2992 2745 3249 2802 divinitus
3297 2763 3424 2817 pro-

1837 2835 2196 2904 inulgatorum
2233 2835 2367 2890 adeo
2413 2835 2558 2905 (756)
2611 2829 2740 2890 solis
2788 2835 2903 2891 istis
2947 2845 3308 2906 contemptus,
3366 2847 3426 2891 ut
3515 2867 3520 2874 -

1838 2927 2107 2981 neminem
2137 2927 2378 2982 invenire
2405 2943 2590 2982 eorum
2614 2919 2818 2981 valeam
2844 2937 3166 2990 curatorem,
3199 2945 3227 2980 a
3276 2928 3420 2983 vilis-

182 3019 420 3084 facultates
452 3020 724 3086 Ecclesiw,
752 3020 889 3074 alter
915 3021 1185 3074 thesauros
1215 3030 1332 3074 tuos
1362 3037 1380 3085 ;
1412 3021 1501 3075 ille
1529 3021 1737 3076 scilicet
1766 3009 1808 3069 C
1841 3022 1980 3076 simo
2014 3023 2197 3091 utique
2214 3021 2468 3076 Ecclesia:
2499 3036 2669 3089 usque
2716 3021 2781 3073 ad
2833 3021 3360 3089 przestantissimum,
3390 3037 3421 3074 a

186 3110 436 3166 thesauros
458 3111 626 3184 355
669 3112 884 3167 eosdem
918 3127 1241 3168 asseverans
1261 3112 1517 3166 Ecclesia:
1551 3111 1735 3177 fuisse,

192 3203 426 3271 pontiﬁcis
441 3205 562 3269 iste,
581 3204 729 3274 (754)
744 3205 959 3258 utverbi
984 3204 1151 3275 gratia
1168 3204 1310 3274 quod
1335 3203 1520 3258 uxoris
1538 3204 1736 3268 mariti,

186 3295 302 3360 quod
317 3295 490 3349 mariti
507 3295 716 3349 uxoris.
735 3295 886 3362 Quod
901 3295 945 3351 si
961 3303 1011 3349 te
1025 3295 1327 3365 huiusmodi
1352 3294 1736 3349 vocabulorum

184 3383 475 3439 scandalizat
505 3384 768 3454 prolatio,
813 3385 936 3439 andi
967 3401 1031 3440 ex
1067 3385 1293 3454 epistola
1325 3385 1558 3440 Evaristi
1590 3400 1740 3455 papre

187 3535 328 3588 niatos
352 3553 476 3608 esse,
504 3555 566 3590 ar
597 3537 787 3592 deinde
813 3548 1047 3604 testatos,
1079 3557 1180 3594 non
1211 3560 1241 3593 ιι
1273 3558 1345 3603 se,
1375 3541 1467 3594 sed
1488 3540 1551 3593 ab
1581 3542 1740 3608 impc-

187 3615 328 3682 ratore
350 3606 548 3682 (verius
573 3611 722 3682 rege)
768 3609 1073 3682 episcopum
1093 3627 1248 3663 suum
1278 3611 1330 3664 in
1361 3611 1599 3682 exsiliunt
1631 3606 1741 3663 esse

183 3676 391 3749 ejectum.
424 3676 556 3749 [ltro
582 3680 630 3732 si
659 3676 1264 3749 (coloribus'probnntur,
1298 3691 1348 3733 ut
1373 3697 1540 3748 spero,
1570 3680 1740 3749 legen-

185 3745 289 3819 dum
311 3755 378 3819 est
401 3746 756 3819 _lsgar~iotico.
787 3745 1119 3819 ﬁeripsimus
1159 3751 1302 3818 quod
1328 3745 1463 3819 ipsi,
1511 3750 1599 3802 ubi
1620 3745 1740 3802 erat

185 3813 293 3882 quid
321 3816 430 3885 ipsi.
477 3816 757 3872 Ilactenus
784 3817 890 3871 ille.
921 3813 1126 3872 'Solum
1169 3813 1420 3874 addimus
1446 3813 1742 3874 eorrectio-

187 3885 621 3954 nemilscariotiro
663 3888 804 3941 haud
842 3902 960 3940 csse
1010 3891 1406 3954 necessariam,
1462 3906 1583 3944 cum
1612 3890 1738 3944 oliu

183 3967 265 4076 Raro
290 3953 534 4010 Iscariote
561 3959 892 4012 scriberetur
920 3957 1229 4026 frequenter
1250 3953 1514 4019 Scarioth,
1541 3969 1596 4012 ut
1619 3976 1742 4029 pro-

243 4024 402 4076 vimus
438 4035 550 4076 nol.
589 4026 682 4076 54.
717 4028 767 4076 in
798 4037 1012 4076 tractat.
1064 4031 1098 4076 Ξ
1138 4029 1256 4076 liliri
1293 4031 1449 4076 nrimi
1481 4031 1537 4076 S-
1573 4029 1742 4076 Zeno-

243 4024 402 4080 vimus
438 4035 550 4080 not.
589 4026 682 4088 54,
717 4028 767 4080 in
798 4024 1030 4081 tractatJ
1064 4031 1112 4099 2
1138 4029 1257 4082 libri
1293 4031 1449 4099 primi
1481 4031 1537 4084 S.
1573 4024 1743 4082 Ζὲιιο-

187 4093 292 4146 nis:
344 4106 705 4216 ac'pra‘lerea
747 4099 1039 4154 Batherius
1085 4093 1328 4154 Scarioth
1371 4100 1499 4155 alibi
1529 4114 1743 4169 quoque

187 4177 403 4216 νςιιτῑιιιΐι
435 4206 448 4216 .

187 4177 448 4232 usurparit.

199 4265 202 4268 ι
243 4233 376 4306 (ἷξο)
408 4235 502 4288 Tui
528 4235 690 4303 ipsius
709 4237 970 4306 prmsulis,
1004 4238 1158 4291 idest
1193 4238 1451 4293 Ratherii.

194 4373 202 4381 _
246 4303 520 4381 (75))(1ιιιιι
545 4303 850 4381 iueditionc
865 4309 1082 4381 Achcrii
1105 4310 1374 4381 legeretur
1395 4319 1542 4381 sunt,
1575 4328 1736 4365 causa

190 4375 318 4449 isthic
340 4375 612 4449 praemissa
626 4392 652 4449 _;
691 4379 1017 4433 novissimus
1042 4375 1314 4449 Spic‘ilegii
1348 4380 1523 4434 editor
1553 4397 1741 4436 emen-

190 4443 398 4518 dandum
433 4447 666 4518 credidit
710 4459 830 4518 sunt
879 4465 1052 4502 causae
1084 4443 1557 4518 isthic-prmutism
1627 4451 1740 4506 Non

192 4515 446 4595 satisfacit.
486 4517 624 4595 _Sola.
641 4517 784 4570 enim
827 4517 1031 4588 virgula
1072 4528 1190 4595 post
1220 4515 1606 4595 stintdelenda
1635 4532 1738 4595 est,

195 4584 270 4638 Sic
296 4596 462 4641 autem
493 4588 583 4641 hic
613 4587 760 4641 locus
797 4584 1216 4644 construendus.
1258 4586 1395 4654 Quia
1431 4592 1476 4643 si
1506 4591 1741 4644 interiori

194 4654 359 4707 intuitu
397 4657 705 4732 percepisses
742 4673 870 4732 qua:
900 4660 1053 4712 isthic
1095 4660 1364 4732 prwntissa
1391 4670 1509 4732 sunt
1563 4661 1744 4732 (idest

196 4736 402 4800 canones
433 4727 760 4800 praemissos)
805 4745 966 4800 causa
1002 4731 1474 4800 astruendiiquod
1497 4727 1741 4800 proposi-

203 4799 296 4846 tum
321 4795 534 4868 iuerat),
563 4795 749 4868 utique
768 4797 1017 4868 valuisses
1070 4795 1384 4868 perpendere
1411 4795 1622 4853 modum
1647 4819 1744 4868 pa-

199 4865 351 4939 scendi
369 4883 585 4939 gregem
607 4865 938 4922 Dominicum
978 4865 1453 4939 hic'deoentissime
1487 4865 1748 4939 depictum

202 4932 555 5010 (es__se)__i_nt_egro
591 4946 731 4989 statu
759 4939 972 4992 honoris
995 4938 1335 5010 pontificalis.

260 5004 390 5077 (752)
421 5004 551 5060 Vide
573 5023 736 5077 supra
765 5004 1024 5064 canonem
1047 5009 1108 5062 III
1138 5004 1512 5078 apostolicum,
1539 5017 1592 5061 et
1614 5009 1747 5065 duos

206 5068 533 5142 Gangrénses.

263 5143 395 5222 (755)
423 5147 637 5222 Acherii
660 5145 824 5203 editio
848 5166 964 5222 non,
981 5147 1288 5222 perhiberet.
1331 5147 1618 5222 Novissimi
1641 5148 1754 5202 edi-

207 5217 320 5290 toris
338 5218 760 5290 emendationem
794 5220 1119 5289 recepimus.
1168 5217 1296 5273 Pest
1321 5219 1574 5275 nonnulla
1607 5219 1750 5290 lege-

206 5279 343 5354 batur
366 5287 614 5341 mendose
638 5297 877 5342 cantatur
904 5279 1153 5343 donasse.

1841 3113 2159 3168 stultissimo
2185 3126 2353 3181 usque
2384 3113 2449 3166 ad
2480 3111 2624 3164 illum
2673 3111 2764 3179 qui
2814 3112 3248 3179 sapientissimus
3292 3110 3423 3167 aﬂ'e-

1839 3214 1949 3261 ctat
1974 3203 2223 3267 vocari,a
2243 3203 2377 3256 laico
2406 3217 2574 3271 usque
2607 3201 2670 3255 ad
2696 3201 3026 3270 pontificem,
3052 3203 3186 3271 proh
3235 3204 3420 3259 nefas!

1841 3309 2129 3350 summum.
2159 3291 2288 3358 Qua:
2326 3292 2448 3345 dum
2503 3292 2870 3360 gemebundus
2918 3291 3199 3362 deplango,
3251 3307 3425 3361 neque

1839 3385 2003 3457 346
2029 3401 2246 3442 causam
2288 3386 2446 3440 aliam
2497 3401 2720 3455 prorsus
2774 3385 3019 3452 invenio;
3069 3388 3428 3445 consideratis

1841 3538 1954 3592 loco
1977 3553 2204 3590 errarent
2229 3536 2555 3590 sustulimus.
2583 3536 2725 3590 Nam
2746 3538 2943 3591 editum
2968 3550 3077 3591 erat
3097 3538 3219 3593 audi
3243 3552 3426 3602 exem-

1842 3607 2352 3728 pla.Anltanuensem
2375 3606 2558 3675 fefellit
2609 3612 2706 3660 hoc
2754 3607 3013 3660 scribendi
3061 3607 3426 3678 compendium

1843 3693 2035 3728 exeam
2060 3693 2109 3728 a.
2138 3721 2141 3724 .

1843 3693 2109 3732 exemma.
2138 3721 2141 3724 .

1915 3693 2145 3817 ῗ7ιὲ1έ33ίιῖ
2177 3755 2278 3819 est,
2307 3755 2355 3801 et
2378 3745 2422 3800 si
2446 3745 2554 3819 illa,
2580 3761 2732 3800 aures
2762 3746 3135 3819 spiritalitatis,
3159 3764 3288 3819 quas
3317 3745 3395 3819 Do
3419 3775 3432 3788 -

1845 3819 2017 3872 minus
2047 3817 2355 3885 requirebat,
2392 3833 2496 3870 non
2522 3818 2703 3870 desunt
2738 3818 2852 3881 tibi,
2910 3817 3047 3870 vales
3096 3817 3274 3871 notare
3303 3817 3431 3887 jure

1842 3888 2331 3958 ejusdem,sci|icet
2381 3887 2638 3958 episcopi,
2683 3904 2956 3958 perpensa.
3007 3904 3093 3952 ea,
3137 3904 3254 3958 quin
3307 3897 3430 3958 sunt

1843 3960 2014 4022 istius,
2031 3959 2092 4026 id
2109 3966 2193 4010 est
2207 3957 2473 4019 ecclesiae,
2500 3973 2610 4010 esse
2649 3968 2696 4009 et
2719 3957 2882 4026 illius,
2900 3958 3153 4011 nimirum
3169 3957 3430 4026 episcopi.

1916 4024 2061 4100 (756)
2089 4027 2268 4100 Vulg,
2292 4027 2506 4100 solibus,
2541 4026 2710 4100 male.
2736 4024 2872 4100 Solis
2901 4029 3012 4080 istis
3039 4028 3168 4081 dicit
3196 4041 3292 4095 pro
3317 4024 3429 4100 ter-

1845 4096 1942 4164 ris,
1969 4114 2061 4152 seu
2089 4097 2219 4150 locis
2246 4097 2385 4161 istis,
2411 4096 2462 4150 id
2493 4104 2577 4151 est
2599 4097 2834 4151 Italicis:
2865 4113 2989 4151 nam
3020 4106 3158 4167 part.
3195 4112 3253 4158 ll,
3286 4113 3343 4151 n.
3373 4097 3430 4163 2,

1844 4169 2004 4223 Italus
2032 4167 2301 4238 principue
2331 4182 2596 4238 canonum
2618 4176 3014 4235 contemptores
3049 4182 3168 4222 esse
3196 4182 3432 4238 conque-

1849 4239 2002 4292 ritur.
2033 4236 2184 4303 Quod
2216 4253 2376 4308 porro
2398 4237 2495 4289 hos
2523 4252 2713 4308 omnes
2741 4247 3142 4308 contemptores
3164 4236 3432 4293 canonum

1850 4309 2087 4378 prtefert,
2121 4306 2468 4376 hyperbolice
2488 4307 2860 4376 accipiendum
2885 4306 2972 4362 est
2995 4308 3060 4361 de
3095 4307 3434 4378 quampluri-

1852 4377 1970 4444 bus,
2004 4395 2108 4432 non
2141 4393 2269 4430 vero
2295 4378 2564 4431 strictcdc
2603 4377 2876 4440 onmibus,
2918 4391 2980 4431 ac
3009 4379 3051 4430 si
3089 4394 3245 4432 nemo
3266 4377 3274 4378 7
3297 4395 3436 4433 unus

1852 4450 1905 4503 in
1935 4449 2082 4502 Italia
2119 4448 2334 4499 eosdem
2365 4461 2598 4499 canones
2644 4456 2881 4500 curaret.
2937 4447 3049 4500 Etsi
3100 4449 3244 4502 enim
3292 4447 3437 4502 nullo

1851 4518 2047 4574 Stcculu
2073 4525 2220 4570 tanta
2248 4517 2526 4584 corruptio
2555 4527 2799 4585 grassata
2834 4528 2938 4582 est,
2965 4526 3194 4585 'quanta
3234 4517 3435 4576 saeculo

1852 4590 2082 4651 decimo,
2116 4588 2414 4656 piacsertim
2449 4586 2502 4639 in
2533 4585 2709 4650 Italia,
2743 4586 2831 4640 ubi
2863 4587 3097 4641 maxima
3146 4603 3327 4641 rerum
3351 4586 3436 4640 vi-

1851 4657 2112 4714 cissitudo
2141 4657 2318 4710 omnia
2344 4657 2724 4725 perturbabat;
2769 4674 2876 4711 non
2922 4657 3208 4712 defuerunt
3258 4667 3439 4710 tamen

1853 4729 2048 4782 ibidem
2079 4742 2142 4781 eo
2171 4741 2384 4795 quoque
2411 4736 2650 4796 tempore
2672 4727 2772 4781 viri
2804 4736 2857 4781 et
2881 4728 3082 4796 pietate
3111 4736 3165 4780 et
3192 4725 3438 4796 doctrina

1855 4801 2112 4867 insignes,
2139 4797 2332 4865 quibus
2372 4795 2608 4867 canones
2635 4798 2785 4851 cordi
2839 4795 3078 4867 fuerunt,
3130 4795 3206 4849 uti
3255 4795 3439 4867 videre

1852 4878 1935 4922 est
1966 4865 2214 4936 pluribus
2242 4868 2382 4936 apud
2414 4866 2777 4936 Mabillonium
2815 4869 2868 4920 in
2892 4865 3208 4934 prtefatione
3251 4865 3439 4936 adste-

1855 4932 2036 4993 culu'm
2066 4954 2096 4990 v
2135 4932 2341 4992 ordinis
2391 4936 2665 4991 Benedict.
2705 4935 2732 5006 §
2779 4938 2826 4992 I.
2875 4932 3132 5006 Smnmus
3178 4932 3441 5006 pontifex,

1853 5023 2026 5080 quth
2067 5023 2189 5080 mo;
2228 5021 2515 5080 suppresso
2548 5002 2784 5080 stamine
2830 5004 3118 5080 Rathcrius
3170 5002 3445 5080 Suggillat,

1853 5071 1952 5132 fuit
1993 5071 2344 5132 Octavianus
2378 5075 2611 5131 Alberici
2659 5075 2827 5141 Illius,
2882 5072 2970 5142 qui
3006 5071 3449 5128 Romamé'urbis

1853 5147 2138 5220 tyrannide
2169 5155 2384 5220 mortuo
2408 5155 2563 5214 patre
2591 5155 3098 5220 occupata,__at_mos
3141 5153 3333 5220 natus“
3362 5142 3453 5196 vix

1852 5211 2040 5274 d'ecem
2072 5227 2125 5270 ct
2146 5225 2268 5271 octo
2301 5211 2601 5270 Romanam
2626 5211 2812 5271 sedem
2839 5211 3024 5274 adivit,
3062 5223 3270 5267 mutato
3295 5211 3455 5266 Octa-

1852 5288 1997 5344 viani
2031 5287 2246 5341 nomine
2279 5289 2328 5340 in
2352 5285 2614 5339 Joannem
2640 5282 2758 5347 XII,
2785 5282 2938 5354 cujus
2968 5281 3196 5335 crimina
3218 5291 3272 5338 et
3297 5295 3456 5337 scan-
