4032 5354
482 607 497 669 l

524 283 631 343 495

523 415 696 474 usque
747 397 815 452 ad
859 392 1130 451 defectum
1181 384 1348 441 animi
1393 381 1663 444 omnibus,

524 460 795 568 (757)....
816 522 831 540 .
860 476 1195 557 _Evangelica
1222 514 1238 541 ,
1288 473 1344 528 in
1388 469 1587 541 quibus
1638 460 2108 568 specialiter-dpse

524 550 888 639 contemnitur
933 568 1217 630 Christus,
1263 567 1529 632 praecepta
1550 597 1565 623 ,
1646 550 2143 639 interminationes

518 671 582 729 et
605 682 769 740 opera
803 671 908 720 :ut
927 659 1177 716 videlicet
1206 653 1338 708 illud
1374 658 1479 715 est,
1520 647 1667 719 quod
1717 658 1882 715 supra
1930 638 2108 703 intuli,

529 727 875 832 conquerens
900 752 1032 810 mihi
1062 768 1092 804 a
1118 745 1331 803 clericis
1371 741 1642 815 praecipue
1684 732 1983 792 contradici
2017 727 2113 832 :‘id

529 817 728 919 ἐέέζέι
760 846 1057 917 diligis'me,
1081 852 1234 909 pasce
1274 849 1388 888 oves
1432 845 1573 884 meas
1624 825 1808 898 (Joan.
1832 837 1945 919 xm,
1977 817 2066 889 l7)
2098 835 2110 870 :

532 910 657 999 cum
695 910 881 1007 utique
907 948 1013 988 non
1044 929 1300 1000 probetur
1327 931 1517 994 pastor
1537 918 1838 973 animarum
1856 910 2113 972 existere,

534 1033 629 1102 qui
655 1005 929 1085 Christum
954 1018 1295 1077 convincitur
1331 1028 1441 1068 non
1488 1023 1692 1064 amare.
1743 1005 1946 1059 Amare
1989 1015 2118 1055 vero

535 1093 658 1175 eum
687 1123 937 1186 negatur,
967 1111 1059 1180 qui
1084 1113 1355 1177 praecepta
1385 1101 1530 1155 illius
1558 1112 1665 1153 non
1689 1093 1933 1164 sequitur
1951 1129 1967 1156 ,
1993 1102 2116 1144 cum

1415 264 1745 324 RATHEBII
1778 259 1993 319 EPISC.
2033 253 2286 315 VERON.
2324 254 2472 311 OPP.
2516 250 2698 307 PARS
2727 250 2771 305 l.
2860 303 2865 307 .

3690 240 3807 295 ιθῡ

1707 375 1796 431 illa
1822 377 2115 429 occurrunt
2139 370 2189 431 Α
2220 364 2432 437 Oportet
2469 365 2762 435 episcopum
2807 361 2918 414 sine
2968 357 3188 414 crimine
3231 372 3339 411 esse
3384 354 3511 426 (Tit.
3542 371 3580 419 ι,
3609 356 3696 421 7);
3751 365 3811 409 ct

2210 457 2374 528 (quod
2429 455 2658 525 amplius
2693 449 3095 523 impossibile):
3148 446 3650 519 irreprehensibilem
3667 463 3811 506 esse,

2210 550 2366 605 unius
2394 548 2573 603 uxoris
2598 547 2766 601 virum
2807 544 2858 616 (1
2894 544 3030 598 Tim.
3070 558 3149 605 ιιι,
3191 541 3272 612 2),
3296 548 3402 597 etc.
3449 539 3582 606 Qua:
3638 541 3810 596 hodie

2211 657 2343 696 aure
2365 641 2610 709 leguntur
2635 639 2702 694 ab
2727 637 2930 691 eisdem
2948 634 3262 690 surdissima
3284 640 3341 687 et
3356 630 3810 687 ohduratissima.

2214 723 2385 804 Quam
2418 742 2686 788 austeram
2737 727 3087 785 indicibiliter
3135 724 3365 796 eligendi
3419 724 3811 793 episcoporum

2214 826 2453 898 regulam
2480 824 2554 878 illi
2584 821 2729 877 nullo
2756 820 2915 877 modo
2946 817 3183 887 lerigare
3215 822 3497 878 curarunt,
3546 812 3640 883 qui
3697 828 3810 866 non

2216 914 2385 971 semel
2413 919 2712 970 sanxerunt
2743 929 2757 964 :
2794 907 2877 963 Ne
2907 908 3100 979 bigami
3126 906 3405 976 eligantur,
3442 902 3519 958 uel
3544 903 3815 972 recipian-

2217 1017 2305 1061 tur
2328 1005 2395 1060 ad
2420 1004 2634 1059 clerum.
2666 1001 2817 1073 (Vid.
2842 1000 3049 1055 decreta
3077 997 3274 1060 Siricii,
3315 995 3630 1061 Innocentii,
3674 992 3816 1046 Leo-

2220 1096 2476 1165 nis,etc.)
2509 1092 2564 1148 Si
2594 1109 2698 1147 non
2729 1106 2859 1146 vero
2900 1090 2968 1145 ad
3017 1088 3244 1151 clerum,
3293 1084 3565 1155 quomodo
3600 1083 3673 1137 ad
3720 1097 3813 1135 sa-

624 1174 931 1280 Evangelia
946 1174 1146 1257 dixisse
1170 1174 1311 1253 idem
1352 1195 1559 1264 legatur
1592 1207 1606 1243 :
1639 1187 1743 1253 Qui
1774 1183 1939 1237 audit
1967 1178 2120 1280 verba

2245 1184 2554 1240 :erdotium?
2572 1182 2619 1238 0
2643 1196 2771 1236 vero
2801 1180 3011 1234 utinam
3040 1192 3139 1232 nec
3165 1187 3350 1242 natus,
3372 1186 3475 1230 nec
3503 1174 3674 1237 visus,
3714 1186 3818 1225 nec

536 1263 676 1367 ille;
780 1263 905 1367 Facit
929 1311 1014 1360 ea,
1036 1290 1126 1346 ille
1147 1298 1221 1344 est
1242 1288 1334 1359 qui
1355 1284 1524 1354 diligit
1556 1297 1637 1335 me
1663 1277 1843 1350 (Joan.
1864 1288 1981 1367 xlv,
2002 1271 2118 1339 2i).

2245 1275 2456 1341 mditus,
2499 1289 2597 1329 nec
2627 1274 2805 1328 dictus
2831 1286 2900 1326 ex
2926 1268 3117 1325 iisdem
3147 1267 3339 1322 fuisset
3363 1264 3514 1338 (760)
3565 1263 3816 1331 cent'tga-

536 1352 1013 1446 lnterminationes
1037 1394 1168 1436 vero
1189 1376 1456 1432 malorum
1497 1371 1543 1428 si
1585 1369 1790 1425 referre
1838 1365 2124 1420 universas
2225 1382 2368 1429 mus,
2400 1365 2534 1435 proh
2563 1364 2763 1435 pudor!
2793 1362 2901 1431 imo
2933 1361 2989 1415 in
3011 1358 3260 1413 ﬁnitimo.
3279 1393 3295 1412 .
3314 1395 3329 1410 .
3351 1395 3366 1409 .
3385 1393 3402 1410 .
3422 1364 3479 1410 et
3520 1355 3621 1409 hoc
3650 1352 3815 1407 ullus.

538 1479 828 1545 contendo,
854 1485 1024 1533 totum
1056 1484 1278 1529 necesse
1302 1476 1386 1524 est
1429 1461 1841 1535 Evangeliorum
1870 1456 2123 1512 volumen
2227 1459 2375 1532 (76!)
2405 1460 2644 1526 Quorum
2675 1453 2984 1517 multitudo,
3019 1452 3070 1506 id
3103 1459 3213 1516 est,
3232 1450 3600 1509 trecentorum
3625 1445 3819 1499 decem

539 1533 836 1632 revolvam;
869 1566 1021 1621 illum
1048 1562 1317 1633 praecipue
1350 1558 1561 1621 locum,
1588 1533 1694 1609 ubi
1724 1553 1778 1608 in
1811 1549 2034 1606 Scrihas
2072 1554 2129 1604 et
2224 1560 2280 1606 et
2303 1559 2429 1605 octo
2477 1549 2532 1604 in
2578 1562 2645 1604 ea
2694 1552 3141 1617 congregatarum
3189 1547 3406 1595 caterva
3429 1577 3445 1604 ,
3502 1536 3622 1607 ipso
3661 1533 3816 1602 quasi

538 1626 846 1720 malum;
873 1626 1391 1728 atque-hypocritas
1402 1647 1714 1712 invehitur;
1742 1655 1974 1714 quorum
1999 1640 2127 1696 dum
2229 1652 2372 1699 statu
2389 1638 2639 1712 loquendi
2661 1633 3083 1708 perterrefacerc
3105 1632 3351 1687 videatur
3369 1631 3449 1682 uti
3484 1626 3821 1681 audientium

542 1755 749 1811 scelera
787 1715 985 1819 carpil,
1015 1715 1266 1802 omnibus
1284 1736 1809 1814 pseudopraesulibus
1830 1733 1985 1790 istius
1999 1744 2132 1800 quo-
2158 1748 2207 1818 B
2233 1733 2673 1793 universitatem;
2710 1729 2826 1798 ipso
2862 1726 2971 1780 Deo
3003 1721 3263 1779 decrevit,
3308 1728 3366 1773 ut
3412 1715 3639 1772 historia
3692 1729 3850 1783 pro-.

544 1860 652 1916 que
679 1840 938 1912 temporis
968 1834 1350 1909 (ministerium
1395 1831 1567 1901 fateor
1604 1825 1806 1883 imitari
1833 1839 1926 1878 eos
1948 1822 2013 1895 [f.
2037 1835 2131 1875 eo-

548 1937 696 2009 rum]
724 1933 826 1990 nisi
850 1928 1120 2001 desinant)
1143 1926 1484 1983 contradicit.
1518 1924 1690 1994 Opera
1713 1935 1843 1976 vero
1867 1919 1955 1972 illa
1977 1924 2128 1980 sunt,

547 2006 748 2096 quze’et
776 2035 1016 2095 praesens
1050 2017 1196 2073 facto
1245 2018 1310 2070 de
1351 2012 1621 2070 resticulis
1668 2008 1989 2065 monstravit
2028 2006 2130 2060 lla-

549 2114 689 2186 gello
720 2113 902 2183 (Joan.
926 2127 986 2176 ιι,
1021 2107 1132 2179 15),
1175 2115 1378 2161 etcum
1414 2102 1627 2174 nuptias
1680 2099 1775 2154 lilii
1837 2098 2133 2152 intraturus

547 2219 646 2259 rex
676 2202 892 2273 (Matth.
921 2216 1057 2265 χχιι,
1085 2198 1143 2266 2)
1200 2212 1297 2267 per
1349 2191 1799 2265 significationem
1832 2186 2128 2253 asseritur;

548 2304 602 2350 et
633 2309 778 2359 eum,
807 2306 969 2362 quem
992 2305 1096 2344 non
1121 2289 1368 2342 indutum
1392 2291 1541 2339 veste
1566 2279 1793 2352 nuptiali
1844 2276 2131 2341 invenerit,

549 2386 678 2459 'post
706 2382 1138 2453 redargutionem
1171 2377 1350 2449 ligatis
1393 2375 1617 2445 pedibus
1644 2381 1700 2428 et
1729 2371 1980 2426 manibus
2010 2368 2136 2423 mit-

551 2477 771 2533 tendum
796 2476 848 2528 in
877 2471 1129 2528 tenebras
1151 2467 1472 2530 exteriores,
1498 2465 1553 2519 id
1579 2472 1663 2519 est
1708 2463 2033 2535 gehennam,
2059 2470 2136 2513 te-

551 2568 748 2621 statur.
780 2561 1009 2617 Omnem
1036 2558 1344 2627 catalogum
1372 2554 1630 2608 falsorum
1668 2548 1997 2621 poutitieum’
2025 2562 2139 2601 ma—

550 2650 1083 2708 xime'damnaturus
1112 2644 1393 2713 probatur,
1417 2641 1566 2711 (758)
1590 2663 1595 2671 ν
1622 2639 1712 2708 qui
1772 2637 1981 2692 scilicet
2022 2635 2142 2690 sine

554 2739 843 2802 charitate,
878 2736 932 2790 id
960 2742 1046 2791 est
1080 2733 1372 2789 dilectione
1404 2732 1522 2795 Dei,
1570 2737 1625 2784 et
1666 2741 1851 2782 amore
1907 2726 2012 2781 sibi
2073 2725 2140 2781 ad

552 2827 856 2901 regendum
882 2824 1156 2882 commissi
1183 2822 1368 2894 pepuli
1407 2827 1735 2892 putaverunt
1762 2818 1828 2874 ad
1857 2832 1917 2873 se
1969 2815 2140 2887 perti-

474 2955 487 2967 ο
555 2937 706 2988 uere,
744 2919 887 2990 quod
912 2918 987 2974 illi
1033 2917 1207 2989 primo
1250 2924 1473 2986 propter
1529 2912 1772 2968 eamdem
1821 2909 2142 2965 charitatem

561 3016 664 3070 fuit
690 3027 1030 3079 concessum,
1058 3013 1163 3067 hoc
1190 3008 1357 3064 Pasce
1397 3024 1513 3063 oves
1538 3019 1719 3061 meas:
1752 3003 1898 3076 (759)
1932 3016 2055 3059 cum
2080 3000 2143 3055 il-

2239 1828 2339 1890 «ιιι,
2363 1813 2629 1896 praesente
2661 1818 2901 1889 (Nisa-rt;
2929 1830 3047 1886 cap.
3074 1815 3130 1885 ὅ)
3162 1830 3175 1866 :
3207 1832 3223 1864 ι
3258 1809 3538 1865 Interdicit
3583 1822 3681 1877 per
3704 1821 3826 1858 om-

2232 1920 2320 1974 nia
2346 1931 2538 1987 magna
2570 1912 2828 1986 synodus,
2865 1925 2969 1965 non
3007 1907 3284 1977 episcopo,
3340 1912 3448 1958 neu
3480 1900 3826 1971 presbytero,

2231 2020 2336 2062 nun
2365 2005 2513 2077 (762)
2536 2004 2779 2065 diacono,
2815 2014 2921 2055 non
2947 1996 3104 2051 alicui
3152 1993 3391 2054 omnino,
3439 1990 3537 2060 qui
3587 1989 3640 2043 in
3680 1987 3828 2041 clero

2232 2107 2334 2161 est,
2366 2096 2526 2149 licere
2571 2090 3037 2148 subiutr'oJuctam
3090 2086 3291 2140 lmbcre
3341 2081 3620 2136 mulierem
3653 2116 3671 2140 ,
3722 2076 3828 2129 nisi

2235 2186 2649 2245 fortcmatrem,
2702 2188 2798 2236 aut
2846 2192 3113 2240 sororem,
3166 2184 3261 2230 aut
3315 2173 3559 2235 amitam,
3600 2166 3687 2223 vel
3732 2181 3829 2222 eas

2238 2279 2443 2333 tantum
2482 2287 2743 2344 personas
2778 2280 2900 2340 quae
2943 2267 3278 2337 suspiciones
3330 2260 3619 2331 emugiunt.
3655 2278 3673 2309 ι
3737 2256 3827 2309 ιιι.
3926 2258 3930 2261 ’

2235 2372 2390 2444 gilius
2421 2383 2550 2423 vero
2580 2363 2915 2436 Augustinus
2951 2361 3184 2432 (Possm.
3247 2357 3302 2410 in
3358 2353 3497 2419 Vita;
3544 2363 3666 2422 cap.
3694 2349 3824 2420 36):

2243 2440 2262 2512 ἶ
2298 2460 2455 2523 Nolo,
2486 2459 2580 2520 ait,
2614 2469 2770 2510 soror
2820 2466 2939 2507 mea
3007 2463 3217 2505 mecum
3262 2447 3359 2511 sit;
3420 2443 3681 2514 quoniam
3717 2440 3827 2505 illa,

2239 2568 2359 2623 qua:
2387 2566 2507 2606 cum
2542 2561 2728 2603 sorore
2754 2561 2873 2600 mea
2898 2553 3001 2605 est,
3066 2557 3222 2595 soror
3249 2553 3364 2592 mea
3403 2551 3511 2590 non
3535 2545 3642 2590 est.
3680 2553 3701 2586 ι
3733 2532 3823 2586 Di-

2241 2653 2397 2700 cente
2422 2642 2583 2713 igitur
2608 2639 2891 2709 Scriptura
2923 2654 2935 2690 :
2968 2634 3108 2700 Quia
3155 2634 3369 2701 impius,
3397 2645 3517 2683 cum
3558 2627 3752 2682 venerit
3778 2626 3829 2677 in

2241 2734 2562 2807 profundunt
2585 2730 2867 2794 uiolarunt,
2917 2726 3198 2782 contemnit
3251 2721 3433 2796 (Prov.
3469 2723 3626 2784 XVIII,
3649 2719 3739 2782 3);
3776 2718 3828 2770 in

2242 2824 2515 2898 profundo
2541 2818 2985 2893 transgressionis
3037 2826 3308 2871 tantorum
3333 2814 3543 2885 jacens,
3583 2820 3641 2867 et
3687 2809 3831 2864 Psal-

2245 2920 2461 2976 mistam
2492 2917 2715 2973 audiens
2734 2904 3057 2969 clamantem
3086 2928 3099 2963 :
3127 2909 3205 2963 Tu
3257 2906 3524 2962 mandasti
3583 2904 3832 2958 mandato

2248 3021 2340 3065 tua
2362 3007 2614 3064 custodiri
2646 3005 2803 3060 nimis
2829 3001 3004 3076 (l’sal.
3039 3012 3230 3065 cxvnt,
3256 2998 3343 3069 4);
3399 3011 3463 3053 se
3485 3003 3667 3051 autem
3716 3008 3832 3047 svu-

555 3105 627 3160 lic
650 3103 989 3175 praemissum
1026 3099 1211 3165 fuerit,
1262 3097 1321 3153 Si
1378 3096 1555 3167 diligis
1600 3112 1714 3158 me;
1771 3092 1915 3164 quod
1960 3091 2141 3162 utique

2253 3102 2391 3156 tiens
2415 3096 2687 3175 custodire
2717 3110 2819 3150 nec
2839 3108 3059 3164 parum,
3099 3091 3143 3147 si
3172 3089 3554 3160 desperatione
3604 3085 3834 3141 obdura-

560 3195 958 3251 couvincuntur
978 3191 1067 3247 isti
1105 3204 1211 3245 non
1244 3188 1458 3252 fecisse,
1491 3201 1555 3241 ac
1582 3202 1678 3255 per
1700 3186 1804 3239 hoc
1824 3198 1931 3238 non
1961 3190 2151 3252 pasto-

559 3303 667 3355 res,
697 3285 790 3342 sed
818 3285 927 3356 lupi
956 3291 1010 3339 et
1037 3282 1332 3355 hypocrita:
1361 3279 1540 3350 potius
1558 3276 1851 3333 exstitisse.

631 3380 684 3433 7.
708 3377 837 3433 Post
860 3376 962 3432 ista
994 3374 1160 3447 igitur
1180 3382 1287 3428 tam
1318 3371 1507 3436 ardua,
1536 3377 1650 3425 tam’
1695 3367 1882 3424 facere
1941 3364 2151 3421 nolenti

561 3469 836 3549 contraria
863 3476 920 3522 et
951 3464 1320 3535 impossibilia,
1346 3461 1727 3533 prmtermissis
1751 3475 1873 3530 qua:
1926 3459 1978 3513 in
2034 3458 2151 3528 lege

561 3561 729 3633 Moysi
750 3570 798 3615 et
833 3558 1111 3628 prophetis
1137 3565 1189 3611 et
1217 3556 1439 3626 pSahuis
1469 3554 1759 3616 habentur,
1799 3560 1854 3607 et
1884 3549 2149 3620 perinuti-

561 3652 687 3707 liter
711 3652 779 3706 ab
806 3650 1008 3705 eisdem
1032 3648 1314 3725 leguntur;
1342 3645 1501 3715 quale
1528 3651 1612 3699 est
1637 3644 1823 3713 utique
1849 3640 2009 3696 illud:
2041 3638 2149 3707 γω,

563 3742 688 3815 quid
711 3742 948 3812 cegitatis
968 3737 1190 3794 inutile?
1237 3732 1424 3808 (Mich.
1478 3752 1540 3801 ιι,
1572 3736 1649 3807 1.)
1680 3733 1750 3789 Et
1807 3730 1925 3799 Var,
1973 3740 2028 3787 et
2062 3729 2159 3801 Vae,

564 3833 726 3905 34⁸1
751 3831 1025 3887 multoties
1047 3829 1345 3900 pastoribus
1393 3826 1560 3881 Israel
1607 3825 1823 3895 (Ezech.
1858 3828 2043 3889 xxxiv,
2072 3821 2151 3893 ἓ),

566 3931 623 3979 et
648 3922 755 3977 illis
809 3931 972 3991 atque
1029 3920 1162 3984 illis;
1223 3916 1628 3972 Etzﬂaledicti
1674 3916 1763 3987 qui
1810 3914 2073 3969 declinant
2122 3927 2156 3966 α

568 4010 834 4064 mandatis
881 4010 982 4061 tuis
1016 4007 1232 4077 (Matth.
1280 4020 1437 4068 χχιιι,
1498 4005 1609 4074 l5).
1670 4002 1782 4057 Et:
1819 4001 2153 4077 Maledictus,

568 4100 658 4169 qui
689 4115 816 4168 opus
845 4074 1059 4151 Domini
1089 4097 1265 4167 fecerit
1288 4094 1605 4165 negligenter
1627 4092 1797 4162 (Psal.
1830 4080 2019 4159 cxvm,
2040 4074 2161 4161 21);.

569 4196 627 4245 et
660 4187 766 4243 illis
789 4199 954 4258 atque
977 4185 1102 4253 illis,
1157 4200 1278 4255 qua:
1305 4184 1486 4239 omnia
1536 4185 1618 4240 sui
1650 4181 1897 4248 oﬁ‘erent,
1927 4182 2020 4238 sed
2053 4197 2156 4238 no-

571 4280 806 4335 lentibus
858 4274 1588 4350 impossibilitatemjfadeSt
1644 4272 1979 4345 Apostolus,
2024 4272 2183 4330 Cato.

573 4366 739 4424 veluti
764 4366 969 4440 rigidus
1009 4365 1176 4432 alter;
1222 4374 1278 4421 et
1325 4352 1483 4436 quasi
1524 4363 1866 4435 omnigenam
1918 4363 2158 4419 adimere

2252 3199 2360 3255 tur,
2389 3188 2659 3243 mirumne
2692 3185 2787 3239 tibi
2828 3183 3076 3239 videtur?
3103 3180 3400 3252 prmscrtim
3424 3178 3469 3233 si
3504 3176 3695 3232 Jacobi
3726 3189 3834 3228 mo—

2252 3280 2428 3336 derari
2451 3277 2656 3333 nesciat
2679 3274 3009 3329 scrutantium
3036 3270 3266 3327 dicentis
3302 3280 3319 3321 ξ
3343 3267 3448 3333 Qui
3472 3268 3654 3320 inuno
3678 3264 3835 3334 afen-

2252 3373 2405 3430 derit,
2428 3370 2522 3423 erit
2550 3367 2780 3421 omnium
2814 3380 2931 3419 reus
2958 3364 3098 3434 (lac.
3130 3377 3192 3428 rt,
3226 3360 3338 3432 10).

2322 3462 2375 3516 8.
2406 3459 2542 3514 Ecce
2572 3470 2753 3518 causa,
2781 3468 2909 3511 ecce
2929 3453 3167 3519 occasio,
3197 3466 3362 3523 quam
3392 3449 3585 3505 saeculi
3609 3458 3834 3519 praeten-

2253 3552 2387 3607 dunt
2420 3557 2713 3612 amatores,
2734 3559 3002 3601 canonum
3037 3553 3483 3615 transgressores,
3506 3538 3834 3610 impossibile

2255 3643 2371 3700 fore
2392 3644 2631 3699 dicentes
2683 3649 2740 3695 ut
2772 3639 2978 3705 omnia,
3000 3650 3120 3709 quae
3154 3639 3207 3691 in
3236 3634 3536 3693 c’anonilius
3563 3626 3834 3705 leguntur,

2254 3736 2634 3799 observentur,-
2665 3726 2824 3801 atque
2853 3721 2988 3786 adeo
3019 3716 3262 3799 plerique
3306 3726 3706 3797 desperationis
3733 3725 3836 3780 de-

2256 3813 2416 3881 moue
2443 3824 2551 3879 acti
2576 3822 2909 3879 insanientes
2948 3838 2963 3873 :
2994 3829 3054 3874 ut
3081 3814 3391 3888 unperrinie
3441 3817 3593 3872 hisce
3620 3814 3835 3870 auribus

2255 3915 2556 3977 hauserim,
2578 3912 2864 3982 quemdam
2918 3909 3238 3981 episcopalis
3286 3906 3513 3972 ordinis,
3566 3903 3838 3961 refellendi

2255 4021 2444 4062 omnes
2474 4003 2785 4073 Scripturas
2833 3993 3139 4072 gehennam
3187 3999 3567 4070 promittentes
3623 3983 3837 4058 intuitu,

2255 4098 2326 4153 de
2349 4092 2464 4166 ipso
2488 4095 2785 4164 Evangelia
2805 4092 3008 4148 dixisse
3033 4112 3048 4146 :
3069 4089 3223 4161 (765')
3257 4089 3409 4155 Quod
3430 4089 3491 4143 in
3534 4087 3673 4158 pelle
3693 4087 3840 4141 acina

2255 4187 2521 4251 scribitur,
2544 4186 2682 4239 idem
2713 4193 2762 4239 et
2784 4182 3009 4255 legitur;
3031 4180 3191 4253 quasi
3216 4188 3276 4236 ut
3302 4181 3507 4235 veritas
3530 4219 3546 4246 ,
3571 4176 3839 4248 ita‘possit

2258 4279 2312 4333 in
2337 4277 2629 4349 Evangelio
2651 4275 2817 4348 348
2839 4284 2895 4330 et
2919 4274 3259 4330 mendacium
3283 4270 3573 4328 contineri;
3626 4268 3764 4325 Nam
3791 4277 3839 4319 rt

2258 4383 2358 4440 ego
2393 4369 2506 4438 ipse
2538 4368 2692 4439 (764)
2741 4367 3037 4437 quondam,
3083 4380 3207 4422 cum
3254 4363 3517 4435 imperiali
3574 4373 3842 4432 praecepto

583 4460 782 4533 gestiat
804 4457 1091 4516 aﬂ'ectandi
1117 4458 1488 4531 episcOpatum
1513 4457 1817 4525 audaciam,
1840 4456 2156 4529 proclamat:
2187 4452 2239 4514 D
2268 4474 2581 4533 urgeremur
2602 4459 2837 4515 Gai-dam
2868 4457 3118 4514 obsidere
3166 4460 3423 4520 castrum,
3482 4462 3541 4509 et
3583 4453 3841 4526 episcopi.

574 4636 766 4687 verum
795 4631 959 4688 etiam
995 4633 1119 4703 quia
1154 4631 1272 4703 haec
1296 4631 1543 4701 scripsit,
1573 4645 1695 4687 cum
1724 4629 1863 4703 idem
1918 4627 2163 4701 pontifex

577 4704 877 4773 Romanam
937 4701 1135 4773 sedem”
1170 4701 1706 4773 ja‘m’recuperasset
1756 4702 1975 4773 ineunte
2022 4713 2164 4773 anno

578 4772 704 4854 9_6.i,
737 4789 801 4828 ac
835 4771 1073 4854 beonem
1095 4769 1209 4827 Vill
1237 4769 1547 4854 antipapa‘m
1574 4773 1716 4854 inea
1748 4769 2163 4854 pseudosy‘nodo

577 4842 911 4912 electum,‘in
937 4842 1182 4898 Romano
1210 4841 1441 4898 concilio
1472 4841 1824 4912 depOsuisset.

650 4913 797 4984 (757)
818 4906 925 4968 Ubi
952 4923 1149 4984 puncta
1181 4913 1507 4984 notavimus,
1540 4906 1672 4984 erat
1690 4912 1742 4965 in
1788 4909 2021 4981 vulgatis
2040 4925 2158 4984 quia

576 4979 715 5055 post,
739 4979 969 5062 omnino
988 4983 1272 5062 mendose;
1302 4981 1382 5036 vel
1412 4981 1456 5036 si
1486 4982 1736 5062 mendum
1765 4988 1870 5035 no‘n
1889 4979 2018 5045 ‘est,
2059 4979 2157 5034 ali-

2511 4630 2692 4709 Yulg.,
2719 4632 2809 4706 qui
2835 4648 2977 4709 cuin,
3007 4629 3098 4687 ubi
3130 4631 3222 4709 qui
3251 4629 3532 4685 delendum
3558 4626 3681 4686 fuit.

2334 4703 2482 4783 (760)
2513 4700 2873 4783 Conliguntur,
2911 4701 3077 4783 idnest
3118 4701 3212 4770 qui
3258 4710 3472 4783 centum
3524 4716 3633 4783 seu.
3668 4700 3847 4772 plures

2263 4770 2520 4828 mulieres
2543 4770 2903 4841 cognovisset.
2955 4770 3085 4826 Dein
3136 4785 3287 4826 num.
3330 4772 3423 4836 14,.
3480 4770 3845 4840 multighntum

2262 4852 2438 4898 voeaL

2337 4912 2484 4984 (76l)
2512 4912 2779 4984 construe
2815 4925 2830 4965 :
2861 4910 3097 4984 Quorum
3117 4911 3336 4966 Patrum
3363 4919 3715 4984 trecentorum
3759 4885 3844 4962 dc-

2273 4981 2382 5037 ccnt
2407 4994 2451 5036 et
2488 4993 2601 5062 octo
2628 4981 2929 5062 multitudo,
2954 4981 3011 5062 ἱᾴ
3038 4991 3117 5062 ait
3137 4990 3567 5062 congregatarum
3596 4981 3653 5032 in
3676 4995 3738 5032 ea
3760 4996 3845 5031 ca-
