4032 5354
191 322 311 393 ἰῐνι

1181 342 1269 397 DE
1306 340 1727 399 CONTEMPTU
1766 340 2119 400 CANONUM.
2161 376 2231 385 —
2267 346 2446 404 PARS
2483 350 2522 404 l.

3384 360 3489 415 498

204 458 257 503 et
280 448 473 505 clerici
506 446 667 505 istius
719 446 1036 521 provinciaz,
1101 468 1209 509 non
1261 455 1479 524 quidem
1522 455 1795 526 religionis
1823 456 1869 514 Λ
1897 452 2075 521 fateri,
2099 458 2191 512 sed
2213 460 2423 529 pulsum
2452 477 2482 515 a
2510 461 2724 533 propria
2752 464 2880 521 sede
2910 464 2986 538 [id
3013 477 3087 522 est
3107 483 3135 523 a
3164 467 3440 526 Veronen.
3458 473 3481 541 ι,

206 556 417 605 amore,
448 543 542 596 sed
575 541 773 596 laboris
802 544 1158 598 obtenderent
1185 545 1326 609 odio,
1358 546 1440 599 sui
1471 546 1572 599 hoc
1594 546 1797 609 ordinis

204 631 436 685 minime
467 632 604 697 fore,
629 633 912 702 petulanti,
942 644 999 688 ut
1024 649 1185 703 saepe,
1206 634 1457 705 respondi
1508 649 1791 689 sermone:

204 718 273 773 l’t
304 739 415 776 non
446 724 770 792 permittunt
791 740 1026 780 canones
1052 725 1251 780 clerico
1275 739 1541 795 pugnare,
1567 726 1641 779 ita
1696 740 1796 779 nec

202 820 481 879 stuprare.
520 812 610 867 νω
638 815 805 879 enim,
838 816 915 869 ait
936 817 1154 885 quidam
1182 816 1397 872 mentiri
1423 817 1657 878 nescius,
1706 815 1797 870 Va:

200 905 368 969 robis,
413 904 617 960 Scribe
648 916 697 961 et
728 906 990 962 Pharisa-i
1013 910 1319 979 hypocrita,
1354 910 1483 979 quia
1526 909 1796 964 decimatis

200 996 495 1061 mentitam,
532 1006 579 1050 ct
602 1000 872 1064 anethum,
911 1011 958 1053 et
982 1002 1265 1069 cyminum,
1293 1010 1341 1055 et
1371 1000 1653 1071 reliquistis
1679 1017 1796 1072 quae

200 1088 452 1155 graviora
497 1084 814 1161 suut'legis,
850 1092 1135 1161 judicium,
1187 1103 1233 1147 et
1280 1094 1717 1159 misericordiam,
1747 1099 1797 1148 et

198 1178 361 1242 ﬁdem
386 1178 604 1248 (Matth.
638 1197 794 1247 χχιιι,
820 1182 935 1251 25).

274 1269 329 1323 9.
367 1269 501 1323 Cum
541 1272 774 1342 quodam
808 1273 970 1327 etiam
1002 1273 1068 1327 de
1117 1276 1536 1331 iutronizatione
1577 1277 1794 1335 Leodici

202 1360 329 1413 dum
360 1363 744 1417 contenderem
775 1379 917 1431 mea,
948 1368 1165 1421 conanti
1203 1368 1332 1423 milii
1380 1371 1700 1426 auctoritate
1734 1372 1797 1425 il-

202 1451 311 1504 lam
350 1454 491 1507 tueri
523 1454 750 1511 Autberi
795 1442 982 1527 papae,
1018 1459 1105 1513 ille
1154 1461 1386 1517 instabat
1417 1464 1649 1534 capitula
1691 1466 1792 1519 ista

201 1542 309 1627 duo
333 1544 681 1601 Sat-dicensis
708 1549 923 1604 concilii
945 1554 1299 1620 opponendo!
1324 1555 1495 1626 (epist.
1513 1556 1607 1610 sub
1624 1556 1789 1628 init.).

202 1624 313 1699 (Ea;
342 1637 503 1690 Dion.
528 1639 776 1710 Exiguo).
810 1659 827 1691 ι
862 1640 1023 1697 Osius
1047 1624 1527 1715 episc0pusdixit:
1556 1647 1671 1701 Non
1694 1624 1793 1702 mi-

200 1744 301 1781 nus
325 1730 469 1781 mala
501 1734 854 1796 consuetudo,
894 1748 1057 1804 quam
1097 1738 1403 1805 perniciosa
1464 1740 1788 1809 corruptela,

1898 549 2247 603 necessitate
2279 553 2762 619 coactumadiisse
2812 564 2939 619 tunc
2998 560 3255 629 temporis
3301 560 3483 632 piissi-

1896 651 2043 689 mum
2093 637 2240 708 (765)
2290 655 2432 695 nunc
2491 641 2760 698 tl'esarem
2811 644 3260 713 gloriosissimum
3310 648 3489 711 illum,

1897 742 2060 797 super
2118 729 2220 783 hoc
2268 732 2607 790 consuluisse
2664 736 2951 804 praesulum
2990 739 3313 807 concilium;
3369 739 3489 795 illos

1896 832 2024 873 vero
2053 820 2476 877 misericorditer
2520 838 2607 878 me
2635 824 2882 895 elegisse,
2920 837 2972 882 et
3012 829 3196 898 populi
3257 845 3486 887 assensu

1896 910 2593 978 conjuncto,fraternaliter
2639 914 3034 983 intronizasse,
3068 918 3217 989 (766)
3269 920 3478 975 utilita—

1896 997 1967 1053 tis
1992 999 2156 1053 etiam
2186 1002 2469 1057 occasione
2492 1003 2633 1072 quod
2656 1004 2871 1060 illorum
2919 1007 3011 1072 sit,
3059 1009 3478 1078 praetenderam.

1894 1086 2135 1158 Cumque
2164 1104 2262 1143 nec
2293 1090 2485 1146 talibus
2514 1092 2589 1146 illi
2622 1092 2768 1165 (767)
2797 1095 3070 1150 silentium
3116 1096 3282 1168 349
3311 1097 3483 1169 impo-

1896 1194 2025 1233 nere
2058 1180 2363 1246 valuissem,
2403 1182 2587 1237 auditu
2640 1186 2872 1254 quodam
2921 1188 3285 1255 comperiens,
3326 1189 3481 1258 igna‘

1896 1286 1988 1325 rus
2011 1280 2189 1324 utrum
2228 1272 2493 1327 veraciter
2521 1273 2647 1327 licet
2691 1289 2813 1330 eum
2837 1275 2952 1331 fore
3001 1278 3275 1345 uxorium,
3327 1278 3477 1351 (768.)

1895 1359 2217 1429 ampullatus
2238 1369 2523 1429 potestate,
2556 1362 2684 1418 licet
2712 1381 2815 1419 non
2846 1374 2967 1422 actu
2990 1408 3003 1433 ,
3057 1368 3201 1424 hunc
3259 1370 3308 1425 ei
3357 1372 3479 1426 red-

1894 1450 2004 1511 didi
2036 1460 2387 1523 auapzestum.
2420 1452 2476 1507 ln
2512 1453 2824 1510 Canonibus
2867 1458 3257 1527 apostolorum,
3303 1462 3347 1515 si
3394 1470 3475 1515 ta-

1895 1556 2017 1599 men
2039 1558 2133 1597 eos
2180 1551 2236 1597 ut
2286 1545 2623 1614 apocryphos
2646 1560 2750 1600 non
2795 1548 3029 1616 respuis,
3082 1550 3235 1605 titulo
3282 1550 3478 1622 legitur

1895 1646 2027 1694 xvn,
2056 1641 2110 1686 et
2130 1633 2321 1687 concil.
2353 1632 2671 1689 Laodicensi
2717 1636 2799 1690 tit.
2854 1654 2894 1704 ι,
2946 1639 2998 1692 in
3046 1640 3277 1696 decretis
3330 1657 3479 1712 papa:

1896 1723 2075 1778 Siricii
2106 1724 2189 1778 tit.
2222 1740 2302 1789 xi,
2328 1725 2380 1778 in
2403 1724 2638 1784 decretis
2664 1725 2961 1789 Innocentii
2991 1744 3142 1799 papa:
3188 1730 3269 1785 tit.
3322 1747 3377 1785 χι
3425 1741 3482 1787 et
3574 1792 3581 1800 ε

198 1820 441 1875 funditus
466 1822 785 1877 eradicanda
804 1834 907 1879 est.
941 1825 1018 1879 Ne
1036 1827 1118 1880 cui
1144 1828 1325 1895 itaque
1352 1828 1509 1882 liceat
1532 1831 1783 1900 episcopo

1890 1830 1965 1867 xu
1993 1823 2048 1869 et
2078 1830 2196 1878 xm,
2229 1830 2441 1869 necnon
2469 1824 2519 1869 et
2552 1832 2701 1880 xxix,
2728 1816 2875 1887 (769)
2907 1819 2956 1874 in
2986 1820 3218 1897 decretis
3266 1836 3479 1891 quoque

198 1910 262 1963 de
284 1910 503 1965 civitate
527 1928 621 1965 sua
652 1914 719 1967 ad
756 1915 915 1971 aliam
968 1919 1202 1972 transire
1231 1920 1529 1973 civitatem.
1565 1921 1787 1976 Manife-

196 2012 277 2056 sta
327 2011 413 2056 est
462 2005 605 2057 enim
637 2021 795 2060 causa
821 2047 835 2071 ,
871 2023 974 2076 qua
1018 2009 1120 2065 hoc
1166 2008 1345 2065 facere
1381 2020 1623 2078 tentant;
1663 2030 1787 2067 cum

195 2090 386 2147 nullus
409 2093 462 2147 in
487 2094 587 2149 hac
612 2111 671 2150 re
709 2097 957 2152 inventus
980 2098 1374 2169 sitepiscopus,
1424 2104 1515 2172 qui
1554 2104 1623 2157 de
1666 2120 1785 2158 Illa-

188 2182 307 2251 jore
343 2184 565 2240 civitate
596 2188 664 2239 ad
718 2188 979 2243 minorem
1037 2192 1309 2245 transiret.
1364 2193 1513 2248 Unde
1564 2204 1788 2264 apparet

196 2276 435 2331 avaritia:
462 2280 660 2335 ardore
681 2297 777 2335 eos
804 2282 1148 2349 inﬂammari,
1174 2294 1229 2339 ct
1249 2286 1529 2340 ambitioni
1558 2288 1782 2352 servire,

197 2376 247 2420 et
280 2368 785 2424 ntdominationem
809 2382 991 2440 agant,
1014 2374 1241 2429 ambire.
1269 2375 1324 2429 Si
1367 2377 1618 2431 omnibus
1667 2378 1784 2446 pla-

195 2466 294 2519 cet,
334 2455 643 2524 lmjusmodi
676 2461 941 2527 pernicies
967 2464 1210 2517 severius
1256 2473 1310 2519 et
1348 2467 1619 2521 austerius
1666 2468 1787 2520 vin-

196 2547 423 2615 dicetur,
481 2560 541 2604 nt
584 2566 685 2605 nec
736 2550 924 2606 laicam
973 2556 1401 2610 cetumunionem
1454 2558 1647 2613 habeat
1695 2560 1783 2628 qui

194 2638 316 2693 talis
347 2648 448 2693 est.
482 2640 901 2711 Responderunt
926 2644 1162 2699 universi
1187 2661 1202 2699 :
1231 2646 1428 2701 Placet.
1462 2666 1479 2699 ι
1536 2648 1596 2701 ll.
1650 2648 1784 2703 Item

190 2731 254 2782 de
285 2731 466 2783 iisdem
497 2720 773 2802 cpis‘cOpis,
808 2743 864 2787 ut
886 2736 931 2787 si
958 2722 1052 2805 per
1090 2738 1424 2791 ambitionem
1464 2740 1636 2793 sedem
1670 2758 1785 2797 mtt-

189 2823 433 2887 tarerint,
462 2840 554 2877 nec
582 2825 636 2879 in
665 2826 808 2878 exitu
833 2829 1245 2881 communionem
1266 2829 1452 2883 Iaicam
1472 2848 1786 2902 consequan-

190 2922 293 2964 tur.
338 2912 541 2967 «Osius
597 2915 884 2984 episcopus
933 2916 1110 2971 dixit:
1145 2919 1367 2973 Etiamsi
1417 2920 1535 2975 talis
1591 2922 1785 2992 aliquis

190 3003 467 3056 exstiterit
545 3007 871 3061 temerarius
906 3048 920 3072 ,
965 3018 1025 3062 ut
1081 2998 1329 3064 fortassis
1381 3002 1782 3067 excusationem

190 3090 448 3157 atterens,
481 3105 781 3159 assereret,
819 3098 962 3165 quod
988 3090 1169 3167 populi
1224 3100 1433 3155 litteras
1463 3104 1735 3171 acceperit
1764 3120 1778 3169 ;

1889 1922 2038 1977 papa:
2063 1906 2257 1961 Leonis
2288 1909 2367 1961 tit.
2398 1924 2455 1984 ιι,
2483 1911 2811 1978 praccipitur,
2840 1919 2897 1969 ut
2919 1912 3115 1981 bigami
3145 1931 3249 1968 non
3282 1914 3480 1969 admit-

1890 2004 2072 2057 tuntur
2094 2000 2159 2052 ad
2189 1999 2392 2054 clerum
2422 2008 2495 2066 et,
2530 2000 2787 2057 miserum
2811 2004 2924 2059 me!
2947 2043 2962 2067 ,
3006 2004 3051 2057 si
3094 2020 3199 2059 non
3258 2006 3327 2060 ad
3365 2005 3482 2061 cle-

1890 2102 2030 2164 rium,
2055 2087 2325 2157 quomodo
2353 2088 2427 2145 ad
2451 2091 2875 2151 sacerdotium?
2903 2107 3025 2146 cum
3076 2109 3184 2148 non
3230 2102 3479 2165 oporteat

1888 2183 1939 2235 in
1966 2183 2165 2251 nuptiis
2192 2183 2388 2253 bigami
2420 2183 2608 2241 saltem
2628 2185 2894 2253 prandere
2926 2186 3297 2257 presbyteros,
3345 2201 3475 2240 con-

1887 2275 2109 2342 ciliosie
2137 2274 2564 2330 Neocresariensi
2590 2274 2799 2330 dicente
2817 2289 2936 2343 cap.
2968 2292 3039 2329 ru
3066 2295 3078 2329 :
3104 2274 3475 2345 Presbyterum

1885 2364 1938 2418 in
1971 2364 2165 2433 nuptiis
2196 2364 2386 2434 bigami
2430 2364 2689 2433 prandere
2730 2382 2833 2418 non
2862 2366 3135 2429 conuenit;
3179 2366 3302 2435 quia
3355 2380 3474 2419 cum

1885 2454 2183 2523 pauitantia
2209 2454 2443 2523 bigamus
2464 2464 2627 2523 egeat,
2669 2454 2784 2521 quis
2813 2455 2909 2508 erit
2957 2456 3221 2525 presbyter
3240 2456 3329 2525 qui
3349 2471 3473 2524 pro-

1885 2556 1997 2615 pter
2026 2545 2312 2598 convivium
2340 2545 2751 2616 talibusnuptiis
2782 2547 2944 2615 possit
2998 2548 3225 2616 prwbere
3254 2562 3474 2601 consen-

1884 2639 2044 2691 sum?
2073 2640 2147 2692 De
2177 2639 2491 2694 multinubis
2512 2654 2662 2705 vero,
2712 2641 2843 2710 quid
2901 2641 2955 2694 in
3005 2640 3235 2695 concilio
3282 2639 3472 2695 eodem

1887 2728 2031 2798 (770)
2057 2728 2283 2799 legatur,
2313 2729 2523 2799 inquire
2550 2730 2633 2783 tit.
2652 2745 2735 2783 ιιι.

1962 2818 2047 2873 t0.
2086 2820 2216 2873 Cum
2252 2820 2356 2873 alia
2406 2828 2568 2888 atque
2596 2820 2699 2874 alia
2732 2820 3063 2888 respondere
3096 2820 3337 2889 gestiens
3360 2818 3470 2872 ritu

1886 2909 2121 2979 garriret
2157 2908 2507 2979 lymphatico,
2552 2918 2609 2964 et
2651 2908 2869 2964 inﬂatus
2908 2910 3167 2964 hesterno
3200 2920 3386 2973 venas,
3416 2916 3479 2960 ut

1889 3018 2127 3072 semper,
2161 3002 2367 3057 laccho,
2400 3002 2572 3073 (771),
2619 3002 2687 3056 ad
2737 3001 2945 3056 tabulas
2995 3002 3215 3071 insuper
3267 2999 3478 3055 luderet

1888 3093 2118 3161 alearias
2146 3092 2321 3165 (Vino.
2355 3094 2516 3165 eclog.
2542 3110 2614 3159 vi,
2648 3113 2694 3149 υ.
2734 3094 2851 3165 15),
2884 3094 3253 3149 stomachatus
3280 3093 3502 3153 iterum,

188 3198 311 3236 cum
339 3183 689 3237 manifestum
715 3185 785 3239 sit
828 3188 1066 3256 potuisse
1119 3204 1415 3257 paucorum
1456 3191 1675 3260 prtemio
1724 3198 1780 3247 et

1888 3198 1987 3254 ego
2020 3204 2032 3239 :
2069 3184 2133 3239 Ni
2166 3200 2400 3241 canones
2434 3185 2800 3255 apostolorum
2833 3200 2956 3239 cum
3012 3184 3143 3255 ipsis
3188 3197 3474 3252 respueros

185 3272 442 3327 mercede
470 3276 746 3344 corrumpi
794 3292 887 3329 eos
922 3274 1015 3345 qui
1052 3278 1321 3333 sinceram
1346 3279 1504 3334 fidem
1533 3297 1640 3337 non
1680 3282 1777 3336 lia-

184 3362 335 3424 bent,
362 3370 425 3414 ut
456 3362 759 3418 clamaaent
791 3366 841 3418 in
882 3367 1130 3433 ecclesia,
1174 3379 1228 3422 et
1260 3369 1433 3437 ipsum
1466 3378 1651 3440 petere
1696 3371 1779 3425 vis

182 3451 447 3506 derentur
476 3453 789 3522 episcopum
817 3473 828 3508 :
854 3457 1073 3512 omnino
1103 3457 1200 3512 has
1246 3457 1459 3515 fraudes
1515 3460 1777 3515 damnan-

183 3543 279 3598 das
306 3558 435 3598 esse
469 3544 709 3599 arbitror
734 3586 749 3609 ,
779 3546 849 3601 ita
876 3556 932 3601 ut
958 3562 1058 3603 nec
1088 3547 1279 3603 laicam
1306 3550 1359 3604 in
1391 3549 1498 3603 ﬁne
1526 3565 1773 3605 commu—

181 3635 405 3690 nionem
433 3635 554 3691 talis
593 3637 844 3706 accipiat.
886 3638 951 3692 Et
994 3640 1040 3693 si
1085 3641 1237 3696 vobis
1287 3642 1537 3696 omnibus
1577 3642 1771 3712 placet,

178 3726 431 3781 statuite.
458 3726 711 3798 Synodus
739 3729 1016 3799 respondit
1045 3748 1058 3783 :
1083 3728 1288 3786 Placet.
1323 3750 1342 3782 ι
1385 3732 1609 3786 Anxiari
1652 3747 1771 3804 ego,

180 3834 282 3873 uec
303 3818 554 3874 avaritiae
588 3833 776 3885 causa,
831 3820 1211 3893 velsuperbize
1253 3837 1339 3877 me
1386 3823 1772 3880 intronizatum

177 4031 283 4075 etc.
344 4022 811 4094 Quoudam__vero
866 4023 1038 4093 inquit
1064 4024 1129 4079 de
1184 4041 1274 4087 re,
1328 4040 1447 4094 qua!
1493 4026 1771 4083 acciderat

177 4093 324 4231 gitiqa
357 4108 557 4215 annfum
584 4092 712 4158 962,
760 4094 900 4162 quod
944 4092 1067 4150 ’fuse
1111 4092 1494 4166 explicavimus
1551 4099 1605 4152 in
1654 4100 1771 4153 Vita

271 4182 328 4227 δ,
360 4177 413 4215 ιιι
468 4176 576 4216 me.
868 4175 884 4193 ’

271 4182 328 4227 δ,
360 4177 413 4215 ιιι
448 4175 576 4216 nne.
868 4175 884 4193 '

248 4275 401 4350 (765)
431 4272 588 4350 ,Ὑρίης
620 4274 723 4350 ait,
754 4277 1044 4350 quiatuue
1065 4296 1185 4333 cum
1216 4280 1414 4334 electus
1443 4280 1540 4335 fuit
1563 4282 1771 4350 episco-

177 4360 277 4419 pus
312 4345 664 4419 Leodicensis
696 4347 985 4419 annoQSZ’),
1020 4349 1148 4404 Otto
1191 4351 1423 4403 nondum
1478 4345 1773 4419 imperator

177 4414 361 4495 torrat
383 4416 746 4481 renuntiatus,
782 4418 855 4470 uti
883 4429 1195 4483 eratnunc,
1252 4436 1371 4474 cum
1420 4414 1583 4475 hocce
1635 4437 1772 4491 Opus

174 4492 412 4554 scripsit.

245 4546 613 4651 (766)_ld_est,
666 4578 937 4651 occasione
990 4582 1149 4634 etiam
1196 4581 1353 4651 quod,
1401 4581 1514 4636 lucc
1568 4580 1774 4638 scilicet
1812 4546 1858 4603 D

174 4646 421 4719 llzitlierii
454 4647 673 4719 electio,
724 4649 789 4701 sit
822 4648 1064 4704 utilitatis
1114 4646 1346 4703 illorum.
1397 4651 1548 4707 lluuc
1596 4653 1770 4719 locum

177 4714 410 4791 miriﬁce
432 4718 709 4791 explicant
732 4719 897 4791 corcvi
923 4722 1222 4791 scriptores
1246 4722 1512 4791 Rotgerus
1552 4723 1603 4775 in
1652 4718 1773 4777 Vita

176 4789 230 4838 S.
261 4786 526 4841 Brunonis
542 4786 932 4857 archiepiscopi
958 4786 1293 4845 Coloniensis
1320 4786 1438 4857 cap.
1464 4791 1550 4853 54,
1578 4792 1773 4845 etFul-

174 4857 366 4929 cuinus
396 4857 661 4929 de_abbat.
692 4856 1030 4929 Labieusibus
1055 4861 1283 4929 eap.25,
1300 4856 1528 4928 quarum
1546 4862 1683 4915 alter
1706 4879 1771 4916 ex

176 4927 348 4999 altero
371 4927 557 4999 eadem
576 4940 747 4999 prope
776 4928 933 4981 verba
951 4927 1254 4999 exscripsit.
1287 4927 1599 4984 [{atherium
1627 4932 1769 4986 enim

177 4996 379 5069 idcirco
409 4997 475 5049 ad
508 4997 899 5069 Leodicensem
929 5000 1109 5054 sedem
1130 4996 1441 5068 promotum
1477 5008 1766 5069 testantur,

177 5068 295 5139 quia
313 5067 649 5139 Anonmeidem
683 5066 914 5120 ecclesia:
957 5066 1257 5122 solum—cui
1301 5066 1669 5139 pra'fuit,'sed
1722 5082 1770 5125 et

178 5136 350 5187 multis
384 5135 501 5189 aliis
528 5140 921 5219 circum/urique
947 5135 1424 5220 ualde-proﬁcuum
1471 5140 1583 5207 fore
1611 5150 1766 5220 puta-
1785 5148 1796 5162 ‘

178 5216 281 5244 tum
306 5214 379 5244 ac!
401 5222 413 5233 ο
441 5222 501 5244 nn
527 5216 793 5244 nrmlnu-nn
828 5209 948 5244 nnin
988 5209 1038 5244 ε..
1066 5208 1170 5244 ὅΙΙίο
1196 5211 1429 5244 nus-tilum
1555 5210 1764 5244 ηυὶιΙιηη

1884 3276 2165 3345 apostolis,
2190 3278 2427 3330 dicerem
2459 3276 2556 3330 tibi
2594 3276 2645 3329 in
2662 3275 2961 3330 canonibus
2975 3274 3242 3329 contineri
3264 3274 3473 3331 eisdem

1883 3370 1967 3424 tit.
2004 3385 2109 3423 xui
2153 3378 2209 3423 et
2258 3384 2411 3433 suit,
2438 3369 2578 3437 quod
2607 3369 2910 3437 episcopus,
2944 3368 3247 3438 presbyter,
3276 3374 3333 3420 et
3354 3366 3472 3420 dia-

1883 3476 2053 3516 conus
2074 3461 2279 3515 aleator
2305 3469 2359 3514 et
2386 3460 2654 3522 ebriosus,
2683 3468 2739 3511 ut
2769 3469 2842 3522 tu,
2878 3473 3000 3512 esse
3026 3472 3132 3521 non
3163 3456 3389 3521 debeat;
3415 3464 3473 3510 et

1880 3553 1927 3607 si
1978 3551 2166 3615 fuerit,
2219 3560 2312 3603 aut
2363 3548 2590 3613 desinat,
2652 3558 2746 3602 aut
2800 3548 3122 3615 deponatur.
3180 3544 3335 3610 Quod
3363 3557 3470 3597 non

1882 3640 2097 3695 licuerit
2149 3654 2364 3709 quoque
2421 3638 2515 3693 tibi
2572 3655 2600 3692 a
2658 3648 2747 3692 tua
2810 3638 3039 3693 ecclesia
3076 3636 3225 3705 (plus
3293 3636 3466 3690 tribus

1880 3729 2307 3785 hebdomadibus
2358 3728 2569 3792 deesse,
2622 3743 2774 3782 conc.
2842 3727 3184 3782 Sardicensis
3238 3728 3321 3780 tit.
3378 3742 3468 3789 xv,

1879 3834 2059 3891 qurere
2081 3819 2251 3886 (772).
2276 3817 2468 3880 Utrum
2490 3819 2649 3897 liceat
2671 3819 2834 3874 etiam
2885 3820 3002 3885 tibi,
3030 3828 3087 3874 ut
3111 3835 3141 3873 a
3166 3817 3459 3887 majoribus

1878 4016 2022 4071 nulla
2053 4015 2256 4072 occasio
2285 4015 2711 4072 scandalioosset
2762 4016 2817 4070 in
2863 4031 3043 4071 eorum
3091 4015 3331 4085 episcopo
3372 4029 3456 4067 re-

1907 4104 2051 4142 erm.

1872 4104 2097 4228 per(176.7)
2128 4156 2282 4228 Apud
2309 4155 3048 4228 Aelierium(similitudinem,
3078 4164 3134 4210 et
3162 4156 3320 4226 paulo
3340 4165 3463 4226 post

1876 4226 2372 4298 auditu‘quoudaut.
2420 4226 2710 4282 Novissimi
2751 4227 2975 4281 editoris
3009 4227 3321 4282 emendatio
3348 4228 3462 4296 pla-

1878 4298 2009 4353 cuit.
2481 4349 2514 4355 ._

1950 4365 2099 4438 (768)
2139 4368 2522 4438 Ampultatus,_
2550 4366 2603 4420 id
2653 4374 2736 4422 est
2784 4366 3021 4432 inﬂatus,
3067 4367 3333 4438 turgidus,
3393 4369 3462 4423 ab

1881 4436 2163 4507 (tntpullor,
2197 4436 2482 4508 magniﬁce
2513 4436 2723 4508 loquor,
2756 4452 2864 4506 quo
2891 4436 3177 4508 (verbovel
3213 4439 3466 4495 Horatius

1884 4506 2013 4561 usus
2042 4517 2124 4562 est
2154 4508 2245 4561 lib.
2281 4506 2509 4577 {,epist.
2547 4506 2603 4573 '5,
2636 4523 2684 4559 ν.
2727 4508 2790 4560 14
2820 4524 2832 4559 :
2865 4506 3201 4575 Ampultutur
3246 4512 3299 4561 in
3332 4519 3464 4564 arte.

1887 4578 2018 4631 Dein
2052 4575 2564 4647 anapa’stuinalicui
2606 4576 2821 4630 reddere
2841 4577 3248 4647 estqadversarii
3298 4594 3463 4645 argu-

1884 4658 2120 4701 mentum
2135 4645 2324 4701 cbntra
2340 4648 2510 4715 ipsum
2527 4646 2885 4715 converterela
2909 4645 3096 4700 Graeco
3118 4648 3460 4709 ἀνάπαιστος,

1884 4732 1979 4796 pes
2008 4717 2265 4772 carminis
2292 4716 2505 4796 dactylo
2534 4716 2877 4796 contrarius.
2922 4715 3021 4796 Hic
3050 4724 3228 4769 autem
3262 4717 3464 4796 Battle-

1884 4789 1995 4855 rius
2020 4797 2208 4842 contra
2239 4801 2332 4841 eos
2379 4787 2472 4856 qui
2504 4786 2605 4841 sibi
2650 4788 2995 4857 opponebant
3034 4800 3291 4848 canones,
3324 4786 3459 4841 alios

1881 4872 2117 4911 canones
2140 4857 2357 4925 regerit.

2157 4927 2460 5008 Legebalur
2490 4936 2538 5008 et
2568 4942 2808 5008 sunt".
2860 4926 3227 5008 Qprreximus,
3262 4926 3462 5008 λιιι-1η

1881 4993 2195 5075 collectione
2219 4993 2476 5075 Dionysio
2503 4996 3010 5075 Adriana__legitur,
3043 5010 3238 5075 eat-qua
3262 4993 3465 5075 Ruthe-

1882 5069 1994 5122 rius
2015 5082 2252 5121 canones
2274 5075 2329 5120 et
2352 5063 2581 5143 decreta
2602 5063 2917 5143 pontiﬁcu'm
2950 5079 3071 5119 cum
3105 5063 3273 5143 titulis
3316 5066 3463 5143 inea

1879 5138 2165 5206 descriptis
2208 5138 2495 5205 excerpsit.
2552 5133 2624 5190 De
2655 5137 2883 5204 bigamis
2927 5144 3105 5206 autem
3134 5133 3185 5184 in
3230 5133 3485 5191 decretis

1878 5203 2174 5244 lnnnninlii
2210 5222 2312 5244 nnn
2347 5203 2527 5244 uiuitur
2549 5206 2701 5244 ΙῖΙΙΙΙΛ
2723 5203 2939 5244 Ῠῖγτνιιι
2982 5203 3074 5244 QP”
3100 5216 3243 5244 (XIV,
