4032 5354
542 354 649 408 499

1464 326 1771 388 lA'l‘liElill
1808 320 2022 379 EPISC.
2068 317 2316 375 VERON.
2360 315 2511 373 OPP.
2553 313 2734 370 PARS
2768 313 2809 368 i.

3709 298 3830 354 500

547 466 614 523 ad
643 462 855 519 minora
879 453 1114 519 veniam,
1142 454 1309 505 canes
1351 445 1420 501 ad
1444 440 1769 505 venandum,
1805 435 1892 492 vel
1919 432 2119 503 accipi-
2148 434 2196 494 Α
2225 429 2374 500 fessis
2404 431 2668 501 imponere
2690 431 3035 488 lettlaveruttl,
3060 422 3190 476 tales
3214 418 3391 491 regula
3414 433 3519 473 non
3538 413 3789 471 admittit
3805 424 3827 463 :

545 522 661 612 tres
690 552 755 608 ad
784 546 1094 616 aucupium,
1124 539 1319 610 quibus
1366 534 1553 604 utique
1603 527 1870 592 abundas,
1897 522 2119 587 habere,

545 645 759 719 pariter
786 640 928 695 vide.
948 637 1017 692 Et
1044 635 1090 690 si
1112 633 1272 689 liceat
1293 630 1389 713 tibi
1414 625 1692 703 saecularia
1714 619 1932 692 negotia
1952 616 2122 688 (775),

551 715 607 795 id
637 745 740 803 est,
770 746 961 791 causas
991 730 1201 804 aliquas
1230 721 1580 780 saacularibns
1607 715 1947 773 solummodo
1971 726 2128 766 exer-

555 800 781 890 cendus,
809 800 1097 877 considera
1126 826 1234 883 tam
1266 814 1319 869 in
1348 808 1591 887 apostolo
1616 821 1779 877 quam
1803 804 1857 858 in
1906 800 2126 858 canoni-

556 918 660 973 bus
687 888 942 970 exercere
976 926 990 964 :
1020 915 1075 963 et
1112 903 1498 975 sapientiorem
1539 907 1590 953 te
1639 891 1988 950 fraternulem
2013 888 2126 944 cle-

2225 523 2349 593 quia
2373 520 2512 591 quod
2540 514 2988 588 irrepreltensibile
3022 524 3119 579 est,
3144 511 3403 568 catholica
3443 507 3679 577 defendit
3712 503 3828 557 Ec-

2226 612 2403 667 clesia.
2435 609 2567 664 Item
2591 607 2786 675 concil.
2819 603 3239 673 Neocaesuriensi
3258 616 3381 671 cap.
3405 615 3460 665 ts
3486 616 3499 652 :
3525 594 3831 663 Presbyter

2224 705 2270 759 si
2294 703 2564 772 confessus
2586 700 2747 771 fuerit
2774 698 2914 769 quod
2953 706 3076 764 ante
3118 693 3500 760 ordinationem
3544 682 3829 757 corporali

2226 804 2437 866 peccato
2464 792 2763 862 deliquerit,
2795 789 2972 845 oblata
3014 803 3120 842 non
3170 794 3455 849 consecret,
3499 794 3725 835 manens
3767 777 3828 829 in

2229 886 2443 955 reliquis
2498 883 2675 955 ofﬁciis
2731 891 2943 952 propter
2996 877 3230 947 studium
3279 877 3494 937 bonum.
3549 869 3827 929 Maxima.

553 1004 811 1062 mentium
837 957 1235 1072 reprehendere
1256 994 1463 1069 desine.
1498 990 1567 1046 Et
1611 988 1712 1043 ista
1741 984 1958 1056 quidem
1988 997 2020 1038 a
2041 995 2129 1048 me
2229 977 2430 1042 fateor,
2454 975 2590 1046 legis
2620 972 2933 1036 austeritas.
2964 969 3220 1025 Miserum
3245 966 3389 1021 enim
3417 963 3536 1018 me!
3579 960 3753 1029 Quid,
3777 957 3828 1019 si

557 1096 725 1161 dicta,
755 1108 848 1150 seu
873 1089 1054 1161 potius
1079 1088 1311 1157 cogitata
1340 1080 1627 1137 suiliciant.

622 1187 713 1243 11.
733 1183 931 1240 Audita
954 1195 1085 1237 vero
1113 1188 1173 1233 ut
1197 1175 1453 1239 referam,
1481 1167 1717 1240 comperi
1749 1167 1864 1237 ipse
1887 1162 2126 1234 ejusdem

551 1276 763 1333 ordinis
791 1275 943 1336 duos,
979 1285 1145 1325 unum
1173 1266 1363 1342 lorica,
1393 1264 1621 1318 alterum
1669 1258 1843 1329 antica
1868 1271 1967 1326 pro
1994 1263 2131 1323 tern-

557 1384 695 1441 pore
749 1373 1011 1428 utentem,
1065 1360 1385 1416 alterutrum
1438 1369 1566 1408 vero
1622 1366 1681 1406 se
1735 1345 2129 1419 reprehenden—

553 1437 686 1516 tem.
737 1456 899 1528 35o
952 1452 1058 1509 Sed
1100 1450 1190 1505 uni
1246 1462 1416 1504 canon
1467 1443 1827 1513 respondebat
1864 1437 2133 1509 Apostoli—

559 1565 660 1606 cus
688 1547 835 1618 (774)
871 1565 884 1600 :
924 1565 941 1597 ι
975 1544 1292 1613 Episcopus,
1339 1537 1624 1609 presbyter
1645 1542 1699 1589 et
1725 1533 2009 1594 diaconus,
2039 1528 2130 1598 qui

558 1642 617 1697 in
643 1651 963 1710 quacunque
989 1633 1253 1691 seditione
1280 1640 1430 1684 arma
1457 1626 1661 1687 tulerit,
1706 1622 1773 1677 ab
1794 1621 1941 1684 omni
1986 1627 2129 1674 coetu

556 1729 988 1791 Christianorum
1052 1724 1375 1793 deponatur.
1439 1737 1460 1770 ι
1515 1715 1682 1770 Alteri
1749 1728 1879 1775 vero
1913 1726 2129 1767 canon:

2228 1077 2353 1140 post
2399 1064 2801 1123 ordinationem
2850 1061 3195 1118 continenter
3235 1054 3392 1128 εει
3436 1052 3656 1113 vixerit,
3705 1063 3826 1103 ttou

2232 1138 2427 1230 poterit
2487 1146 2678 1237 saltem
2731 1162 2951 1226 propter
3002 1150 3240 1207 studium
3291 1148 3510 1227 bonum,
3563 1138 3826 1219 placendi

2234 1248 2425 1318 utique
2451 1233 2583 1312 Deo,
2606 1245 2789 1303 oblata
2817 1243 3071 1304 Saerare?
3565 1233 3572 1240 ’

2306 1341 2395 1405 12,
2418 1339 2503 1395 15.
2523 1336 2808 1393 Secundus
2834 1343 3013 1390 tamen
3034 1329 3319 1401 dupliciter
3333 1321 3674 1387 convenitur,
3690 1333 3827 1376 cum

2234 1439 2431 1502 praeter
2461 1427 2712 1498 superius
2739 1422 2987 1497 [subaudi
3013 1419 3184 1493 dicta]
3232 1418 3335 1473 hoc
3373 1429 3432 1472 se
3476 1412 3640 1469 sentit
3679 1423 3827 1463 con—

2235 1525 2476 1583 demnari
2499 1524 2695 1594 capite.
2732 1542 2750 1573 t
2777 1520 3096 1592 Episcopus,
3123 1516 3403 1588 presbyter
3450 1519 3508 1567 et
3532 1510 3825 1570 diaconus,

2236 1617 2327 1688 qui
2381 1617 2434 1671 in
2488 1628 2812 1685 quacunque
2862 1610 3128 1679 seditione
3175 1620 3326 1662 arma
3376 1599 3692 1674 sumpserit,
3751 1594 3827 1660 ab

2239 1709 2385 1765 omni
2409 1720 2551 1764 coetu
2574 1705 3009 1763 Christianorum
3029 1700 3352 1773 deponatur.
3391 1715 3409 1749 ι
3440 1693 3589 1750 Istud
3611 1699 3822 1755 autem,

566 1839 587 1873 ί
618 1820 936 1890 Episcopus,
961 1779 1242 1885 PTBSbi'ler
1266 1819 1318 1866 et
1339 1810 1617 1873 diaconus,
1644 1806 1690 1860 si
1716 1818 1940 1859 uxorem
1964 1802 2135 1856 tluxc—
2166 1791 2207 1847 Β
2237 1801 2378 1874 quod
2408 1814 2474 1856 ex
2507 1798 2761 1855 omnibus
2808 1792 3123 1864 levioribus,
3153 1798 3215 1846 ut
3267 1787 3523 1844 videlicet
3575 1779 3709 1837 illud
3736 1785 3828 1851 est

561 1908 911 1978 rit,pellatur
937 1904 1135 1978 (Cone.
1175 1901 1415 1956 Neoctes.
1448 1915 1499 1955 c.
1537 1899 1607 1969 l).
1649 1916 1667 1949 ι
1701 1897 1970 1965 Expertus
2014 1906 2132 1947 sum

559 1998 745 2063 talem,
794 1997 886 2067 qui
941 2004 1067 2051 ante
1119 1991 1516 2049 ordinationem
1571 1985 1895 2043 adulterium
1945 1996 2135 2054 perpe-

556 2091 756 2155 travit;
784 2096 971 2159 postea
999 2086 1157 2158 quasi
1198 2083 1538 2139 continenter
1584 2078 1751 2149 vixit;
1785 2077 2014 2133 alterum
2043 2073 2133 2145 qui

556 2189 680 2252 post
702 2179 1097 2255 ordinationem
1118 2189 1342 2230 uxorem
1369 2172 1554 2237 duxit;
1587 2177 1643 2225 et
1689 2160 1791 2223 iste
1841 2167 2012 2232 illum,
2046 2165 2136 2220 ille

559 2272 724 2328 istum
752 2270 1023 2340 carpebat.
1055 2266 1261 2333 Quibus
1288 2271 1466 2318 tamen
1492 2260 1756 2316 ambobus
1780 2258 1980 2314 Doctor
2000 2271 2135 2327 gen-

561 2361 719 2427 tium,
751 2360 905 2431 quasi
929 2358 1021 2413 uni
1055 2357 1204 2421 licet,
1254 2354 1527 2411 clamabat
1551 2352 1637 2408 isti
1670 2351 1857 2420 utique
1916 2356 2138 2430 propter

560 2424 787 2507 inanem
808 2448 1154 2506 continentiae
1199 2460 1310 2501 sum
1332 2445 1681 2514 iactantiam;
1734 2440 1888 2507 alteri
1918 2424 2139 2510 propter

570 2542 792 2597 ductum
835 2539 1023 2597 uxoris
1067 2537 1312 2593 illicitum
1367 2553 1380 2589 :
1437 2533 1660 2604 Ignoras
1708 2532 1834 2601 quia
1884 2528 2137 2599 patientia

559 2628 659 2685 Dei
680 2630 749 2684 ad
778 2627 1129 2709 paenitentiam
1154 2637 1201 2706 te
1230 2632 1515 2694 exspectat.
1547 2621 1625 2676 Tu
1653 2638 1769 2677 vero
1812 2606 2138 2683 tltesauriaas

566 2720 660 2773 tibi
684 2721 817 2773 irant
922 2718 1007 2771 die
1052 2717 1148 2771 ira:
1174 2704 1232 2769 et
1258 2713 1611 2770 retributionis
1652 2713 1787 2783 justi
1809 2711 2006 2781 judicii
2042 2710 2140 2766 Dei

565 2807 745 2879 (Rom.
772 2821 832 2871 ιι,
856 2805 933 2878 4).
964 2805 1055 2860 lsti
1089 2822 1103 2857 :
1145 2804 1273 2858 Noli
1303 2803 1468 2858 altunt
1489 2818 1671 2874 sapere
1699 2800 1872 2873 (Rom.
1901 2817 1983 2867 XI,
2015 2800 2137 2872 20.)

561 2905 1118 2970 propterprzescntem
1133 2897 1318 2967 utique
1334 2894 1741 2959 continentiam,
1756 2894 1847 2948 sed
1857 2895 1979 2948 time
1992 2892 2139 2964 (775)

558 2998 785 3059 prepter
811 2989 1141 3059 praeteritam
1196 2986 1666 3053 incontinentiam,
1717 3001 1819 3041 nec
1848 2985 2026 3061 aliqua
2057 2999 2140 3042 sa-

564 3080 870 3141 tisfactione
890 3079 1244 3152 probabiliter
1272 3064 1524 3141 deletam,
1559 3077 1808 3148 quamvis
1856 3068 2134 3133 omissam.

559 3170 730 3224 Alteri
758 3184 889 3225 vero
925 3187 938 3223 :
966 3166 1148 3239 Neque
1176 3167 1405 3221 adulteri
1431 3183 1645 3237 regnum
1683 3166 1776 3222 Dei
1804 3166 2138 3237 possidebunt

567 3259 618 3328 (I
655 3258 778 3313 (ἔον.
810 3274 888 3326 γι,
916 3257 992 3328 9).
1040 3257 1109 3312 Ει
1135 3257 1314 3330 potuit
1340 3256 1480 3322 ﬁeri,
1528 3266 1587 3311 ut
1638 3257 1940 3312 istiusmodi
1982 3256 2141 3312 ambo

567 3347 726 3402 simul
749 3346 980 3415 educati,
1004 3340 1210 3416 pariter
1228 3346 1420 3411 edocti,
1452 3346 1504 3400 in
1526 3347 1811 3415 pubertate
1830 3347 2142 3402 exstiterint

565 3438 826 3493 alterutra
867 3437 1174 3516 cognitione
1218 3435 1439 3504 lascivi;
1485 3451 1549 3492 uc
1595 3438 1716 3493 sine
1742 3438 2142 3499 examinatione

566 3531 634 3585 ad
665 3530 1008 3601 praesulatum
1039 3545 1162 3585 cum
1194 3528 1422 3584 fuissent
1446 3529 1707 3600 provecti,
1761 3546 1900 3584 tmns
1952 3543 2139 3585 eorum

565 3618 899 3676 all‘ectaverit
936 3619 1401 3683 mulierositutem,
1452 3619 1588 3685 alter
1641 3618 2143 3689 belligerationem?

514 3722 517 3729 '
564 3709 734 3765 Nemo
757 3709 971 3766 illorum
993 3724 1096 3765 nec
1116 3709 1452 3765 nominandi.
1486 3696 1735 3764 Forsitan
1759 3726 1890 3768 usus
1926 3708 2143 3771 abdica-

562 3800 704 3855 verit
758 3800 1124 3871 turpissimam
1172 3798 1492 3856 foeditatem.
1547 3799 1753 3866 Quibus
1806 3814 1978 3855 canon
2035 3814 2144 3854 uno
2180 3810 2193 3815 ‘

569 3891 805 3961 capitulo
832 3891 1128 3947 distinctim
1156 3891 1373 3961 propria
1413 3892 1622 3958 tribuit,
1666 3907 1790 3947 cum
1839 3892 1927 3949 isti
1963 3892 2093 3950 dicit
2127 3911 2139 3947 :

566 3978 867 4051 Presbyter,
890 3983 981 4050 qui
1007 3992 1119 4053 post
1144 3976 1528 4035 ordinationem
1554 3988 1770 4035 uxorem
1791 3982 2023 4048 dumerit,
2055 3983 2140 4036 de-

563 4080 791 4142 ponatur
810 4072 980 4144 (conc.
1017 4070 1257 4126 Neocws.
1310 4088 1359 4127 c.
1389 4072 1463 4140 1).
1513 4071 1683 4127 Alteri
1708 4087 1874 4128 vero:
1906 4066 2144 4144 Amplius

568 4175 743 4219 autem
771 4162 894 4235 pelli
922 4164 1090 4230 debet,
1120 4164 1165 4219 si
1195 4163 1511 4218 adulterium
1536 4165 1904 4235 perpetraverit
1933 4163 2141 4236 (Ibid.).

538 4254 775 4310 .Ambos
831 4269 959 4321 vero
1007 4255 1331 4310 condemnat
1373 4272 1479 4322 uno
1523 4245 1722 4326 capite,
1754 4256 1806 4312 id
1852 4265 1934 4312 est
1961 4273 2037 4325 ιχ,
2077 4271 2142 4313 ex

568 4345 785 4401 Nicaeuo
821 4347 1050 4402 concilio
1076 4346 1189 4401 ita:
1224 4345 1282 4401 Si
1305 4348 1395 4418 qui
1447 4350 1560 4403 sine
1596 4350 1833 4405 examine
1875 4361 1997 4407 sunt
2025 4368 2143 4423 pro-

570 4437 718 4501 vecti,
772 4435 849 4503 vel
900 4452 1017 4490 cum
1053 4435 1461 4503 discuterentur,
1511 4450 1723 4508 peccata
1774 4458 1870 4496 sua
1919 4444 2142 4514 confessi

569 4539 722 4598 sunt;
750 4541 797 4586 et
822 4535 1056 4597 homines
1079 4545 1260 4590 contra
1280 4552 1503 4590 canones
1534 4540 1775 4593 commoti
1806 4556 1993 4594 manus
2014 4555 2136 4594 con-

636 4688 785 4810 (775)
814 4688 1078 4811 Clonstrue
1109 4687 1207 4742 :Et
1230 4689 1276 4742 si
1302 4686 1455 4763 liceat
1483 4688 1575 4743 tibi
1599 4704 1837 4744 exercere
1859 4688 2139 4745 sozcularia

636 4776 693 4811 σο
718 4777 789 4811 ια.
816 4774 846 4811 8
872 4774 924 4811 (Β.

565 4771 789 4830 regem.
816 4771 924 4830 91¢-

644 4826 791 4912 (774)
818 4827 1113 4912 Hiecanon
1146 4829 1288 4912 inter
1312 4828 1632 4912 apostolicos
1657 4843 1760 4881 non
1783 4827 2009 4912 legitur;
2027 4826 2140 4881 Ali-

569 4897 707 4971 quid
728 4897 856 4971 vero
883 4898 1059 4971 simile
1089 4897 1360 4954 invenitur
1397 4899 1446 4951 in
1479 4897 1741 4952 Toletuno
1764 4897 1908 4971 tv,’c.
1941 4897 2029 4951 45.

634 4968 784 5040 (775)
811 4967 1060 5040 Quinque
1089 4977 1400 5040 sequentes_
1420 4982 1580 5040 voces
1604 4982 1721 5040 per
1739 4968 1948 5040 saltum
1977 4966 2139 5040 omis-

564 5036 656 5121 sus
686 5036 953 5107 persensit
975 5036 1326 5121 'novissimu‘s'
1368 5036 1638 5118 Spicilegii
1686 5036 1893 5117 editor;
1924 5036 2015 5091 sed
2046 5050 2140 5090 cas

556 5105 809 5164 inserere
835 5123 998 5186 ausus
1022 5123 1126 5186 non
1155 5118 1254 5163 est.
1283 5106 1481 5186 verum
1498 5116 1555 5160 ut
1584 5105 1727 5186 ipsas
1752 5105 2133 5186 inisereremus,

2170 4481 2220 4538 D

2237 1869 2304 1948 de
2328 1890 2467 1956 alea,
2498 1886 2833 1952 ebriositate,
2865 1882 3114 1954 aucupio,
3163 1889 3324 1950 atque
3355 1883 3577 1940 venatu,
3604 1869 3826 1956 ducitur

2238 1962 2399 2038 hodie
2445 1954 2805 2042 levissimum,
2838 1982 2895 2028 ut
2921 1972 3076 2043 quasi
3120 1979 3344 2043 propter
3387 1963 3705 2047 ﬁdelitatem
3735 1954 3826 2012 sui

2238 2055 2470 2130 senioris
2517 2071 2670 2126 malit
2708 2054 2995 2139 presbyter
3034 2064 3293 2120 loricatus
3352 2046 3612 2130 przeliari,
3649 2064 3817 2122 quam

2240 2178 2490 2236 perjurus
2512 2145 2730 2226 vocari;
2775 2172 2898 2212 cum
2933 2164 3112 2210 tamen
3156 2150 3452 2224 pcrjurinm
3498 2140 3824 2218 gravissima

2239 2231 2578 2326 ptenitentia,
2611 2248 2756 2305 istud
2787 2261 2916 2302 vero
2964 2244 3110 2301 nulla
3135 2241 3343 2313 expiari
3371 2239 3607 2294 dicatur.
3658 2231 3825 2287 Forte

2242 2324 2448 2400 veroex
2472 2343 2578 2397 isto
2603 2340 2694 2395 hic
2712 2338 3119 2410 praelibatorum
3151 2346 3402 2398 numero,
3418 2329 3474 2384 id
3497 2336 3605 2393 est,
3628 2324 3822 2381 horam

2242 2432 2404 2490 alicui
2434 2430 2586 2503 (776)
2616 2428 2824 2486 scilicet
2853 2426 3076 2491 dixisse,
3123 2440 3246 2481 eum
3274 2438 3382 2479 non
3422 2414 3649 2482 dixerit,
3677 2416 3825 2493 visus

2241 2537 2322 2582 est
2354 2522 2612 2579 Dominus
2642 2514 2659 2573 ξ
2686 2517 2745 2574 Si
2786 2516 2963 2586 diligis
2988 2532 3092 2582 me,
3133 2529 3286 2586 pasce
3315 2527 3431 2566 oves
3464 2525 3610 2565 meas
3638 2504 3820 2577 (Joan.

2242 2632 2357 2683 rm,
2386 2614 2510 2685 l7);
2542 2627 2665 2668 cum
2711 2612 2898 2681 utique
2940 2608 3091 2663 illum
3121 2606 3344 2662 minime
3382 2603 3686 2673 probentur
3707 2597 3824 2653 dili-

2241 2721 2387 2780 gere.
2418 2704 2566 2772 Quos
2604 2700 2866 2773 repellere
2908 2698 3108 2770 potius,
3152 2710 3313 2765 quam
3353 2693 3579 2763 eligere,
3612 2688 3823 2743 videtur

2240 2796 2533 2868 Apostolus
2553 2809 2585 2848 a
2605 2790 2937 2856 sacerdotio,
2951 2804 3074 2844 eum
3100 2786 3229 2842 dicit
3249 2804 3261 2839 :
3289 2783 3500 2855 Oportet
3528 2782 3821 2851 episcopum

2242 2890 2354 2943 sine
2379 2887 2596 2941 crimine
2617 2900 2726 2939 esse
2749 2882 2879 2954 (Tit.
2910 2898 2964 2947 ι,
2995 2879 3120 2953 17);
3170 2876 3255 2954 vel
3298 2873 3612 2955 expressius
3640 2888 3656 2924 :
3690 2869 3816 2940 ἐτι-ι·

2241 2968 2866 3055 prebettsibilem,‘unius
2900 2970 3082 3025 uxoris
3111 2969 3277 3022 virum
3315 2964 3365 3038 (I
3422 2963 3558 3017 Tim.
3616 2977 3699 3026 tu,
3743 2958 3818 3029 2).

2244 3072 2413 3140 Quem
2439 3070 2639 3127 cohors
2664 3068 2753 3123 illa
2783 3064 2987 3122 Christi
3022 3062 3250 3118 militum
3281 3058 3428 3129 (777)
3457 3056 3621 3109 veluti
3644 3068 3821 3124 qucrn-

2242 3163 2366 3218 dam
2397 3174 2629 3231 sequens
2654 3157 2994 3230 signiferum,
3045 3154 3308 3226 praecipit,
3352 3159 3414 3205 ut
3464 3163 3574 3204 non
3624 3145 3821 3216 bigami

2241 3247 2598 3326 admittuntur
2624 3251 2693 3307 ad
2720 3249 2947 3313 elerum.
2977 3245 3036 3302 Si
3064 3260 3172 3301 non
3209 3240 3423 3315 ‘bigami
3457 3254 3613 3305 vero,
3648 3232 3819 3307 quali-

2243 3359 2326 3404 ter
2365 3340 2700 3418 multiganti‘l
2726 3342 2786 3399 Si
2829 3330 2936 3398 non
2967 3341 3035 3397 ad
3065 3337 3301 3400 clerum.
3333 3335 3608 3406 quomodo
3634 3332 3703 3387 ad
3732 3345 3817 3385 sa-

2240 3439 2581 3496 cerdotium?
2635 3436 2783 3493 Pone
2838 3445 3018 3490 tamen
3080 3431 3375 3503 quemlibet
3428 3443 3625 3484 eorum
3686 3425 3821 3481 forte

2241 3533 2515 3603 higumum
2560 3537 2688 3585 ante
2726 3527 3066 3589 clericatum,
3096 3523 3239 3589 forte
3268 3523 3321 3577 in
3372 3519 3636 3576 clericqu
3661 3516 3816 3573 exsti—

2245 3624 2377 3679 tisse
2406 3622 2699 3687 lascivum;
2729 3616 3007 3688 inde‘post
3046 3614 3409 3671 sacerdotium
3437 3608 3817 3673 multinubum,

2244 3710 2584 3778 bellicosum,
2608 3696 2912 3784 periurum,
2943 3709 3250 3773 venatibus,
3273 3702 3541 3775 aneupiis,
3568 3702 3720 3766 aleae,
3740 3697 3817 3753 vel

2243 3804 2545 3861 ebriositati
2576 3800 2905 3867 obnoxium,
2936 3797 3115 3870 expeti
3166 3796 3410 3867 qualibet
3434 3792 3727 3849 occasione
3756 3788 3819 3844 ad

2244 3897 2651 3968 apostolicatum
2680 3894 2937 3949 Romanae
2987 3891 3130 3965 illius
3167 3889 3335 3955 sedis,
3366 3885 3455 3941 ubi
3486 3885 3698 3940 scilicet
3733 3895 3815 3937 so-

2245 3988 2318 4044 let
2341 3986 2486 4058 (778)
2520 3979 3042 4059 consuetudinaliter
3064 3972 3635 4038 ordinandus'moucri
3661 3994 3676 4031 :
3701 3972 3822 4028 Vide

2246 4097 2309 4133 ne
2329 4078 2561 4148 aliquam
2582 4075 2980 4147 promissionem
3002 4073 3106 4127 tuis
3128 4069 3437 4126 electoribus
3459 4067 3671 4136 feceris.
3685 4064 3821 4121 Scito

2244 4171 2365 4240 quia
2392 4169 2752 4224 Simoniacum
2783 4176 2831 4220 et
2862 4158 3046 4218 contra
3087 4178 3311 4217 canones
3336 4170 3410 4214 est
3456 4159 3629 4229 (sup.,
3653 4174 3711 4210 η.
3746 4156 3819 4226 8).

2244 4258 2352 4325 iste
2396 4257 2562 4327 igitur
2600 4256 2647 4311 si
2698 4253 3010 4327 illegalitate
3055 4250 3270 4327 publica
3324 4247 3476 4319 (Osio
3527 4246 3622 4301 illo
3668 4260 3825 4315 supra

2248 4351 2452 4415 taxato,
2478 4364 2599 4404 cum
2627 4326 2885 4401 Omnibus
2904 4343 3005 4400 sibi
3033 4326 3097 4399 ex
3132 4341 3324 4396 eodem
3356 4339 3593 4400 concilio
3617 4337 3818 4400 Placet,

2253 4443 2431 4498 Placet
2478 4438 2985 4499 comlemnantiltus,
3022 4434 3251 4488 viriliter
3306 4426 3632 4498 resistente)
3694 4426 3825 4481 forte

2245 4533 2413 4610 luerit
2448 4533 2503 4587 in
2541 4527 2833 4600 apostolica
2887 4526 3015 4581 sede
3064 4523 3292 4607 locatus,
3336 4510 3482 4590 quod
3512 4518 3707 4587 utique
3733 4532 3826 4587 pa-

2247 4690 2330 4743 cui
2350 4691 2537 4743 horum
2567 4704 2669 4741 non
2692 4684 2905 4750 dixerit,
2939 4697 3057 4736 cum
3086 4679 3260 4747 utique
3286 4676 3498 4731 minime
3540 4675 3827 4745 probentur

2247 4758 2461 4825 diligere
2489 4757 2654 4811 illum.
2852 4812 2896 4825 μ
2952 4823 2958 4825 Α

2319 4812 2466 4896 (777)
2498 4826 2695 4881 Cohors
2718 4825 2811 4878 illa
2836 4812 3033 4896 Christi
3072 4824 3319 4896 militum,
3361 4818 3457 4896 qui
3503 4813 3820 4896 Apostplgm

2248 4882 2416 4954 secuti
2444 4882 2840 4968 prmccpcrnnt,
2871 4907 2940 4947 ne
2968 4894 3181 4963 ‘higanti
3217 4882 3587 4968 admittuntur
3615 4883 3683 4937 ad
3713 4882 3820 4968 cle-

2247 4959 2541 5090 rﬂm,si3:tt
2588 4959 2666 5021 illi
2713 4965 2905 5020 Patres
2953 4959 3115 5033 atque
3153 4959 3439 5034 pontiﬁces
3479 4969 3618 5025 quos
3662 4962 3819 5007 antea

2247 5054 2274 5090 a
2316 5053 2466 5090 θείινι
2498 5074 2511 5087 ο
2774 5045 2778 5048 ⁴
3344 5044 3349 5047 ’
3378 5042 3384 5051 ”

2643 5119 2747 5186 non
2772 5103 2945 5186 solum
2982 5103 3233 5186 leguntur
3262 5096 3580 5186 inagtiquis
3614 5092 3813 5186 ordikni-
