4032 5354
269 277 364 331 .‘SOI
1231 289 1316 343 DE
1351 291 1765 348 CONTEMPTU
1808 294 2159 350 CANONUM.
2203 327 2270 336 ——
2310 299 2488 356 PARS
2525 302 2564 356 1.

3442 310 3546 366 502

271 389 499 455 ticnter,
566 397 621 442 ut
674 389 928 460 plurima,
973 397 1286 462 permittere
1348 401 1489 455 valet
1542 401 1861 471 longanimis
1897 417 1934 470 Α
1967 409 2131 461 rentia
2173 410 2272 462 sibi
2304 411 2426 480 (Job
2464 429 2572 478 xu,
2635 416 2744 486 11).
2794 416 2906 474 Sub
2935 433 3283 489 squamarum
3333 439 3543 494 quoque

271 481 448 544 Deus;
487 497 648 550 quem
682 483 724 536 si
755 498 852 552 ego
873 485 1034 556 352
1055 489 1242 545 adiero
1270 491 1416 563 (779)
1444 494 1605 548 veluti
1639 495 1863 562 injuria-

274 581 366 624 tus
395 571 463 624 ad
489 570 631 641 juris
660 573 987 638 ministrum,
1023 588 1077 630 et
1130 580 1218 634 ille
1249 583 1400 638 nisus
1431 583 1656 652 injurias
1687 587 1860 640 vindi-

267 674 399 714 care
425 675 596 723 meas,
633 662 742 718 imo
775 663 896 718 talia
929 669 1266 734 prohibentis
1299 671 1415 736 Dei,
1449 683 1501 727 et
1543 683 1856 728 sanctorum

262 751 714 822 Evangeliorum,
750 758 1138 827 apostolorum,
1165 765 1690 836 apostolicorumque
1714 769 1857 820 viro-

261 854 415 903 rum,
450 855 723 898 canonum
777 847 1225 919 checrctorum,
1258 853 1307 907 ei
1339 856 1647 923 apostolicre
1675 865 1858 911 aucto-

265 929 450 986 ritatis
484 933 696 988 miserit
725 935 970 1006 litteras;
1001 956 1182 999 nonne
1231 943 1341 1011 ille,
1371 947 1461 1018 qui
1513 963 1597 1002 me
1633 956 1740 1002 tam
1770 964 1857 1003 sa-

268 1019 478 1091 crilege
521 1022 816 1094 iujuriavit,
871 1030 963 1083 sed
1013 1047 1119 1085 non
1162 1033 1298 1091 adeo
1334 1045 1392 1090 ut
1419 1036 1521 1091 iste
1575 1037 1761 1102 Deum,
1804 1051 1858 1095 et

263 1110 446 1178 omnia
488 1111 611 1180 jura
671 1126 781 1170 tam
829 1117 1010 1180 divina
1039 1138 1202 1191 quam
1239 1125 1508 1192 humana;
1558 1129 1851 1199 siquidem

261 1201 354 1256 ille
383 1202 535 1273 (780)
563 1221 648 1258 me
679 1208 1060 1265 homunculum
1083 1229 1272 1280 unum,
1306 1217 1407 1272 iste
1438 1229 1606 1280 totum
1637 1222 1854 1290 penitus

265 1295 566 1362 mundum;
632 1300 721 1354 ille
779 1318 939 1374 unam
991 1307 1318 1364 adulteravit
1371 1312 1691 1380 Ecclesium,
1752 1317 1852 1372 iste

259 1385 508 1440 eamdem
535 1398 590 1441 et
611 1405 797 1446 omnes
823 1408 921 1463 per
942 1395 1252 1453 universum
1289 1400 1477 1455 orbem
1507 1402 1754 1469 ditl‘usas,
1789 1414 1848 1460 ut

259 1477 370 1538 dixi
395 1494 552 1545 vero,
575 1482 616 1545 si
645 1483 749 1536 mci
774 1499 938 1540 causa
961 1487 1162 1556 aliquid
1185 1489 1235 1545 ei
1260 1491 1447 1548 durius
1474 1494 1666 1548 saltem
1698 1512 1850 1551 man-

259 1569 496 1636 (laverit,
531 1586 710 1626 nonne
757 1573 901 1629 illico
954 1577 1044 1632 ille
1073 1581 1270 1648 poterit
1302 1582 1350 1636 ei
1385 1586 1685 1640 rescribere
1716 1586 1846 1642 illud

255 1656 326 1712 de
366 1659 664 1730 Evangelia
696 1678 710 1716 :
765 1663 905 1730 Quid
947 1678 1119 1722 autem
1160 1671 1302 1726 vides
1328 1673 1580 1742 festucam
1613 1678 1665 1730 in
1697 1679 1848 1733 oculo

257 1749 447 1817 fratris
475 1752 575 1810 tui.
618 1755 812 1807 trabem
842 1767 1037 1824 autem,
1084 1777 1200 1830 qum
1226 1763 1279 1816 in
1328 1765 1478 1820 oculo
1505 1777 1594 1821 tuo
1617 1777 1708 1832 est,
1746 1786 1846 1824 non
1882 1754 1923 1813 Β

253 1841 604 1896 consideras?
632 1844 848 1912 (Matth.
872 1864 967 1912 vu,
1005 1850 1083 1922 5.)
1125 1852 1189 1906 Ει
1227 1855 1366 1923 quod
1411 1857 1581 1926 pirata
1628 1861 1844 1928 quidam

252 1932 676 2003 superGangem
707 1935 922 1991 lluvium
953 1941 1259 1997 Alexandro
1292 1943 1480 2016 Magno
1507 1951 1848 2018 respondisse

252 2029 546 2089 narratur;
581 2039 742 2093 quem
791 2038 1008 2098 captum
1057 2047 1178 2085 cmn
1224 2049 1321 2087 rex
1371 2045 1522 2089 torvo
1551 2039 1847 2107 respiciens

250 2108 400 2162 vultu
434 2111 510 2166 ita
540 2112 732 2170 fuisset
760 2115 1023 2173 allocutus
1057 2138 1068 2172 :
1100 2119 1259 2175 Latro
1293 2125 1535 2190 pessime,
1581 2128 1706 2195 quid
1753 2147 1846 2183 nos

252 2218 356 2268 non
377 2205 516 2260 sinis
542 2207 849 2276 quiescere?
879 2210 970 2266 llle
1017 2228 1269 2285 magnum
1311 2217 1474 2286 cmpit
1517 2219 1844 2274 cachinnum

254 2295 532 2351 exiiitlere.
558 2297 786 2356 Miratus
814 2303 1010 2371 oppido
1043 2320 1141 2359 rex
1188 2321 1310 2361 cum
1348 2310 1448 2364 sibi
1506 2313 1842 2368 astantibus:

254 2382 410 2438 Rides
430 2387 456 2439 ?
483 2388 579 2443 ait.
604 2389 716 2456 Ille,
735 2390 802 2444 Et
829 2395 1063 2464 equidem
1083 2399 1242 2466 juste.
1279 2399 1393 2456 Rex
1423 2403 1549 2458 item
1585 2424 1597 2457 :
1632 2404 1849 2470 Quare’

255 2472 394 2536 Quia
427 2485 484 2528 tu
534 2494 654 2533 cum
694 2481 788 2546 sis,
840 2484 934 2548 ait,
968 2485 1286 2555 furfurum,
1328 2493 1506 2560 prtrdo
1561 2496 1840 2560 maximus,

253 2566 489 2619 ontnium
523 2567 659 2630 latro
705 2574 1083 2642 atrocissimus,
1128 2580 1192 2632 ab
1229 2579 1338 2649 ipso
1371 2579 1578 2636 Oceano
1631 2586 1684 2639 in
1712 2586 1844 2654 ﬁnes

256 2653 490 2710 Orientis
523 2659 613 2728 qui
662 2663 837 2715 omnia
860 2663 1187 2735 depopulasti
1211 2686 1367 2740 regna
1386 2687 1407 2736 ,°
1429 2672 1694 2730 latronum
1714 2653 1848 2730 iuni-

255 2759 529 2804 versarunt
572 2751 852 2817 conditor;
904 2771 984 2808 me
1018 2756 1272 2813 latronem
1324 2762 1576 2831 appellas,
1606 2767 1697 2835 qui
1727 2783 1843 2822 cum

253 2850 359 2898 una
388 2839 757 2909 rnonoryllnla
775 2843 922 2916 (781)
939 2847 1095 2902 dorso
1122 2866 1234 2904 meo
1256 2851 1490 2918 advecta,
1511 2864 1558 2908 et
1580 2855 1632 2908 in
1647 2856 1841 2924 flumen

253 2923 516 2999 immissa.
544 2947 733 3000 parum
778 2936 904 3004 quid
934 2939 998 2990 ab
1023 2939 1122 2999 isto
1147 2940 1320 2996 littore
1343 2945 1510 3014 rapio,
1542 2947 1598 2998 id
1625 2923 1719 3012 est,
1752 2957 1842 3001 aut

253 3016 584 3092 chlamydem
625 3022 872 3091 alicuius,
922 3037 1012 3081 aut
1061 3034 1420 3087 tantummodo
1462 3034 1668 3103 frenant
1707 3037 1837 3106 (vid.

1960 497 2120 568 353
2137 503 2314 569 specie
2331 503 2396 557 de
2420 505 2739 562 satellitibus
2769 508 2914 579 ejus:
2934 509 3050 563 Una
3075 512 3164 564 uni
3185 512 3540 584 conjungitur,

1962 588 2110 657 (783)
2141 599 2188 642 et
2223 608 2284 644 ne
2308 593 2628 661 spiraculum
2663 596 2853 652 incedit
2882 617 2974 666 per
3021 617 3110 654 cas
3163 599 3349 672 (lbid.,
3386 621 3433 657 ι’.
3462 605 3539 672 7).

1962 677 2344 734 Universorum
2369 685 2564 755 quippe
2609 689 2847 756 nequitia
2879 705 2985 760 quo
3016 692 3116 746 sibi
3148 696 3537 766 congruentius

1950 769 2219 840 jungitur,
2271 790 2336 830 eo
2371 787 2558 856 contra
2616 781 2706 835 Dei
2755 783 3020 852 justitiam
3057 786 3250 844 fortius
3275 801 3536 847 armatur.

1968 879 1984 910 ι
2022 860 2180 926 Nam,
2212 870 2269 914 ut
2299 864 2490 930 beatus
2514 869 2588 920 ait
2611 867 2924 938 Gregorius,
2945 873 3084 928 sicut
3105 875 3332 931 multum
3359 889 3534 941 nocet,

1959 953 2003 1005 si
2034 953 2214 1008 unitas
2242 955 2380 1010 desit
2413 958 2599 1025 bonis;
2634 961 2706 1015 ita
2756 963 2909 1017 valde
2953 975 3036 1020 est
3074 967 3316 1032 noxium,
3347 969 3390 1024 si
3426 987 3532 1024 non

1955 1042 2095 1096 desit
2123 1045 2297 1100 malis.
2326 1064 2356 1115 sq
2381 1047 2596 1116 (Guec.,
2622 1050 2830 1107 Μοιιλι..
2859 1055 2912 1108 in
2937 1055 3063 1121 Job,
3086 1056 3122 1111 l.
3155 1073 3342 1125 xxxiv,
3373 1075 3422 1114 c.
3454 1061 3534 1132 1.)

1955 1130 2106 1198 Quod
2139 1133 2426 1202 probatum
2457 1137 2618 1193 estin
2659 1155 2819 1196 causa
2866 1141 3013 1198 Pauli
3063 1147 3322 1214 apostoli;
3368 1130 3528 1217 quem

1955 1235 2078 1276 cum
2123 1225 2455 1280 unanimiter
2485 1237 2592 1282 tam
2621 1229 2880 1287 Pharisaei
2909 1249 3069 1303 quam
3124 1236 3366 1292 Saducei
3400 1237 3533 1294 luis—

1955 1321 2075 1366 sent
2122 1318 2383 1385 aggressi,
2432 1318 2521 1373 ille
2568 1320 2831 1378 divisione
2859 1325 2910 1378 in
2938 1326 3017 1380 eis
3047 1327 3231 1390 missa,
3262 1330 3486 1385 dicendo
3519 1349 3531 1384 :

1961 1401 2074 1457 Viri
2094 1404 2304 1474 fratres,
2327 1424 2418 1479 ego
2445 1410 2748 1468 Pltarisa’ns
2777 1433 2892 1469 sum
2939 1418 3074 1485 (Act.
3106 1436 3263 1484 χχιιι,
3300 1423 3388 1488 ti),
3414 1431 3467 1476 et
3496 1439 3525 1476 a

1953 1493 2243 1552 Pharisazis
2292 1509 2375 1554 est
2419 1501 2654 1570 adjutus,
2697 1517 2751 1560 et
2778 1522 2808 1561 a
2849 1507 3226 1566 Saduczeorum
3256 1513 3534 1583 impugna-

1955 1587 2099 1641 tione
2126 1586 2411 1656 defensus;
2445 1593 2616 1648 divisa
2663 1596 2848 1666 utique
2905 1600 3083 1665 turba,
3113 1616 3232 1670 quae
3262 1617 3380 1657 eum
3403 1620 3524 1670 prc-

1953 1675 2139 1730 mebat
2161 1678 2330 1744 unita,
2364 1679 2528 1736 illaesa
2562 1681 2714 1738 Pauli
2746 1686 2879 1740 exiit
2909 1687 3236 1743 innocentia.

2023 1763 2108 1818 M.
2133 1765 2228 1818 Est
2252 1775 2307 1820 et
2354 1768 2455 1822 alia
2499 1769 2550 1824 in
2577 1769 2677 1826 hac
2712 1788 2768 1827 re
2819 1776 3003 1830 auxilii
3059 1777 3161 1830 mei
3209 1775 3524 1842 dimtlcnlia,

1952 1853 2160 1909 Domini
2193 1858 2376 1926 utique
2405 1860 2492 1913 ubi
2521 1862 2748 1917 habetur
2770 1867 3069 1920 sententia:
3104 1865 3218 1920 Fur
3241 1885 3341 1922 non
3377 1871 3527 1932 venit,

1949 1945 2049 1998 nisi
2072 1957 2124 1998 ut
2148 1947 2374 2016 furetur,
2401 1960 2448 2003 et
2468 1961 2739 2017 mactet,et
2759 1956 2939 2024 perdat
2973 1956 3153 2026 (Joan.
3185 1973 3240 2022 x,
3266 1957 3374 2027 10).
3401 1957 3531 2024 Quis

1949 2053 2077 2091 vero
2106 2038 2192 2092 ille
2222 2051 2304 2094 est
2340 2041 2446 2106 l‘ur,
2480 2043 2578 2096 nisi
2608 2043 2693 2098 ille
2738 2044 2805 2102 de
2838 2060 2944 2114 quo
2974 2047 3116 2101 idem
3145 2048 3249 2100 ait:
3299 2047 3402 2113 Qui
3426 2065 3528 2102 non

1947 2131 2106 2184 intrat
2131 2149 2221 2200 per
2249 2135 2439 2186 ostium
2465 2136 2516 2186 in
2542 2135 2674 2188 ovile
2705 2137 2899 2201 ouium,
2922 2141 3013 2191 sed
3033 2139 3264 2192 ascendit
3293 2139 3525 2205 aliunde,

1946 2217 2034 2272 ille
2055 2232 2126 2272 est
2151 2219 2241 2288 fur
2263 2230 2309 2274 et
2353 2220 2486 2274 latro
2519 2221 2693 2291 (Ibid.
2728 2224 2800 2293 1).
2827 2225 2978 2290 Quod
3022 2235 3101 2279 est
3138 2240 3265 2279 vero
3301 2226 3523 2291 ostium,

1948 2307 2050 2362 nisi
2077 2307 2144 2362 de
2189 2324 2296 2379 quo
2335 2309 2482 2364 canit
2529 2311 2831 2366 Psalmista.
2887 2313 3093 2368 Etenim
3122 2314 3523 2368 benedictionem

1947 2396 2092 2451 dabit
2117 2397 2584 2472 legislator(Psal.
2617 2418 2845 2468 xxxxm,
2883 2403 2972 2474 8):
3019 2404 3110 2475 qui
3158 2405 3224 2459 de
3245 2420 3302 2459 se
3343 2407 3528 2474 utique

1946 2486 2262 2556 profitetur:
2293 2487 2404 2558 Ego
2430 2506 2550 2546 sum.
2584 2491 2773 2545 ostium
2807 2492 2987 2562 (Joan.
3038 2508 3094 2560 κ,
3151 2493 3228 2564 9).
3262 2494 3361 2560 Qui
3396 2504 3521 2548 tunc

1945 2575 2374 2632 benedictionem
2422 2578 2758 2635 solummodo
2784 2581 3029 2649 pontiﬁci
3077 2583 3380 2638 ordinando
3415 2582 3521 2636 lar-

1945 2666 2108 2736 gitur,
2140 2681 2259 2721 cum
2295 2683 2392 2738 per
2417 2668 2585 2740 legem
2618 2686 2646 2724 a
2674 2686 2732 2726 se
2753 2671 2913 2726 latam
2946 2673 3179 2744 eligitur.
3215 2672 3366 2730 Ovile
3394 2688 3522 2726 vero

1945 2754 2116 2823 ipsam
2139 2759 2606 2829 congregationem
2625 2749 2858 2816 ﬁdelium
2881 2777 3022 2828 esse,
3055 2763 3348 2834 Pasceorcs
3383 2781 3522 2817 meas

1946 2847 2127 2916 (Joan.
2158 2863 2274 2912 XXI,
2301 2847 2412 2919 17),
2446 2849 2606 2905 Petro
2659 2852 2833 2906 innuit
2860 2840 3083 2912 dictum.
3133 2852 3364 2906 Aliunde
3394 2867 3520 2906 vero

1945 2943 2025 2988 est
2055 2937 2370 3003 ascendere,
2401 2953 2504 2991 non
2531 2938 3367 3007 legaliterintroire.Asccudisse
3396 2954 3522 2993 vero

1945 3023 2141 3092 potius,
2175 3041 2336 3094 quam
2387 3025 2618 3081 intrasse
2658 3029 3000 3082 convincitur
3046 3028 3151 3087 ille.
3202 3028 3266 3079 de
3321 3043 3426 3096 quo
3469 3030 3519 3081 iu

250 3107 416 3174 Ana,
444 3110 482 3164 l.
510 3128 562 3166 tv
592 3115 655 3172 de
692 3115 802 3170 Cir.
837 3118 949 3183 Dei,
984 3137 1031 3176 c.
1059 3121 1134 3190 ι1).
1165 3121 1290 3176 Risu
1323 3140 1412 3178 rex
1437 3143 1558 3180 cum
1581 3122 1834 3182 omnibus

1948 3113 2230 3168 cauonibus
2257 3115 2485 3170 dicitur:
2536 3115 2597 3171 Si
2641 3118 2756 3187 quis
2795 3117 3136 3186 potestatibus
3183 3118 3516 3170 sa'culuribus

251 3203 504 3270 emoriri,
536 3216 594 3260 et
641 3209 1041 3278 sapientissime
1075 3213 1312 3269 locutum
1349 3216 1528 3272 fateri.
1582 3219 1686 3274 Sed
1730 3235 1834 3274 non

255 3291 425 3346 faciet
450 3293 622 3366 (782),
677 3313 783 3354 non
822 3301 1004 3356 mittet
1031 3303 1082 3358 ei
1116 3303 1325 3361 litteras
1349 3307 1611 3376 quidlibet
1651 3311 1838 3366 durius

250 3387 625 3455 continentes;
683 3406 788 3462 non
840 3395 1137 3463 damnabit,
1196 3413 1301 3454 non
1348 3403 1840 3457 excommunicabit

248 3490 352 3544 pro
375 3477 470 3531 tali
500 3477 644 3535 facto
676 3481 939 3552 aliquem;
970 3501 1132 3554 pares
1160 3489 1304 3546 enim
1349 3491 1562 3545 animos
1607 3491 1835 3560 dispari-

247 3566 378 3623 litas
410 3584 517 3626 non
539 3573 731 3628 dividit
759 3577 1120 3644 voluntatum,
1152 3596 1274 3634 cmn
1308 3581 1604 3637 similitudo
1632 3583 1840 3639 deside-

249 3660 463 3716 riorum
516 3666 880 3735 aequalitatem
929 3671 1115 3742 gignat
1168 3688 1381 3744 semper
1425 3673 1735 3742 cll‘ectuum,
1783 3684 1850 3736 et,

248 3747 509 3808 humanae
551 3757 803 3813 amicitia:
829 3775 986 3830 pares
1027 3763 1260 3829 animos,
1294 3773 1349 3819 et
1399 3780 1506 3820 non
1549 3767 1838 3824 dissimiles

249 3850 518 3909 expetant
570 3844 896 3903 voluntates.
944 3849 1218 3920 Scriptum
1251 3862 1333 3908 est
1358 3855 1503 3909 enim
1535 3856 1600 3910 dc
1644 3857 1837 3914 talibus

248 3930 308 3985 in
334 3932 699 4004 descriptione
720 3941 1085 3997 membrorum
1110 3944 1305 4013 capitis
1331 3946 1548 4009 diaboli,
1581 3947 1664 4001 vel
1695 3951 1838 4003 vasis

245 4023 400 4079 illius
455 4027 773 4108 Antichristi
832 4049 846 4086 :
897 4033 1133 4088 Membra
1192 4037 1431 4089 carnium
1480 4038 1599 4107 ejus
1659 4039 1837 4093 adluc-

503 4172 890 4254 .Co_.nstrue,_et
929 4179 1141 4254 explica
1170 4195 1183 4234 :
1211 4181 1374 4245 Quem
1423 4185 1470 4236 si
1519 4201 1612 4254 ego
1656 4187 1837 4240 adiero

247 4240 722 4324 relati-injuriatus
750 4248 971 4324 adjnris
993 4240 1313 4324 ministrum,
1345 4261 1401 4306 ut
1422 4240 1628 4324 scilicet
1651 4272 1678 4308 a
1706 4273 1834 4324 pou-

248 4312 404 4390 titice
421 4310 510 4378 jus
540 4314 642 4394 sibi
674 4310 1013 4394 redderetur,
1032 4328 1092 4394 Aet
1128 4320 1216 4394 ille
1243 4310 1386 4394 nisus
1410 4323 1672 4378 vindicare
1695 4310 1837 4394 inju-

249 4383 363 4432 rias
398 4399 558 4455 meas,
611 4384 718 4437 imo
760 4385 856 4439 Dei
895 4389 1209 4455 prohibentis
1236 4390 1387 4454 talia,
1438 4402 1485 4445 et
1534 4383 1836 4448 sanctorum

246 4451 660 4519 evangeliorum,
712 4451 1087 4535 apostolormn,
1140 4469 1190 4512 et
1247 4451 1647 4535 apostolicornm
1701 4466 1835 4535 viro-
1863 4476 1912 4535 ι)

250 4537 394 4582 rum,
446 4539 713 4600 canonum
745 4537 816 4600 _et_
864 4527 1187 4600 decretorum
1233 4527 1612 4597 prohibentium
1666 4534 1831 4600 talia;

250 4607 424 4670 nonne
468 4590 575 4670 ille,
622 4594 713 4663 qui
739 4595 1006 4670 injuriavit
1042 4613 1128 4670 me
1164 4590 1285 4670 tam
1301 4600 1569 4670 sacrilege,
1607 4604 1696 4656 sed
1727 4590 1830 4658 non

248 4660 383 4713 adeo
406 4660 902 4742 sacrilegetntiistc
950 4665 1212 4732 pontifex,
1244 4668 1295 4742 si_
1313 4668 1453 4742 male
1475 4660 1674 4725 Electus
1696 4689 1834 4742 pra:-

249 4739 520 4809 sumatur,
553 4734 825 4802 injuriarit
847 4735 1050 4809 l_)_enm;
1077 4738 1330 4809 etomnia
1348 4739 1478 4807 jura
1497 4751 1600 4793 tam
1630 4734 1832 4809 diuina,

245 4815 405 4877 tutam
430 4801 687 4877 humana,
711 4813 824 4877 etc.
854 4803 953 4877 llic
983 4805 1222 4877 nonnihil
1271 4801 1458 4862 deesse
1493 4812 1700 4877 putavit
1730 4801 1831 4865 no;

249 4869 704 4946 rissimusedjtor
736 4873 1030 4946 Spicilcgii.
1058 4876 1162 4946 Sed
1190 4869 1620 4946 interpunct'ionc
1651 4896 1832 4935 einen-

261 4917 504 4924 ηψπ-
531 4917 693 4925 -_.....
738 4917 769 4926 ν
799 4917 930 4927 ην..-
1059 4917 1162 4928 ην..
1370 4917 1620 4933 unus"...
1651 4917 1830 4935 νων..-

247 4939 391 5017 dula,
423 4941 727 5032 eLinducta
759 4917 1062 5011 parenthesi
1111 4945 1243 5032 nihil
1298 4917 1593 5002 desiderari
1622 4951 1830 5032 per5pi-

247 5010 414 5087 citur.
459 5010 674 5064 Etenim
722 5010 882 5069 vnccs
913 5031 1097 5087 Δηοηηε
1135 5013 1225 5087 ille
1282 5026 1404 5086 post
1459 5010 1828 5087 paren'tlicsim

244 5079 493 5158 repetitae
534 5083 1119 5158 sensuu_i__continuant.
1153 5084 1245 5158 Sic
1275 5079 1526 5142 nimirum
1559 5104 1680 5158 qua:
1710 5099 1832 5158 post

242 5150 1016 5226 parenthesin)subjiciuntur
1056 5153 1371 5222 explicanda
1423 5150 1591 5212 suntf
1616 5150 1828 5223 Ver'um,

1941 3220 2085 3269 usus,
2115 3221 2207 3273 per
2228 3222 2316 3259 eas
2346 3205 2617 3261 ecclesiam
2655 3209 2957 3274 obtinuerit,
2994 3208 3316 3279 deponatur;
3363 3217 3412 3262 et
3436 3226 3518 3263 sc-

1938 3303 2212 3364 gregentur
2237 3297 2328 3364 qui
2357 3297 2404 3350 ei
2434 3299 2815 3352 communicant
2847 3299 2864 3368 (
2882 3316 2998 3353 can.
3036 3300 3214 3368 Apost.
3243 3298 3355 3368 5t).

2008 3384 2097 3438 15.
2125 3384 2445 3442 Consideret
2466 3388 2630 3458 igitur
2649 3389 2932 3459 prudentia
2951 3388 3038 3443 illa
3056 3399 3254 3452 vestra,
3272 3388 3518 3456 Domine,

1939 3489 2078 3544 qum,
2140 3484 2197 3530 ut
2228 3476 2420 3544 fertur,
2474 3478 2763 3533 universali
2792 3487 2876 3534 est
2926 3479 3085 3550 digna
3116 3479 3356 3550 prml‘erri
3403 3481 3517 3534 visa

1939 3567 2194 3624 Ecclesiae
2224 3569 2406 3642 (784):
2464 3569 2792 3637 consideret,
2847 3572 3088 3641 inquam,
3123 3587 3262 3624 anne
3308 3571 3378 3624 sit
3422 3571 3523 3624 iste

1937 3659 2154 3714 evidens
2183 3675 2458 3724 ascensus,
2491 3671 2613 3714 eam
2662 3661 2860 3716 dicitur
2884 3661 3008 3717 talis
3037 3661 3389 3716 saecularibus
3419 3678 3514 3730 po-

1938 3750 2221 3804 testatibus
2238 3765 2404 3818 usus;
2423 3738 2523 3804 sed
2538 3750 2730 3819 deponi
2757 3749 3406 3821 illiusjudieaturjudicio,
3431 3750 3520 3818 qui

1937 3842 2085 3895 aitiu
2109 3841 2434 3913 Evangelio:
2471 3839 2654 3896 Omnis
2701 3843 2791 3912 qui
2829 3859 2883 3896 se
2922 3841 3119 3896 exultat
3155 3839 3520 3894 hnmtliabitur

1939 3936 2088 4002 (Luc.
2118 3952 2230 4001 xw,
2263 3937 2371 4007 11).
2404 3935 2541 3990 Nota
2569 3951 2717 4001 vero,
2743 3936 2885 4007 quod
2943 3949 3049 3990 non
3080 3934 3296 3998 dicitur,
3343 3933 3519 3987 omnis

1939 4027 2029 4096 qui
2060 4027 2346 4095 exaltatur,
2375 4029 2762 4097 humiliandus,
2793 4028 2885 4083 sed
2912 4028 2957 4082 is
2979 4027 3144 4096 quise
3176 4025 3511 4094 ipsumexal-

1939 4211 2133 4252 vocare
2158 4198 2308 4252 colet.

2011 4268 2155 4336 (78l)
2188 4268 2546 4339 Monoxyllnm
2585 4280 2668 4324 est
2695 4271 2927 4325 iudicum
2961 4270 3240 4339 navigium
3262 4285 3324 4323 ex
3357 4270 3517 4324 unico

1938 4337 2457 4410 liguoexcavatum,
2489 4341 2642 4410 cujus
2678 4341 2889 4396 Plinius
2937 4337 3185 4394 meminit
3229 4337 3322 4394 lib.
3358 4356 3433 4403 γι,
3467 4356 3514 4394 c.

1943 4407 2028 4491 15;
2061 4407 2584 4491 Mono‘fyllnlanvcro
2598 4410 3107 4491 _t_l_iminulivum_est.
3337 4490 3343 4491 γ

2010 4476 2157 4550 (782)
2214 4476 2546 4550 Subauditur
2598 4479 2705 4543 ille,
2738 4495 2896 4548 quem
2949 4483 3240 4550 bigamum,
3297 4490 3351 4534 et
3402 4480 3522 4532 aliis

1937 4547 2082 4618 vitiis
2116 4547 2381 4618 irretitum
2411 4549 2476 4618 ad
2504 4547 2835 4616 pontiﬁcium
2875 4547 3056 4605 sedem
3088 4557 3395 4618 promotum
3426 4565 3521 4617 per

1938 4616 2259 4685 hypothesin
2295 4617 2494 4689 posuit.
2537 4618 2664 4673 Post
2711 4633 2881 4689 pauca
2943 4616 3195 4674 mendose
3237 4616 3521 4687 legebatur

1937 4686 2804 4765 exspectatumbiemendavimus
2826 4698 3087 4765 expetant.
3143 4757 3217 4765 __
3279 4686 3312 4765 ς
3415 4756 3424 4765 ν

2012 4755 2161 4825 (785)
2184 4753 2315 4808 Cum
2343 4757 2454 4834 [nec
2478 4758 2723 4834 unanimi,
2743 4769 2866 4834 etc.,
2891 4753 2953 4811 ex
2970 4755 3228 4834 libro_Job
3255 4756 3518 4834 descripta

1937 4841 2046 4878 esse
2075 4841 2175 4878 non
2209 4827 2846 4906 “percepisset”debemus,
2881 4828 3058 4906 moluit
3107 4828 3202 4906 Itoc
3254 4827 3389 4906 loco“
3413 4825 3512 4892 legi

1937 4893 2126 4966 Aﬂtuae
2143 4893 2492 4966 spiraculum.
2523 4896 2615 4952 Sic
2639 4897 2913 4966 Spicilegii
2939 4895 3264 4950 novissimus
3287 4894 3484 4966 editor.

2011 4963 2160 5034 (78.1)
2191 4963 2485 5041 "ubertum
2522 4963 3327 5041 episcopumParmensemrad
3358 4977 3518 5041 quem

1938 5032 2038 5112 hoc
2061 5032 2196 5112 Opus
2229 5033 2495 5112 directum
2520 5032 2660 5112 luit,
2709 5032 3027 5112 alloquitur.
3069 5034 3176 5112 llic.
3211 5032 3525 5112 interfuisse

1937 5104 1984 5158 ei
2015 5097 2862 5183 pseudosyno(l_o_l_ia_hittemense
2891 5102 3351 5183 Novflpbriﬁmli
3394 5097 3518 5183 9,65,

1938 5175 1990 5226 in
2015 5167 2121 5226 uua
2151 5167 2356 5226 Joanne
2378 5173 2470 5226 Xll
2499 5175 2744 5226 deposito
2766 5175 2973 5226 electus
2997 5171 3092 5224 fuit
3119 5173 3371 5226 antinana
3412 5167 3522 5221 Leo
