4032 5354
533 316 640 378 505

1477 300 1808 382 unum!
1848 322 2057 381 EPlSC.
2102 321 2350 380 VERON.
2403 321 2553 381 ore.
2594 323 2774 381 rans
2811 324 2853 381 l.

3172 319 3189 330 .
3287 298 3313 335 ξ

516 434 730 500 taverit,
760 433 814 489 id
840 441 945 501 est,
967 417 1243 502 extulerit,
1259 435 2089 507 veldignum:estimaveritipse.
2120 438 2171 497 Α
2195 443 2403 488 amator
2422 448 2566 488 meus
2588 434 2614 487 ?
2634 428 2822 506 (Ibid)
2842 431 2974 503 Ejus
3018 440 3285 504 prazcepta
3312 430 3398 487 vel
3454 429 3791 486 annnntiare

511 525 742 581 Aliunde
770 539 900 580 vero
921 534 1004 581 est
1028 522 1254 582 aut'ritu
1287 525 1620 592 Simoniaco,
1651 537 1746 582 aut
1768 527 1959 596 quavis
1985 525 2092 580 alia

512 602 826 686 illegalitate
851 617 1162 673 ascendere.
1181 616 1291 673 Fur
1312 632 1440 672 vero
1457 626 1682 673 vocatur
1701 617 2089 687 oliingentum;

513 707 652 762 latro
678 714 898 775 propter
937 707 1047 761 vim
1092 715 1254 775 alque
1295 707 1559 776 rapinam.
1616 705 1756 774 Quid
1797 720 1926 761 vero
1968 704 2094 774 jure

510 794 739 864 quilibet
761 795 947 874 talium
967 795 1110 851 idem
1140 797 1462 852 naturaliter
1488 797 1683 852 debeat
1706 813 1885 868 agere,
1910 814 2095 868 promi-

511 897 666 956 ptum
714 886 939 944 cuilibet
965 895 1051 943 est
1098 889 1294 944 iterum
1315 890 1505 945 eadem
1548 890 1872 946 auctoritate
1901 889 2092 961 digno-

512 992 687 1033 scere.
718 978 811 1033 Ait
840 976 1159 1034 enim:Fur
1193 995 1299 1035 non
1348 979 1502 1045 venit,
1540 980 1643 1035 nisi
1672 989 1727 1034 ut
1768 979 1996 1049 furetur,
2042 992 2090 1037 et

511 1069 730 1137 mactet,
749 1079 796 1127 et
818 1070 1004 1142 perdat
1028 1070 1211 1142 (Joan.
1240 1086 1297 1137 x,
1328 1069 1439 1142 10).
1482 1070 1622 1137 Quid
1657 1084 1792 1126 vero
1841 1070 2093 1127 furatur?

509 1158 691 1216 Verba
734 1160 869 1233 legis
897 1162 1150 1233 primitus
1175 1161 1294 1227 Dei,
1322 1161 1645 1218 occultando
1695 1163 1904 1233 utique,
1929 1162 2093 1238 354

506 1265 612 1307 nec
643 1252 988 1307 decretaliter
1015 1252 1367 1323 proferendo:
1404 1253 1529 1309 inde
1567 1269 1654 1309 res
1677 1254 1920 1311 ecclesia:
1955 1255 2090 1312 alte-

510 1341 626 1397 rius
655 1342 863 1398 debitas
879 1342 1009 1414 juri.
1040 1343 1240 1399 Mactat
1267 1358 1397 1398 vero
1418 1343 1626 1398 animas
1659 1343 1925 1401 diabolico
1955 1361 2089 1402 ven-

511 1443 596 1490 tre
621 1436 964 1503 condendas;
993 1445 1052 1491 ut
1095 1437 1405 1492 econtrario
1432 1436 1589 1492 alteri
1618 1437 1850 1492 dicitur:
1899 1437 2092 1510 Surge,

509 1524 689 1592 Petre,
714 1540 908 1595 macta,
931 1537 979 1583 et
1009 1529 1272 1583 manduca
1304 1529 1441 1601 (Act.
1493 1545 1548 1592 χ,
1580 1531 1692 1600 15).
1730 1529 1784 1583 id
1812 1538 1915 1595 est,
1947 1544 1977 1584 a
1998 1546 2095 1599 pa-

508 1617 767 1687 ganitatis
812 1618 923 1672 vita
973 1620 1169 1683 exime,
1217 1627 1273 1674 et
1323 1618 1376 1674 in
1426 1617 1854 1676 Christianitatis
1906 1630 2094 1677 ventre

508 1709 764 1763 reconde.
790 1708 976 1765 Perdit
1020 1725 1152 1765 vero
1187 1726 1200 1763 :
1234 1724 1393 1781 quem
1440 1711 1619 1781 potius
1645 1727 1806 1782 quam
1854 1712 2092 1782 seipsum

506 1796 722 1867 primo?
763 1797 890 1852 hinc
916 1799 1129 1853 demum
1162 1815 1443 1871 sequaces.
1492 1799 1679 1856 Talem
1724 1817 1875 1873 ergo,
1909 1803 2001 1872 qui
2034 1813 2091 1857 ut
2124 1786 2165 1845 Β

507 1884 813 1954 adjuvetur,
843 1888 1059 1954 adierit,
1102 1905 1169 1944 nc
1195 1890 1264 1945 ab
1302 1891 1423 1960 ipso
1469 1890 1519 1946 ei
1571 1892 1752 1962 potius
1806 1902 2092 1951 noceretur

508 1974 570 2048 [ι.
596 1972 1143 2050 ιιοοθειιυτ],“ευιι‹]ρο,
1176 1979 1392 2035 viderit.
1416 1980 1795 2048 Mansuetloris
1821 1984 1968 2039 enim
1993 1984 2093 2039 hu-

503 2062 741 2134 iusmodi
770 2068 815 2123 si
842 2068 981 2124 forte
1004 2078 1085 2125 est
1107 2062 1297 2137 animi,
1328 2070 1373 2126 si
1401 2071 1543 2142 apud
1564 2072 1713 2126 illum
1742 2073 1989 2129 ecclesia:
2010 2082 2093 2128 est

504 2156 733 2227 alicujus
775 2158 945 2229 (785),
999 2167 1058 2214 ut
1085 2152 1288 2227 uxoris,
1324 2171 1613 2217 accusatus
1664 2163 1912 2228 invasor;
1951 2164 2088 2219 idem

505 2252 560 2301 et
586 2260 644 2301 se
669 2247 1022 2304 reminiscens
1049 2248 1261 2316 fecisse,
1295 2252 1449 2317 timet
1469 2253 1657 2319 audire
1680 2272 1692 2306 :
1723 2253 1951 2319 Quisine
1969 2272 2091 2325 pec-

505 2346 622 2391 cato
643 2346 718 2391 est
741 2348 987 2406 vestrum,
1008 2340 1209 2410 primus
1226 2342 1282 2395 in
1305 2340 1449 2395 illaut
1473 2341 1699 2412 lapidem
1717 2343 1885 2397 mittat
1904 2343 2086 2413 (Joan.

505 2442 623 2492 vm,
665 2426 739 2498 7).
773 2426 818 2484 Ο
843 2444 1006 2500 quam
1038 2445 1170 2487 vero
1200 2447 1306 2487 non
1330 2442 1416 2488 est
1436 2434 1552 2488 sine
1574 2443 1819 2504 peccato,
1850 2436 1942 2507 qui
1967 2434 2091 2490 Gie-

504 2521 655 2575 ziaca
703 2531 789 2576 est
821 2520 969 2591 lepra
1014 2538 1336 2594 percussus;
1387 2527 1477 2595 qui
1526 2542 1648 2581 cum
1681 2525 1903 2582 Simone
1937 2526 2090 2598 Mago

503 2607 824 2675 damnatus;
852 2610 942 2677 qui
957 2609 1335 2681 multigatuus;
1361 2611 1475 2681 qui,
1495 2626 1616 2667 eum
1630 2627 1821 2667 omnes
1839 2612 2092 2668 mulieres

502 2695 753 2751 dimcesis
788 2710 900 2750 sua:
950 2698 1117 2766 ipsius
1148 2700 1418 2770 spiritales
1462 2701 1570 2755 sint
1613 2701 1755 2768 tiliae,
1809 2700 2094 2769 cujuslibet

502 2782 646 2837 forte
674 2799 859 2839 earum
906 2788 1250 2859 corruptione
1292 2789 1556 2858 pollutus;
1584 2790 1676 2861 qui
1720 2791 2033 2847 multimodo
2059 2810 2089 2861 a

503 2872 709 2929 sanctis
763 2875 1062 2932 canonibus
1115 2878 1455 2951 redargutus,
1511 2896 1613 2936 nec
1638 2881 1748 2936 ullo
1785 2883 1945 2940 modo
1970 2898 2092 2938 cor-

502 2973 707 3019 rectus.
736 2964 786 3020 Is
811 2980 942 3022 vero
963 2968 1008 3022 si
1036 2977 1255 3024 veretur
1304 2973 1582 3041 corripere
1632 2973 1938 3029 minuscule
1986 2974 2088 3029 ali—

504 3068 664 3122 quem
690 3056 1064 3141 criminosum,
1109 3074 1369 3115 censesne
1395 3074 1517 3117 eum
1544 3063 2088 3141 reprehendendum?

2202 540 2326 582 cum
2368 525 2659 589 Psalmlsta
2687 535 3066 596 compescatur
3102 535 3479 583 monstrante:
3515 525 3694 591 Quare
3722 535 3788 577 tu

2196 617 2665 687 euarrasjustitias
2690 631 2832 672 meas
2852 617 2878 669 2
2897 614 3069 687 (Psal.
3098 628 3246 682 ms,
3276 615 3792 687 16.)Nibilquoquc

2195 709 2537 764 sanetillcare
2564 709 3075 781 valere,'Scriptura
3098 710 3172 765 ita
3201 717 3467 765 testante:
3502 706 3661 781 Quod
3701 715 3792 759 te-

2194 798 2363 876 tigerit
2402 799 2728 867 immundus,
2767 786 3096 855 immu‘ndum
3123 801 3220 855 erit
3245 799 3439 872 (Num.
3470 813 3611 887 θυι,
3662 795 3784 865 εξ).

2194 888 2328 944 Cum
2355 904 2483 944 vero
2508 889 2761 945 sacerdos
2784 905 2814 944 a
2844 904 2998 945 sacro
3022 899 3077 945 et
3107 890 3233 946 dato
3253 889 3614 961 compositum
3642 901 3779 957 ges-

2194 988 2313 1034 tare
2360 980 2607 1036 videatur
2659 980 3013 1045 vocabulum,
3063 981 3319 1036 miserum
3381 981 3502 1035 me!
3561 992 3787 1033 sacrum

2193 1072 2463 1142 quomodo
2485 1072 2624 1138 fieri,
2653 1073 2735 1128 vel
2761 1072 2953 1129 saltem
2981 1073 3123 1147 valet
3151 1072 3352 1143 putari,
3384 1070 3530 1144 quod
3552 1079 3634 1125 est
3675 1070 3783 1123 im-

2195 1154 2489 1229 mundum;
2522 1163 2782 1218 mundum
2808 1179 2957 1229 vero,
2987 1164 3130 1236 quod
3154 1148 3391 1234 tetigerit
3442 1160 3779 1231 immundus,
3806 1151 3827 1170 ’

2194 1261 2384 1308 contra
2403 1261 2667 1308 assertum
2697 1253 2859 1320 illius,
2891 1253 2983 1327 qui
3012 1241 3095 1310 est
3129 1253 3476 1326 singulariter
3511 1251 3781 1315 mundus,

2194 1351 2249 1397 et
2267 1343 2383 1397 sine
2403 1356 2511 1416 quo
2533 1357 2712 1397 memo
2737 1351 2821 1397 cst
2840 1343 3092 1408 mundus,
3117 1328 3389 1413 quomodo
3410 1342 3555 1395 valet
3589 1338 3781 1395 saltem

2193 1433 2410 1504 putari?
2440 1433 2540 1488 Hic
2588 1441 2769 1488 tamen
2824 1432 3105 1505 suifragari
3150 1433 3364 1489 videtur
3417 1430 3595 1504 (786),
3637 1427 3786 1500 quod

2193 1526 2433 1597 Baptista
2460 1525 2671 1580 Domini
2717 1526 2816 1581 sibi
2872 1512 3098 1581 testatur
3147 1525 3406 1580 divinitus
3442 1524 3783 1599 iutimalnm,

2194 1619 2250 1675 id
2277 1629 2389 1675 est:
2420 1618 2588 1689 Super
2616 1633 2767 1689 quem
2806 1618 2997 1672 videris
3047 1615 3304 1687 Spiritum
3350 1604 3780 1679 descendentem,

2196 1722 2243 1766 et
2275 1721 2569 1767 manentem
2596 1728 2751 1783 super
2787 1729 2927 1779 eum,
2948 1711 3033 1766 hic
3056 1720 3150 1776 est,
3196 1711 3285 1782 qui
3323 1710 3554 1781 baptizat
3581 1710 3640 1764 in
3657 1707 3781 1777 Spi—

2196 1804 2296 1857 ritu
2323 1813 2503 1858 sancto
2525 1803 2707 1877 (Joan.
2739 1819 2778 1870 ι,
2805 1803 2896 1873 55)
2915 1845 2930 1870 ,
2955 1804 3009 1863 id
3035 1813 3139 1867 cst,
3164 1802 3256 1873 qui
3286 1802 3579 1871 baptizatis
3594 1799 3787 1855 tribuit

2195 1893 2454 1963 Spiritum
2482 1902 2725 1950 sanctum
2756 1893 2935 1965 355.
2976 1893 3114 1961 Quid
3144 1902 3323 1952 tamen
3344 1892 3629 1955 faciemus,
3645 1891 3690 1945 si
3716 1891 3786 1945 de

2194 1984 2285 2040 illo
2311 1985 2655 2056 singulariter
2677 1987 2779 2041 hoc
2805 1994 2887 2039 est
2916 1985 3119 2040 dictum
3171 1984 3467 2065 mysterio?
3492 1984 3604 2057 Fac
3633 1981 3785 2053 (787)

2197 2085 2375 2134 tamen
2404 2077 2470 2132 de
2497 2075 2747 2135 omnibus
2775 2077 2878 2151 hoc
2908 2085 2963 2131 et
3001 2068 3240 2131 dicatur.
3312 2115 3327 2130 .
3404 2115 3420 2130 .
3499 2111 3517 2129 .
3597 2111 3615 2125 .
3691 2110 3709 2126 .

2194 2168 2428 2239 qualiter
2447 2167 2765 2222 conceditur
2789 2165 2893 2223 hoc
2913 2166 3133 2222 cuilibet
3156 2166 3308 2221 alteri
3326 2165 3659 2228 ministrare,
3689 2163 3783 2236 qui

2194 2275 2299 2314 non
2323 2259 2562 2314 creditur
2592 2258 2716 2313 inde
2752 2267 2986 2329 gustare.
3041 2256 3223 2312 Habes
3271 2256 3415 2312 enim
3460 2253 3783 2325 Apostolum

2194 2350 2268 2405 ita
2295 2350 2598 2406 dicentem:
2637 2349 2743 2416 Qui
2771 2349 3052 2403 manducet
3073 2359 3121 2410 et
3176 2349 3299 2406 bibit
3336 2365 3532 2417 corpus
3580 2357 3629 2401 et
3659 2362 3788 2403 sat:-

2193 2441 2401 2510 guinem
2448 2439 2659 2493 Domini
2689 2439 2916 2509 indigne,
2941 2439 3205 2508 judicium
3234 2439 3336 2493 sibi
3373 2437 3661 2512 nianducat
3728 2433 3782 2507 (I

2194 2529 2317 2584 Cor.
2344 2546 2416 2595 χι,
2439 2529 2554 2599 29).
2584 2529 2801 2598 lndigne
2826 2544 2956 2584 vero
2985 2528 3131 2583 illum
3169 2528 3341 2583 sancti
3393 2526 3663 2582 definiunt
3686 2525 3781 2581 do-

2193 2626 2376 2673 ctores
2407 2618 2800 2673 Eucharistiam
2832 2617 3099 2686 accipere,
3123 2618 3211 2688 qui
3256 2631 3321 2671 eo
3348 2624 3590 2685 tempore
3639 2630 3781 2685 prm-

2188 2708 2484 2779 Sumpserit
2533 2708 2954 2770 communicare,
3000 2722 3108 2777 quo
3149 2707 3371 2761 deberet
3402 2704 3781 2775 pmnitcntiam

2194 2813 2383 2869 agere;
2416 2797 2558 2867 quod
2590 2796 2796 2859 scilicet
2826 2796 3165 2852 convincitur
3207 2797 3619 2869 parvipendere,
3661 2794 3776 2865 qui,

2193 2885 2336 2956 quod
2369 2884 2636 2955 sequitur,
2666 2885 2830 2951 surda
2884 2884 3114 2959 percipit
3139 2899 3293 2949 aure,
3336 2882 3389 2938 id
3415 2891 3523 2945 est,
3566 2880 3628 2937 Si
3661 2899 3780 2941 nos,-

2192 2971 2438 3048 mctipsos
2464 2977 2851 3047 judicarentus,
2877 2994 2979 3030 non
3004 2977 3180 3047 utique
3193 2975 3565 3046 judicaremur
3586 2975 3640 3044 (1
3644 2975 3778 3039 bid.,

2194 3067 2313 3138 5i).
2340 3065 2477 3120 Dum
2506 3066 2651 3120 enim
2683 3066 2736 3120 in
2759 3065 3012 3145 praesenti
3039 3066 3195 3120 nobis
3225 3065 3447 3119 nimium
3480 3064 3776 3134 parcimus,

507 3142 553 3199 0
577 3135 750 3216 major
773 3148 1003 3216 tandem,
1028 3149 1301 3223 perlepide
1327 3151 1555 3209 Flaccus
1575 3135 1808 3210 cantilat
1835 3163 2054 3211 noster:
2115 3135 2158 3195 (ἶ
2191 3135 2441 3215 ne'nobis
2465 3160 2516 3214 iu
2538 3157 2721 3214 futuro
2748 3136 3048 3230 vel‘parum
3084 3166 3357 3231 parcatur,
3386 3155 3671 3211 cllieimus.

676 3326 700 3338 ,λ
755 3282 797 3334 0
817 3282 968 3345 major
990 3286 1184 3334 tandem
1209 3297 1380 3348 parcas
1401 3289 1573 3338 insane
1595 3287 1791 3339 minori.

579 3428 665 3485 l6.
699 3429 867 3497 Quale
895 3441 979 3488 est
1007 3442 1189 3489 autem
1245 3433 1395 3502 illud,
1441 3438 1585 3508 quod
1610 3437 1732 3494 talis
1772 3452 1872 3494 nec
1917 3440 2086 3495 Deum

504 3520 681 3589 ipsum
705 3522 988 3578 Dominum
1019 3540 1212 3580 vocare
1234 3526 1405 3596 ipsius
1448 3528 1829 3599 astipulatione
1864 3531 2088 3599 permit-

504 3611 658 3676 titur,
682 3612 799 3681 ipso
823 3612 1063 3669 dicente:
1097 3615 1239 3683 Quid
1280 3628 1455 3672 autem
1485 3621 1681 3674 vocatis
1712 3637 1812 3685 me,
1843 3621 2084 3687 Domine,

502 3701 747 3768 Domine,
785 3713 833 3758 et
862 3720 967 3760 non
1008 3704 1180 3776 facitis
1206 3725 1323 3778 qua:
1366 3710 1524 3764 dico?
1552 3709 1701 3782 (Luc.
1733 3729 1809 3777 vr,
1850 3713 1966 3785 46.)
1993 3715 2088 3770 Vel

443 3841 450 3848 .
506 3792 673 3846 Deum
715 3792 965 3865 [subaudi
998 3797 1233 3869 vocare],
1280 3800 1468 3854 eodem
1517 3816 1614 3871 per
1641 3803 1958 3874 prOphetam
2013 3804 2087 3859 ita

505 3896 909 3955 conquerente:
940 3887 1001 3943 Si
1030 3887 1169 3943 Deus
1196 3906 1308 3960 ego,
1338 3891 1427 3945 ubi
1467 3894 1625 3946 timor
1648 3910 1791 3948 meus
1817 3892 2084 3964 ?(Malac.

506 3992 550 4053 ι,
585 3974 664 4047 6.)
701 3974 883 4046 Neque
908 3988 1136 4048 patrem,
1165 3990 1557 4052 prosequente:
1586 3981 1648 4037 Si
1670 3994 1819 4053 pater
1848 4000 1960 4054 ego,
2001 3983 2089 4038 ubi

583 4154 730 4224 (785)
759 4155 1022 4212 Acherius
1047 4156 1277 4212 ecclesia:
1301 4167 1375 4213 est
1397 4157 1649 4224 alicujus,
1673 4168 1763 4215 aut
1786 4162 1967 4219 uxoris
1995 4178 2087 4216 ac-

542 4236 740 4290 usator,
763 4227 989 4298 invasor.
1015 4225 1352 4298 Novissimus
1376 4225 1649 4298 Spicilegii
1671 4228 1848 4285 editor
1867 4246 1932 4286 ex
1959 4246 2089 4286 con-

542 4242 740 4290 usator,
763 4242 989 4281 invasor.
1018 4242 1352 4285 uovussunus
1376 4242 1649 4298 apicuegu
1671 4242 1848 4285 editor
1867 4246 1932 4286 ex
1959 4246 2089 4286 con-

504 4242 715 4363 jectura
746 4297 1052 4351 emendavit
1077 4296 1306 4351 ecclesia:
1340 4296 1591 4366 alicujus,
1617 4309 1672 4352 ut
1696 4300 1900 4366 uxoris,
1932 4317 2090 4354 accu-

513 4375 666 4418 satur
694 4365 924 4419 invasor.
947 4365 1082 4433 Nos,
1100 4368 1291 4422 minori
1318 4365 1531 4423 licentia
1556 4377 1764 4425 retento
1783 4365 2087 4434 est,corre-

504 4435 687 4495 ximus
716 4442 922 4490 tantum
946 4447 998 4490 ut
1062 4452 1120 4492 ro
1144 4448 1255 4499 aut,
1278 4452 1332 4493 et
1354 4449 1632 4493 accusatus
1663 4455 1761 4508 pro
1790 4452 2084 4499 accusator.

581 4503 728 4562 (786)
755 4505 999 4562 Seuuens
1020 4452 1243 4562 yoanuis
1266 4508 1518 4562 Baptista:
1542 4510 1907 4562 testimonium
1929 4520 2080 4562 eate-

581 4503 999 4578 (786)Sequens
1020 4503 1243 4562 Joannis
1266 4508 1518 4578 Baptistae
1542 4503 1907 4564 testiinonium
1929 4520 2080 4565 eate-

508 4574 612 4630 nus
642 4574 989 4650 suﬂ'ragatur,
1021 4592 1114 4633 seu
1148 4574 1517 4650 somn—quod
1568 4580 1618 4632 in
1650 4580 2081 4650 praecedentibus

507 4644 831 4720 opponitur,
850 4648 976 4715 quia
1023 4663 1148 4703 cum
1200 4644 1426 4720 alllrmet
1459 4662 1582 4720 eum
1625 4644 1714 4720 qui
1743 4649 1982 4720 baptizat
2025 4652 2081 4705 in

507 4717 716 4786 Spiritu
768 4726 970 4789 sancto,
997 4732 1091 4772 seu
1124 4719 1227 4789 qui
1272 4717 1549 4785 baptizatis
1594 4717 1773 4772 tribuit
1820 4717 2080 4789 Spiritum

508 4796 770 4857 sanctum,
801 4801 924 4857 esse
957 4787 1131 4856 ipsum
1173 4787 1478 4850 Christum;
1522 4789 1829 4857 quicunque
1865 4787 1941 4843 'sit
1985 4789 2083 4842 mi-

506 4855 680 4926 nister
724 4856 816 4924 qui
856 4855 1114 4926 baptizat,
1151 4858 1263 4911 sive
1304 4855 1555 4919 mundus,
1605 4860 1716 4912 sive
1744 4855 2079 4922 immundus,

508 4924 644 4981 nihil
673 4928 870 4981 refert:
896 4924 1223 4996 nequeenim
1246 4928 1506 4996 sanctitas
1532 4928 2079 4995 baptismitribuenda

507 4997 722 5067 est_nisi
748 4996 847 5061 illi,
881 4997 946 5052 de
967 4993 1075 5066 uno
1101 4997 1303 5057 dictum
1323 5006 1436 5051 est:
1470 4993 1569 5050 Hic
1591 4993 1662 5051 est
1692 4997 1806 5067 qui!
1830 4998 2083 5066 baptizat,

508 5075 571 5116 ut
585 5064 915 5116 Augustinus
937 5064 1182 5116 nlnrilms
1202 5067 1449 5116 exnnsnil.
1464 5075 1619 5116 tract.
1636 5084 1687 5116 νι
1704 5064 1766 5116 in
1789 5064 2083 5116 Joannem:

2117 4481 2166 4542 D

2261 3251 2350 3306 l7.
2385 3250 2524 3306 Ecce
2546 3250 2687 3317 unde
2708 3257 3050 3325 contemptus
3074 3249 3176 3303 iste
3196 3247 3466 3318 generalis
3491 3245 3775 3317 emcrserit

2189 3342 2436 3399 hodierni
2488 3341 2668 3397 sazcnli
2725 3355 3017 3408 canonum,
3072 3338 3182 3395 imo
3233 3324 3654 3409 Evangeliorum
3717 3344 3775 3392 et

2188 3434 2429 3489 omnium
2487 3434 2697 3489 Domini
2730 3441 3153 3505 praeceptorum,
3200 3417 3334 3486 cum.
3373 3430 3628 3507 videlicet
3655 3429 3775 3499 quis

2189 3534 2434 3582 autumat
2461 3527 2535 3581 nil
2557 3526 2658 3581 sibi
2689 3513 2963 3597 prodesse,
2995 3525 3039 3578 si
3070 3525 3324 3590 observet
3342 3521 3571 3586 minora,
3602 3520 3693 3590 qui
3718 3533 3774 3578 se

2190 3618 2343 3672 novit
2362 3606 2752 3686 contempsisse
2779 3615 3005 3696 majora.
3049 3613 3188 3696 Quid
3215 3613 3360 3696 enim
3407 3612 3513 3666 bac
3559 3611 3679 3682 lege
3699 3625 3773 3665 re-

2192 3710 2296 3764 fert
2318 3708 2504 3782 [Vulg.
2531 3707 2703 3772 affert,
2728 3692 2978 3778 male],'si
3003 3692 3106 3761 non
3139 3692 3337 3775 habeat
3364 3703 3487 3775 quis
3516 3718 3685 3759 canes
3709 3702 3771 3769 ad

2184 3800 2525 3865 venandum;
2560 3798 2864 3855 etabundet
2886 3797 3266 3864 meretricibus
3293 3795 3361 3850 ad
3385 3794 3773 3870 stuprandu‘m?

2192 3891 2247 3947 Si
2276 3892 2341 3946 ad
2371 3891 2453 3946 sui
2481 3899 2536 3946 et
2564 3889 2791 3944 aliorum
2816 3887 3186 3944 defensionem
3235 3904 3341 3943 non
3368 3889 3548 3958 capiat
3582 3902 3733 3948 arma
3756 3927 3773 3952 ,

2191 3992 2246 4040 et
2270 3983 2337 4038 ad
2360 3983 2443 4037 sui
2471 3980 2872 4051 inultorummie
2920 3980 3277 4053 perditionem
3300 3978 3597 4035 criminosa
3629 3992 3774 4035 come

2191 4160 2605 4232 terpretaretur?
2632 4157 2915 4232 Miltisane
2942 4156 3293 4232 dubiumuon
3326 4163 3456 4232 est,__
3474 4154 3605 4226 quin
3654 4169 3772 4208 vera

2192 4224 2257 4291 sit
2272 4224 2432 4286 lectio
2462 4228 2740 4300 mysterio.
2769 4226 2847 4300 De
2866 4228 3118 4300 oninibus
3166 4227 3291 4300 hoc
3310 4234 3366 4280 et
3404 4224 3642 4300 dicatur,
3672 4234 3770 4300 etc.

2191 4315 2248 4356 ut
2277 4317 2456 4355 sensus
2477 4292 2573 4372 sit:
2610 4295 2829 4367 Objiciet
2862 4297 3083 4372 fortasse
3129 4295 3318 4372 aliquis
3350 4295 3501 4372 verba
3548 4292 3772 4372 Joannis

2193 4372 2448 4439 Ba;;tistte
2483 4370 2552 4423 ad
2582 4364 2744 4439 unum
2778 4364 3190 4435 conﬁrmationis
3214 4364 3558 4488 ﬁlegendum
3594 4364 3771 4432 bapti-

2194 4440 2414 4488 smatis)
2442 4445 2828 4488 sacramentum
2854 4437 3140 4488 pertinere:
3169 4453 3223 4488 se
3288 4445 3342 4487 ut
3374 4434 3511 4487 idem
3538 4433 3605 4486 de
3654 4449 3769 4486 om-

2194 4433 2414 4509 smatis)
2442 4435 2828 4509 sacramentum
2847 4433 3140 4509 pertinere;
3166 4433 3260 4509 sed
3288 4433 3349 4487 ut
3374 4434 3511 4509 idem
3532 4433 3605 4509 de
3654 4449 3769 4509 qm-

2192 4512 2343 4564 m‘bus
2366 4501 2708 4563 sacramentis
2753 4501 2861 4575 dici
2881 4522 3031 4573 posse
3057 4507 3352 4575 probemus,
3372 4503 3611 4575 AsuﬂicietA
3635 4501 3769 4556 alte-

2187 4597 2302 4634 rum
2326 4576 2617 4648 exemplum
2639 4576 2693 4648 in
2725 4571 2908 4648 altaris
2948 4571 3274 4648 sacramento
3296 4571 3544 4648 exhiberi.
3572 4571 3774 4648 Quaru-

2185 4650 2358 4705 obrem
2401 4641 2540 4711 eum,
2585 4645 2819 4715 quisquis
2844 4644 3057 4715 estqui
3092 4643 3203 4698 hinc
3225 4643 3451 4698 Joannis
3498 4642 3654 4715 verba
3697 4641 3771 4693 ita

2186 4718 2472 4788 restringit,
2502 4712 2986 4788 rogabimus‘dicat,
3007 4729 3263 4788 tartaream
3290 4728 3413 4788 rem,
3447 4712 3603 4788 cujus
3646 4726 3770 4788 par-

2183 4790 2341 4856 ticeps
2372 4782 2473 4839 non
2501 4782 2588 4848 sit,
2617 4800 2732 4856 cum
2760 4782 2924 4856 altero
2947 4782 3414 4856 participareﬂuis
3454 4782 3639 4856 possit,
3661 4787 3766 4833 etc.

2186 4849 2339 4912 Haud
2365 4865 2541 4910 tamen
2566 4849 2994 4910 credimushmic
3018 4849 3192 4905 locum
3208 4850 3477 4905 diﬂicilem
3508 4849 3765 4912 futurum,

2189 4928 2235 4983 si
2264 4927 2480 4981 inducta
2506 4923 2721 4987 lacuna,
2745 4938 2907 4991 quam
2937 4922 3150 4991 punctis
3176 4922 3617 4991 designavimus,
3635 4933 3765 4991 pap-

2191 5013 2269 5053 cae
2289 5010 2449 5051 voces
2470 4985 2843 5064 suppleantur,
2886 4985 3083 5064 quibus
3114 4985 3437 5064 sacramenti
3465 4985 3653 5043 altaris
3682 4985 3763 5041 fa-

2191 5067 2380 5116 cienda
2404 5073 2488 5116 est
2518 5058 2741 5116 mentio.
2780 5060 2847 5115 ad
2890 5058 3033 5116 (iuod
3080 5058 3322 5116 profecto
3363 5068 3762 5114 sacramentum
