4032 5354
225 371 328 429 505

1187 375 1279 431 ΒΕ·
1313 372 1731 450 CONTEMPTU
1774 374 2130 432 C.\NONL'.\|.
2170 406 2240 420 --
2279 377 2457 435 PARS
2494 376 2536 433 Ι.

3387 379 3491 437 ὅδε

222 487 444 541 mittere
471 500 577 539 non
609 483 822 540 desinat
857 484 1038 540 facta?
1083 485 1141 542 Si
1179 503 1284 542 non
1333 489 1602 560 percutiat
1653 489 1812 560 (788)-
1831 497 1876 552 Α
1905 506 1964 542 eo
1993 489 2179 560 (lbid.,
2212 491 2320 562 l8),
2353 493 2404 546 id
2434 504 2520 547 est
2543 509 2647 546 non
2679 492 3004 551 observabas
3059 494 3200 564 quod
3224 510 3320 566 per
3351 496 3496 567 Apo-

227 577 416 632 tldeles
445 575 839 646 delinquentes,
873 577 1014 646 quod
1043 586 1097 633 et
1123 580 1805 644 cauonibusinterdicitur,

222 683 408 740 pugno
430 667 516 721 vel
541 667 768 732 baculo;
795 676 849 721 et
871 668 1190 724 adulterina:
1235 671 1609 730 absolutionis.
1646 670 1809 739 largi-

225 760 414 823 tionis,
464 758 548 813 vel
598 767 746 812 certe
802 759 1191 814 benedictionis
1242 759 1470 830 ﬂagello,
1523 770 1614 814 aut
1643 761 1808 830 pessi-

173 840 176 841 ν
222 864 440 905 morum
467 856 684 902 actuum
713 848 1004 903 interﬁciat
1027 848 1147 904 illos
1189 851 1472 920 exemplo?
1494 850 1627 904 Cum
1682 865 1810 904 vero

223 937 634 1008 Scripturarum
660 937 806 1008 (789)
843 938 1042 1008 ubique
1078 941 1417 994 taciturnitas
1474 941 1812 1010 vituperetur

222 1039 438 1084 asserto
469 1030 536 1083 ad
565 1030 618 1084 id
638 1031 1010 1086 ordinatorum
1039 1032 1219 1097 oﬂicii,
1250 1036 1561 1103 prmdicatio
1592 1052 1719 1090 vero
1756 1037 1807 1090 in

195 1127 435 1203 .tantum
476 1117 729 1186 iubeatur
755 1130 810 1175 et
856 1122 1126 1188 laudetur,
1159 1133 1218 1178 ut
1268 1127 1426 1179 etiam
1458 1127 1726 1190 omnibus,
1756 1127 1809 1180 id

221 1219 322 1273 eat,
350 1223 452 1264 nec
467 1211 816 1266 saecularibus
836 1215 1096 1282 exceptis,
1117 1230 1212 1284 per
1229 1217 1541 1284 prophetam
1565 1217 1804 1270 dicatur:

222 1297 326 1363 Qui
353 1299 528 1364 audit,
553 1301 714 1365 dicat,
755 1299 876 1355 Veni
906 1302 1090 1372 (Apoc.
1118 1321 1251 1368 χχιι,
1283 1306 1402 1375 l7);
1437 1315 1490 1360 et
1532 1323 1627 1376 per
1654 1307 1811 1361 Jaco-

218 1391 348 1445 bum
399 1393 566 1465 356
586 1396 916 1465 apostolum":
954 1396 1012 1450 Si
1061 1399 1176 1468 quis
1198 1399 1444 1452 erraverit
1475 1415 1506 1450 a
1572 1398 1807 1461 veritate,

219 1493 267 1537 et
290 1496 599 1539 converterit
627 1487 742 1555 quis
766 1504 902 1550 etim,
927 1486 1060 1542 scire
1082 1490 1254 1562 dedet,
1283 1491 1530 1558 quoniam
1557 1490 1645 1560 qui
1681 1506 1807 1542 con-

219 1576 349 1626 verti
372 1573 551 1640 fecerit
597 1587 924 1638 peccatorem
986 1577 1050 1630 ab
1101 1594 1278 1631 errore
1315 1580 1408 1631 via:
1450 1595 1580 1641 sua},
1642 1578 1807 1630 salvat

218 1665 455 1718 animum
477 1665 590 1734 ejus
621 1683 652 1718 a
685 1676 875 1733 morte,
927 1677 974 1720 et
1008 1669 1172 1730 operit
1199 1669 1588 1738 multitudinem
1626 1685 1810 1737 pecca-

219 1765 394 1807 torum
425 1772 641 1809 suorum
692 1755 814 1827 (Jac
861 1773 914 1821 ν,
942 1759 1052 1827 l9).
1082 1757 1182 1812 Ubi
1215 1759 1424 1814 scilicet
1457 1761 1634 1815 nullus
1663 1761 1809 1816 exci-

1911 581 2104 634 stolum
2131 585 2530 648 mandaveram,
2548 585 2598 639 id
2619 594 2724 650 est,
2758 584 2948 641 Manus
2971 589 3163 641 nemini
3203 588 3304 642 cito
3331 590 3496 660 impo-

1909 673 2099 735 sueris,
2125 690 2285 744 neque
2315 677 2660 731 eommuniccs
2672 679 2895 746 peccatis
2918 678 3106 733 alienis
3139 679 3190 750 (1
3250 679 3384 736 Tim.
3437 700 3492 748 v,

1909 759 2026 829 222).
2055 761 2120 812 Et
2151 779 2268 815 cum
2283 764 2536 818 adulteris
2559 767 2850 834 portionem
2873 776 3016 819 tuam
3040 769 3267 836 ponebas
3317 768 3491 841 (Psal.

1909 863 2054 912 χιιι,
2076 851 2185 921 18),
2205 861 2256 906 et
2287 853 2532 908 videlicet
2555 856 2912 930 defendendo,
2938 867 2988 911 et
3017 858 3356 930 privilegium
3385 863 3486 928 eis,

1910 941 2052 1008 quod
2128 942 2333 995 utinam
2405 926 2710 1013 nunquam.
2739 946 2882 1016 ('79!)
2931 926 3187 1015 expertus
3217 926 3491 1013 luissem,

1911 1040 1968 1080 ut
2022 1030 2072 1082 in
2121 1031 2386 1085 adulterio
2431 1034 2617 1088 eodem
2671 1035 2897 1090 tirmiter
2969 1036 3210 1090 valerent
3274 1039 3490 1102 durare,

1911 1121 2219 1188 praebendo.
2254 1123 2325 1176 0s
2347 1134 2492 1178 tuum
2514 1125 2797 1179 abundavit
2823 1127 3023 1180 malitia
3050 1128 3238 1197 (Ibid.,
3258 1131 3344 1198 l9)
3367 1149 3379 1184 :
3399 1147 3494 1184 au-

1909 1211 2192 1264 ctoritates
2227 1213 2418 1268 adhoc
2467 1213 2834 1279 falssissimas,
2867 1220 3009 1288 quod
3061 1220 3245 1288 utique
3279 1221 3372 1275 tibi
3427 1221 3464 1274 li

1911 1311 2079 1364 ceret,
2110 1303 2251 1370 quod
2303 1320 2575 1374 nunquam
2610 1305 2768 1360 alicui
2802 1307 2972 1370 licuit,
3007 1310 3370 1379 congerendo.
3422 1309 3492 1366 Et

1912 1393 2092 1462 lingua
2121 1403 2236 1455 tua,
2265 1396 2364 1448 hoc
2395 1397 2708 1463 astruendo,
2739 1397 3062 1454 commiscuit
3091 1399 3258 1453 dolos.
3293 1399 3492 1455 Sedens

1911 1485 2156 1538 adversus
2178 1487 2392 1554 fratrem
2418 1497 2563 1540 tuum
2588 1488 2880 1558 loquebaris
2902 1487 3060 1558 (Ibid.
3071 1506 3088 1560 )
3113 1491 3271 1563 357
3305 1509 3336 1544 ιι
3347 1493 3494 1564 tique

1911 1576 2285 1644 coepiscopum
2354 1577 2598 1644 lcgaliter
2655 1580 2990 1645 institutum;
3049 1591 3141 1636 aut
3199 1583 3494 1654 quemlibet

1910 1665 2311 1732 Christianum;
2336 1667 2507 1736 filium
2534 1670 2937 1724 scilicetmatris
2961 1681 3086 1735 tum,
3121 1671 3173 1726 id
3202 1682 3285 1726 est
3305 1674 3494 1728 catho~

1911 1756 2028 1811 lica:
2054 1759 2327 1823 Ecclesite,
2378 1761 2462 1814 cui
2495 1762 2680 1832 utique
2710 1762 2912 1816 nullum
2969 1763 3143 1831 majus
3182 1765 3306 1834 poni
3352 1765 3494 1820 valet

216 1847 396 1915 pitur;
426 1846 518 1901 sed
537 1846 964 1915 quihocl'ecerit,
994 1848 1536 1905 talircmunerauone
1554 1850 1807 1905 ditandus
1841 1841 1879 1898 Ii
1911 1847 2241 1912 scandalum,
2273 1865 2434 1919 quam
2465 1859 2520 1904 ut
2545 1852 2847 1906 adulterum
2875 1853 3133 1908 sortiatur
3160 1855 3492 1926 epiSCOpum,

216 1938 485 1991 asseritur
512 1937 662 2007 (790)
689 1948 744 1992 ut
774 1947 827 1992 et
851 1940 1045 1995 animae
1073 1939 1256 1996 fratris
1269 1942 1495 1996 salutem
1511 1951 1767 2012 operatus
1785 1983 1799 2007 ,

214 2037 270 2081 et
294 2043 408 2081 sum
435 2013 762 2083 Consecutus
791 2030 1031 2084 dicatur:
1067 2041 1122 2086 et
1164 2032 1265 2086 alia
1317 2044 1478 2102 atque
1529 2033 1631 2087 alia
1679 2049 1804 2102 pro-

212 2119 345 2172 bent
370 2120 643 2188 exempla,
678 2121 962 2175 Dominum
994 2138 1100 2177 non
1129 2123 1288 2178 modo
1326 2125 1519 2192 jubere
1559 2126 1722 2180 verba
1750 2133 1803 2180 et

207 2207 450 2276 justitias
473 2225 601 2263 suas
629 2211 922 2275 enuntiari,
953 2213 1046 2266 sed
1095 2221 1149 2267 et
1201 2212 1526 2268 facientibus
1583 2215 1802 2283 prmmia

211 2299 457 2370 polliceri
481 2318 494 2353 :
531 2315 634 2354 non
670 2300 930 2356 facientes
952 2318 1080 2356 vero
1093 2303 1443 2359 vehementer
1459 2305 1801 2375 redarguere,

213 2393 364 2446 etab
394 2393 475 2447 eis
532 2393 747 2447 illorum
804 2395 1150 2464 sanguinem,
1179 2397 1231 2450 id
1275 2406 1378 2460 est,
1432 2407 1677 2467 peccata,
1717 2399 1801 2452 vel

207 2481 426 2536 animas
452 2483 832 2558 requirendus,
859 2500 994 2553 quos
1022 2501 1127 2539 non
1145 2487 1410 2560 monendo
1426 2498 1800 2553 correxerunt,

212 2573 412 2627 minari
449 2592 460 2626 :
493 2575 652 2644 quale
681 2575 824 2631 illius
864 2577 1118 2644 existere,
1163 2577 1246 2633 vel
1302 2589 1560 2648 quantum
1611 2581 1801 2648 possit,

211 2679 506 2734 pensemus
541 2667 818 2733 delictum,
859 2685 1019 2739 quem
1054 2671 1121 2724 ad
1164 2670 1523 2724 enuntiandas
1566 2667 1804 2736 justitias

213 2769 342 2809 suas
365 2765 640 2825 computat
676 2765 784 2810 tant
836 2774 977 2822 esse,
1025 2768 1084 2812 ut
1139 2760 1508 2830 increpatione
1555 2775 1802 2829 compes-

214 2858 390 2913 catur,
426 2848 838 2918 indignum?Ne
885 2850 1046 2920 igitur
1090 2851 1339 2919 suspensi
1385 2865 1650 2916 erremus,
1682 2867 1801 2920 qua:

213 2949 518 3011 sequuntur
564 2955 874 3004 cernamus,
907 2950 961 2996 et
1011 2957 1229 2996 causam
1263 2942 1405 2996 illico
1458 2943 1796 2997 invenimus:

216 3031 295 3086 Tu
317 3049 459 3095 vero,
485 3033 581 3096 ait,
608 3033 765 3102 odisti
792 3033 1145 3101 disciplinam,
1170 3050 1329 3103 quam
1367 3051 1472 3088 non
1522 3037 1700 3090 obstat
1728 3036 1800 3090 le-

214 3139 336 3192 gem
389 3124 719 3178 intellexisse
768 3126 1101 3189 canonicam,
1139 3137 1185 3180 et
1214 3128 1480 3196 projecisti
1535 3145 1795 3183 sermones

1907 1947 1960 1990 et
1992 1939 2107 1992 loco
2129 1942 2361 2008 pastoris
2385 1943 2618 2012 accipiat
2652 1943 2854 2013 lupum.

1979 2033 2062 2086 l8.
2101 2032 2222 2088 llaec
2251 2050 2370 2087 cum
2412 2035 2612 2088 iaciunt
2659 2037 2924 2099 homines,
2964 2053 3068 2091 non
3107 2038 3174 2091 ad
3207 2039 3493 2095 utilitatem

1907 2123 2235 2176 audientium
2277 2125 2600 2177 annuntiant
2631 2125 2867 2194 justitias
2899 2126 3014 2189 Dei,
3058 2125 3150 2180 sed
3194 2127 3261 2180 ad
3307 2127 3493 2195 perdi-

1907 2213 2106 2266 tionem
2149 2214 2311 2267 verba
2364 2213 2597 2276 Domini,
2648 2214 2868 2268 sinistra
2911 2214 3115 2270 scilicet
3175 2216 3496 2286 interpreta-

1906 2302 2052 2356 tione
2089 2312 2517 2372 corrumpentes,
2541 2312 2595 2357 et
2617 2303 2938 2358 renitentem
2969 2303 3033 2358 ad
3066 2322 3122 2360 se
3154 2305 3490 2376 Scripturam

1905 2395 2201 2458 trahentes,
2244 2394 2446 2448 faciunt
2487 2395 2595 2461 illi;
2628 2403 2683 2450 et
2711 2405 2852 2451 tacet
2883 2395 3044 2462 Deus,
3075 2398 3125 2451 id
3151 2407 3255 2464 est,
3284 2397 3489 2453 nullum

1903 2484 1983 2539 eis
2011 2485 2467 2539 contradictorcm
2507 2486 2778 2540 adversari
2816 2486 3096 2558 permittit.
3137 2486 3242 2542 Sed
3274 2489 3494 2542 audiant

1903 2576 2048 2646 quod
2083 2576 2345 2644 sequitur,
2391 2585 2444 2630 et
2473 2585 2682 2646 postea,
2721 2577 2916 2632 talibus
2971 2577 3194 2640 relictis,
3223 2578 3492 2634 sacrificio

1903 2665 2076 2719 laudis
2114 2665 2473 2719 honorificent
2515 2665 2721 2733 Deum;
2764 2667 2927 2719 verba
2969 2666 3175 2720 scilicet
3222 2665 3356 2736 legis
3396 2668 3490 2721 Dei

1903 2754 2292 2822 amplectenda,
2340 2753 2638 2820 tremenda,
2695 2764 2860 2825 atque
2909 2756 3202 2826 sequenda,
3256 2757 3490 2827 primum

1903 2845 2183 2915 exemplis,
2231 2846 2423 2901 deinde
2460 2847 2642 2902 verbis
2692 2850 3096 2903 annuntiantes.
3149 2847 3270 2902 Illic
3319 2849 3488 2911 enim,

1903 2935 1954 2991 id
1992 2946 2093 3002 est,
2130 2938 2181 2991 in
2219 2938 2486 2993 sacriﬁcio
2530 2939 2702 2994 laudis
2750 2939 2865 3003 Dei,
2906 2941 3006 2993 iter
3043 2950 3118 2994 est
3159 2939 3229 2993 ad
3259 2940 3492 2993 salutare

1902 3028 2000 3082 Dei
2029 3028 2203 3100 (Psal.
2236 3046 2382 3096 χιιι,
2407 3030 2520 3099 23),
2551 3031 2601 3084 id
2624 3042 2727 3096 est,
2763 3031 2910 3102 (792)
2943 3031 3491 3086 adJesumChi-istum

1903 3120 2186 3175 Dominum
2215 3130 2457 3175 nostrum
2481 3122 2860 3190 perveniendi;
2892 3121 3145 3175 nimirum
3171 3122 3222 3175 in
3247 3122 3494 3177 laudibus
3524 3127 3529 3131 ’

214 3189 358 3269 ineas
377 3225 490 3282 post
517 3226 564 3268 te
588 3213 764 3285 (Psal.
790 3232 942 3281 thx,
978 3217 1086 3285 l7),
1118 3217 1170 3271 id
1197 3189 1464 3280 est,'tuum
1491 3220 1796 3286 arbitrium,
1827 3189 1869 3250 C
1904 3213 2021 3278 Dei,
2069 3229 2203 3284 quas
2253 3214 2460 3284 pagina":
2482 3189 2780 3268 continent
2815 3212 3243 3283 Scripturarum,
3281 3214 3492 3268 inveni-

214 3305 663 3358 consuetudinem
711 3304 795 3358 vel
824 3306 1108 3360 arbitrium
1133 3308 1470 3378 praéposuisti
1514 3309 1614 3381 legi
1647 3325 1797 3363 meae.

216 3395 281 3449 Et
310 3395 618 3464 quomodo?
646 3393 705 3449 Si
728 3396 953 3462 videbas,
983 3397 1176 3468 inquit,
1201 3387 1662 3468 [annalem-rebus
1684 3415 1801 3453 cum

216 3550 365 3621 {iane
388 3565 538 3621 num.
563 3550 633 3603 l5
659 3550 857 3618 accipit
893 3551 1206 3621 Ratherius,
1250 3552 1392 3621 quod
1430 3552 1495 3605 de
1537 3552 1804 3620 baptismo

217 3619 458 3692 Joannes
494 3620 736 3692 Baptista
775 3622 1022 3676 tradidit:
1077 3619 1419 3692 Sacramenta
1449 3619 1634 3692 quippe
1688 3621 1802 3687 Dei,

217 3690 418 3757 inquit,
452 3707 544 3760 nec
574 3690 738 3759 hujus
767 3701 907 3754 sunt,
937 3709 1027 3746 nec
1057 3691 1224 3754 illius,
1258 3693 1310 3744 id
1338 3702 1410 3744 est
1437 3690 1526 3745 nec
1542 3692 1696 3760 justi,
1715 3709 1805 3744 nec

215 3759 527 3830 peccatoris,
555 3762 645 3813 sed
669 3761 830 3821 illius,
856 3763 919 3815 de
948 3778 1051 3830 quo
1081 3762 1308 3815 dicitur:
1343 3761 1512 3829 Super
1538 3759 1689 3829 quem
1730 3763 1806 3813 vi-

216 3830 360 3881 deris
389 3827 645 3897 Spiritum
669 3827 1079 3893 descendentem,
1104 3841 1149 3884 et
1175 3827 1463 3884 manentem
1486 3827 1640 3898 super
1664 3847 1803 3895 eum,
1847 3831 1851 3836 ’

218 3900 460 3971 ἱρεεᾳεει,
483 3904 570 3971 qui
605 3900 836 3968 baptizat
862 3904 914 3954 in
942 3901 1143 3971 Spiritu
1178 3912 1380 3954 sancto.
1409 3901 1482 3953 Ex
1521 3902 1602 3954 his
1630 3900 1804 3968 palam

223 3978 310 4022 est
341 3968 661 4023 Ratherium
709 3968 1002 4038 agnoscere
1030 3971 1211 4025 omnia
1254 3980 1592 4024 sacramenta
1643 3972 1804 4024 etiam

221 4053 250 4089 tl
313 4040 694 4108 peccatoribus
747 4041 1050 4095 ministrata
1126 4041 1469 4094 sanctitatem
1538 4038 1804 4105 conferre,

221 4110 348 4178 quia
375 4110 682 4163 sanctitatis
697 4121 888 4165 auctor
908 4128 1012 4165 non
1041 4120 1121 4163 est
1139 4111 1405 4172 minister,
1429 4110 1803 4163 sedChi-istus.

300 4179 454 4249 (788)
477 4178 754 4234 Gerardus
783 4183 835 4234 in
867 4181 1067 4239 Vita.S.
1107 4180 1342 4234 Udalt'ici
1367 4181 1600 4248 episcopi
1626 4185 1807 4249 Augu-

223 4250 363 4304 stani
388 4268 436 4320 c.
465 4250 556 4316 ll,
591 4267 645 4303 ιι.
668 4250 760 4315 40,
785 4252 849 4304 de
875 4253 1106 4320 quodam
1137 4251 1228 4320 qui
1252 4251 1450 4320 aliquid
1485 4266 1550 4303 ex
1582 4251 1806 4304 ecclesia

223 4319 544 4384 ab2tulcrat,
606 4330 828 4374 narrat:
860 4319 1395 4391 Augustam'redieus
1448 4321 1640 4391 injuste
1687 4321 1807 4391 inde

223 4401 377 4458 rapta
407 4392 710 4458 reportavit,
747 4401 794 4444 et
820 4389 1115 4459 episcopum
1156 4406 1272 4441 cum
1319 4390 1484 4458 scopis
1512 4392 1558 4441 ei
1601 4389 1810 4457 ﬂagella

222 4459 488 4527 imponere
509 4476 606 4528 pro
646 4459 842 4514 Christi
867 4462 1070 4513 noniine
1117 4459 1419 4527 postularit.
1476 4459 1630 4512 Ritus
1672 4460 1807 4512 indi-

1903 3319 2023 3357 mus
2049 3304 2175 3372 quid
2212 3305 2386 3372 sequi,
2418 3302 2545 3372 quid
2581 3318 2761 3373 agere,
2799 3303 2928 3371 quid
2973 3303 3269 3356 debeamus
3300 3317 3493 3356 cavere

1905 3406 1969 3446 ac
1995 3409 2233 3462 sperare.
2264 3393 2498 3448 Securus
2527 3407 2655 3464 ergo
2677 3392 2918 3462 quilibet,
2945 3393 3192 3462 quamvis
3218 3400 3489 3461 peccator,

1907 3553 2245 3625 privilegium
2277 3560 2434 3625 vocat
2463 3566 2583 3605 eam
2629 3549 2893 3603 licentiam
2934 3547 3114 3625 Miloni
3165 3545 3494 3625 Veronensis

1906 3617 2050 3679 sedis
2102 3617 2345 3677 invasori
2393 3635 2728 3680 concessam,
2781 3634 2942 3687 quam
2993 3618 3232 3671 fautores
3273 3617 3494 3687 ordina-

1908 3694 2072 3748 tionis
2097 3694 2214 3762 ejus
2235 3693 2302 3747 ab
2333 3691 2630 3762 apostolica
2669 3684 2816 3762 sede
2839 3702 2897 3742 se
2945 3689 3242 3762 obtinuisse
3295 3684 3494 3762 gloria-

1906 3753 2142 3819 bantur?-
2172 3762 2302 3828 Vide
2340 3753 2499 3830 epist.
2531 3775 2563 3811 v
2617 3759 2689 3830 ad
2728 3755 2986 3830 Joannem
3047 3753 3351 3830 Xll,_not;_.
3395 3753 3495 3808 llic

1907 3850 2037 3888 vero
2066 3851 2166 3887 non
2221 3826 2386 3884 mera’
2411 3827 2693 3884 ordinandi
2727 3827 2962 3889 licentia,
3019 3828 3108 3880 scd
3141 3826 3342 3894 aliquid
3380 3839 3494 3878 am-

1911 3905 2068 3972 plius,
2107 3919 2211 3971 quo
2245 3902 2461 3954 invasor
2484 3901 2545 3972 in
2571 3899 2713 3972 sedis
2737 3898 3073 3972 possessione
3099 3893 3492 3972 ﬁrmitervale-

1910 3964 1984 4027 i'et
2010 3964 2228 4031 durare,
2266 3971 2494 4024 indicari
2549 3964 2776 4022 videtur.
2809 3967 3140 4029 Baldricum,
3181 3967 3264 4020 cui
3295 3964 3496 4018 Ruthe—

1914 4045 2028 4097 rins
2092 4041 2479 4096 Lcndicensem
2526 4041 2894 4108 episcopatum
2953 4036 3145 4108 cedere
3187 4033 3496 4108 compulsus

1911 4114 2028 4178 fuit,
2060 4112 2363 4164 adulterum
2394 4126 2486 4162 seu
2540 4106 2843 4178 invasorem
2866 4106 3070 4174 pariter
3113 4106 3316 4178 habuit,
3351 4111 3491 4178 u_tc_\

1911 4175 2254 4236 Conclusione
2279 4179 2615 4232 deliberativa
2658 4176 3004 4232 manifestum
3047 4183 3148 4229 est.
3180 4175 3345 4227 Porro
3374 4175 3496 4226 huic

1911 4254 1984 4307 ita
2017 4253 2208 4307 cedere
2231 4251 2436 4314 debuit,
2463 4259 2521 4301 ut
2543 4246 2718 4300 ablata
2751 4247 2907 4314 fuerit
2937 4263 3049 4315 spes
3079 4246 3245 4315 omnis
3286 4244 3495 4315 restitu-

1910 4324 2066 4376 tionis
2095 4323 2227 4391 ejus,
2258 4311 2710 4391 quemadmodum
2737 4311 3005 4391 Rptgeriis
3045 4316 3096 4368 iu
3131 4314 3250 4366 Vita
3279 4311 3498 4391 S._.Bru-

1913 4393 2070 4447 nouis
2111 4382 2293 4444 narrat
2319 4405 2436 4455 cap.
2470 4389 2558 4440 Si.
2607 4385 2741 4438 Num
2785 4382 2886 4439 hac
2931 4387 2982 4439 in
3028 4401 3085 4437 re
3135 4382 3494 4455 apostolicum

1913 4463 2125 4530 aliquod
2152 4453 2514 4530 privilegium,
2530 4474 2637 4530 quo
2661 4455 2939 4530 Baldricu_s
2954 4456 3004 4530 in
3024 4453 3498 4530 Laodicensiscde

223 4522 378 4609 catur
407 4522 742 4609 percipiendi
768 4522 1263 4609 p03;titeiites,'qt.tos
1288 4538 1465 4609 tamen
1489 4530 1688 4609 sc_opis,
1724 4529 1804 4582 vel
1839 4527 1883 4584 D
1910 4522 2563 4609 ﬁriuiterj'aleret'dura-re
2589 4526 3013 4609 (lblCltl‘lﬂll.i:tll.l,
3047 4526 3118 4577 ita
3155 4525 3318 4603 utohic
3348 4522 3498 4574 locus

224 4599 411 4668 virgis,
440 4609 534 4652 aut
555 4597 715 4657 fuste,
747 4597 849 4653 non
881 4615 1007 4654 vero
1033 4599 1244 4668 pugnis,
1271 4599 1351 4652 vel
1401 4599 1590 4668 baculo
1615 4614 1806 4665 percu-

227 4667 340 4722 tere
374 4669 594 4722 licebat.
644 4669 885 4723 Notanda
913 4669 1191 4724 distinctio
1223 4670 1362 4722 inter
1394 4667 1804 4728 absolutionem,

225 4736 565 4808 largitionem
635 4749 689 4793 et
741 4739 1202 4801 benedictionem;
1264 4737 1561 4790 adulterina
1628 4747 1807 4790 autem

225 4807 484 4878 absolutio
522 4820 767 4870 vocatur,
794 4826 912 4877 qtae
935 4809 1206 4878 peccatori
1253 4809 1370 4862 sine
1420 4808 1610 4863 idonea
1639 4809 1809 4876 poeni-

225 4879 392 4931 tentia
419 4877 631 4933 facilius
654 4877 988 4932 conceditur.

297 4948 444 5017 (789)
471 4949 527 5002 Si
563 4958 709 5002 recte
741 4961 1024 5003 construas
1051 4951 1192 5002 hunc
1223 4947 1422 5012 locum,
1463 4947 1595 5000 nihil
1628 4961 1810 5000 emen-

229 5018 459 5072 dandum
511 5027 606 5072 aut
656 5021 1012 5087 supplendum
1063 5019 1300 5087 putabis,
1342 5019 1417 5070 uti
1469 5033 1566 5084 pro
1609 5027 1808 5070 asserto

230 5088 367 5141 aliud
421 5088 550 5157 quid
603 5089 887 5158 legendum
942 5089 1264 5142 novissimus
1320 5087 1592 5155 Spicilcgii
1636 5087 1811 5140 editor

1912 4594 1975 4654 ad
2008 4601 2388 4654 Leodireusem
2418 4598 2598 4650 sedem
2635 4605 2688 4648 et
2716 4595 2779 4646 ad
2795 4594 3096 4649 Baldricum
3128 4596 3310 4661 potius
3333 4607 3493 4661 quam

1913 4673 1976 4724 ad
2001 4672 2180 4723 sedem
2218 4670 2650 4722 Veronensemet
2674 4665 2740 4717 ad
2768 4665 3014 4718 Milonem
3041 4659 3380 4717 referendum
3395 4659 3499 4712 sit?

1914 4738 2389 4808 Exploratiorihus
2410 4736 2750 4791 documentis
2780 4734 3156 4808 deﬁcientibus
3187 4731 3316 4808 uihnil
3362 4728 3494 4781 deli-

1914 4799 2030 4863 nire
2063 4810 2342 4862 audemus.
2375 4807 2546 4860 Porro
2591 4814 2847 4858 construe
2897 4814 2950 4857 et
2973 4801 3177 4870 explica
3201 4817 3223 4870 :_
3249 4799 3320 4870 Os
3353 4808 3494 4870 tuum

1913 4880 2192 4934 abundavit
2222 4879 2422 4930 malitia
2451 4875 2772 4943 congerenda
2798 4868 3132 4943 auctoritutes
3157 4868 3224 4920 ad
3255 4869 3352 4943 hoc
3393 4868 3467 4936 {at

1913 4951 2168 5012 sissimus,
2189 4949 2238 5002 id
2261 4959 2362 5012 est,
2394 4948 2520 5000 falsa
2549 4939 3265 5012 interpretationedistortus
3289 4939 3475 5012 adpro

1917 5006 2181 5081 baiulum,
2207 5006 2539 5086 quatl'liceret
2569 5006 2743 5086 utique
2771 5013 2892 5086 tibi,
2911 5009 3048 5086 quod
3072 5006 3496 5086 uuuquamlicuu

1917 5091 2096 5144 alicui.
2129 5076 2261 5140 (Iuni
2297 5085 2588 5140 Rathcrius
2613 5076 2978 5153 c'Leodicciisi
3007 5078 3131 5131 sedc
3157 5076 3350 5152 pulsus
3381 5076 3500 5136 fuit:
