4032 5354
532 209 637 266 507

1513 208 1843 267 RATllEllll
1881 209 2099 268 EPISC.
2142 210 2397 268 VERON.
2429 210 2589 287 .OI'P.
2632 208 2813 267 PARS
2842 208 2886 285 [ί.

3714 203 3816 277 sos

532 323 622 378 Dei
647 321 889 392 justitias
908 329 1155 390 enarret;
1188 324 1362 381 sinon
1390 323 1731 397 disciplinam
1754 324 1868 389 Dci,
1894 338 2015 396 qum
2039 331 2123 381 est
2146 325 2199 387 Α
2229 323 2399 379 Homo
2429 325 2672 380 sacerdos
2702 324 2766 379 de
2791 322 2984 378 semine
3008 321 3208 398 Aaron,
3237 320 3327 388 qui
3360 321 3600 399 habuerit
3633 337 3818 375 macu—

532 413 719 483 utique
747 413 1112 485 promulgatio
1139 428 1428 481 canonum,
1461 414 1614 481 odit;
1651 414 1697 471 si
1741 430 1894 471 suam
1918 415 2122 471 consti-

533 502 793 557 tutionem
831 502 1119 574 praeceptis
1160 518 1267 559 non
1313 507 1591 575 anteponit
1638 505 1809 572 illius;
1853 505 1899 561 si
1946 504 2123 563 furem

531 592 651 663 ipso
677 592 893 649 intuens
922 594 1331 651 demonstrante
1358 595 1530 667 (795),
1553 612 1658 651 non
1684 597 1854 652 currit
1883 611 2006 652 cum
2035 610 2119 661 eo,

532 682 584 737 id
623 691 727 749 est,
772 698 876 738 non
908 685 1179 741 consentit
1215 685 1288 752 ei,
1327 686 1413 743 vel
1434 687 1671 742 defendit
1710 702 1864 753 eum;
1912 686 1957 742 si
2000 700 2122 742 cum

532 772 963 829 adulterantibus
992 775 1215 830 verbum
1261 776 1379 843 Dei,
1414 786 1469 832 et
1502 792 1769 833 canonum
1807 777 1947 834 scita
1989 792 2124 834 con-

535 864 934 930 temnentibus,
982 874 1194 935 partem
1238 882 1392 922 suam
1431 883 1538 923 non
1575 868 1768 939 ponit;
1825 868 1869 924 si
1902 883 1964 922 os
2009 866 2125 937 ejus

532 968 639 1007 non
669 954 910 1010 abundat
958 954 1161 1010 malitia
1203 966 1395 1011 contra
1429 958 1809 1014 rectitudincm
1861 958 1996 1030 legis
2040 959 2123 1013 lo-

532 1041 758 1110 quendi,
791 1050 845 1097 et
877 1044 1059 1116 lingua
1098 1045 1267 1115 ipsius
1295 1061 1402 1102 non
1432 1047 1623 1103 miscet
1658 1048 1809 1104 dolos
1834 1048 2128 1119 quemlibet

532 1132 869 1203 decipiendi;
902 1135 949 1202 si
981 1135 1176 1192 sedens
1201 1136 1256 1192 in
1285 1136 1542 1194 cathedra
1567 1137 1843 1208 iudicandi
1867 1139 2128 1195 adversus

531 1224 756 1282 fratrem
789 1243 897 1283 non
937 1228 1176 1300 loquitur
1210 1246 1394 1299 suum,
1424 1247 1525 1288 nec
1564 1232 1784 1304 aliquod
1831 1231 1879 1287 ei
1912 1231 2131 1302 apponit

534 1312 587 1367 in
636 1316 721 1371 via
776 1317 988 1375 Domini
1040 1319 1445 1380 ol'l'endiculum.
1494 1323 1628 1378 Nam
1679 1325 1724 1378 si
1772 1322 1964 1378 fecerit
2002 1323 2126 1378 talia

536 1404 737 1472 quivis,
769 1414 950 1463 taceat
976 1408 1048 1463 illi
1081 1424 1389 1481 quanquam
1424 1412 1683 1487 Dominus
1711 1411 1906 1484 (794),
1941 1412 1993 1468 id
2021 1419 2125 1479 est,

538 1505 745 1564 tacere,
802 1499 1180 1556 contradicere
1223 1509 1318 1556 aut
1356 1502 1682 1568 nescientes,
1735 1511 1830 1557 aut
1880 1518 1987 1557 non
2034 1517 2128 1556 va-

534 1582 732 1653 lentes,
761 1594 857 1641 aut
876 1602 981 1642 non
1015 1604 1177 1645 ausos
1204 1591 1506 1662 permittat,
1534 1607 1602 1647 ne
1630 1593 1860 1649 aestimet
1884 1601 2131 1664 propter-

2225 416 2348 480 lant,
2376 431 2479 470 non
2500 416 2680 485 offeret
2701 430 2859 490 panes
2885 412 3106 467 Domino
3129 410 3237 466 Deo
3261 428 3378 487 suo,
3401 428 3493 466 nec
3511 410 3728 466 accedet
3751 412 3818 465 ad

2223 508 2568 562 ministerium
2591 506 2704 577 ejus
2729 504 3042 578 (chit.xx1,
3070 505 3153 567 i7,
3179 503 3296 576 20).
3322 500 3816 571 Subjtlngensque:

2226 594 2289 651 Si
2307 612 2476 663 cwcus
2491 596 2670 667 fuerit,
2686 595 2731 648 si
2750 595 2992 659 claudus,
3008 594 3053 671 si
3073 609 3233 664 paruo
3250 591 3328 646 vel
3349 591 3541 662 grandi
3562 600 3661 644 aut
3684 599 3819 645 torto

2226 704 2379 754 naso,
2404 688 2451 743 si
2479 688 2648 758 fracto
2679 686 2825 756 pede,
2860 688 2906 741 si
2944 701 3128 763 manu,
3151 677 3206 739 'si
3232 675 3439 757 gibbus,
3466 684 3512 736 si
3532 681 3739 751 lippus,
3776 680 3824 736 si

2226 778 2521 850 albugincm
2554 777 2747 831 habens
2775 777 2831 831 in
2868 775 3040 840 oculo,
3085 775 3139 849 si,
3153 774 3345 845 jugem,
3371 772 3617 836 scabiem,
3644 771 3698 824 si
3728 771 3823 824 iut-

2225 870 2499 940 petiginent
2524 885 2577 923 tn
2601 883 2834 937 corpore,
2857 867 2904 921 si
2921 865 3245 938 ponderosas
3271 862 3437 945 (Ibid!
3487 861 3595 933 18),
3621 860 3824 929 Cujus-

2227 962 2371 1017 modi
2404 962 2564 1033 igitur
2589 960 2827 1032 stuporis
2847 956 3285 1022 insensibilitate,
3302 954 3386 1010 vel
3412 953 3652 1029 amentia
3683 951 3827 1005 illius

2227 1053 2566 1108 obdureutur
2591 1050 2915 1122 pnecordia,
2946 1049 3255 1104 consideret
3285 1044 3713 1117 prudentissima
3748 1036 3836 1096 ur:

2229 1144 2442 1200 bonitas
2464 1153 2675 1210 vestra,
2707 1142 2806 1213 qui
2832 1140 3169 1215 intelligens,
3198 1139 3299 1193 ista
3332 1137 3510 1209 omnia
3540 1134 3827 1189 moraliter

2229 1236 2491 1308 Gregorio
2521 1250 2587 1291 ac
2628 1232 2985 1308 spiritualiter
3020 1217 3325 1302 exponente
3350 1225 3645 1299 (Pastoral.
3683 1240 3827 1279 cura

2230 1305 2369 1399 part.
2409 1344 2458 1393 ι,
2488 1340 2608 1397 cap.
2649 1305 2743 1381 ult.
2772 1305 2871 1379 sub
2903 1321 3047 1393 init.)
3087 1316 3533 1391 nonvisceratim
3559 1328 3829 1383 compun-

2230 1419 2395 1487 gitur,
2422 1417 2522 1472 sibi
2551 1416 2819 1488 praecipue
2841 1415 2886 1470 si
2910 1412 3116 1484 aliquid
3142 1412 3333 1467 horum
3360 1409 3414 1464 in
3442 1408 3620 1462 anima
3642 1404 3833 1478 cernit

2230 1510 2430 1565 inesse.
2478 1505 2576 1562 Cui
2631 1520 2759 1560 vero
2796 1518 2986 1560 omnes
3026 1502 3108 1558 lue
3158 1508 3341 1570 pestes
3369 1497 3751 1559 dominantur,
3797 1507 3826 1546 a

2231 1596 2537 1655 sacerdotio
2565 1604 2659 1652 aut
2685 1592 2986 1667 affectando
3019 1600 3113 1647 aut
3142 1589 3428 1669 retinendo
3454 1589 3500 1643 si
3532 1601 3637 1641 non
3678 1598 3828 1639 com-

536 1690 633 1765 ca,
684 1677 827 1748 quod
857 1678 907 1733 ei
947 1677 1019 1735 sit
1055 1680 1250 1737 similis
1288 1683 1343 1737 in
1380 1682 1682 1765 vobmtate,
1726 1684 1778 1740 id
1806 1693 1913 1749 cst,
1964 1684 2134 1755 ipsius
2160 1689 2206 1749 Β
2234 1691 2491 1761 pescitur,
2532 1687 2662 1760 quid
2689 1688 2756 1744 de
2784 1703 2850 1743 eo
2876 1693 3075 1741 vestrae
3114 1676 3747 1747 dominationividetur?
3771 1673 3833 1743 Si,

537 1764 681 1819 facta
708 1768 973 1838 approbet
1000 1768 1280 1826 Dominus.
1311 1764 1586 1843 Arguetur
1611 1773 1756 1827 enim
1779 1775 2125 1845 quandoque,

532 1863 591 1908 et
608 1862 918 1912 statuantur
930 1873 1116 1930 opera,
1135 1869 1191 1916 et
1210 1861 1539 1917 intentiones
1560 1862 1703 1918 illius
1722 1874 1909 1919 contra
1934 1863 2127 1920 faciem

537 1946 676 2013 ejus.
711 1949 807 2005 ilis
840 1958 1019 2006 tamen
1061 1951 1209 2024 (795)
1241 1963 1349 2009 tam
1381 1954 1436 2008 in
1466 1963 1770 2021 nutantem,
1804 1964 2001 2025 praeter
2023 1955 2129 2011 alia

537 2046 590 2089 ct
622 2036 750 2104 alia,
780 2054 902 2108 qute
932 2040 1060 2097 hinc
1087 2042 1191 2098 dici
1232 2055 1477 2114 possunt,
1518 2046 1914 2113 constantibus,
1953 2048 2132 2103 scien-

536 2125 664 2181 dum
694 2129 964 2185 neminem
995 2131 1117 2188 ideo
1142 2132 1211 2188 ab
1246 2136 1566 2190 enarrandis
1582 2134 1813 2205 justiliis
1844 2137 1937 2192 Dei
1966 2137 2134 2209 358

538 2219 831 2288 compesci,
876 2230 934 2276 ut
966 2221 1262 2291 sileantur;
1305 2226 1398 2282 sed
1439 2234 1499 2281 ut
1527 2235 1585 2282 et
1618 2227 1830 2282 sincere
1861 2227 2131 2295 dicantur,

534 2317 595 2368 et
626 2309 695 2365 ab
722 2325 788 2366 eo
816 2322 1131 2381 narrentur,
1164 2316 1256 2384 qui
1286 2331 1381 2371 eas
1420 2316 1615 2389 diligit,
1655 2326 1709 2372 et
1735 2318 2008 2374 custodire
2036 2334 2134 2390 pro

536 2413 701 2469 posse
752 2402 1055 2458 contendit.
1113 2403 1251 2459 Cum
1304 2406 1450 2461 enim
1513 2408 1755 2477 quotidie
1808 2409 2132 2463 audiamus:

539 2488 688 2543 Dixit
710 2490 866 2546 Jesus
894 2492 1166 2563 discipulis
1188 2496 1339 2561 suis;
1378 2495 1468 2552 ille
1492 2498 1762 2555 veraciter
1791 2508 1877 2554 est
1901 2498 2136 2568 discipu-

543 2575 629 2631 lus
662 2575 815 2645 Jesu,
842 2592 896 2635 et
924 2580 997 2635 illi
1030 2581 1268 2653 loquitur
1287 2583 1467 2651 Jesus,
1487 2587 1577 2655 qui
1599 2587 1773 2658 diligit
1798 2587 2134 2658 disciplinam

543 2665 690 2723 Jesu.
722 2668 858 2724 Nam
880 2686 1002 2726 cum
1023 2673 1090 2729 de
1110 2674 1306 2731 talibus
1336 2676 1449 2746 ipse
1479 2678 1654 2732 dicat:
1685 2678 1788 2744 Qui
1809 2689 1883 2732 est
1907 2662 2137 2745 tax-Deo,

545 2758 697 2813 verba
728 2760 826 2816 Dei
853 2763 1002 2817 audit
1028 2764 1213 2835 (Joan.
1235 2782 1355 2832 vm,
1378 2767 1494 2839 47),
1525 2768 1593 2823 de
1620 2770 1832 2824 caeteris
1858 2771 1986 2839 quid
2015 2783 2139 2825 seu-

548 2849 666 2916 tiat,
711 2851 894 2908 subdit
928 2871 942 2907 :
976 2853 1262 2928 Propterea
1288 2874 1378 2912 vos
1410 2876 1513 2913 non
1547 2860 1766 2927 auditis,
1792 2862 1914 2932 quia
1940 2877 2006 2916 ea:
2028 2861 2138 2916 Deo

549 2959 655 3000 non
685 2947 809 3002 estis
838 2947 889 3019 (l
893 2948 980 3003 bid
988 2948 1048 3013 .).

2229 1778 2374 1835 enim
2402 1792 2578 1834 caecus
2598 1784 2782 1832 mente
2811 1774 3040 1847 quilibet
3066 1779 3181 1836 est;
3207 1770 3252 1827 si
3281 1765 3826 1841 perimbecillitatem

2230 1867 2398 1924 animi
2434 1866 2722 1932 claudicat,
2756 1872 2812 1922 et
2837 1865 2981 1918 viam
3011 1863 3133 1917 vitae
3170 1859 3450 1916 ambulare
3482 1872 3671 1928 gressu
3721 1869 3826 1908 non

2228 1957 2376 2013 valet
2413 1956 2632 2027 aequali,
2661 1954 2909 2026 quamvis
2935 1953 3121 2009 videat
3148 1951 3334 2029 illam;
3367 1949 3410 2002 si
3451 1961 3622 2023 parvo
3668 1958 3827 2007 naso,

2232 2050 2393 2106 idest
2435 2048 2765 2104 discretione
2792 2044 3029 2111 modica,
3064 2044 3207 2100 bona
3236 2040 3394 2096 malis
3419 2046 3689 2108 corequat,
3727 2043 3822 2089 aut

2233 2139 2457 2196 forsitan
2479 2137 2729 2211 praefert;
2753 2136 2798 2192 si
2820 2134 3008 2211 grandi
3029 2132 3268 2203 quidem,
3286 2130 3378 2186 scd
3403 2137 3546 2207 torto
3567 2135 3653 2182 est
3674 2140 3830 2203 naso,

2234 2233 2287 2289 id
2312 2239 2395 2288 cst
2422 2232 2467 2286 si
2497 2216 3163 2287 discernendi‘subtilitate
3192 2234 3419 2281 eatenus
3446 2221 3596 2295 (796)
3629 2218 3828 2291 pollet,

2234 2335 2296 2379 ut
2329 2322 2496 2395 359
2538 2319 2914 2377 fraudulentus
2953 2317 3089 2374 adeo
3114 2315 3205 2381 sit,
3243 2322 3307 2370 ut
3344 2314 3630 2370 bausiator
3670 2307 3827 2382 (797).

2235 2413 2397 2484 vulgo
2436 2412 2686 2478 dicatur;
2725 2411 2771 2465 si
2806 2408 2980 2464 fracto
3010 2407 3148 2479 pede
3174 2404 3258 2460 vel
3298 2419 3485 2470 manu,
3519 2402 3588 2457 de
3632 2400 3830 2454 virtute

2238 2504 2292 2560 in
2333 2503 2615 2569 virtutem,
2642 2509 2703 2557 ut
2728 2500 2804 2556 illi
2827 2500 2919 2570 qui
2947 2497 3116 2555 visuri
3151 2505 3283 2567 sunt,
3308 2497 3478 2551 Deum
3507 2493 3737 2549 deorum
3775 2492 3828 2546 in

2240 2592 2393 2655 Sion,
2437 2588 2741 2653 ambulare,
2789 2586 2874 2642 vel
2920 2587 3075 2641 bonxe
3117 2582 3448 2655 operationis
3495 2580 3573 2636 nil
3620 2578 3830 2636 efﬁcere

2238 2681 2381 2737 valet
2411 2677 2584 2753 (Psal.
2615 2693 2845 2743 unm,
2868 2676 2957 2747 8);
2990 2676 3036 2731 si
3061 2676 3223 2744 gibbo
3256 2683 3484 2728 terrena:
3512 2671 3830 2728 sollicitudi-

2240 2773 2328 2828 nis
2354 2771 2582 2827 nimium
2614 2784 2854 2840 pressus,
2880 2769 2965 2823 his
2996 2765 3354 2832 solummodo,
3383 2779 3505 2835 quae
3526 2763 3826 2826 calcantur,

2243 2863 2473 2918 intendit
2512 2862 2837 2926 incurvare;
2882 2869 2941 2913 ut
2965 2866 3311 2929 transeamus
3347 2856 3626 2911 daemones
3655 2854 3828 2925 (798),

2243 2954 2399 3026 cujus
2434 2953 2627 3012 animae
2654 2953 2836 3008 dicere
2860 2965 2964 3006 non
2995 2949 3264 3004 desistant
3293 2948 3625 3013 miserrime,
3654 2947 3723 3002 ab
3752 2948 3830 3001 bis

616 3034 704 3090 19.
736 3034 908 3103 Quam
941 3054 1070 3094 vero
1091 3040 1194 3095 ista
1222 3041 1288 3096 de
1313 3040 1523 3110 psalmo
1551 3041 1642 3098 bic
1670 3043 1952 3113 praelibato
1981 3026 2139 3115 longe
2164 3044 2211 3107 Ο
2241 3048 2448 3118 utique,
2496 3060 2617 3116 qure
2659 3043 2864 3115 agenda
2916 3042 3141 3107 fuerint,
3188 3050 3369 3115 mente
3413 3040 3742 3102 cernendis;
3785 3038 3827 3093 si

549 3126 659 3182 sint
686 3127 755 3183 ab
775 3144 857 3194 eo,
883 3131 973 3201 qui
995 3131 1140 3186 nulla
1168 3132 1417 3188 suffultus
1442 3142 1527 3188 cst
1545 3143 1847 3204 potestate;
1875 3135 1959 3189 vel
1976 3150 2139 3206 quam

547 3218 765 3288 propria
819 3219 929 3285 illi,
986 3223 1080 3292 qui
1137 3221 1370 3293 plurima
1418 3224 1736 3294 praeeminet
1785 3225 2136 3284 auctoritate.

546 3304 718 3361 lector
762 3311 999 3380 prudens
1041 3312 1186 3367 valet
1231 3312 1548 3380 advertere;
1593 3314 1769 3384 qualis
1818 3323 1904 3372 est
1950 3317 2135 3385 utique

546 3396 770 3469 (Confer
797 3411 907 3455 not.
925 3401 1049 3473 755)
1070 3402 1181 3469 ille,
1202 3405 1295 3474 qui
1311 3419 1436 3460 reus
1457 3403 1684 3462 forsitan
1701 3406 1907 3473 talium,
1925 3417 2140 3477 aposto-

543 3485 663 3544 lica:
688 3488 967 3565 dignitatis
1003 3508 1267 3564 occupare
1296 3509 1404 3550 non
1450 3493 1727 3562 formidat,
1757 3502 1818 3551 ut
1852 3493 1967 3565 jam
2005 3511 2139 3553 con-

545 3579 691 3655 tigit,
742 3582 880 3651 proh
931 3582 1116 3639 nefas!
1153 3585 1356 3640 editum
1397 3584 1642 3658 (locum).
1693 3585 1793 3642 Cui
1840 3587 1988 3643 enim
2038 3602 2141 3643 nec

543 3669 902 3735 ordinationis
949 3672 1214 3745 legalitas,
1252 3691 1354 3732 nec
1388 3679 1820 3734 conversationis
1871 3677 2139 3748 suifraga-

546 3771 638 3817 tur
661 3762 941 3833 honestas,
987 3775 1043 3823 et
1081 3767 1156 3823 illi
1187 3770 1361 3839 magis
1387 3785 1693 3842 congruens
1720 3771 1920 3826 mentis
1943 3778 1998 3826 et
2020 3785 2141 3826 cor-

543 3852 694 3921 poris
714 3854 868 3919 dcest
910 3856 1218 3929 integritas,
1259 3859 1303 3914 si
1332 3860 1737 3933 praedicationis
1763 3861 1836 3915 illi
1863 3861 2140 3917 interdici-

545 3947 655 4009 tur,
698 3958 807 4000 non
852 3945 1087 4014 mireris,
1140 3950 1460 4017 auctoritas,
1514 3965 1637 4006 cum
1689 3959 1746 4006 et
1789 3950 2138 4006 ministrandi

545 4030 776 4088 Domino
812 4033 1168 4091 interdicatur
1201 4036 1277 4092 illi
1306 4046 1567 4108 potestas.
1599 4036 1834 4110 Loquere
1863 4040 2028 4106 enim,
2065 4040 2140 4097 ait

543 4122 805 4180 Dominus
830 4123 1021 4197 Moysi,
1044 4127 1115 4195 ad
1139 4129 1317 4209 Aaron
1338 4129 1559 4200 fratrem
1585 4139 1766 4221 tuum;
1800 4142 1848 4187 et
1876 4132 2017 4187 dices
2046 4132 2095 4187 ei
2117 4146 2137 4187 :

614 4282 762 4352 (795)
801 4283 857 4338 Id
884 4294 985 4349 est,
1013 4285 1317 4358 sigintuens
1353 4285 1524 4355 furem
1556 4286 1669 4358 ipso
1705 4285 1866 4358 (Deo)
1914 4286 2135 4358 demon-

542 4363 772 4427 stratttc:
819 4368 940 4427 cum
973 4355 1239 4427 nimirum)
1264 4353 1487 4427 Joannis
1515 4353 1856 4427 x,'710,’ait:'
1895 4356 1998 4423 Qui
2029 4374 2134 4413 non

540 4424 703 4495 intrat
726 4439 818 4494 per
845 4425 1034 4495 ostium
1058 4424 1113 4479 in
1138 4424 1269 4480 ovile
1295 4424 1485 4493 ouium,
1513 4426 1605 4482 sed
1634 4427 1868 4483 ascendit
1892 4428 2127 4495 aliunde,

541 4492 631 4545 ille
656 4492 745 4549 fur
769 4503 845 4547 est
871 4505 919 4547 et
942 4494 1101 4549 latro.
2112 4492 2125 4505 ”

614 4561 761 4646 (794)
794 4562 1089 4646 qonstrue:
1121 4565 1717 4646 quanquam_Dominus
1745 4576 1917 4622 taceat
1946 4566 2048 4646 illi,
2075 4566 2132 4621 id

541 4642 637 4698 est,
666 4637 932 4703 permittat
960 4642 1134 4689 tacere
1169 4637 1282 4689 aut
1302 4637 1602 4702 nescientes,
1629 4648 1719 4692 aut
1756 4654 1858 4691 non
1886 4637 2130 4702 valentes,

545 4714 635 4755 aut
658 4718 761 4756 non
781 4719 939 4790 nusos
961 4704 1124 4789 (male
1146 4704 1200 4759 in
1225 4706 1552 4790 antea'vulg.
1580 4707 1717 4790 osos)
1743 4707 2134 4790 contradicere;

544 4789 608 4826 ne
642 4783 915 4843 propterea
965 4776 1183 4830 aestimet
1211 4775 1350 4846 quod
1382 4775 1634 4847 Dominus
1666 4775 1730 4831 sit
1771 4776 1957 4830 similis
1985 4777 2053 4841 ei,
2077 4776 2135 4829 id

549 4854 624 4896 est
648 4844 788 4899 quod
812 4845 1057 4899 approbet
1081 4845 1221 4899 facta
1251 4846 1437 4899 iusius.
1486 4843 1491 4851 ’

549 4854 624 4896 est
648 4846 788 4897 quod
812 4846 1057 4897 approbet
1082 4846 1221 4897 facta
1251 4846 1437 4897 iusius.

619 4854 624 4890 ξ
642 4845 788 4964 φωτί
812 4845 1057 4914 approbet
1080 4845 1221 4927 facta
1251 4846 1437 4915 ipsius.
1486 4845 1491 4851 ’
1701 4916 1712 4928 ι

619 4912 636 4983 (
675 4912 766 4983 95)
796 4913 1096 4971 Construe:
1128 4914 1227 4969 His
1253 4925 1425 4969 tamen
1454 4915 1835 4979 constantibus,
1864 4928 1957 4969 seu
1981 4922 2133 4969 certo

549 4982 880 5049 constitutis,
910 4987 966 5039 in
1009 4994 1118 5039 tam
1158 4995 1428 5039 nutantem
1472 4983 1546 5054 (id
1567 4985 1724 5039 estin
1748 4999 1869 5054 eum
1897 4984 1987 5053 qui
2021 4993 2129 5037 tam

546 5058 721 5132 nutat,
753 5067 847 5107 seu
878 5055 1073 5132 dubius
1101 5054 1229 5132 est),
1264 5064 1454 5124 printer
1477 5051 1584 5132 alia
1626 5064 1674 5107 et
1704 5051 1832 5132 alia,
1876 5051 1989 5125 qua:
2010 5053 2132 5113 hinc

546 5117 652 5171 dici
672 5132 911 5189 possunt,
941 5117 1208 5177 sciendum
1236 5117 1332 5186 est,
1366 5122 1644 5186 neminem,
1668 5130 1772 5176 etc.

615 5188 764 5259 (796)
793 5191 1098 5260 Legebatur
1121 5192 1441 5260 nullatenus.
1484 5190 1739 5260 Errorem
1777 5190 2133 5259 deprehendit

757 5258 1253 5354 Spic'ilegiiaeditgr.
1295 5258 1605 5354 Cinnanis}?
1639 5258 1929 5354 aetherius
1972 5275 2131 5327 pareo

2162 4394 2212 4455 D

2241 3134 2493 3206 albugine
2521 3132 2832 3189 obczecatur
2867 3131 3154 3201 superbiae,
3197 3133 3499 3200 sapientem
3544 3145 3606 3184 se
3650 3130 3830 3199 utique

2240 3235 2336 3281 aut
2373 3223 2581 3294 justum
2621 3222 2901 3279 mstimans
2942 3221 3096 3287 fore;
3156 3220 3203 3281 si
3253 3220 3489 3289 carnalis
3527 3218 3830 3291 petulantia:

2239 3314 2452 3370 scabies
2484 3313 2556 3367 illi
2582 3311 2789 3383 jugiter
2808 3311 3156 3376 dominatur;
3188 3311 3233 3364 si
3274 3308 3577 3380 impetigini
3607 3307 3826 3363 avaritia

2239 3418 2364 3459 eum
2392 3402 2633 3473 possidet
2679 3400 2895 3467 similis,
2925 3400 3049 3471 quia
3090 3413 3213 3455 cum
3251 3385 3490 3469 animam
3522 3396 3830 3452 immaniter

2240 3496 2581 3561 debonestet,
2616 3494 2662 3549 si
2702 3493 3021 3563 adipiscitur
3051 3493 3103 3546 in
3137 3500 3278 3546 terra
3325 3491 3471 3562 quod
3501 3491 3675 3562 cupit,
3710 3489 3826 3545 nul-

2241 3585 2349 3639 lum
2384 3586 2449 3639 de
2472 3599 2538 3640 eo
2564 3585 2752 3647 sentit,
2784 3583 2926 3653 quod
2965 3583 3016 3637 in
3058 3583 3200 3637 coelo
3229 3582 3429 3652 perdit,
3459 3581 3741 3656 dolorem;
3783 3580 3822 3635 si

2238 3678 2554 3748 genitalium
2590 3677 2727 3732 adeo
2759 3676 3071 3733 devastetur
3117 3673 3364 3738 lascivia,
3409 3680 3467 3727 ut
3505 3673 3675 3728 etiam
3709 3688 3825 3728 cum

2242 3780 2351 3825 non
2381 3776 2602 3825 exercet
2639 3766 2786 3823 illam
2814 3779 3000 3838 opere,
3026 3765 3096 3820 ab
3123 3766 3228 3821 hac
3253 3779 3362 3821 non
3393 3765 3658 3821 recedens
3684 3764 3827 3836 cogi-

2240 3858 2462 3925 talione,
2503 3857 2791 3927 ponderosi
2835 3870 3113 3926 nunquam
3155 3855 3263 3910 ritu
3306 3854 3597 3925 quiescat;
3639 3853 3828 3909 offerre

2237 3963 2406 4019 panes
2450 3947 2678 4003 Domino
2708 3946 2943 4017 qualiter
2982 3945 3281 4016 praesumit,
3316 3944 3408 4015 qui
3451 3943 3731 4013 prohiberi
3773 3958 3832 3999 se

2238 4040 2307 4095 ab
2327 4053 2412 4102 eo,
2445 4038 2533 4094 cui
2556 4038 2759 4093 debent
2784 4035 2990 4101 offerri,
3015 4035 3259 4106 quotidie
3287 4034 3480 4089 audit?
3584 4026 3589 4031 ’

2306 4131 2398 4186 20.
2425 4130 2653 4187 Omissis
2682 4128 2743 4200 (l.
2774 4129 2977 4200 autem)
3010 4128 3155 4184 enim
3200 4126 3435 4193 caeteris,
3475 4134 3590 4180 tres
3623 4132 3830 4179 tantum

2238 4289 2395 4364 nandi
2422 4285 2717 4364 subtilitate
2734 4282 3018 4364 plurimum
3043 4282 3252 4364 quidem
3276 4279 3458 4364 po-lle't,
3488 4280 3582 4361 sed
3604 4279 3836 4364 [raudu-

2239 4357 2430 4425 lentus,
2457 4365 2585 4420 etc.,
2614 4350 2816 4410 textum
2846 4350 3070 4425 nimium
3104 4350 3620 4425 immutatiLeviori
3650 4360 3832 4405 autem

2236 4420 2577 4485 correctione
2599 4434 2814 4480 eatenus
2836 4437 2934 4492 pro
2959 4421 3257 4492 nullatenus
3282 4420 3626 4492 scripsimus.

2308 4496 2640 4570 (797)_Voce_
2661 4489 3058 4570 bausia'tor,_ait
3092 4489 3403 4570 Acherius,
3424 4489 3653 4570 intelligi
3700 4498 3831 4570 puto

2234 4558 2413 4625 virum
2437 4558 2640 4635 'duplici
2691 4564 2895 4635 animo.
2928 4563 3130 4635 Verum
3160 4558 3456 4635 Ratberius
3490 4559 3544 4613 in
3582 4558 3833 4635 Qualite-

2237 4639 2302 4693 tis
2329 4628 2630 4706 conjectura
2660 4648 2809 4706 num.
2837 4632 2927 4706 id,
2951 4633 3174 4706 verbum
3199 4628 3443 4706 baus'inre
3463 4628 3830 4706 prefraudetu

2238 4699 2666 4776 facerevaccepit.
2693 4702 2818 4758 Non
2838 4701 3205 4776 habeo/idern,
3234 4699 3429 4776 inquit2
3461 4700 3546 4752 cui
3565 4699 3831 4776 [moueant-

2239 4778 2461 4837 mittam.
2488 4767 2825 4836 ministrum:
2849 4767 3107 4839 siquidem
3135 4767 3321 4833 illum,
3341 4770 3427 4822 cui
3453 4784 3615 4822 unam
3638 4767 3827 4820 libram

2238 4848 2441 4917 argenti
2463 4861 2558 4915 pro
2586 4842 2821 4917 trabibus
2841 4841 3104 4917 emendis
3124 4839 3489 4917 commiserant
3520 4854 3661 4917 anno
3694 4853 3829 4906 prie-

2239 4905 2413 4980 tei’ito,
2446 4905 2744 4969 immaniter
2782 4911 2908 4966 mihi
2940 4910 3061 4964 inde
3088 4910 3367 4980 bausiasse,
3385 4908 3610 4980 percepi.
3638 4905 3826 4976 Itaque

2238 5002 2339 5044 vox
2372 4978 2660 5049 bausintor,
2700 4996 2860 5051 quam
2893 4980 3082 5047 vulgus
3112 4978 3430 5051 usurpabat,
3475 4978 3614 5051 idem
3639 4984 3733 5051 est
3763 4990 3825 5051 ac
3884 4989 3893 4997 θ

2237 5045 2940 5119 fraudulentus,deceptor.
2970 5045 3169 5105 Eodem
3201 5045 3362 5103 sensu
3392 5048 3458 5119 in
3484 5047 3643 5119 epist.
3672 5045 3740 5098 12
3758 5047 3821 5098 ad

2241 5126 2587 5179 Ambrosium
2607 5115 2812 5190 num.2'
2833 5137 2914 5174 me
2954 5119 3221 5190 fellonent,
3254 5118 3451 5187 inquit,
3482 5115 3821 5170 bausiatorem

2238 5205 2286 5249 et
2315 5195 2587 5263 periurum
2612 5189 2912 5263 appellavit.

2241 5331 2265 5354 Β
2311 5253 2458 5354 (⁸798)
2500 5253 2777 5354 Spieilegii.
2798 5259 2974 5313 editor
3011 5257 3221 5338 monuit
3265 5256 3441 5354 lolouin
3476 5257 3616 5308 hunc
3651 5253 3819 5354 mani;
