4032 5354
297 206 404 275 5:19

1259 207 1348 262 DE
1387 204 1806 263 CONTEMPTU
1847 200 2203 259 CANONUM.
2247 233 2318 244 —
2355 203 2555 260 PARS.
2596 205 2638 259 l.

3465 209 3577 271 ,510

295 329 366 380 de
414 322 544 378 istis
587 321 1024 392 reprobationurn
1076 325 1277 390 causis,
1319 324 1404 379 hic
1444 324 1502 396 [Ι.
1551 323 1758 395 utique]
1806 324 1881 377 uti
1914 324 1959 381 Α
1989 321 2115 388 stio,
2153 323 2285 378 mihi
2327 340 2468 380 nunc
2493 339 2708 394 quoque
2749 324 2846 394 ipsi
2895 324 3106 396 Loquar,
3149 326 3220 380 ita
3259 331 3576 386 succumbo.

294 428 505 484 ponere
529 428 639 469 non
668 413 726 468 lit
757 429 1068 469 onerosum.
1095 414 1152 468 Si
1181 415 1489 486 albuginem
1511 415 1704 470 saltem
1727 415 1890 470 habet

299 504 355 558 in
383 502 566 580 oculo,
595 501 839 575 sijugem
869 504 922 578 in
946 519 1172 578 corpore
1194 505 1453 571 scabiem,
1472 505 1554 560 vel
1584 505 1628 559 si
1655 514 1733 560 est
1759 521 1888 574 pon-

298 597 547 659 derosas,
581 610 760 650 nonne
790 595 924 650 satis
953 605 1037 650 est
1072 596 1430 665 reprobatus?
1455 596 1559 650 Ista
1590 596 1735 651 enim
1759 595 1887 659 tria,

296 704 424 743 cum
471 697 786 758 utrumque,
839 689 892 743 id
936 697 1040 753 est,
1083 699 1137 743 et
1178 674 1500 758 spiritalem,
1552 689 1638 743 cui
1688 687 1890 742 resistit

299 779 467 847 Deus,
495 779 805 854 superbiam
848 780 991 849 (lac.
1034 796 1109 845 tv,
1147 780 1224 850 6),
1261 790 1316 835 et
1345 780 1698 850 corporalem,
1739 779 1892 850 cujus

299 871 442 940 ignis
473 885 770 927 succensus
795 885 918 926 esse
947 871 1000 925 in
1031 871 1216 927 furore
1245 871 1454 926 Domini
1481 871 1680 925 dicitur
1707 869 1888 942 (Deut.

299 976 480 1033 xxxii,
507 961 622 1032 22),
659 960 964 1031 signiﬁcent
990 961 1380 1032 corruptelam;
1427 977 1584 1031 quem
1628 975 1732 1016 non
1765 975 1894 1015 con-

297 1053 527 1108 turbent
560 1054 613 1107 in
644 1068 765 1108 sese
795 1055 1091 1125 recognita,
1123 1068 1280 1124 quem
1313 1070 1419 1108 non
1443 1052 1893 1124 perterrefaciant

301 1147 531 1200 audita?
568 1147 644 1201 De
687 1147 772 1201 his
810 1147 955 1202 enim
989 1147 1200 1202 duobus
1242 1147 1402 1202 beato
1439 1145 1539 1201 Job
1569 1148 1636 1202 de
1681 1146 1893 1202 diabolo

300 1235 537 1290 dicitur:
568 1236 679 1292 Sub
702 1237 885 1291 umbra
912 1237 1104 1291 dormit
1129 1238 1180 1292 in
1203 1248 1399 1292 secreto
1430 1237 1640 1306 calami,
1679 1249 1726 1291 et
1764 1235 1892 1292 locis

300 1325 638 1380 humentibus
685 1327 807 1397 (Job
866 1343 957 1392 XL,
990 1328 1102 1399 i6).
1139 1327 1241 1383 Uni
1285 1343 1472 1384 eorum
1520 1331 1796 1394 resistere,
1829 1338 1888 1383 ut

300 1415 563 1480 diximus,
594 1416 794 1472 dicitur
818 1417 984 1482 Deus,
1016 1417 1238 1472 alterius
1273 1419 1414 1488 ignis
1450 1419 1504 1472 in
1537 1418 1707 1489 ipsius
1743 1433 1894 1472 asse-

300 1505 440 1558 ritur
468 1504 655 1560 furore
675 1521 992 1562 succensus.
1021 1507 1196 1562 Unum
1227 1507 1438 1562 illorum
1471 1523 1534 1564 ex
1567 1509 1891 1579 archangclo

299 1595 434 1652 fecit
479 1597 752 1652 diabolum
782 1600 968 1671 360,
999 1601 1227 1655 alterum
1258 1616 1325 1655 ex
1366 1615 1450 1664 eo,
1480 1601 1572 1670 qui
1617 1601 1755 1654 lilius
1793 1616 1890 1669 per

299 1687 534 1763 gratiam
556 1689 859 1752 existendo,
887 1676 1096 1759 patrem
1124 1691 1292 1762 ipsius
1321 1701 1594 1761 praecepto
1620 1691 1889 1761 appellare
1918 1664 1966 1725 Β

299 1780 710 1849 promptissime
735 1782 994 1835 debuerat
1025 1783 1212 1848 Deum,
1240 1784 1309 1837 ob
1341 1783 1465 1838 vitae
1492 1784 1887 1838 immunditiam

299 1868 443 1922 ﬁlius
472 1870 776 1938 appellatur
803 1871 1034 1925 diaboli:
1070 1881 1190 1926 utar
1221 1881 1278 1926 ut
1318 1873 1404 1928 hie
1435 1874 1758 1928 auctoritate
1787 1873 1887 1929 Ze-

302 1960 458 2013 nonis
504 1961 671 2025 beati,
735 1963 786 2014 in
839 1977 1090 2016 sermone
1145 1963 1394 2020 videlicet
1440 1979 1599 2032 quem
1640 1965 1706 2018 de
1756 1961 1890 2018 Juda

294 2056 634 2124 patriarcha,
673 2067 728 2110 et
758 2058 996 2111 Thamar
1025 2075 1160 2112 nuru
1208 2059 1396 2129 ipsius,
1432 2073 1580 2113 more
1614 2073 1712 2112 suo
1737 2057 1892 2112 lucu—

299 2145 603 2202 lentissime
631 2147 781 2210 fecit,
805 2149 1062 2204 dicentis:
1095 2149 1342 2204 Omnium
1362 2159 1604 2219 corrupte
1619 2149 1894 2203 viventium

301 2239 545 2293 diabolus
579 2250 732 2309 pater
756 2251 829 2295 est
868 2241 980 2313 (lib.
1009 2258 1067 2308 it,
1095 2253 1248 2297 tract.
1278 2242 1386 2315 14).
1413 2242 1476 2297 Et
1501 2258 1533 2297 ο
1555 2258 1717 2312 quam
1747 2241 1892 2311 (799)

301 2346 412 2406 non
451 2333 745 2386 manducat
781 2335 1067 2389 verendam
1107 2350 1326 2390 carnem
1361 2334 1592 2397 Domini,
1627 2351 1721 2388 nec
1760 2333 1895 2387 bibit

301 2419 418 2486 ejus
455 2420 776 2490 sanguinem
821 2421 1066 2493 [subaudi
1105 2421 1194 2494 is},
1238 2424 1288 2476 in
1339 2438 1445 2492 quo
1504 2422 1750 2476 diabolus
1799 2437 1897 2490 per

302 2513 410 2571 tria
439 2513 544 2568 ista
566 2515 718 2575 vilia,
745 2515 849 2570 hoc
872 2523 976 2580 est,
1002 2517 1328 2586 superbiam,
1359 2515 1708 2585 hypocrisim,
1733 2524 1894 2584 atque

305 2603 573 2660 luxuriam
605 2605 920 2675 requiescit,
960 2605 1085 2661 licet
1118 2607 1522 2660 counnunicare
1565 2621 1687 2659 cum
1725 2603 1894 2659 ﬁdeli-

303 2695 407 2750 bus
435 2695 702 2759 videatur,
747 2696 972 2751 Domino
999 2696 1210 2751 dicente
1235 2715 1247 2749 :
1289 2695 1390 2761 Qui
1418 2696 1699 2748 manducet
1726 2710 1892 2747 meam

298 2803 537 2853 carnem,
564 2797 613 2842 et
645 2788 769 2841 bibit
802 2791 1107 2858 sanguinem
1150 2805 1352 2854 meum,
1402 2789 1456 2842 in
1497 2804 1575 2841 me
1616 2796 1809 2852 manet,
1847 2795 1894 2839 et

259 2866 268 2870 ’
300 2897 400 2950 ego
442 2882 497 2933 in
541 2898 602 2935 eo
639 2881 822 2950 (Joan.
854 2897 908 2941 ν,
938 2881 1066 2950 57),
1103 2898 1224 2935 cum
1263 2890 1316 2934 et
1349 2896 1442 2950 per
1481 2878 1890 2934 conversionem

305 2971 384 3025 ita
412 2971 516 3026 hoc
539 2972 711 3041 possit
736 2972 928 3026 resolvi
953 2991 964 3024 :
991 2973 1090 3038 Qui
1121 2972 1171 3025 iu
1208 2987 1294 3025 me
1316 2980 1496 3024 manet
1517 2978 1571 3024 ct
1598 2983 1698 3038 ego
1715 2969 1780 3022 in
1806 2983 1890 3033 eo,

306 3062 424 3130 ipse
468 3062 766 3118 manducat
813 3079 1031 3118 carnem
1077 3079 1272 3128 meam,
1309 3072 1363 3116 et
1410 3062 1544 3116 bibit
1578 3060 1893 3132 sanguinem

308 3169 512 3209 meum.
551 3152 606 3208 In
657 3168 767 3223 quo
800 3154 943 3210 enim
986 3155 1127 3207 Deus
1171 3163 1372 3217 manet,
1411 3161 1465 3206 et
1512 3151 1626 3221 ipse
1677 3151 1728 3203 in
1766 3149 1896 3213 Deo,

306 3241 580 3311 quomodo
621 3241 672 3296 in
719 3256 785 3296 eo
814 3242 1054 3296 diabolus
1083 3241 1319 3294 dormire
1357 3241 1526 3310 possit
1585 3253 1692 3292 non
1721 3239 1897 3292 video.

305 3331 522 3390 Dormit
551 3345 676 3386 vero
715 3331 771 3385 in
805 3346 870 3385 eo
899 3332 990 3400 qui
1022 3347 1115 3400 per
1145 3331 1467 3400 hypocrisin)
1501 3329 1580 3381 vel
1611 3329 1896 3382 elationem

305 3421 601 3476 umbrosus
625 3429 680 3476 et
710 3435 932 3484 vacuus,
966 3435 1063 3491 per
1085 3421 1351 3474 luxuriam
1383 3421 1569 3474 existit
1594 3419 1897 3473 humeetus.

308 3510 451 3576 Quid
491 3525 625 3581 ergo
667 3511 979 3574 manducet,
1023 3510 1240 3579 quando
1295 3510 1698 3563 comniunicat?
1743 3508 1900 3561 Iudi-

303 3602 450 3653 rium
495 3599 540 3654 si
573 3600 867 3670 respondes
891 3599 939 3670 (Ι
968 3599 1118 3662 Cor.,
1154 3617 1223 3663 tt,
1256 3599 1369 3669 20),
1416 3597 1675 3667 Apostolo
1711 3597 1900 3652 conni-

306 3706 425 3754 ves,
453 3701 508 3745 et
539 3691 837 3763 intelligere
866 3709 952 3748 me
979 3693 1187 3762 pariter
1205 3689 1679 3759 eommones,quia
1711 3704 1808 3758 pro
1836 3703 1902 3742 co

301 3780 658 3852 iudicabitur,
696 3783 751 3837 id
779 3794 881 3847 est,
923 3782 1289 3846 damnabitur,
1325 3781 1450 3851 quia
1492 3796 1616 3835 cum
1650 3780 1902 3848 indignus

305 3871 596 3937 existeret,
633 3872 835 3929 Christi
866 3885 948 3928 est
989 3890 1154 3930 ausus
1199 3889 1417 3929 carnem
1466 3872 1808 3934 manducare,
1847 3881 1903 3926 et

307 3965 630 4034 sanguinem
665 3966 888 4032 bibere;
943 3983 1007 4020 ac
1042 3977 1326 4038 propterea
1357 3966 1497 4035 quod
1529 3965 1787 4021 debuerat
1829 3966 1900 4019 illi

307 4057 430 4111 fore
476 4058 724 4123 salvatio,
771 4069 857 4113 est
895 4060 1093 4114 factum
1135 4059 1430 4113 damnatio.
1481 4058 1554 4112 De
1603 4057 1900 4113 substantia

307 4165 444 4205 vero
472 4152 760 4222 corporali,
791 4169 951 4222 quam
983 4152 1166 4215 sumit,
1189 4167 1311 4206 cum
1343 4152 1412 4206 sit
1445 4168 1559 4206 mea
1589 4168 1728 4207 nunc
1751 4167 1898 4221 quac-

387 4309 537 4378 (799)
585 4311 684 4376 Qui
710 4313 813 4362 'am
863 4311 1178 4366 heterodoxi
1222 4314 1365 4365 hunc
1408 4313 1604 4375 locum,
1649 4313 1740 4380 qui
1793 4329 1897 4364 non

307 4381 484 4435 sancti
511 4380 759 4436 Zenonis.
791 4382 882 4434 sed
914 4381 1152 4436 llathrrii
1183 4391 1284 4442 est,
1306 4398 1371 4434 eo
1394 4382 1736 4448 detorquent,
1763 4396 1826 4434 ac
1854 4382 1896 4434 si

309 4451 607 4506 Batherius
645 4451 958 4517 crediderit,
1003 4452 1055 4506 iu
1095 4451 1428 4506 Eucharistia
1458 4467 1486 4504 a
1526 4452 1899 4518 peccatoribus

309 4537 420 4576 non
473 4521 637 4588 recipi
677 4536 864 4573 veram
915 4537 1155 4586 carnem,
1198 4536 1298 4575 nec
1343 4537 1527 4574 verum
1579 4522 1896 4590 sanguinem

307 4592 532 4645 Christi.
565 4592 620 4644 Si
661 4601 844 4643 autem
875 4607 971 4644 nec
1007 4607 1164 4645 verus
1191 4591 1428 4658 sanguis,
1463 4606 1562 4644 nec
1602 4606 1727 4645 vera
1769 4607 1898 4645 caro

307 4661 511 4730 Christi
534 4671 619 4741 est
651 4662 703 4713 iu
733 4661 1092 4722 Eucharistia,
1114 4676 1272 4741 quam
1301 4670 1614 4741 peceatores
1641 4671 1896 4741 statuunt;

312 4747 486 4801 neque
514 4733 581 4785 de
617 4745 893 4801 ca,__quam
935 4740 1151 4786 sumunt
1182 4730 1335 4798 justi,
1369 4731 1510 4801 aliud
1555 4730 1891 4784 sentiendum

311 4798 664 4857 contendunt.
705 4798 900 4870 Verum
931 4816 1088 4870 quam
1123 4813 1267 4854 recte
1306 4801 1370 4852 de
1400 4799 1736 4870 Eucharislia
1777 4815 1900 4854 seu-

312 4873 459 4940 serit,
488 4881 655 4939 atque
685 4869 964 4940 tradiderit
1008 4870 1316 4932 Ratherius,
1347 4885 1410 4923 ex
1451 4869 1806 4940 Confessione,
1843 4880 1898 4924 et

315 4939 608 5010 praesertim
634 4955 702 4994 ex
729 4939 884 5007 epist.
915 4957 930 4992 ι
958 4942 1022 4995 ad
1048 4941 1341 4995 Patricium
1369 4940 1553 5008 liquet.
1583 4939 1696 4992 lloc
1717 4950 1895 4994 autem

314 5011 363 5065 in
405 5013 520 5067 loco
550 5027 664 5078 quo
711 5025 870 5081 sensu
917 5011 1183 5081 loquatur,
1229 5025 1292 5063 ex
1341 5021 1451 5063 toto
1494 5011 1898 5081 contexturcla-

311 5083 520 5139 rissime
545 5081 786 5136 eruitur.
810 5079 1000 5136 Verani
1019 5097 1238 5136 carnem
1279 5089 1334 5132 et
1366 5095 1549 5134 verum
1579 5080 1896 5149 sanguinem

311 5162 413 5208 tum
441 5170 470 5208 a
509 5151 696 5221 iustis,
741 5157 849 5221 tum
883 5151 949 5203 ab
993 5151 1173 5220 impiis
1219 5149 1379 5221 recipi
1413 5166 1530 5221 non
1561 5159 1747 5217 negat;
1805 5151 1897 5202 sed

306 5234 431 5279 lSIOS
461 5219 610 5278 vera:
639 5219 829 5274 carnis
854 5222 1035 5276 et-ve—ri
1065 5219 1343 5288 sanguinis
1369 5219 1616 5274 effectum
1648 5233 1750 5288 non
1781 5232 1900 5285 per-

301 5294 501 5354 cipere.
537 5300 598 5345 ut
635 5289 715 5342 illi
744 5288 1058 5354 percipiunt,
1091 5287 1460 5344 tantummodo
1491 5288 1671 5342 tradit.
1706 5287 1896 5341 Veram

1990 415 2124 468 Cum
2156 415 2227 468 sit
2260 416 2402 470 enim
2439 416 2598 485 digne
2636 416 2867 471 sumenti
2896 431 3023 471 vera
3060 432 3206 482 caro,
3237 420 3393 489 panis
3425 419 3574 487 licet,

1989 506 2132 574 quod
2159 506 2286 560 olim
2316 506 2510 574 fuerat,
2543 507 2812 575 videatur,
2839 517 2895 562 et
2921 510 3162 579 sanguis,
3191 511 3334 580 quod
3355 513 3540 568 vinum
3569 529 3588 579 ;

1991 599 2211 668 indigne
2240 601 2495 667 sumenti,
2535 601 2588 656 id
2634 610 2740 667 est,
2784 616 2890 656 non
2923 602 2978 655 in
3020 601 3131 658 Deo
3177 604 3418 660 manenti
3448 605 3578 674 quid

1990 689 2080 751 sit,
2106 689 2302 743 nedum
2325 689 2562 754 dicibile,
2588 691 2931 761 incogilaltile
2964 690 3136 748 lateor
3157 693 3314 759 mihi,
3336 693 3493 765 361
3522 697 3578 746 et

1991 777 2193 832 Altiora
2222 789 2354 833 tene
2386 782 2671 849 quaesieris,
2700 793 2746 836 et
2763 783 3115 854 profundiore
3137 795 3186 839 te
3217 801 3281 839 ne
3315 795 3577 838 scrutatus

1991 867 2152 937 fueris
2200 867 2392 940 (Eccli.
2431 886 2517 935 ut,
2547 871 2663 943 22),
2703 873 2904 928 dictum
2946 873 3024 946 [id
3067 884 3141 930 est
3187 874 3340 948 puta]
3385 885 3580 945 putare

1992 957 2116 1013 hinc
2147 974 2360 1029 quoque
2389 959 2541 1014 mihi.

2061 1049 2150 1104 21.
2194 1049 2298 1104 Sed
2327 1050 2608 1106 audiamus
2639 1052 3158 1122 quidindcquidam,
3190 1053 3241 1110 id
3274 1063 3378 1120 est,
3407 1054 3576 1110 Joan-

1993 1157 2090 1196 nes
2127 1143 2273 1196 dicat
2303 1141 2724 1214 Chrysostomus
2756 1162 2769 1198 :
2802 1142 3026 1200 forsitan
3076 1144 3220 1200 enim
3272 1145 3579 1214 conjectare

1993 1233 2118 1288 bine
2147 1233 2349 1304 aliquid
2379 1236 2694 1304 poterimus.
2737 1257 2754 1288 α
2785 1235 2972 1301 Nemo,
3005 1237 3200 1307 inquit,
3234 1238 3305 1292 sit
3327 1237 3492 1292 Judas
3521 1238 3573 1291 in

1993 1341 2202 1380 mensa.
2254 1325 2368 1380 Hoc
2414 1327 2742 1383 sacriﬁcium
2793 1329 2947 1384 cibus
2975 1338 3061 1384 est
3097 1329 3357 1399 spiritalis
3395 1349 3409 1382 ;
3448 1344 3576 1382 nam

1994 1414 2136 1469 sicut
2175 1415 2474 1486 corporalis
2521 1417 2703 1481 cibus,
2754 1434 2875 1473 eum
2914 1427 3162 1473 ventrem
3187 1416 3580 1474 invenerit.ad—

1993 1507 2166 1561 versis
2192 1507 2509 1562 humoribus
2536 1519 2890 1579 occupatum,
2924 1508 3158 1578 amplius
3195 1507 3364 1573 laedit,
3399 1507 3575 1578 magis

1998 1607 2180 1662 nocet,
2211 1597 2412 1653 nullum
2443 1609 2664 1668 pnestat
2689 1599 2982 1665 auxilium;
3009 1599 3079 1654 ita
3113 1607 3168 1654 et
3192 1598 3298 1654 iste
3317 1597 3578 1668 spiritalis

1993 1688 2168 1752 cibus,
2220 1691 2265 1744 si
2313 1690 2549 1760 aliquem
2591 1690 2856 1761 repererit
2901 1689 3239 1760 malignitate
3268 1688 3531 1761 pollutum
3559 1728 3576 1755 ,

1993 1781 2166 1851 magis
2204 1797 2326 1836 eum
2356 1781 2568 1851 perdet,
2612 1796 2718 1834 non
2750 1796 2844 1834 sua
2875 1789 3103 1843 natura,
3133 1779 3226 1834 sed
3259 1777 3389 1833 vitio
3434 1777 3580 1833 acci-

1995 1872 2211 1942 pientis.
2236 1870 2376 1926 Pura
2402 1872 2564 1941 igitur
2584 1888 2735 1925 mens
2766 1871 2816 1924 in
2844 1869 3120 1934 omnibus,
3143 1885 3278 1938 pura
3300 1869 3578 1939 cogitatio,

1995 1962 2119 2030 quia
2147 1971 2200 2016 et
2226 1962 2550 2016 sacrilicium
2568 1976 2760 2031 purum
2775 1970 2876 2014 est.
2897 1959 3150 2014 Sanctam
3168 1959 3580 2028 igituranimam

1999 2053 2087 2107 tali
2145 2053 2411 2109 sacriﬁcio
2439 2067 2821 2122 prreparemus.
2860 2073 2878 2104 ι
2927 2051 3131 2123 (Tract.
3179 2053 3236 2106 6|
3289 2052 3342 2105 in
3369 2051 3577 2120 Joan.).

1996 2146 2330 2216 Augustinus
2366 2160 2582 2216 quoque
2620 2162 2634 2199 :
2673 2163 2690 2195 ι
2730 2143 2880 2211 Quod
2914 2144 3122 2214 accepit
3168 2141 3335 2198 Judas
3380 2142 3579 2196 bonum

1998 2236 2119 2301 fuit,
2149 2239 2245 2292 sed
2277 2237 2418 2292 malo
2447 2253 2546 2293 suo
2580 2239 2777 2293 bonum
2813 2239 3038 2307 accepit.
3066 2237 3181 2292 Non
3201 2251 3330 2305 ergo
3361 2237 3579 2299 mirum,

2008 2330 2052 2384 si
2085 2331 2242 2386 datus
2262 2330 2415 2385 Iuda:
2439 2331 2596 2400 panis
2623 2329 2844 2395 Christi,
2873 2347 2969 2400 per
3003 2346 3162 2399 quem
3181 2329 3582 2399 manciparetur

2007 2421 2251 2488 diabolo;
2283 2436 2404 2476 cum
2433 2420 2618 2478 videas
2653 2423 2959 2477 econtrario
2990 2424 3170 2478 datum
3200 2420 3366 2476 Paulo
3421 2433 3583 2490 ange-

2002 2514 2113 2568 lum
2168 2514 2385 2580 diaboli,
2418 2529 2517 2585 per
2543 2529 2702 2584 quem
2733 2515 3019 2584 proliceret
3045 2516 3096 2569 iu
3123 2515 3340 2570 Christo
3376 2512 3578 2584 (Tract.

2001 2607 2090 2673 62,
2121 2608 2220 2663 sub
2248 2608 2414 2679 init.).
2450 2628 2468 2659 ›
2503 2607 2614 2663 Hoc
2644 2607 2828 2677 itaque
2853 2608 2981 2660 mihi
3013 2623 3172 2662 sensu
3193 2607 3404 2662 videtur
3437 2605 3577 2660 idem

1999 2714 2119 2754 esse
2149 2701 2250 2754 hoc
2278 2699 2601 2756 sacriﬁcium
2657 2700 2796 2754 bono
2825 2699 2964 2768 quod
3016 2699 3189 2764 malo,
3232 2698 3392 2770 digno
3436 2697 3578 2768 quod

2001 2790 2249 2860 indigno;
2304 2791 2397 2845 sed
2432 2806 2537 2844 non
2590 2790 2731 2845 idem
2786 2799 3064 2860 praestare.
3115 2789 3287 2860 Digno
3335 2789 3586 2843 videlicet

2000 2881 2124 2951 quia
2175 2881 2380 2945 vitam,
2415 2881 2636 2950 indigno
2671 2881 2813 2951 quod
2853 2880 3042 2934 tribuit
3086 2889 3318 2934 mortem
3364 2897 3376 2932 :
3423 2878 3585 2948 digno

2001 2970 2143 3039 quod
2176 2971 2429 3041 gratiam,
2461 2970 2682 3041 indigno
2708 2969 2850 3039 quod
2880 2970 3015 3022 iram
3042 2985 3056 3032 ;
3099 2967 3174 3022 ita
3206 2968 3349 3022 enim
3381 2977 3434 3022 et
3463 2983 3588 3021 con-

2004 3064 2138 3118 tinet
2167 3063 2410 3118 Psalmus
2444 3077 2459 3116 :
2492 3061 2675 3116 Adhuc
2696 3103 2709 3124 ,
2752 3061 3037 3132 inquiens,
3071 3077 3202 3115 escae
3225 3077 3404 3116 eorum
3436 3067 3585 3114 erant

2001 3156 2057 3211 in
2110 3172 2200 3210 ore
2229 3156 2481 3223 ipsorum,
2511 3164 2557 3208 et
2579 3155 2661 3206 ira
2700 3152 2793 3206 Dei
2831 3151 3068 3206 ascendit
3091 3168 3248 3222 super
3281 3167 3368 3204 eos
3404 3149 3581 3220 (Psal.

2003 3264 2205 3313 Lxxvn,
2259 3247 2372 3317 '50),
2430 3246 2496 3299 de
2549 3259 2746 3299 manna
2792 3244 2982 3312 utique
3029 3241 3272 3297 referens
3303 3241 3582 3304 fastidito;

2003 3341 2143 3408 quod
2185 3338 2409 3408 intelligi
2454 3336 2676 3390 minime
2719 3335 2900 3389 obstat
2944 3334 3011 3388 de
3055 3332 3324 3387 sacriﬁcio
3372 3331 3582 3386 Domini

2003 3433 2222 3501 indigne
2253 3439 2500 3500 accepto,
2531 3444 2652 3483 cum
2683 3436 2738 3482 et
2781 3426 2932 3482 Judze
2962 3425 3065 3480 hoc
3097 3427 3427 3480 demonstret
3462 3437 3585 3492 per-

2003 3522 2157 3585 ditio,
2185 3522 2233 3576 ei
2261 3522 2312 3574 in
2335 3533 2586 3575 sermone
2609 3517 2818 3573 Domini
2848 3516 3050 3586 aliquid
3079 3512 3406 3582 subiutelligi
3427 3526 3587 3580 opor-

2006 3622 2119 3668 tere
2154 3629 2166 3665 :
2201 3611 2301 3667 hoc
2336 3618 2439 3676 est,
2497 3607 2600 3674 Qui
2629 3608 2912 3662 manducet
2939 3621 3148 3660 carnem
3180 3620 3346 3658 meam
3385 3602 3544 3672 digne
3566 3640 3583 3666 ,

2003 3717 2051 3760 et
2091 3705 2217 3759 bibit
2251 3720 2422 3758 meum
2451 3702 2759 3769 sanguinem
2790 3700 2970 3770 digne,
3005 3699 3058 3753 in
3085 3714 3165 3752 me
3203 3705 3376 3751 manet
3423 3705 3468 3749 et
3493 3711 3586 3764 ego

2003 3797 2056 3849 in
2104 3811 2162 3849 eo
2217 3792 2400 3864 (Ιοαη.
2447 3808 2523 3857 v1,
2575 3791 2688 3862 57).
2721 3789 2872 3858 Quod
2917 3789 2961 3844 si
3017 3789 3089 3842 ita
3139 3796 3243 3853 est,
3289 3784 3581 3840 videndum

2004 3885 2200 3956 quibus
2241 3884 2499 3940 dicatur:
2545 3880 2722 3936 Venite
2768 3882 2837 3935 ad
2882 3878 3087 3943 Bethel,
3146 3879 3200 3932 id
3243 3886 3328 3933 est
3366 3877 3585 3931 domum

2003 3981 2120 4044 Dei,
2161 3989 2208 4033 et
2249 3980 2405 4049 impie
2438 3978 2574 4047 agite
2597 4018 2612 4041 ,
2641 3985 2688 4030 et
2716 3975 3009 4044 sacriﬁcate
3047 3974 3109 4027 de
3138 3971 3448 4042 fermentata
3471 3969 3590 4022 lau-

2004 4075 2118 4126 dem
2149 4073 2289 4144 (Am.
2328 4088 2400 4135 tv,
2431 4070 2544 4127 fili).
2587 4068 2720 4121 Nam
2773 4067 2839 4120 de
2890 4065 3051 4136 digne
3089 4063 3268 4116 oblato
3300 4059 3585 4121 sacriﬁcio,

2005 4165 2148 4233 quod
2175 4177 2302 4216 caro
2329 4161 2420 4226 sit,
2455 4159 2584 4213 nihil
2629 4158 2839 4213 haesito.
2870 4153 3072 4210 Christi
3113 4150 3403 4222 Apostolus
3447 4159 3586 4203 atta-

2007 4330 2162 4370 nnm:
2195 4316 2282 4369 ubi
2313 4329 2502 4383 panem
2531 4323 2586 4366 ct
2610 4313 2811 4372 viuum,
2844 4308 2986 4383 quod
3022 4308 3364 4383 [llfl'ltl,np05l
3401 4318 3589 4358 conse-

1933 4367 1977 4424 ί)
2005 4367 2299 4441 orationem
2314 4367 2432 4436 luou
2461 4383 2691 4450 amplius
2715 4367 3424 4450 esse,-sediuirleriél‘atetur,
3465 4387 3586 4426 cum

2003 4457 2180 4526 reipsa
2223 4455 2291 4508 sit
2337 4469 2463 4508 caro
2506 4446 2573 4526 et
2613 4451 2829 4516 sanguis
2872 4447 3095 4526 Christi.
3165 4446 3356 4526 '[otum
3375 4450 3586 4526 “amem

2006 4510 2292 4581 discrimen
2343 4523 2519 4592 quoad
2577 4510 2886 4593 peccatores
2920 4519 3092 4593 _cirra_
3129 4515 3297 4569 solum
3329 4510 3585 4593 ‘ell‘cctum

2005 4604 2274 4656 versatur,
2313 4582 2375 4646 ut.
2411 4594 2461 4646 in
2504 4582 2853 4659 seqttcntilms
2887 4585 3186 4643 clarissime
3222 4582 3478 4650 explicat,
3509 4594 3589 4659 .ac

2005 4647 2303 4737 prmsertiin
2353 4663 2456 4716 illis
2497 4647 2932 4737 ver-bisaquilms
2964 4647 3583 4737 posthanctortth-ln-

2005 4725 2160 4790 annis
2196 4732 2559 4803 Chrysoslomi
2593 4740 2650 4803 et
2677 4725 3318 4803 Augustini:testimonia
3354 4733 3592 4803 pronum

2007 4787 2156 4861 iiut";
2190 4787 2325 4855 Hoc”
2347 4805 2517 4871 itaque
2560 4801 2686 4854 milii
2722 4787 2872 4874 sensu
2925 4798 3120 4874 ridetur
3158 4792 3293 4874 idem
3318 4787 3449 4872 .c'sse
3497 4787 3593 4874 hoc

2004 4875 2322 4943 sacriﬁcium
2372 4861 2505 4926 bo'no
2532 4871 2673 4943 quod
2719 4865 2878 4943 malo,
2924 4868 3073 4943 idem.
3100 4861 3451 4943 sacriﬁcium,
3475 4869 3594 4943 sep

2260 4925 2481 5014 sanguis
2505 5013 2508 5014 ν
2531 4925 2703 5014 idem;
2750 4937 2838 5014 sed
2865 4925 2992 5014 viton
3021 4933 3155 4986 idem
3181 4925 3598 5014 inmitteret-tli-

2004 5000 2106 5086 quo
2148 5000 2393 5086 videlicer
2422 5013 2546 5086 quia
2585 5000 2764 5086 vitam,
2800 5005 3021 5086 indigno
3055 5000 3415 5086 quodr’tribuit

2128 5061 2784 5152 ;":gt;ati_rrni,
2831 5062 3049 5152 indigno
3069 5061 3214 5151 quod
3243 5067 3420 5152 iram;

2008 5129 2501 5211 iHihinYI'i'sErdﬁéii
2531 5129 2584 5202 iii
2605 5129 2914 5203 Sedectuum
2952 5129 3262 5198 discrimine
3317 5129 3611 5211 collocari?

2007 5199 2690 5287 si};iiitéi"i'.i"§§niar};
2730 5225 2899 5287 num._
2929 5213 2964 5266 5
3001 5213 3065 5265 de
3103 5199 3608 5287 peccatoribus

2004 5279 2196 5354 quens,
2227 5292 2316 5354 qui
2339 5279 2546 5344 carném
2571 5286 2693 5354 agni
2715 5279 3022 5354 comedunt,
3051 5287 3097 5331 et
3138 5281 3455 5354 sanguinem
3501 5285 3612 5348 ejus
