4032 5354
500 354 598 413 δη

1428 357 1785 414 .RA'I‘HERH
1824 354 2034 411 EPISC.
2076 355 2329 413 VERON.
2368 356 2519 414 OPP.
2558 357 2736 414 PARS
2769 359 2813 413 ι.

3655 358 3760 415 512

501 485 624 526 mea
654 484 780 526 eum
819 477 875 525 et
915 468 983 525 de
1011 484 1075 525 eo
1106 469 1332 545 dixisset
1358 486 1369 522 :
1406 469 1593 547 itaque
1623 467 1920 538 epulemur,
1950 468 2080 535 sub-
2111 472 2158 531 Α
2186 468 2527 527 coneultatus
2559 478 2869 545 enervatur,
2901 475 2958 525 et
2985 474 3206 539 propter
3234 467 3578 537 iactantiam,
3602 471 3775 526 ubille

493 557 710 629 junxit,
744 575 847 615 non
884 560 940 615 in
987 561 1239 629 fermento
1273 560 1467 624 veteri,
1515 576 1678 629 neque
1732 560 1787 613 in
1832 559 2090 628 fermento

510 649 739 719 malitite
772 661 821 704 et
851 649 1095 720 nequitia:
1141 649 1195 719 (l
1241 649 1361 703 Cor.
1396 665 1449 715 v,
1474 651 1563 719 8),
1599 648 1656 703 In
1701 648 1898 719 quibus
1932 648 2092 707 nimi-

504 754 626 794 rum
656 740 838 796 verbis
857 741 1035 809 omnis
1061 740 1308 795 malivola
1348 741 1675 807 extruditur,
1708 749 1813 795 tam
1866 755 1897 796 a
1943 756 2091 796 sum-

508 832 705 901 pturis,
748 847 910 901 quam
959 848 989 887 a
1037 832 1367 902 perrecturis
1415 847 1611 902 corpus
1652 840 1708 886 et
1764 832 2088 901 sanguinem

505 922 745 990 Domini,
777 922 1028 979 intentio.
1054 921 1188 977 Cum
1215 936 1342 1006 vero
1373 920 1464 975 illa
1503 920 1893 990 specialissime
1942 917 2088 991 (800)

510 1016 759 1072 aratione
784 1026 1137 1082 consecretur
1162 1015 1366 1075 oblatio
1396 1015 1592 1087 popqu
1623 1014 1964 1085 porrigenda,
2000 1014 2090 1068 ubi

506 1104 618 1158 Deo
649 1094 890 1157 dicitur:
928 1101 1091 1158 Pater
1120 1114 1315 1170 noster,
1344 1105 1433 1174 qui
1476 1119 1530 1157 es
1575 1105 1630 1157 in
1679 1103 1826 1156 cwlis
1873 1101 2089 1172 (Matth.

506 1207 584 1258 γι,
611 1192 666 1262 8)
694 1209 708 1265 ;
740 1193 831 1261 qui
864 1192 1004 1248 ﬁlius
1035 1200 1291 1262 corrupte
1352 1193 1577 1248 vivendo
1624 1201 1801 1248 exstat
1844 1191 2044 1248 diaboli
2074 1232 2089 1257 ,

506 1280 669 1353 362
693 1292 752 1335 ut
775 1281 927 1351 Zeno,
951 1291 1170 1344 sanctus
1196 1280 1443 1349 allirmat,
1463 1281 1593 1352 quid
1614 1282 1817 1350 cogitet
1829 1289 2090 1351 quantum

500 1386 562 1425 se
603 1371 888 1446 metiatur,
931 1371 1020 1426 alii
1069 1372 1350 1437 committo
1402 1372 1764 1443 perpendere;
1810 1387 1933 1426 nam
1984 1385 2088 1425 non

505 1460 715 1517 sutlieio
746 1463 879 1533 ipse.
905 1461 1253 1520 Considerari
1283 1478 1414 1519 sane
1437 1463 1492 1517 in
1522 1463 1734 1532 psalmo
1770 1462 1910 1517 valet
1941 1461 2092 1516 facil-

511 1553 660 1615 lime,
695 1567 856 1621 quam
901 1551 955 1605 in
999 1551 1085 1606 bis
1112 1552 1343 1619 duobus,
1383 1552 1433 1606 id
1478 1560 1580 1617 est,
1630 1552 1882 1621 superbia
1931 1559 2092 1621 atque

502 1644 739 1708 luxuria,
770 1642 999 1699 alterum
1030 1658 1093 1698 ex
1123 1643 1295 1698 altero
1330 1644 1587 1712 pendeat,
1633 1658 1756 1699 cum
1797 1641 2088 1701 Psalmista

503 1733 811 1803 expostulat
842 1752 855 1788 :
893 1731 1016 1788 Non
1038 1734 1234 1800 veniat,
1263 1734 1533 1804 inquiens,
1557 1734 1686 1788 mihi
1711 1749 1799 1801 pes
1834 1733 2091 1802 superbia:

2190 558 2397 627 primus
2424 559 2479 613 in
2516 572 2698 614 aerem
2737 558 3096 623 crassiorem,
3149 559 3227 613 ita
3267 559 3371 614 iste
3409 559 3462 613 in
3496 559 3773 614 lasciviam

2190 647 2553 716 prosternitur
2588 648 2901 717 turpiorem.
2937 646 3073 703 Hine
3103 649 3322 702 demum
3351 663 3460 704 non
3488 658 3601 702 tam
3630 649 3775 719 biga-

2190 752 2329 800 mus,
2358 752 2520 805 quam
2550 737 2897 808 multigamus
2920 736 3169 803 effectus,
3209 737 3330 794 sine
3373 738 3777 794 examinatione

2192 825 2342 897 (8U!)
2373 826 2688 896 provehitur
2717 828 2785 883 ad
2815 829 3198 893 sacerdotium,
3228 829 3372 899 quod
3417 830 3638 885 occasio
3686 845 3775 885 se-

2191 920 2479 995 quentium
2515 920 2758 977 oumium
2780 936 2950 991 usque
2981 922 3050 976 ad
3084 921 3444 991 perditionem
3470 921 3777 977 animarum

2191 1021 2273 1067 est
2298 1011 2539 1081 profecto
2566 1012 2852 1067 malorum.
2880 1011 3017 1067 Cum
3043 1013 3186 1067 enim
3203 1012 3259 1067 bi
3285 1027 3351 1067 ex
3384 1012 3736 1068 saecularibus
3760 1053 3775 1078 ,

2178 1102 2281 1172 .qui
2321 1120 2427 1157 non
2458 1103 2670 1171 penitus
2696 1111 2827 1163 sunt
2852 1103 3156 1158 litterarqu
3186 1112 3439 1173 expertes
3467 1145 3483 1168 ,
3537 1104 3775 1159 secunda

2180 1192 2246 1253 in
2275 1192 2597 1246 Pentecoste
2625 1192 2758 1247 feria
2792 1192 3253 1255 audiunt-dixisse
3280 1191 3465 1247 Jesum
3500 1191 3777 1262 discipulis

2193 1279 2340 1346 suis,
2384 1281 2569 1349 utique
2621 1292 2677 1335 et
2702 1281 2809 1335 illis
2838 1282 2928 1351 qui
2959 1289 3086 1337 tunc
3111 1288 3286 1347 erant,
3313 1289 3369 1337 et
3396 1282 3516 1337 istis
3543 1283 3641 1352 qui
3665 1297 3778 1338 mo.-

2193 1370 2268 1424 dor
2292 1384 2395 1424 nou
2428 1368 2546 1439 ejus
2574 1370 2912 1441 disciplinam
2937 1411 2951 1436 ,
2983 1370 3283 1427 doctrinam
3321 1370 3561 1437 scilicet,
3593 1386 3778 1427 corre-

2192 1460 2451 1525 ctionem,
2480 1476 2690 1517 necnon
2719 1470 2774 1516 et
2796 1462 3082 1518 interdicta
3110 1461 3235 1523 odio
3264 1462 3467 1520 habent
3491 1482 3504 1516 :
3536 1464 3645 1529 Qui
3675 1480 3779 1519 non

2193 1553 2353 1605 intrat
2380 1569 2471 1621 per
2500 1554 2693 1609 ostium
2735 1553 2896 1624 363
2949 1556 3002 1607 in
3025 1553 3158 1608 ovile
3196 1555 3393 1619 ouium,
3421 1555 3514 1610 sed
3546 1556 3779 1610 ascendit

2192 1642 2425 1711 aliunde,
2456 1642 2542 1695 ille
2581 1643 2670 1712 {ur
2694 1654 2768 1697 est
2796 1653 2844 1698 et
2874 1643 3008 1698 latro
3035 1644 3218 1707 (Joan.
3256 1646 3344 1710 x,i
3380 1644 3400 1715 )
3443 1663 3457 1699 :
3488 1661 3593 1700 nec
3632 1660 3781 1701 men-

2184 1735 2282 1789 .tiri
2316 1750 2423 1791 nou
2454 1736 2692 1807 potuisse
2721 1751 2826 1790 non
2860 1736 3111 1807 ignorant
3137 1735 3434 1792 Veritatem
3460 1754 3475 1803 ;
3511 1752 3619 1792 non
3645 1752 3779 1793 con-

506 1820 679 1892 (Psal.
704 1838 867 1887 xxxv,
902 1822 992 1894 12)
1021 1841 1031 1875 :
1061 1823 1165 1877 hoc
1208 1834 1308 1887 est,
1358 1838 1464 1881 non
1514 1821 1794 1879 conculcet
1834 1821 1887 1878 in
1938 1829 2082 1875 terra
2114 1820 2160 1881 B
2188 1828 2339 1898 sequi
2382 1844 2613 1899 quoque,
2672 1838 2731 1885 ut
2781 1831 2872 1899 qui
2920 1828 3010 1884 fur
3045 1838 3148 1896 est,
3193 1845 3315 1887 esse
3364 1833 3537 1902 possit
3579 1832 3784 1901 pariter

503 1916 669 1976 vitam
697 1930 871 1971 meam
893 1914 1167 1987 iactantia:
1196 1914 1401 1979 daamon
1432 1912 1607 1986 (Psal.
1639 1929 1739 1977 vn,
1765 1913 1844 1984 6),
1877 1921 2087 1985 terrena

504 2023 593 2063 me
652 2008 822 2077 solum
881 2008 1091 2063 ambire
1147 2009 1399 2064 suadens.
1459 2008 1561 2065 Ubi
1600 2017 1655 2063 et
1700 2009 1986 2077 sequitur:
2020 2006 2086 2061 Et

503 2116 691 2154 annuus
723 2101 1011 2170 peccatoris
1043 2116 1145 2154 non
1168 2111 1367 2156 mereat
1394 2118 1473 2156 me
1514 2099 1688 2173 (Psal.
1722 2117 1887 2167 xxxv,
1939 2100 2027 2170 12)
2070 2120 2082 2154 :

503 2188 724 2257 spiritus
763 2189 949 2261 utique
999 2188 1401 2254 fornicationis,
1449 2191 1569 2262 qui,
1619 2190 1708 2246 ubi
1769 2190 2085 2247 cenodoxiac

500 2281 727 2351 spiritus
755 2298 851 2341 cor
881 2282 1118 2352 religiosi
1149 2281 1443 2351 cujuslitct
1486 2270 1851 2354 occupaverit,
1897 2286 2084 2351 statim

500 2388 698 2441 corpus
725 2372 867 2429 illius
895 2373 1133 2429 libidinis
1163 2374 1332 2444 agitat
1363 2382 1529 2428 motu.
1569 2375 1887 2431 Commotus
1918 2376 2086 2447 igitur

502 2480 602 2519 cur
616 2476 869 2534 operetur
890 2465 1253 2537 iniquitatem,
1278 2475 1635 2535 monstratur,
1653 2466 1779 2521 dum
1802 2467 2081 2522 subditur:

503 2556 587 2609 Ibi
630 2558 925 2616 ceciderunt
964 2559 1056 2629 qui
1089 2569 1372 2627 operantur
1393 2559 1721 2630 iniquitatem
1751 2558 1939 2630 (Ibid,
1972 2561 2083 2630 45).
2114 2578 2125 2586 °

501 2643 719 2701 Ubi?ln
748 2646 1055 2716 superbiam
1085 2647 1345 2718 primum,
1380 2648 1512 2703 hinc
1536 2648 1751 2703 demum
1777 2653 1829 2702 in
1859 2648 2086 2705 luxuria:

506 2736 842 2804 voraginem.
876 2738 941 2792 Et
967 2739 1170 2808 quare?
1198 2739 1321 2810 quia
1348 2739 1551 2813 expulsi
1593 2751 1712 2794 sunt
1751 2740 1963 2813 (16ἱι1.),
1990 2744 2083 2813 in-

500 2827 638 2897 quit.
677 2827 864 2883 Unde?
908 2844 936 2885 a
964 2830 1135 2900 gratia
1192 2830 1282 2883 Dei
1324 2848 1337 2883 :
1373 2839 1428 2885 et
1474 2830 1593 2885 ideo
1643 2847 1747 2884 non
1803 2841 2086 2901 potuerunt

500 2927 663 2981 stare,
695 2918 1051 2990 indignissimi
1093 2921 1490 2983 Eucharistiam
1522 2921 1648 2977 facti
1695 2933 1933 2992 gustare,
1984 2925 2088 2978 Do-

503 3008 651 3063 mino
675 3009 852 3066 taliter
876 3011 1244 3067 intercedente
1276 3031 1289 3066 :
1354 3012 1662 3084 Quicunque
1686 3015 2082 3083 tnunducauerit

500 3100 568 3152 de
597 3116 752 3155 carne
779 3102 1029 3171 sacriﬁcii
1052 3145 1066 3167 ,
1111 3105 1251 3173 quo'l
1279 3113 1354 3157 cst
1397 3103 1641 3168 Domini,
1673 3116 1718 3159 et
1751 3094 2084 3161 immunditia

2189 1931 2375 1990 pastor
2408 1921 2588 1977 :ovile
2620 1937 2749 1976 vero
2781 1921 3081 1993 intelligunt
3120 1937 3243 1977 esse
3283 1921 3609 1986 Ecclesium,
3657 1937 3777 1992 qure

2190 2016 2374 2085 utique
2400 2032 2530 2072 oves
2555 2018 2796 2072 continet
2822 2017 2963 2083 illas,
3001 2033 3123 2089 quae
3155 2027 3317 2073 erunt
3355 2020 3407 2073 in
3444 2018 3658 2087 judicio
3708 2017 3775 2073 ad

2189 2107 2469 2163 dexteram
2505 2109 2822 2174 statuendus,
2857 2109 3109 2178 quamvis
3138 2117 3193 2163 et
3213 2108 3379 2180 [idest
3426 2109 3479 2162 in
3512 2108 3777 2178 Ecclesia}

2189 2199 2299 2254 illic
2325 2199 2497 2254 mistae
2519 2197 2629 2254 sint
2656 2199 2741 2264 iis,
2767 2199 2860 2270 qui
2900 2199 2966 2254 ad
3009 2199 3287 2255 sinistram
3333 2209 3495 2254 erunt
3535 2200 3785 2266 loeandi,

2188 2291 2387 2362 quibus
2412 2299 2468 2347 et
2494 2302 2815 2362 perpetuum
2850 2306 3129 2362 nunquam
3155 2292 3329 2347 deerit
3362 2307 3460 2346 vae.
3498 2291 3778 2347 Pastorem

2190 2383 2417 2454 legalem
2466 2383 2528 2455 [ι.
2571 2382 2882 2456 illogalem},
2925 2384 3235 2455 episcopum
3284 2382 3458 2439 furem
3482 2425 3496 2449 ,
3544 2386 3779 2453 pseudo.

2188 2473 2480 2544 praesulem
2512 2473 2886 2545 vident;quid
2933 2474 2999 2529 de
3048 2472 3165 2542 ejus
3186 2483 3383 2530 curant
3428 2474 3773 2553 provisione,

2186 2581 2350 2637 quem
2387 2575 2725 2637 cognoscunt
2752 2581 2856 2620 non
2883 2565 3336 2635 patrmnl‘andlias
3373 2566 3645 2636 posuisse,

2189 2660 2362 2729 ipsum
2406 2659 2802 2715 latrocinaliter
2853 2674 2912 2715 se
2963 2659 3323 2729 imposuisse?
3371 2659 3513 2727 Quid
3550 2659 3620 2715 de
3662 2661 3778 2732 ejus

2188 2749 2583 2813 benedictione,
2614 2763 2774 2817 quem
2801 2747 2982 2802 sciunt
3006 2747 3351 2802 maledictum
3392 2763 3535 2812 esse,
3571 2746 3779 2819 Grego-

2190 2840 2271 2894 rio
2305 2849 2566 2903 testante,
2608 2839 2733 2907 quia
2780 2838 3088 2894 benedictio
3132 2837 3208 2892 illi
3244 2838 3298 2892 in
3341 2837 3775 2893 tnulcdietionem

2187 2931 2439 2995 vertitur,
2468 2930 2560 3000 qui
2591 2932 2657 2985 ad
2690 2930 2793 2989 hoc
2820 2939 2878 2984 ttt
2910 2929 3004 2983 ﬁat
3042 2929 3349 2994 haereticus,
3398 2939 3776 2999 promovetur.

2188 3019 2499 3091 Cujusmodi
2525 3035 2654 3075 vero
2675 3028 2834 3076 sectae
2860 3019 3185 3077 haereticus?
3204 3018 3354 3076 Illius
3377 3020 3582 3091 utique,
3610 3021 3775 3084 illius,

2189 3110 2256 3164 de
2283 3108 2436 3178 cujus
2469 3120 2689 3168 auctore
2739 3108 2968 3180 legimus
3008 3108 3228 3164 Petrum
3259 3109 3460 3164 dixisse
3490 3124 3506 3163 :
3540 3107 3774 3164 Pecunia

499 3188 618 3257 ejus
647 3204 803 3259 super
821 3191 990 3260 ipsum
1016 3202 1110 3256 est,
1139 3192 1323 3262 peribit
1350 3194 1528 3246 anima
1555 3193 1648 3247 illa
1679 3195 1742 3249 de
1767 3194 1958 3265 papula
1991 3214 2086 3251 suo
2114 3194 2159 3259 C
2190 3213 2282 3258 tua
2307 3213 2476 3265 tecum
2505 3204 2569 3257 sit
2590 3204 2645 3259 in
2672 3204 2986 3272 perditione,
3022 3221 3082 3258 eo
3110 3204 3251 3272 quod
3283 3206 3558 3259 wstimasti
3580 3205 3775 3259 donum

505 3276 696 3348 (Leuit.
727 3294 826 3342 vn,
854 3279 1087 3353 20,,2l).
1954 3332 1959 3335 -
2068 3352 2075 3359 ,

568 3366 660 3422 22.
702 3367 808 3423 Sed
837 3386 958 3425 cum
992 3370 1254 3441 scriptum
1303 3374 1370 3439 sit
1419 3373 1543 3443 quia
1574 3374 1703 3426 nihil
1730 3374 1785 3435 in
1811 3385 1959 3449 terra
1975 3377 2086 3437 sine

503 3473 667 3513 causa
694 3460 753 3530 fit
809 3460 930 3531 (Job
961 3477 1015 3533 ν,
1046 3462 1099 3529 ti)
1128 3479 1140 3516 :
1169 3478 1390 3518 causam
1430 3466 1599 3534 ipsam
1636 3466 1776 3534 (non
1822 3465 2083 3540 ditliteor)

504 3549 687 3605 videre
720 3551 911 3606 videor
942 3551 1257 3623 plerumque
1279 3554 1356 3627 ita
1382 3570 1538 3625 posse
1572 3555 1904 3626 contingere.
1938 3557 2085 3614 Pone

498 3640 792 3706 quemlibet
831 3641 1089 3696 nobilium
1125 3643 1327 3698 sobolis
1377 3644 1559 3711 tradi;
1598 3644 1739 3715 quod
1770 3646 1957 3716 utique
1989 3647 2087 3702 bo-

503 3729 591 3784 die
620 3732 790 3799 magis
837 3732 950 3787 fieri
997 3733 1204 3788 ambitu
1244 3732 1460 3791 videtur
1487 3735 1868 3804 episcopandi,
1921 3752 2084 3807 quam

500 3820 797 3888 cupiditate
846 3820 1071 3877 Domino
1095 3824 1359 3880 militandi
1388 3845 1401 3879 :
1434 3841 1561 3896 ecce
1587 3842 1682 3898 pes
1719 3842 1856 3882 unus
1898 3843 2087 3897 super-

504 3907 637 3973 bire,
672 3920 956 3979 parentum
987 3910 1196 3969 scilicet
1216 3913 1363 3977 elata
1398 3916 1668 3971 voluntas.
1720 3916 1769 3985 Is
1799 3933 1920 3973 cum
1950 3918 2084 3978 ado-

499 3996 707 4054 lescere
732 4001 979 4070 coeperit,
996 4011 1089 4057 aut
1117 4002 1183 4057 de
1214 4004 1327 4073 ipsa
1354 4006 1656 4074 nobilitate,
1682 4018 1773 4063 aut
1795 4010 1860 4064 de
1886 4009 2081 4079 quovis

502 4086 806 4146 intellectus
840 4094 1107 4156 acumine,
1146 4105 1238 4149 aut
1264 4095 1511 4153 fortassis
1537 4100 1942 4170 pulchritudine
1963 4116 2085 4155 cor-

500 4181 667 4248 poris,
698 4191 790 4235 aut
813 4183 938 4253 quia
968 4185 1039 4239 sit
1072 4184 1142 4251 ei,
1175 4193 1232 4240 ut
1253 4186 1320 4241 de
1349 4189 1580 4256 quadam
1612 4191 1775 4246 refert
1813 4189 2079 4263 Hieronys

498 4286 642 4336 mus,
692 4288 895 4345 cygneo
946 4291 1145 4332 canore
1190 4294 1293 4333 vox
1341 4278 1566 4337 forsitan
1613 4283 1840 4350 dulcior,
1890 4284 2082 4354 incipit

499 4358 845 4419 insolescere.
877 4363 971 4420 llis
1000 4366 1162 4438 igitur
1190 4369 1500 4427 daemonicis
1528 4372 1797 4443 superbia:
1850 4372 2082 4444 pedibus

2186 3293 2283 3349 Diei
2303 3294 2522 3362 pecunia
2555 3285 2813 3362 possideri
2839 3291 2977 3359 (Act.
3011 3309 3126 3360 vm,
3159 3293 3273 3365 20).
3298 3293 3432 3350 Cum
3463 3309 3597 3350 vero
3620 3310 3772 3351 eam.

2184 3384 2473 3440 municans
2500 3383 2778 3447 lueretieo,
2804 3384 2875 3438 sit
2896 3392 2952 3438 et
2981 3382 3071 3438 ille
3100 3383 3427 3449 haereticus;
3468 3384 3598 3455 quid
3647 3399 3774 3456 rogo

2187 3473 2515 3539 faciendum,
2548 3474 2676 3543 quid
2704 3474 3073 3545 cogitandum,
3106 3474 3236 3544 quid
3280 3475 3664 3553 assilitnandum
3706 3475 3773 3528 de

2189 3565 2385 3622 talibus
2404 3565 2953 3625 lExcommunieatio
2988 3582 3116 3621 vero
3140 3562 3355 3621 illorum
3385 3582 3550 3636 quam
3581 3566 3661 3638 [id
3694 3575 3771 3621 est

2185 3655 2471 3729 quantum]
2495 3664 2675 3726 potest
2699 3656 2767 3711 ab
2796 3656 2887 3713 illo
2918 3657 3124 3717 timeri.
3152 3657 3245 3726 qui
3274 3656 3773 3712 excommunicatos

2186 3762 2282 3802 eos
2311 3762 2417 3801 non
2447 3746 2651 3811 semel,
2686 3747 2780 3802 sed
2812 3746 3010 3801 millies
3047 3747 3326 3801 canonicis
3363 3762 3473 3801 non
3500 3747 3676 3801 nescit
3701 3746 3773 3802 le-

2186 3836 2388 3906 gibus?
2411 3834 2765 3907 Consecratio
2803 3846 3068 3907 quantum
3116 3835 3393 3906 amplecti,
3425 3835 3646 3890 dicente
3673 3834 3771 3889 Do-

2188 3926 2334 3981 mino
2374 3942 2389 3980 :
2424 3926 2580 3991 Quod
2626 3927 2847 3997 tetigerit
2898 3926 3220 3993 immundus,
3250 3924 3584 3980 immundum
3638 3924 3773 3980 erit!

2188 4018 2377 4089 (Num.
2398 4036 2515 4082 xu,
2534 4018 2648 4089 22.)
2681 4019 2968 4075 Damnatio
3015 4028 3275 4089 quantum
3297 4018 3497 4082 vereri,
3513 4018 3770 4073 suadente

2186 4109 2403 4165 Christo
2432 4127 2444 4162 :
2471 4108 2574 4174 Qui
2600 4110 2710 4163 sine
2730 4120 2940 4180 peccato
2963 4120 3036 4164 est
3058 4109 3519 4179 vestrum,primus
3533 4110 3589 4162 in
3605 4108 3766 4171 illam,

2187 4200 2290 4256 hoc
2318 4207 2420 4264 est,
2453 4200 2815 4274 meretricem,
2837 4199 3071 4270 lapidem
3113 4201 3291 4253 mittat-
3313 4198 3496 4271 (Joan.
3528 4214 3650 4263 VIII,
3683 4198 3762 4269 7)?

2186 4291 2320 4347 Nam
2347 4292 2433 4346 isti
2457 4301 2581 4347 sunt
2601 4294 2868 4362 praecipue
2888 4292 2979 4361 qui
3004 4290 3377 4348 meretriculas
3399 4288 3557 4362 (802)
3578 4290 3766 4362 iubent

2184 4385 2250 4441 ad
2278 4385 2487 4455 stipites
2512 4384 2872 4439 cxcoriandas
2904 4384 3093 4455 ligare.

572 4519 898 4617 milia.
924 4538 1004 4617 es
1038 4541 1201 4617 sese?
1254 4529 1831 4617 ξενίνείεηβεξιιειεῖηεν
1860 4552 1986 4617 ,ηιιο
2018 4537 2075 4617 ες
2109 4545 2157 4603 υ
2185 4535 2300 4606 ρει,
2340 4549 2448 4617 quo
2483 4532 2779 4617 signiﬁcari
2820 4532 2971 4617 εοὶθι.
2996 4532 3081 4586 vis
3114 4529 3763 4617 conﬁcieaétieenusa

497 4587 921 4667 Gt‘egtifius_lib.
952 4610 1027 4649 Ix.
1052 4599 1211 4667 epist.
1263 4587 1379 4664 ηδ
1402 4587 1981 4661 ειίίιίοιιίζιίείὶιὶίῦὦ
2010 4587 2078 4662 εἶά

499 4659 760 4742 hminem
789 4659 1188 4742 Syracusanum
1218 4670 1292 4724 ait
1319 4659 1661 4727 {Orationem
1685 4692 1800 4729 rero
1836 4659 2077 4730 Domini:

498 4730 844 4817 cumidcirco'
869 4734 1139 4817 moxlpost
1178 4756 1378 4817 precem
1415 4742 1490 4806 (id
1511 4752 1596 4817 est
1631 4754 1752 4812 post
1788 4745 2076 4817 canouem)

499 4805 924 4883 tiicimus,_quia
961 4805 1074 4883 inus
1112 4805 1470 4883 apostolorum
1515 4805 1642 4880 fuit"
1685 4825 1739 4867 ut
1797 4816 1867 4868 ad
1907 4805 2076 4883 ipsein

498 4869 822 4953 solummodo
864 4869 1157 4953 orationem
1201 4878 1481 4953 oblationis
1515 4869 1764 4936 'hostiam
1805 4869 2078 4938 consecra-

504 4949 637 5024 rent.
668 4940 733 4993 Et
792 4944 941 5024 valde
968 4949 1495 5024 nﬁlziineonreniens
1542 4954 1703 5004 risum
1743 4964 1816 5006 est
1864 4965 2073 5024 utgpre~

497 5023 631 5074 cem,
669 5028 822 5091 quam
852 5013 1205 5091 Scholasticus
1243 5031 1633 5091 composuerat,
1666 5036 1822 5089 super
1855 5013 2075 5091 oblatio-

499 5094 617 5158 nem
647 5080 955 5145 diceremus.
983 5096 1030 5138 et
1060 5088 1225 5158 ipsam
1269 5080 1630 5151 traditionem,
1655 5080 1811 5158 quam
1853 5090 2076 5146 Redeat-

501 5156 617 5211 ptor
643 5159 817 5227 noster
839 5157 1148 5227 composuit,
1178 5173 1334 5221 super
1360 5158 1473 5225 ejus
1493 5156 1681 5222 corpus
1702 5172 1747 5211 et
1764 5162 2071 5227 sanguinem

501 5230 604 5293 non
625 5216 1106 5293 maerentum-Cum
1139 5216 1206 5281 VS.
1239 5216 1479 5293 pontifex
1519 5216 1744 5281 ullirtnet
1770 5216 2070 5284 oralionem

505 5283 834 5336 noninimm
894 5292 1093 5336 itlﬂil‘l‘ll
1143 5283 1253 5338 tlini
1302 5296 1487 5338 statim
1533 5305 1653 5340 onst.
1699 5313 1911 5340 nrt-enm
1975 5314 2071 5342 ςρη

2184 4602 2500 4675 sanguinem
2542 4604 2766 4675 Christi,
2810 4603 2905 4657 sed
2950 4610 3016 4657 eo
3055 4617 3163 4675 quo
3205 4602 3318 4675 bac
3361 4607 3759 4675 sacramentum

2180 4668 2315 4743 jam'
2334 4674 2639 4743 conlectum
2666 4673 2718 4727 in
2761 4687 2969 4727 canone
2998 4668 3177 4743 verbis
3205 4670 3373 4743 ipsius
3399 4668 3628 4743 Christi,
3668 4670 3761 4722 hac

2183 4738 2428 4800 oratione
2481 4742 2721 4797 ninnium
2784 4738 3237 4812 praestantissima
3267 4741 3392 4812 _Deo
3433 4738 3661 4812 dicamr
3708 4748 3758 4792 et

2184 4813 2427 4871 oll‘ertur.
2468 4814 2668 4867 Eadem
2732 4808 2897 4882 igitur
2947 4827 3109 4867 sensu
3160 4809 3450 4865 Ratherius
3495 4808 3603 4882 hoc
3647 4808 3759 4882 loco

2185 4883 2431 4945 afﬁrmat,
2499 4883 2591 4935 illa
2621 4878 2994 4950 specialissime
3036 4882 3273 4950 oratione
3304 4879 3598 4950 consecrari
3610 4878 3758 4950 obla-

2183 4957 2376 5008 tionem
2406 4955 2611 5023 populo
2636 4945 3025 5021 porrigendum,
3054 4951 3143 5004 ubi
3177 4949 3282 5023 Deo
3312 4949 3506 5023 dicitur
3547 4945 3755 5023 {‘Pater

2183 5034 2377 5087 noster,
2406 5016 2539 5075 ὀξυ.
2597 5016 2669 5076 De
2714 5016 2982 5076 sententia
3009 5030 3187 5074 autem
3237 5019 3296 5072 S.
3347 5016 3614 5087 Gtegorii,
3653 5031 3753 5087 qua

2181 5086 2452 5164 apostolos
2488 5094 2833 5164 consuevisse
2863 5093 3067 5164 tradit,
3113 5090 3184 5142 ad
3218 5090 3390 5157 ipsam.
3434 5086 3750 5164 solum-{nodo

2179 5153 2469 5217 orationem
2504 5162 2779 5215 oblationis
2808 5162 3036 5215 hostium
3075 5153 3399 5221 consecrare,
3442 5157 3566 5209 vide
3594 5155 3653 5208 P.
3681 5153 3750 5206 Le

2180 5234 2321 5287 Bruu
2364 5234 2416 5342 ξι
2458 5232 2665 5342 Εὲβιὶρ.
2695 5230 2869 5286 Μίδεω
2906 5240 3035 5286 tom.
3062 5229 3128 5295 ll,
3167 5229 3383 5284 dissert.
3432 5225 3487 5279 2.
3539 5233 3640 5279 art.
3693 5223 3742 5281 ἓν

2182 5319 2305 5342 IIII"!
2426 5312 2475 5342 nl

2199 5319 2305 5342 tum
2365 5312 2394 5342 '7
2426 5312 2475 5342 nl
