4032 5354
530 259 635 316 515

1458 251 1786 310 ιιΛτιιΕΙιιι
1824 252 2038 310 EPlSC.
2080 250 2331 308 VEROV.
2374 250 2529 308 OPB.
2561 252 2738 309 PARS
2778 253 2813 308 l.

3680 258 3789 314 5l6

515 366 804 439 Apostolus
831 366 909 421 ait
944 379 958 419 :
1000 363 1192 420 Omnes
1213 366 1348 421 enim
1385 365 1673 422 astabimus
1719 376 1841 422 ante
1865 365 2099 422 tribunal
2127 368 2174 430 Α
2204 363 2461 419 rationem
2487 379 2500 416 :
2527 372 2576 418 et
2598 365 2688 435 qui
2718 365 2852 419 bona
2881 375 3119 436 egerunt,
3158 365 3306 420 ibunt
3343 366 3397 420 in
3435 366 3591 421 vitam
3631 378 3789 422 aster-

516 458 732 522 Christi,
760 466 817 512 ut
848 457 1038 526 referat
1066 457 1418 527 unusquisque
1451 456 1663 526 propria
1687 461 1919 527 corporis
1945 465 2099 526 prout

516 552 694 622 gessit,
731 549 836 603 sive
874 548 1088 611 bonum,
1117 548 1220 602 sive
1242 546 1437 601 malum
1467 547 1646 619 (Rom.
1679 564 1788 612 xw,
1821 548 1931 619 l0).
1961 549 2097 616 Qui-

516 643 641 696 dam
697 656 910 711 quoque
962 654 1060 694 nec
1108 639 1287 693 minus
1335 653 1481 701 vere,
1529 639 1681 709 cujus
1733 649 1911 694 tamen
1956 640 2098 694 dicta

517 733 863 788 Veronenses
889 730 1036 801 (897)
1065 727 1372 784 Cleronoml
1399 729 1589 782 nolunt
1615 736 1871 783 cantare:
1903 729 1985 782 Ad
2013 745 2104 782 cu-

513 827 608 898 jus
647 827 950 889 adventant,
995 823 1189 893 inquit,
1221 839 1398 877 omnes
1449 839 1716 892 resurgere
1758 821 1945 875 habent
1984 838 2104 876 cum

521 915 825 985 corporibus
854 913 982 977 suis,
1015 921 1061 966 et
1111 910 1367 965 reddituri
1411 921 1529 964 sunt
1577 910 1641 962 de
1683 909 1835 978 factis
1880 910 2107 980 propriis

595 1068 741 1136 (807)
789 1066 1121 1122 Cleronomia
1143 1063 1415 1136 significat
1443 1063 1726 1136 collegium
1779 1062 2105 1136 clericorum

525 1133 618 1194 seu
679 1133 1097 1200 monachorum,
1154 1133 1245 1204 qui
1297 1133 1642 1204 laudes‘l)co
1688 1142 1910 1204 canunt.
1967 1134 2103 1186 Acta

521 1218 832 1263 sanctorum
865 1206 987 1260 Maii
1046 1201 1185 1259 tom:
1213 1203 1275 1258 Vl
1298 1245 1312 1268 ,
1347 1219 1466 1272 pag.
1495 1201 1624 1265 753,
1651 1204 1717 1255 de
1758 1203 1814 1256 S.
1857 1202 2108 1255 Carauno

524 1280 640 1332 lucc
670 1278 870 1331 habent
917 1295 928 1329 :
992 1274 1081 1328 Vir
1125 1291 1344 1340 namque
1375 1274 1807 1340 apostolicus.....
1857 1272 2107 1325 Abbatem

523 1347 715 1408 simul,
742 1357 788 1399 et
827 1346 1099 1416 pulchram
1141 1343 1473 1397 cleranomirc
1519 1346 1821 1416 seriem..."
1858 1341 2104 1416 instituit.

528 1417 663 1471 llinc
693 1412 972 1469 cleronomi
1003 1416 1140 1469 idem
1171 1423 1295 1467 sunt
1345 1423 1506 1481 atque
1525 1413 1775 1481 canonici
1819 1412 2107 1480 creterique

527 1487 728 1546 clerici,
769 1487 857 1553 qui
888 1486 941 1539 in
968 1487 1133 1538 choro
1165 1479 1451 1538 canebant.
1489 1479 1686 1553 Nomas
1716 1482 1856 1535 enim
1899 1483 1948 1535 in
1983 1479 2104 1534 niu-

555 1556 654 1610 icis
695 1552 836 1609 idem
887 1565 970 1608 est
1007 1571 1068 1608 ac
1114 1553 1381 1608 cantilena
1433 1565 1577 1605 certa
1622 1552 1734 1673 lege
1779 1553 2101 1620 composita.

555 1626 662 1673 iide
714 1623 1040 1673 Salmasium
1087 1624 1137 1673 in
1189 1623 1429 1673 Suetonii
1467 1623 1627 1673 verba
1667 1621 1863 1673 l’eron.
1911 1638 1960 1673 c.
2012 1621 2100 1673 '20.

530 1625 662 1681 Vide
714 1623 1040 1678 Salmasium
1087 1624 1137 1676 in
1189 1623 1429 1676 Suetonii
1467 1623 1627 1675 verba
1667 1621 1863 1676 Neron.
1911 1638 1960 1676 c.
2012 1621 2100 1675 '20.

532 1696 640 1748 Nec
671 1705 790 1748 ante
817 1704 1031 1748 cantare
1059 1695 1273 1754 destitit,
1302 1709 1457 1762 quam
1485 1693 1784 1746 inchoatum
1819 1692 2102 1745 absolveret

527 1780 741 1816 nomon.
779 1764 908 1831 Quae
931 1773 1109 1818 autem
1145 1780 1267 1816 mox
1300 1762 1606 1816 referuntur
1639 1763 1798 1816 verba
1835 1762 1913 1814 Ad
1951 1762 2102 1830 ctijus

525 1833 804 1886 adventum
829 1873 843 1896 ,
890 1844 1020 1896 e‘lc.,
1054 1842 1178 1887 sunt
1215 1850 1278 1886 ex
1310 1832 1553 1903 symbolo
1598 1831 1907 1903 Quicunque
1941 1832 2103 1903 vulgo

526 1903 669 1956 dicto
706 1903 764 1956 S.
819 1903 1118 1967 Athanasii,
1167 1903 1310 1972 quod
1341 1901 1701 1956 ‘Veronenses
1748 1901 2097 1965 cardinales,

2207 475 2363 524 nam;
2400 461 2492 530 qui
2525 473 2642 514 vero
2669 457 2830 522 mala,
2856 459 2913 512 in
2937 459 3108 529 ignem
3133 468 3409 513 tcternum.
3449 457 3597 529 (808)
3640 457 3785 513 Sub-

2208 552 2409 616 veniat,
2446 552 2539 608 sed
2566 552 2900 623 rogandum,
2944 561 3073 607 tuuc
3115 551 3187 606 illi
3230 550 3499 616 Christus,
3549 551 3643 620 qui
3679 550 3793 606 ilhc

2207 650 2384 712 potest
2409 641 2580 697 vereri
2619 656 2634 696 :
2680 640 2869 695 De‘ore
2893 650 2987 694 tua
3015 648 3071 694 et
3098 640 3315 709 scriptis
3343 640 3450 694 tuis
3489 649 3539 693 te
3571 639 3790 708 judico,

2207 745 2348 786 serve
2377 747 2596 800 nequam
2628 729 2780 798 (Luc.
2821 742 2935 787 xix.
2961 728 3081 800 2'),
3107 729 3311 790 audire,
3343 736 3398 783 et
3424 729 3492 782 ad
3522 742 3583 781 se
3613 727 3790 795 ipsum

2211 819 2387 889 talpae,
2429 819 2494 873 ad
2539 828 2766 874 czeteros
2792 832 3108 888 caprearum
3160 832 3319 872 usum
3362 818 3482 872 visu
3522 815 3792 886 increpari

2206 908 2393 966 fuisse.
2426 909 2619 965 Amen.

2215 1076 2305 1135 seu
2364 1063 2608 1117 canonici
2655 1075 2854 1118 nostra:
2906 1064 3232 1135 catbcdralis
3285 1064 3529 1120 ecclesia:
3583 1065 3795 1135 publice

2217 1133 2466 1206 ludebant
2497 1149 2721 1206 canere,
2773 1143 2827 1206 ut
2865 1134 3344 1206 idemhllatherius
3377 1133 3692 1206 expressius
3735 1139 3792 1190 in

2215 1203 2497 1258 Itincrario
2524 1203 2758 1256 tradidit.
2790 1202 2989 1258 Confer
3020 1204 3213 1257 ibidem
3245 1215 3355 1258 uel.

2287 1274 2432 1346 (808)
2463 1275 2729 1346 construe
2757 1287 2773 1327 :
2805 1272 2906 1327 Sed
2955 1273 3265 1346 rogandum,
3287 1285 3355 1346 ut
3384 1273 3629 1346 Christus
3671 1284 3796 1346 tunc

2215 1344 2481 1398 sutireniat
2513 1344 2613 1406 illi,
2635 1345 2724 1411 qui
2747 1353 2908 1413 potest
2933 1345 3094 1398 vereri
3130 1345 3262 1407 illic,
3309 1345 3361 1398 id
3395 1355 3474 1398 est
3517 1346 3570 1398 in
3589 1344 3798 1411 judicio

2219 1415 2529 1476 novissimo,
2589 1414 2772 1467 audire
2797 1428 2814 1465 .'
2855 1413 2930 1466 De
2988 1431 3075 1467 ore
3123 1425 3211 1468 tuo
3259 1425 3305 1466 et
3341 1416 3550 1482 scriptis
3593 1416 3698 1467 tuis
3744 1427 3793 1468 te

2202 1485 2386 1553 judico
2410 1525 2423 1547 ,
2450 1501 2589 1537 serve
2611 1500 2863 1553 nequam;
2887 1494 2931 1536 et
2957 1494 3119 1552 potest
3147 1485 3309 1537 vereri
3335 1484 3618 1552 increpari,
3641 1499 3793 1536 usum

2213 1556 2376 1624 (male
2404 1555 2454 1608 in
2488 1555 2718 1623 vulgatis
2744 1557 2892 1622 usus)
2933 1553 3096 1622 fuisse
3121 1555 3230 1624 visu
3255 1553 3410 1622 talpa:
3433 1555 3503 1605 ad
3525 1570 3580 1607 se
3601 1555 3795 1624 ipsum,

2214 1622 2322 1679 visu
2368 1622 2676 1692 caprearum
2719 1624 2787 1676 ad
2837 1632 3070 1676 cteteros.
3108 1623 3273 1677 Amen
3311 1637 3330 1674 :
3382 1624 3527 1692 quod
3585 1622 3792 1677 scilicet

2215 1695 2265 1748 in
2306 1691 2666 1748 suisactibus
2705 1691 3062 1761 diiudicandis
3103 1708 3278 1748 czecus
3324 1691 3489 1747 fuerit
3539 1704 3794 1762 tanquam

2214 1765 2375 1834 talpa,
2403 1781 2528 1834 erga
2554 1765 2688 1818 alios
2729 1780 2855 1819 vero
2881 1764 3210 1818 acerrimum
3259 1778 3586 1833 caprearum
3618 1763 3795 1816 visum

2215 1835 2540 1890 adhibuerit.

1115 2159 1282 2234 ³⁸⁸
1346 2180 1527 2296 DE
1614 2174 2492 2298 CONTEMPTU
2574 2177 3267 2296 CANONUM

1693 2415 1982 2506 PARS
2052 2413 2634 2506 SECUNDA.

605 2721 680 2780 Ut
704 2719 975 2794 prioribus
1002 2732 1132 2774 sane
1169 2715 1470 2788 posteriora
1520 2713 1885 2784 respondeant
1933 2714 2103 2786 (809),
2139 2715 2184 2776 Β
2214 2713 2414 2766 burens
2461 2711 2597 2768 adeo
2645 2702 2949 2777 lasciviam,
2977 2721 3036 2768 ut
3064 2730 3188 2770 cum
3233 2731 3368 2786 opus
3409 2714 3610 2785 fuerit,
3645 2735 3799 2776 nemo

531 2814 752 2870 lectoris
800 2811 891 2867 hic
947 2809 1195 2865 advertat
1243 2807 1554 2878 perpensio,
1598 2805 1799 2861 nullam
1841 2822 1929 2862 me
1982 2825 2116 2865 mea:

533 2903 902 2967 admirationi,
938 2917 1002 2957 ac
1029 2899 1440 2957 studiosissimae
1466 2897 1798 2969 indagationi
1828 2897 1987 2953 aliam
2033 2898 2118 2954 in-

532 2996 718 3052 venire
741 3008 962 3050 causam
1003 2991 1260 3060 quivisse,
1298 2988 1403 3043 nisi
1434 2986 1954 3058 pseudopontillcum
1999 2989 2118 3044 cul-

545 3102 694 3157 pam,
720 3096 828 3139 tam
857 3081 1146 3155 generalis,
1200 3079 1334 3150 proh
1365 3077 1547 3131 dolor!
1601 3091 1868 3131 canonum
1911 3075 2120 3132 divino-

535 3195 653 3232 rum
700 3182 1071 3244 contemptus;
1122 3172 1292 3242 ipsam
1321 3184 1451 3222 vero
1479 3183 1640 3222 manu
1691 3167 2030 3237 peccatoris,
2064 3168 2119 3224 id

534 3278 620 3326 est
662 3267 882 3332 diaboli,
909 3266 978 3321 ob
1008 3263 1273 3334 superbiae
1301 3260 1618 3324 vindictam,
1647 3274 1743 3330 per
1765 3258 2118 3314 cncrvitatcm

536 3361 764 3417 luxuriae
797 3366 1143 3420 commotam,
1177 3369 1300 3424 quae
1350 3351 1404 3406 in
1453 3349 1653 3405 furoris
1701 3349 1792 3405 Dei
1843 3349 1963 3419 igne
1996 3364 2120 3403 suc-

533 3469 696 3510 censa
723 3451 878 3506 ardet
905 3449 1065 3504 hodie
1095 3447 1147 3501 in
1194 3444 1393 3500 szeculo
1417 3442 1597 3515 (Deut.
1633 3455 1781 3496 χχχιι
1805 3481 1820 3504 ,
1865 3439 1992 3509 22),
2027 3455 2119 3492 ar-

535 3559 663 3602 sura
693 3556 868 3613 usque
889 3540 957 3594 ad
1006 3536 1202 3592 inferni
1235 3534 1548 3596 novissima,
1581 3529 1854 3586 devorans
1883 3538 2117 3593 terram,

529 3635 625 3690 ubi
651 3643 736 3689 est
763 3632 1003 3703 plantata
1053 3628 1208 3682 vinea
1263 3623 1476 3679 Domini
1509 3623 1776 3683 sabaotb,
1827 3635 1948 3676 cum
1998 3636 2119 3692 ger-

532 3726 681 3781 mine
706 3725 974 3780 bonorum
1018 3733 1278 3791 operum,
1329 3731 1491 3788 quem
1527 3713 1589 3787 [1.
1645 3712 1811 3784 quod]
1859 3712 2121 3766 debuerat

534 3815 703 3882 ferre;
747 3815 833 3870 vel
859 3822 1009 3870 certe
1035 3811 1326 3882 cujuslibet
1356 3807 1565 3874 miseri,
1595 3807 1721 3861 dum
1755 3804 1882 3859 illud
1911 3803 2120 3858 scilicet

534 3910 900 3968 comburendo
946 3906 1342 3978 temporaliter,
1394 3900 1726 3959 teternalitcr
1771 3907 1829 3953 ut
1875 3895 2120 3953 comburi

535 4017 658 4057 cum
688 4002 868 4056 anima
922 4014 1028 4054 non
1068 4007 1266 4062 cesset,
1309 3995 1412 4050 sibi
1443 3993 1712 4050 redditam
1750 3990 1814 4064 [ί.
1860 3986 2117 4059 reditum]

2221 2803 2334 2859 fere
2361 2803 2588 2858 inveniri
2613 2804 2783 2874 possit
2806 2804 2873 2858 ad
2901 2804 3204 2874 eligendum
3232 2808 3472 2874 idoneus,
3503 2825 3688 2878 nemo,
3711 2814 3798 2882 qui

2219 2894 2464 2964 legaliter
2492 2894 2664 2950 electo
2691 2935 2705 2960 ,
2723 2897 2860 2965 proh
2885 2896 3069 2952 nefas!
3102 2914 3294 2956 manus
3338 2903 3604 2973 imponat,
3630 2907 3800 2962 omni~

2219 2985 2396 3041 modis
2425 2986 2636 3056 dignus.
2668 2986 2911 3058 Cumque
2936 3003 2994 3044 se
3039 2989 3113 3044 ila
3160 3006 3247 3046 res
3286 2993 3504 3060 habeat,
3541 3007 3617 3061 et,
3659 2999 3799 3068 quod

2220 3090 2455 3132 canones
2480 3077 2653 3132 sancti
2700 3079 2970 3149 prtecipue
3021 3080 3378 3150 detestantur,
3428 3087 3518 3142 isti
3566 3092 3800 3148 maxime

2221 3167 2641 3239 amplectantur;
2670 3170 2794 3224 dum
2832 3171 3024 3226 uolunt
3065 3163 3165 3227 ista
3195 3189 3410 3242 cavere,
3458 3187 3656 3236 caetera
3695 3199 3799 3238 non

2221 3269 2480 3314 verentur
2506 3259 2666 3331 367
2699 3275 2798 3330 pro
2839 3261 3008 3316 nihilo
3055 3261 3274 3319 ducere.
3312 3265 3425 3322 Hoc
3467 3284 3661 3327 omnes
3696 3271 3801 3327 Ee-

2222 3349 2400 3406 clcsiac
2449 3349 2543 3405 lilii
2599 3352 3072 3422 contemplantes,
3139 3355 3539 3427 parvipendunt
3594 3371 3652 3416 et
3703 3363 3800 3432 ipsi

2220 3444 2402 3498 omnia
2425 3457 2546 3512 qua:
2589 3444 2640 3497 iu
2685 3442 2984 3513 Scripturis
3028 3446 3398 3510 continentur,
3441 3449 3703 3520 exemplis
3727 3462 3802 3505 ta-

2221 3535 2350 3590 lium
2397 3534 2736 3588 solummodo
2786 3534 3114 3595 innitentes.
3164 3537 3460 3607 pietatiqne
3518 3537 3611 3594 Dei
3664 3540 3798 3594 ultra

2222 3643 2383 3697 quam
2412 3628 2525 3698 ipse
2548 3627 2817 3696 promisit,
2857 3642 2978 3682 sese
3024 3627 3339 3694 credentes;
3366 3629 3632 3696 justitiam
3674 3646 3799 3685 vero

2224 3723 2367 3776 illius
2404 3730 2525 3790 post
2544 3721 2763 3775 dorsum
2788 3729 3081 3790 ponentes.
3113 3720 3341 3790 ideoque
3362 3723 3480 3776 sine
3511 3722 3797 3779 formidine

2223 3814 2336 3868 suis
2363 3811 2744 3882 voluptatibus,
2785 3820 2842 3866 et
2870 3810 3163 3867 mortiferis
3189 3811 3556 3868 voluntatibus
3595 3815 3796 3884 passim

2224 3903 2534 3962 deserviunt
2579 3918 2789 3960 omnes.
2819 3902 2931 3959 Cur
2978 3918 3109 3960 vero
3157 3903 3244 3959 lex
3282 3903 3656 3961 ecclesiastica
3693 3915 3798 3963 tam

2225 3997 2644 4068 nullipendatur,
2685 3996 2772 4052 lex
2805 3997 3076 4052 mundana
3106 4011 3204 4052 cur
3231 4004 3338 4052 tam
3363 3996 3643 4064 timeatur,
3673 3997 3804 4055 levis

539 4091 668 4146 facit
693 4109 708 4144 :
738 4090 827 4145 vel
861 4099 1012 4144 certe
1041 4098 1242 4143 terram
1263 4101 1386 4142 eum
1417 4084 1664 4157 germine
1686 4084 1933 4146 devorat,
1965 4082 2117 4144 dum,
2145 4083 2192 4142 C
2223 4091 2506 4162 responsio
2531 4097 2615 4146 εει
2641 4106 2657 4144 ς
2688 4089 2816 4161 quia
2838 4088 3090 4145 videlicet
3107 4088 3286 4159 magis
3326 4087 3522 4144 timent
3557 4090 3804 4146 homines

537 4191 599 4236 ut
649 4181 789 4235 alius
835 4179 1000 4244 dicit,
1052 4179 1119 4233 ad
1164 4178 1521 4249 perditionem
1559 4175 1742 4230 omnia
1786 4186 2120 4244 qtuccunque

537 4272 650 4343 egit
673 4271 815 4327 bona
845 4271 915 4325 ita
943 4269 1212 4339 perducit,
1240 4278 1299 4323 ut
1333 4268 1468 4322 nibil
1489 4267 1536 4322 ci
1561 4266 1754 4338 prosit,
1778 4266 1821 4320 si
1842 4265 1971 4335 quid
1994 4261 2119 4317 boni

539 4361 831 4432 aliquando
853 4359 1020 4428 fecit;
1063 4359 1205 4431 quod
1245 4368 1423 4414 tamen
1449 4359 1515 4415 de
1538 4358 1626 4413 illa
1651 4357 1855 4414 dictum
1884 4355 2123 4410 libidinis

541 4451 779 4507 arbitror
801 4452 1209 4522 perseverantia
1233 4491 1249 4517 ,
1295 4450 1362 4504 de
1411 4463 1517 4520 qua
1549 4448 1989 4520 Computruerunt
2025 4445 2120 4515 ju-

541 4555 716 4598 menta
743 4545 798 4599 in
823 4554 1048 4600 stercore
1076 4561 1171 4598 suo
1196 4543 1249 4615 (1
1257 4542 1336 4598 oel
1367 4558 1406 4609 t,
1423 4540 1865 4614 l7),prophetica
1887 4549 2124 4607 conque-

541 4638 709 4694 rendo
758 4637 954 4694 fatetur
985 4639 1126 4694 Deus
1159 4638 1274 4707 ipse
1324 4635 1556 4707 loquela.
1590 4634 1656 4690 Et
1709 4631 1974 4688 montium
2000 4669 2015 4694 ,
2069 4627 2124 4683 id

540 4737 623 4783 est
649 4731 958 4798 pratsnlum,
988 4728 1336 4782 fundamenta
1365 4727 1545 4799 (Deut.
1577 4741 1750 4789 χχχιι,
1779 4723 1872 4790 22)
1897 4763 1911 4787 ,
1941 4721 2122 4784 idest,

542 4818 658 4890 ipsa
690 4820 844 4874 initia
870 4820 1108 4879 discendi
1150 4819 1323 4889 legem
1353 4819 1448 4874 Dei
1491 4834 1587 4889 per
1633 4815 1947 4887 pestiferam
1977 4829 2124 4868 com-

620 4989 761 5062 (809)
801 4989 1066 5062 Construe
1099 5007 1114 5044 :
1157 4987 1393 5062 Lectoris
1422 4989 1691 5062 perpensio
1731 4989 1816 5062 hic
1848 4988 2120 5062 advertat,

544 5058 635 5114 me
672 5058 773 5113 non
818 5060 1038 5130 quivisse
1084 5060 1335 5130 invenire
1367 5058 1858 5130 meapdmirationi
1909 5073 1971 5109 ac
2008 5064 2123 5108 stu-

545 5126 857 5184 diosissima:
892 5130 1220 5199 indagationi
1261 5127 1425 5180 ullam
1456 5126 1618 5179 aliam
1649 5143 1859 5199 causam
1891 5135 1996 5199 tam
2038 5141 2125 5195 ge-

547 5199 763 5278 ngratis,
783 5200 910 5264 proh
936 5197 1118 5278 dolor!
1155 5206 1486 5278 contemptus
1508 5211 1765 5248 canonum
1803 5197 2122 5259 divinorum,

2222 4185 2473 4240 amittere
2512 4183 2836 4254 pecuniam,
2879 4197 3042 4252 quam
3092 4182 3319 4250 perdere
3365 4181 3638 4248 animam;
3686 4182 3808 4252 plus

2220 4285 2478 4330 verentur
2527 4288 2744 4346 pinnam
2799 4272 3190 4344 temporalem,
3257 4287 3422 4342 quam
3484 4279 3802 4345 perpetuam

2223 4366 2651 4420 damnationem.

2291 4457 2348 4511 2.
2384 4455 2602 4523 Quaerat
2643 4463 2699 4510 et
2754 4453 2952 4525 aliquis
2995 4467 3094 4508 cur
3139 4466 3253 4522 pra:
3299 4451 3513 4507 czeteris
3559 4452 3806 4522 gentibus

2222 4547 2492 4618 baptismo
2521 4547 2747 4610 renatis,
2777 4551 3177 4614 contemptores
3219 4542 3496 4598 cauouicse
3544 4542 3714 4614 legis,
3753 4550 3806 4596 et

2221 4640 2575 4710 vilipensores
2619 4638 2940 4694 clericorum
2989 4635 3097 4691 sint
3130 4634 3305 4703 magis
3344 4633 3536 4688 ltalici.
3585 4634 3700 4689 Hoc
3729 4634 3805 4687 fa-

2227 4741 2342 4788 teor
2377 4746 2540 4787 causa
2566 4730 2814 4800 superius
2845 4727 3036 4784 relata.
3075 4725 3342 4793 Quoniam
3371 4726 3592 4797 quidem
3622 4726 3801 4781 libidio

2224 4823 2466 4879 nosiorcs
2509 4837 2605 4878 eos
2635 4820 2820 4891 (8l0),
2871 4827 2928 4874 et
2976 4818 3375 4890 pigmentorum
3406 4832 3660 4872 venerem
3705 4832 3804 4870 ιιιιο

2227 4983 2382 5050 ferre.
2408 4981 2465 5036 lu
2489 4980 2838 5050 sequentibus
2862 4979 3064 5050 aliquid
3091 4989 3404 5050 corruptum
3432 4979 3517 5034 vel
3557 4981 3796 5035 luxatum

2224 5041 2375 5116 latet,
2402 5053 2506 5106 nisi
2536 5041 2614 5106 sic
2655 5052 2868 5121 placeat
2900 5041 3150 5121 supplere
3189 5041 3351 5118 atque
3375 5052 3650 5121 corrigere
3677 5050 3796 5121 εῖτ-ει

2225 5133 2360 5178 certe
2384 5123 2528 5190 (cum
2579 5118 2841 5192 germine)
2869 5118 3144 5192 cujuslibet
3183 5121 3381 5192 miseri,
3406 5118 3548 5192 dum
3586 5120 3794 5174 combu-

2226 5188 2542 5247 rendo'illud
2563 5188 2960 5274 .temporaliter.
2983 5188 3111 5259 facit
3156 5190 3256 5243 sibi
3298 5191 3525 5272 redita!!!
3547 5235 3562 5255 ,
3599 5202 3667 5272 tut
3694 5205 3793 5243 non
