4032 5354
203 256 324 310 517

1150 220 1238 311 ne
1276 253 1692 310 commune
1735 250 2094 311 CANONUM.
2135 281 2202 298 -.
2240 251 2420 308 PARS
2457 252 2522 308 u.

3393 262 3498 317 5l8
3537 273 3540 276 ’

199 369 496 423 trienlium
524 366 860 438 frequentior
879 383 1029 432 usus,
1059 375 1115 422 et
1143 367 1253 422 vini
1281 368 1535 423 continua
1567 366 1797 435 potatio,
1830 370 1876 426 Α
1903 373 2088 434 aperta
2125 365 2232 419 sint
2269 364 2436 418 oculis
2461 365 2577 434 ejus
2597 405 2612 430 ,
2647 367 2716 419 ad
2741 383 2889 438 quem
2921 369 3070 425 nobis
3096 387 3268 428 sermo
3303 374 3494 446 (Hebr.

198 471 259 512 et
315 459 685 530 negligentior
736 458 1020 528 disciplina
1070 456 1200 514 facit
1252 457 1403 528 (811)
1451 457 1732 512 doctorum
1783 475 1796 510 :

199 552 359 604 unde
390 552 457 604 ad
492 560 696 605 tantam
741 549 1093 614 consuetudo,
1121 556 1175 604 et
1208 547 1476 617 majorum
1500 564 1594 604 eos
1616 562 1802 602 exem—

196 641 291 710 pla
325 639 443 709 jam
492 640 621 694 olim
663 639 994 709 impulerunt
1050 639 1462 704 impudentiam,
1496 646 1556 692 ut
1598 637 1800 693 solum-

137 720 140 721 ν
200 731 376 786 modo
402 731 550 803 (812)
589 731 910 796 harbirasio,
941 741 997 787 et
1038 730 1260 786 verticis
1305 745 1428 785 cum
1466 730 1801 800 aliquantula

199 823 446 876 vestium
487 822 927 878 dissimilitudine
980 823 1140 886 nudo,
1175 831 1231 878 et
1282 823 1425 893 quod
1465 823 1519 876 in
1570 822 1800 878 ecclesia

197 927 331 966 cum
363 913 688 983 negligentia
717 922 884 985 agunt
919 929 1024 969 non
1074 930 1272 985 parva,
1303 914 1446 969 unde
1494 898 1673 970 tamen
1724 913 1802 968 af-

202 1001 417 1058 fectant
471 1005 645 1076 magis
697 1005 908 1075 placere
957 1005 1156 1060 mundo
1205 1019 1368 1074 quam
1419 1004 1567 1068 Deo,
1618 1019 1648 1058 a
1694 1005 1800 1058 ritu

201 1095 416 1150 distare
437 1113 533 1151 eos
564 1097 747 1152 videas
794 1097 948 1151 laico.
985 1096 1114 1151 Inde
1143 1113 1253 1166 pra:
1292 1111 1370 1161 sc,
1403 1096 1576 1151 fateor
1623 1097 1797 1168 (815),

200 1181 278 1236 illi
315 1199 416 1238 eos
438 1194 827 1251 contemnunt,
872 1195 926 1240 et
951 1185 1338 1250 exsecrationi,
1361 1195 1419 1238 ut
1446 1185 1664 1255 dignum
1687 1195 1793 1252 est,

199 1271 436 1327 habent.
477 1273 569 1329 Sic
598 1275 740 1328 enim
773 1275 853 1330 eis
882 1275 1133 1345 promisnt
1162 1275 1215 1329 in
1264 1289 1496 1344 persona
1539 1275 1621 1329 sui
1651 1276 1800 1330 ordi-

197 1361 307 1427 nis,
344 1361 462 1418 lleli
495 1364 680 1432 utique
727 1364 959 1420 filiorum
990 1364 1269 1420 detestans
1313 1363 1679 1429 insolentiam,
1707 1365 1800 1434 qui

198 1456 344 1511 dixit
383 1475 395 1509 :
449 1456 757 1527 Quicunque
802 1456 1226 1524 Itonoriﬁcavcrit
1273 1472 1394 1521 me,
1444 1455 1800 1524 honoriﬁcabo

197 1563 358 1612 eum;
398 1549 491 1618 qui
537 1558 710 1601 autent
757 1556 1091 1601 contemnunt
1123 1563 1236 1614 me,
1285 1555 1437 1601 erunt
1472 1547 1720 1617 ignobiles
1747 1545 1799 1618 (Ι

203 1638 334 1709 Reg.
363 1656 430 1704 ιι,
464 1640 576 1710 50).
608 1637 713 1695 Per
739 1637 1059 1693 Malachiam
1090 1652 1305 1707 quoque
1333 1653 1458 1692 cum
1492 1639 1561 1692 de
1614 1636 1800 1707 probis

1906 470 1981 517 iv,
2021 455 2142 524 t5),
2168 455 2220 509 id
2249 463 2356 521 est,
2384 454 2470 508 cui
2516 454 2810 526 loquuntur
2853 457 2963 527 ipsa
3007 460 3170 515 etiam
3192 477 3313 531 qua:
3350 466 3500 534 cogi-

1906 554 2104 610 tzunus,
2130 546 2328 599 nedum
2363 545 2566 601 lateant
2615 561 2735 616 quae
2764 559 3144 617 perpetramus
3177 569 3190 605 :
3221 553 3325 609 hoc
3377 555 3497 625 ipso

1907 636 2118 690 letifero
2147 636 2271 707 igne
2302 638 2372 690 ita
2404 653 2724 694 succensum
2745 679 2759 703 ,
2799 647 2858 693 ut
2883 640 3204 698 illecebroso
3241 643 3497 699 libidino-

1905 725 2153 781 sissimus
2182 735 2330 781 tactu
2364 729 2592 797 pruritui
2645 728 3078 800 subscalpentem
3119 734 3384 788 concitari
3440 735 3496 791 in

1905 818 2105 873 suimet
2137 818 2416 872 interitum
2451 819 2675 883 fecerit,
2708 821 2826 876 vice
2866 823 3139 890 reciproca
3169 825 3497 896 voluptatem

1904 909 2121 968 obsceni
2147 907 2322 963 fluxus
2359 911 2426 964 ad
2481 926 2749 980 unguem;
2795 912 2974 966 minus
3002 914 3217 983 quidem
3269 918 3501 989 turpiter

1903 1013 2065 1067 quant
2095 997 2206 1062 alii,
2235 998 2282 1052 si
2319 1006 2498 1053 tamen
2529 999 2580 1052 in
2629 1002 2965 1070 turpitudine
3004 1003 3095 1057 tali
3136 1004 3340 1074 aliquid
3370 1021 3495 1077 pos-

1903 1089 1995 1152 sit,
2025 1089 2170 1170 quod
2219 1104 2326 1142 non
2367 1089 2439 1143 sit
2476 1091 2872 1160 turpissimum,
2902 1093 3028 1147 dici.
3065 1093 3202 1160 Quid
3236 1096 3325 1150 tali
3371 1097 3494 1164 fuit,

1903 1195 2126 1250 quaeso,
2188 1181 2476 1236 matutinis
2530 1182 2638 1236 illis
2677 1183 2942 1240 laudibus
2994 1185 3336 1252 interfuisse,
3391 1189 3496 1243 nisi

1903 1272 2197 1342 publicatio
2228 1273 2540 1328 rebellionis
2579 1282 2769 1328 contra
2814 1275 3017 1354 Deum,
3070 1279 3353 1348 perspicue
3380 1296 3498 1334 ser-

1903 1362 2037 1416 vitio
2073 1362 2216 1432 quod
2261 1361 2465 1418 fecerat
2510 1362 2721 1416 Domini
2769 1363 3044 1420 incassum
3080 1367 3348 1422 radente?
3387 1368 3498 1422 Me-

1903 1451 2006 1507 lius
2064 1453 2573 1522 incomparabiliter
2607 1469 2738 1508 sane
2792 1454 2967 1510 fuerat
2992 1457 3039 1510 ei
3073 1459 3358 1514 matutinis
3395 1476 3494 1514 ue-

1903 1543 2094 1614 glectis
2165 1544 2477 1607 dormisse,
2535 1559 2700 1614 quam
2758 1555 2966 1600 tantum
3021 1547 3219 1601 malum
3285 1549 3494 1604 eisdem

1904 1631 2140 1700 peractis
2196 1631 2408 1687 fecisse.
2447 1631 2504 1687 lu
2563 1642 2773 1687 tantum
2823 1635 2972 1689 enim
3000 1675 3016 1700 ,
3049 1645 3190 1691 teste
3231 1636 3496 1710 Gregorio

199 1730 595 1798 puemisissct:
632 1729 798 1783 Labiu
839 1729 1127 1783 sacerdotis
1167 1727 1459 1782 custodient
1503 1729 1798 1793 scientiam,
1833 1735 1874 1792 Β
1906 1723 2125 1790 (Moral.
2151 1725 2204 1776 in
2224 1723 2344 1777 Job.
2380 1724 2414 1776 Ι.
2449 1739 2484 1788 ι,
2510 1740 2628 1794 cap.
2657 1725 2691 1779 5
2723 1734 2779 1780 et
2813 1725 2867 1779 in
2899 1727 2991 1795 7),
3043 1728 3332 1797 displicent
3383 1731 3496 1784 Deo

195 1833 244 1876 et
272 1823 442 1892 legem
478 1824 737 1894 requirent
770 1840 834 1877 ea:
863 1839 953 1876 ore
1003 1823 1138 1892 ejus,
1185 1823 1310 1884 quia
1348 1821 1566 1892 angelus
1606 1824 1798 1876 exerci-

197 1923 351 1966 tuum
396 1913 610 1967 Domini
644 1923 719 1966 est
774 1912 996 1983 (Malae.
1028 1927 1088 1976 ιι,
1133 1911 1222 1981 Ἱ);
1258 1911 1324 1965 de
1371 1910 1619 1980 rcprobis
1669 1910 1799 1980 quid

198 2004 346 2057 dicat
387 2005 678 2058 videndum
717 2018 733 2057 :
779 2001 879 2056 Vos
908 2013 1106 2067 autem,
1135 2003 1231 2067 ait,
1263 2002 1547 2056 recessistis
1589 2002 1654 2056 de
1691 2002 1798 2067 uia,

198 2103 242 2145 et
279 2093 661 2147 sundulisastis
691 2092 947 2163 plurimos
978 2092 1032 2146 in
1060 2091 1188 2160 lege.
1220 2089 1440 2143 [irritum
1471 2090 1673 2160 fecistis
1703 2107 1799 2160 pa-

198 2192 338 2236 ctum
374 2182 541 2246 Levi;
581 2193 795 2253 propter
837 2181 977 2254 quod
1006 2191 1054 2235 et
1083 2198 1178 2251 ego
1221 2181 1344 2234 dedi
1371 2196 1456 2234 eos
1495 2182 1799 2251 contempti-

199 2272 324 2326 biles
357 2275 599 2327 omnibus
643 2273 850 2342 populis
878 2271 1068 2344 (Ibid.,
1100 2270 1176 2343 8).
1205 2271 1270 2326 Et
1313 2288 1410 2342 per
1443 2272 1609 2327 alium
1640 2291 1652 2326 :
1685 2273 1798 2342 Ipsi

199 2381 278 2418 me
306 2375 716 2432 prouocauerunt
750 2365 802 2417 in
825 2379 884 2417 eo
909 2362 999 2432 qui
1020 2379 1123 2416 non
1152 2373 1263 2416 erat
1295 2362 1459 2428 Deus,
1484 2374 1532 2418 et
1557 2364 1796 2417 irritave-

200 2466 319 2507 runt
362 2456 418 2507 in
448 2455 769 2508 vanitatibus
819 2454 949 2508 suis.
985 2453 1050 2506 Et
1085 2469 1178 2523 ego
1208 2454 1498 2522 provocabo
1526 2469 1612 2508 eos
1642 2455 1698 2507 in
1737 2471 1796 2507 eo

201 2547 287 2615 qui
315 2563 424 2600 non
454 2558 528 2600 est
579 2545 826 2616 populus,
857 2555 904 2601 et
946 2545 998 2598 in
1042 2555 1190 2614 gente
1218 2543 1384 2598 stulta
1419 2545 1639 2598 irritabo
1679 2545 1797 2600 illos

202 2636 385 2707 (Deut.
436 2638 752 2708 xxxu,21).
803 2636 1104 2707 Subditque
1153 2635 1298 2689 illam
1347 2635 1661 2704 pessimam,
1710 2637 1797 2690 hic

203 2735 409 2779 tactam
436 2742 540 2779 non
566 2726 753 2792 semel,
779 2726 919 2780 unde
941 2726 1120 2781 omnia
1150 2726 1251 2780 ista
1279 2725 1626 2795 prodirejam
1654 2726 1796 2782 dixi—

205 2832 323 2870 mus
346 2817 510 2880 mala,
541 2817 753 2872 scilicet
782 2827 984 2872 sortem
1016 2834 1028 2869 :
1065 2815 1239 2886 Ignis,
1266 2816 1358 2884 qui
1404 2816 1592 2885 utique
1622 2816 1798 2871 libidi-

205 2909 285 2960 nis
328 2924 456 2964 esse
488 2924 594 2963 non
640 2909 942 2979 ignoratur,
986 2925 1267 2962 succensus
1295 2909 1347 2960 in
1375 2907 1555 2977 furore
1584 2924 1716 2973 meo,
1747 2923 1796 2963 et

203 3002 406 3055 ardebit
439 3021 596 3073 usque
626 3003 696 3056 ad
731 3003 928 3072 inferni
962 3002 1274 3066 novissima;
1299 3001 1664 3072 devorabitque
1692 3011 1797 3056 ter-

1905 1816 2074 1880 mala,
2101 1816 2323 1869 utnulla
2349 1817 2598 1886 placeant
2626 1817 2675 1872 ei
2706 1818 2863 1872 mista
2896 1819 3052 1873 malis
3083 1822 3240 1882 bona.
3285 1821 3491 1878 Nedum

1904 1920 2002 1958 nos
2031 1913 2284 1974 putemus
2315 1906 2697 1960 seductissima
2729 1905 2791 1978 [Ῑ.
2838 1908 3239 1981 seductissime]
3280 1909 3497 1980 placere

1901 2010 1962 2052 ea
1993 1996 2064 2050 Itli
2105 1996 2266 2063 bona,
2300 2012 2421 2067 qua:
2450 1997 2715 2052 malormu
2749 2000 3092 2068 sequentium
3123 2000 3496 2056 vicissitudine

1904 2088 2102 2143 fuerint
2127 2078 2475 2160 compensate
2505 2107 2518 2143 :
2558 2088 2937 2145 Vestimentum
2961 2092 3133 2158 enim,
3170 2092 3266 2157 ait,
3281 2092 3494 2147 mistum

1901 2181 2154 2249 sanguine
2184 2181 2278 2234 erit
2302 2181 2355 2233 in
2377 2181 2803 2246 combustionem,
2828 2192 2877 2235 et
2906 2184 3052 2236 cibus
3077 2184 3214 2252 ignis
3252 2183 3386 2252 (lsa.
3415 2201 3491 2248 ix,

1900 2272 1976 2342 5).
2003 2271 2154 2326 Alius
2180 2272 2308 2324 item
2338 2288 2351 2324 τ
2384 2269 2621 2324 Gloriam
2650 2287 2831 2325 eorum
2871 2273 2926 2326 in
2962 2274 3306 2343 ignominiam
3352 2291 3495 2328 cont-

1900 2365 2112 2418 mutabo
2160 2365 2316 2435 (Osee
2357 2381 2432 2428 Iv,
2459 2365 2535 2434 7).
2566 2364 2649 2430 Et,
2689 2379 2756 2418 ne
2787 2366 2852 2420 de
2883 2366 3080 2434 quibus
3125 2365 3290 2433 dicat,
3325 2366 3487 2422 haesi-

1882 2465 2023 2541 -tes.,
2084 2456 2264 2511 subdit
2305 2473 2317 2508 :
2359 2455 2583 2509 Peccata
2611 2455 2790 2525 populi
2833 2457 2933 2510 mei
2981 2456 3270 2518 comedent,
3325 2466 3372 2510 et
3410 2459 3481 2511 ad

1898 2548 2223 2618 iniquitatem
2283 2565 2462 2602 eorum
2513 2546 2850 2600 sublevabunt
2901 2549 3110 2602 animas
3162 2565 3364 2603 eorum.
3417 2547 3492 2603 Et

1898 2642 1993 2694 erit
2022 2644 2157 2696 sicut
2186 2641 2428 2711 populus,
2447 2641 2520 2693 sic
2547 2640 2809 2694 sacerdos.
2850 2638 2918 2692 Et
2953 2640 3171 2696 uisitabo
3191 2657 3348 2711 super
3367 2658 3488 2696 eum

1899 2734 2005 2786 rias
2031 2733 2228 2802 cjus,ct
2249 2733 2589 2802 cogitationes
2612 2731 2725 2800 ejus
2753 2732 2971 2786 reddant
2997 2733 3066 2786 ei.
3099 2729 3167 2785 Et
3199 2733 3489 2798 comedent,

1898 2833 1946 2878 et
1992 2841 2095 2878 non
2123 2823 2541 2886 sa:urabuntur;
2581 2823 2833 2892 fornicati
2866 2832 2988 2878 sunt
3035 2832 3082 2878 et
3125 2841 3227 2878 non
3261 2840 3494 2879 cessare-

1901 2924 2058 2979 runt;
2091 2914 2344 2984 quoniam
2385 2913 2668 2967 Dominum
2720 2912 3040 2985 reliquerunt
3083 2915 3139 2968 in
3188 2931 3289 2968 non
3318 2925 3494 2969 custo-

1898 3007 2110 3061 diendo.
2143 3005 2454 3060 Fornicatio
2487 3006 2630 3060 enim
2648 3045 2662 3069 ,
2690 3015 2739 3060 et
2766 3007 2962 3071 riuum,
2989 3016 3038 3060 et
3066 3006 3308 3072 ebrietas,
3339 3008 3492 3075 aufr-

205 3110 312 3146 ram
339 3111 461 3147 cum
484 3095 714 3165 germine
741 3111 870 3157 suo;
895 3103 943 3148 et
964 3094 1218 3147 montium
1241 3091 1587 3161 fundamenta
1605 3091 1792 3162 (Ibid.,
1825 3087 1869 3148 C
1905 3109 2024 3152 runt
2064 3115 2154 3152 cor
2183 3097 2371 3170 (Ibid.,
2399 3098 2476 3167 8),
2510 3097 2562 3151 id
2591 3105 2674 3152 est
2705 3099 2979 3168 perimunt
3011 3097 3295 3154 rationem.
3325 3097 3486 3152 Item-

203 3182 326 3253 22),
345 3186 401 3240 id
437 3195 538 3250 est,
557 3185 984 3240 Christianitatis
1021 3183 1192 3247 initia,
1220 3183 1496 3252 apostasia
1518 3183 1685 3255 368
1709 3199 1796 3240 sc-

205 3288 419 3345 qnente,
455 3279 740 3332 comburet.
774 3278 926 3331 Nunc
949 3278 1092 3330 enim
1120 3276 1344 3330 evidens
1371 3275 1494 3330 talis
1518 3285 1603 3330 est
1630 3291 1660 3330 a
1682 3278 1794 3332 Deo

205 3377 250 3420 et
269 3368 371 3422 lide
404 3377 656 3438 percepta
687 3367 1081 3429 recessio,cum
1098 3365 1221 3434 quis
1242 3374 1512 3433 praesente
1539 3365 1657 3434 ipso
1684 3381 1790 3421 non

207 3462 358 3538 timet.
383 3461 509 3517 talia
557 3471 744 3517 contra
796 3461 943 3514 illum
996 3459 1359 3522 committere,
1402 3474 1521 3528 qua:
1564 3458 1652 3514 ille
1691 3459 1794 3514 mi-

208 3559 358 3604 natur
410 3549 838 3619 incxstinguibili
866 3549 1241 3603 combustione
1286 3548 1682 3602 vindicaturum
1733 3563 1792 3605 se

208 3639 440 3694 itatcnus
466 3639 599 3704 fore,
633 3647 692 3692 ut
735 3638 866 3692 nihil
893 3639 943 3693 ei
972 3639 1119 3700 boni,
1154 3638 1296 3708 quod
1321 3637 1490 3709 gessit
1517 3653 1689 3708 usque
1721 3638 1790 3693 ad

207 3730 372 3796 ipsum
427 3731 569 3799 quod
622 3729 862 3800 percepit
910 3729 1218 3798 baptisma,
1269 3728 1443 3797 possit
1489 3728 1788 3798 prodesse,

205 3824 435 3877 nissime
481 3823 526 3876 si
561 3836 669 3877 non
719 3820 942 3878 inscius.
976 3819 1072 3875 sed
1121 3818 1460 3875 certissimus
1503 3818 1558 3873 id
1596 3819 1791 3874 actitat

207 3912 452 3984 quisque.

270 4001 322 4054 5.
367 4001 541 4057 Didici
571 4017 719 4065 nam,
747 4002 884 4071 proh
917 4000 1071 4056 dolor
1097 4001 1110 4054 ι
1141 3998 1296 4071 (814)
1327 4000 1614 4069 quemdam
1643 3999 1790 4072 [aliis

207 4091 386 4146 eodem
416 4092 686 4161 ipsissimo
714 4089 1004 4162 referente]
1019 4089 1161 4160 quod
1188 4088 1300 4145 fere
1321 4089 1438 4160 ipsa
1467 4090 1786 4162 eademque,

209 4201 304 4253 qua
335 4185 676 4240 miserrimus
708 4183 850 4238 idem
888 4191 1206 4238 cantaverat
1261 4183 1416 4249 hora,
1451 4198 1574 4239 cum
1623 4199 1786 4240 reco-

210 4275 332 4331 leret
376 4293 594 4348 quoque
642 4277 698 4330 in
744 4275 846 4331 Job
895 4276 1165 4330 historia:
1201 4275 1349 4346 Ignis
1397 4285 1475 4330 est
1524 4293 1686 4347 usque
1715 4277 1786 4331 ad

209 4369 541 4435 perditionem
571 4369 827 4422 devorans
851 4367 972 4440 (Job
1013 4383 1163 4431 xxxi,
1205 4367 1329 4439 12),
1361 4383 1539 4438 neque
1565 4367 1787 4438 ignarus

210 4460 552 4529 expositionis
618 4457 802 4524 foret;
864 4458 1137 4530 prolatum
1201 4459 1560 4515 reminiscens
1618 4460 1785 4516 etiam

212 4549 399 4608 dixisse
436 4554 502 4610 de
553 4553 665 4609 Deo
719 4552 1038 4624 Apostolum
1069 4569 1081 4607 :
1111 4551 1265 4619 Quod
1312 4553 1490 4608 omnia
1543 4555 1687 4609 nuda
1738 4563 1787 4609 et

215 4720 326 4760 enim
371 4707 466 4763 lib.
522 4723 563 4762 ιι
642 4705 1093 4762 Cansnetudinum
1153 4706 1601 4762 Cluniacensium.
1659 4708 1789 4764 Vide

212 4775 477 4860 Canginm.
531 4777 827 4860 Ratlterius
872 4778 966 4832 lib.
1016 4777 1498 4860 t_f’rwloquioru_m
1545 4778 1782 4860 num-:9,

215 4848 442 4966 potiones
483 4865 514 4903 a
562 4847 786 4902 medicis
837 4847 1184 4918 praescriptas
1220 4847 1486 4918 pigmenta
1533 4849 1786 4918 appellat.

239 4915 305 4966 lic
331 4931 506 4966 autem
551 4919 813 4966 niamenta
845 4935 1076 4966 uenerem
1128 4921 1414 4966 nutrientia
1453 4927 1580 4966 sunt
1611 4919 1786 4966 notio—

239 4915 305 4970 lic
331 4931 506 4974 autem
551 4919 813 4989 pigmenta
837 4915 1077 4973 uenerem
1128 4915 1414 4989 ntttrientia
1453 4915 1583 4989 sunt
1606 4915 1787 4985 potio-

220 5001 324 5051 nes,
356 4990 436 5042 vel
470 4987 637 5043 etiam
660 4987 763 5041 cibi
790 4990 1123 5043 aromatibns
1177 4988 1358 5041 infarti
1393 4997 1448 5042 et
1476 4988 1781 5043 calidiores.

217 5055 455 5114 Italorum
484 5059 801 5129 Ratheriani
846 5060 945 5114 :evi
982 5058 1312 5129 prtecipuum
1343 5058 1614 5129 rvitiumgin
1659 5060 1782 5129 cibo

219 5134 399 5248 Et-potu
422 5129 666 5253 deplprat
685 5128 846 5183 etiam
871 5127 1082 5185 coaivus
1103 5128 1444 5200 panegyrista
1464 5131 1516 5182 in
1535 5127 1785 5183 laudibus

255 5212 512 5253 erenaarn
591 5216 604 5252 ε

255 5212 512 5270 erengarn
541 5212 562 5253 ι
591 5216 604 5252 :

445 5301 487 5338 n
513 5299 620 5338 Itali
642 5304 798 5338 mlius
817 5303 949 5338 vnhia
972 5312 1109 5338 capra
1131 5299 1297 5338 mnia
1317 5301 1447 5338 mni!

1897 3202 2040 3258 que:
2067 3187 2190 3243 Non
2219 3188 2454 3241 libabant
2487 3187 2709 3242 Domino
2743 3189 2942 3253 uinum,
2987 3197 3035 3242 et
3067 3205 3171 3243 non
3211 3188 3490 3259 placebunt

1893 3279 1959 3332 ei.
2015 3279 2292 3347 Sacriﬁcia
2343 3295 2520 3332 eorum
2565 3279 2719 3349 quasi
2753 3280 2906 3347 panis
2951 3279 3274 3350 lugentium;
3304 3295 3486 3334 omnes

1893 3371 1983 3440 qui
2036 3372 2305 3425 comedent
2361 3387 2517 3434 cum,
2571 3370 3107 3434 contaminabun.‘ur;
3161 3371 3287 3439 quia
3335 3370 3489 3439 panis

1893 3479 2072 3516 eorum
2102 3464 2294 3516 anima:
2316 3463 2545 3530 ipsorum
2585 3460 2742 3531 (Osee
2764 3477 2848 3523 Ix,
2889 3461 2968 3528 ιί).
2999 3459 3372 3515 Formidolosa
3399 3461 3486 3514 ni-

1893 3551 2061 3605 mium
2089 3551 2254 3622 369
2275 3551 2508 3604 sententi
2529 3571 2538 3599 l
2560 3551 2572 3602 !
2608 3549 2714 3604 Sed
2746 3551 2790 3604 si
2813 3551 2933 3619 quis
2955 3550 3247 3605 contendat
3270 3549 3487 3606 ειυιίωο-

1896 3657 2014 3695 rum
2045 3640 2416 3694 sacerdotibus
2445 3640 2559 3693 haec
2584 3639 2921 3693 solummodo
2955 3639 3268 3704 convenire,
3298 3640 3487 3695 audiat

1893 3729 1992 3784 sibi
2027 3737 2413 3799 repugnantem
2437 3726 2753 3797 Apostolum
2780 3727 2854 3781 ita
2880 3744 2894 3781 :
2925 3725 3264 3797 Quwcunque
3287 3729 3487 3797 scripta

1892 3829 2033 3883 sunt,
2057 3819 2126 3872 ad
2152 3828 2385 3872 nostram
2401 3817 2696 3871 doctrinam
2719 3818 2914 3886 scripta
2940 3825 3060 3871 sunt
3085 3815 3258 3887 (Rom.
3288 3831 3379 3882 xv,
3402 3817 3485 3885 8).

1894 3911 2117 3964 Dicente
2172 3923 2304 3964 vero
2329 3907 2398 3962 de
2421 3906 2622 3963 talibus
2650 3907 2838 3963 eodem
2861 3905 3150 3976 Apostolo:
3211 3905 3491 3974 Quomodo

1891 3999 2278 4070 prwdicabunt,
2328 3999 2432 4053 nisi
2491 3999 2770 4052 mittantur
2822 3997 2977 4069 (Rom
3005 4015 3060 4063 κ,
3105 3997 3224 4069 15);
3258 3997 3304 4052 si
3330 3998 3485 4053 missi

1893 4092 2138 4158 fuissent,
2175 4100 2230 4147 et
2276 4105 2382 4146 non
2435 4091 2615 4162 potius
2641 4091 2913 4160 permissi,
2942 4091 2993 4145 id
3019 4099 3123 4154 est,
3151 4090 3198 4145 si
3231 4089 3485 4162 lega'iter

1891 4186 2178 4256 assumpti,
2222 4183 2399 4247 electi,
2447 4183 2706 4250 ordinati,
2763 4190 2820 4238 et
2843 4183 2984 4252 quod
3019 4182 3122 4236 sibi
3148 4189 3496 4252 competeret

1890 4285 2152 4348 agerent;
2185 4291 2290 4331 non
2331 4273 2505 4330 solum
2532 4289 2632 4345 pro
2661 4273 2766 4338 sui,
2798 4272 2894 4328 sed
2921 4273 3084 4328 etiam
3113 4272 3486 4328 innumerabi-

1891 4371 2018 4424 lium
2031 4368 2200 4423 salute
2213 4382 2468 4423 coronam
2481 4376 2798 4437 perpetuam
2826 4379 2971 4420 mere
2980 4377 3168 4420 rentur
3186 4381 3200 4420 :
3235 4372 3295 4419 ut
3321 4377 3486 4418 econ-

1813 4440 1864 4500 D
1894 4470 1975 4513 tra
2006 4449 2151 4514 nunc
2177 4457 2430 4531 [subaudi
2465 4455 2767 4529 merentur]
2811 4455 3161 4527 ignominiam
3193 4455 3482 4524 sempiter-

1892 4567 2039 4617 nam,
2064 4566 2188 4605 cum
2219 4564 2384 4610 usura
2415 4563 2634 4619 quouue
2664 4545 3088 4602 indelicientium
3124 4544 3338 4615 lugendi
3370 4556 3486 4612 pte-

1893 4706 2084 4784 idnest.
2105 4704 2482 4784 totasuperior
2507 4703 2860 4784 parscapitis
2881 4717 3027 4784 rasa,
3052 4716 3214 4784 quam
3245 4715 3297 4755 in
3325 4707 3484 4782 parte

1895 4776 2075 4830 infima
2116 4771 2432 4844 capillorum
2475 4771 2694 4844 circulis
2722 4771 2814 4828 seu
2847 4771 3116 4844 clericalis
3142 4785 3344 4844 corona
3371 4771 3480 4824 cir-

1893 4841 2290 4914 cumciugchat.
2321 4844 2416 4898 His
2443 4842 2638 4914 similia
2687 4844 2831 4914 leges
2863 4843 2956 4914 lib.
2984 4859 3016 4897 ν
3048 4841 3477 4910 Prmloquiorum

1892 4932 2040 4970 num.
2078 4913 2144 4970 18
2170 4934 2182 4968 :
2213 4914 2412 4968 Relicto
2445 4913 2570 4975 ritu,
2623 4913 2790 4979 cultu,
2823 4913 3003 4966 habitu
3040 4928 3244 4983 quoque
3277 4919 3480 4983 nostro,

1890 4988 2054 5055 ipsius
2103 4986 2287 5040 mundi
2336 4984 2710 5038 consuetudine
2752 4995 2905 5053 atque
2951 4981 3170 5055 studiis,
3201 4981 3483 5055 amictibus

1887 5051 2044 5109 etiam
2074 5056 2129 5109 in
2155 5066 2356 5109 tantum
2405 5055 2627 5116 utimur,
2658 5063 2713 5106 ut
2738 5051 2868 5112 solo,
2900 5061 2953 5104 ut
2977 5053 3060 5122 ita
3089 5051 3326 5122 eloquar,
3355 5052 3484 5122 bar-

1889 5127 2084 5180 birasio
2131 5136 2179 5179 et
2213 5141 2406 5180 corona
2427 5164 2441 5185 ,
2477 5131 2524 5175 et
2554 5124 2714 5190 quod.
2735 5163 2747 5176 .
2772 5162 2786 5176 .
2805 5162 2817 5182 .
2860 5120 3245 5191 qualescunque
3295 5120 3479 5191 etiam,

1887 5214 2018 5268 quas
2073 5195 2298 5268 Domino
2369 5195 2481 5268 (ore
2528 5190 2908 5268 tantummodo,
2944 5191 3126 5268 etltoc
3173 5190 3482 5268 rarissime)

1888 5259 2104 5320 reddere
2154 5259 2390 5320 ridemur
2424 5261 2646 5323 laudes,
2691 5264 2746 5316 in
2786 5261 2929 5314 nullo
2975 5259 3082 5313 alio
3133 5259 3484 5316 stecularibus
