4032 5354
560 226 664 281 iiii)

1418 236 1746 296 llATHEBII
1787 241 2001 299 EPISC.
2041 240 2292 297 VERON.
2357 242 2504 300 OPP.
2546 242 2807 299 PARS].

3727 245 3831 300 520

559 362 771 402 narum.
814 347 1034 404 Veniens
1092 351 1161 405 ad
1215 351 1556 423 Babylonem,
1606 355 1678 409 ibi
1724 356 2047 421 liberaberis,
2103 364 2153 409 et
2179 357 2229 417 Α
2257 356 2426 423 dium,
2461 357 2633 413 lateor
2679 372 2766 412 me
2800 354 3083 424 defecisse,-
3133 357 3240 414 nisi
3284 358 3389 414 tria
3435 358 3830 414 succurrisscnt

556 437 667 493 illic
689 438 943 494 redimam
989 449 1040 494 te
1069 438 1261 511 (Mica.
1286 457 1362 507 tv,
1394 443 1504 514 10),
1540 442 1694 511 dicit,
1730 447 1824 515 qui
1854 460 1952 517 per
1978 446 2141 501 alium

557 528 796 599 loquitur
823 529 1102 594 Dominus,
1137 530 1354 586 dicens:
1389 530 1560 587 Frons
1581 534 1869 588 meretricis
1900 535 2044 604 facta
2068 545 2144 589 est

556 618 669 683 tibi,
705 618 916 673 noluisti
945 620 1243 675 erubescere
1264 622 1399 692 (Jer.
1427 638 1507 688 ιιι,
1535 623 1613 694 5).
1640 623 1770 691 Quae
1804 625 2011 680 utinam
2036 626 2144 680 duo

554 726 656 767 nos
703 710 1102 768 infelicissimos
1155 713 1702 779 commonefacerent,
1757 724 1967 771 etcum
1996 708 2142 772 Josia

557 816 685 871 rege
710 802 897 858 scissis
935 802 1177 859 vestibus
1211 804 1393 860 dicere
1440 806 1737 876 quemlibet
1794 818 2039 863 nostrum
2073 809 2143 864 ad

556 892 791 962 reliquos
838 892 1109 948 facerent:
1147 893 1253 960 Ite,
1288 896 1542 950 consulite
1572 895 1854 950 Dominum
1883 913 2039 967 super
2058 914 2141 952 me

551 993 600 1039 et
631 1001 787 1055 super
807 986 1054 1056 populant
1086 979 1255 1040 meum
1280 996 1328 1041 et
1351 1002 1508 1057 super
1545 1004 1748 1042 onmem
1774 988 1973 1043 Judam
2028 986 2138 1061 (IV

552 1075 677 1146 Heg.
731 1091 866 1141 χχιι,
919 1077 1032 1146 15),
1066 1077 1225 1146 quem
1280 1078 1580 1147 intelligere
1609 1093 1894 1146 possumus
1921 1081 2137 1137 confes-

551 1166 703 1222 sione
737 1167 830 1220 Dei
859 1167 1121 1238 insignem
1149 1168 1472 1224 catholicam
1504 1169 1823 1236 Ecclcsiam,
1869 1172 1935 1227 de
1970 1175 2136 1229 verbis

548 1256 872 1311 voluminum
900 1259 1141 1325 istorum,
1186 1274 1455 1325 canonum
1482 1261 1689 1316 scilicet
1715 1272 1770 1317 et
1794 1263 2135 1321 decretorum

549 1362 669 1416 qua:
717 1350 1065 1404 continentur
1108 1350 1161 1405 in
1192 1352 1447 1408 earchivis
1490 1353 1879 1409 ecclesiarum:
1935 1356 2134 1427 Magna

550 1438 707 1502 enim,
732 1439 934 1503 aitille,
951 1441 1033 1494 ira
1056 1439 1271 1495 Domini
1297 1458 1544 1497 succensa
1572 1452 1645 1497 est
1668 1453 1848 1498 contra
1866 1462 1979 1511 nos,
2007 1446 2134 1515 quia

548 1542 653 1582 non
695 1530 976 1584 audierunt
1023 1540 1198 1602 patres
1220 1533 1386 1586 nostri
1414 1534 1569 1588 verba
1598 1534 1846 1589 librorum
1888 1537 2130 1604 istorum,

548 1616 605 1660 ut
637 1607 866 1676 facerent
891 1625 1042 1664 omne
1078 1611 1218 1680 quod
1240 1611 1492 1682 scriptum
1524 1625 1598 1667 est
1637 1615 1689 1667 in
1721 1614 1832 1668 eis:
1870 1623 1928 1669 ut
1951 1624 2132 1685 patres

2246 444 2334 500 hic
2356 447 2633 515 praemissa
2668 446 2960 501 memoriae.
2995 445 3125 514 Quae
3150 456 3279 503 sunt
3294 462 3431 504 vero
3449 448 3592 503 ista?
3632 447 3826 503 Ferui-

2251 525 2359 579 cati
2386 535 2527 589 sunt,
2561 525 2737 595 inquit
2766 525 3023 595 propheta
3042 564 3059 591 ,
3102 536 3150 580 et
3185 543 3289 581 non
3315 538 3645 582 cessaverunt
3676 527 3827 597 (Osee

2247 628 2323 680 IV,
2348 613 2457 684 10).
2476 615 2627 682 Quod
2642 616 2765 670 dum
2790 631 2913 670 cum
2938 615 3030 670 illo
3054 615 3296 683 confero,
3325 617 3417 673 ubi
3443 618 3677 673 dicitur:
3700 617 3829 673 Pec-

2245 707 2398 768 casti,
2418 704 2619 774 quiesce
2639 703 2846 776 (Eccli.-
2863 721 2974 767 ut,
3002 705 3054 776 1)
3078 725 3091 759 :
3120 715 3316 763 etcum
3347 707 3458 772 illo,
3482 708 3574 763 ubi
3600 708 3822 779 legitur:

2245 794 2667 864 Quifurabatur,
2685 796 2800 868 jam
2834 813 2937 851 non
2954 797 3162 867 furetur
3192 798 3409 869 (Epltes.
3442 800 3662 870 “,28);
3687 802 3826 856 vide—

2242 892 2393 939 retur
2417 886 2548 941 mihi
2578 887 2779 958 aliquid
2808 886 3224 944 fornicatoribus
3254 891 3543 960 profuisse,
3587 892 3635 946 si
3663 908 3692 945 a
3725 892 3827 946 for-

2239 976 2471 1033 nicando
2495 982 2773 1037 studerent
2795 996 3032 1037 cessare.
3062 983 3316 1054 Reliquit:
3343 986 3678 1055 cogitationis
3692 987 3825 1040 diem

2238 1064 2427 1134 festum
2442 1081 2603 1139 agent
2625 1070 2744 1139 tibil
2753 1069 2900 1125 Psal.
2928 1086 3092 1128 Lxxv.
3128 1072 3234 1143 11),
3260 1073 3385 1128 dum
3413 1073 3701 1129 Psaltnista
3719 1075 3826 1129 Deo

2238 1152 2484 1225 loquitur
2515 1174 2759 1229 quoque;
2790 1158 3003 1216 videtur
3015 1161 3144 1216 mihi
3162 1163 3406 1229 innuero,-
3427 1172 3488 1217 ut
3501 1164 3825 1234 cogitatione

2238 1267 2471 1323 nequam
2519 1253 2797 1319 derelicta,
2855 1254 3001 1323 quod
3043 1255 3115 1309 sit
3158 1255 3494 1320 enitendum,
3548 1256 3700 1327 (8t8)
3754 1270 3821 1310 ne

2237 1347 2391 1402 virus
2416 1345 2728 1401 mortifera:
2769 1344 3141 1402 delectationis
3170 1347 3223 1401 in
3264 1345 3514 1402 ell‘ectum
3546 1347 3824 1403 scelerata:

2236 1436 2464 1505 prodeat
2485 1435 2738 1501 actionis,
2759 1434 2971 1490 scabies
2992 1435 3069 1489 uti
3091 1435 3325 1505 pessima
3354 1436 3561 1501 scilice,
3592 1437 3662 1490 ab
3689 1436 3826 1491 inte-

2236 1525 2474 1581 rioribus
2522 1524 2697 1589 cutis;
2750 1540 2981 1595 eumque
3020 1525 3163 1580 diem
3220 1523 3337 1581 fore
3385 1527 3453 1581 de
3497 1525 3659 1581 nobis
3715 1525 3822 1579 Deo

2190 1610 2193 1611 ⁷
2237 1618 2554 1683 solemnem,
2610 1618 2656 1672 si
2703 1631 2927 1686 pravum
2966 1632 3102 1687 opus
3149 1628 3390 1673 nostram
3426 1633 3533 1673 non
3574 1618 3821 1688 sequitur

548 1700 818 1771 intelligas
845 1702 1209 1759 Ecclesiarum
1239 1705 1544 1775 pontitices.
1576 1705 1854 1773 Quatenus
1889 1708 1979 1763 ille
2028 1708 2134 1763 sal-
2164 1710 2211 1768 Β
2239 1710 2587 1767 voluntatem.
2629 1708 2848 1764 Veniens
2872 1727 3076 1781 quoque
3126 1710 3196 1764 ad
3225 1710 3567 1780 Babylonem,
3598 1711 3672 1764 ibi
3695 1710 3822 1763 libe-

550 1800 655 1846 tem
705 1794 925 1848 cuilibet
972 1804 1218 1850 nostrum
1260 1796 1582 1867 respondere
1608 1798 1968 1869 dignaretur:
2006 1799 2135 1855 Iltec

545 1884 670 1937 dicit
706 1883 963 1940 Dominus
992 1886 1133 1940 Deus
1159 1887 1363 1942 Israel:
1395 1888 1503 1942 Pro
1524 1905 1585 1942 ea
1614 1889 1753 1960 quod
1782 1892 1980 1945 audisti
2016 1908 2133 1946 ver-

546 1974 611 2028 ba
660 1975 954 2043 voluminis,
987 1986 1036 2032 et
1066 1980 1403 2049 perterritum
1436 1988 1508 2033 est
1547 1995 1638 2033 cor
1671 1989 1838 2044 tuum,
1877 1991 1925 2034 et
1956 1982 2133 2035 Immi-

542 2064 703 2120 liatus
751 2083 805 2121 es
833 2084 1011 2122 coram
1061 2068 1308 2134 Domino,
1355 2069 1551 2124 auditis
1600 2063 1924 2126 sermonibus
1952 2082 2133 2127 contra

542 2155 714 2209 latum
741 2158 898 2211 istum
924 2168 972 2213 et
988 2160 1307 2214 habitatores
1335 2161 1480 2229 ejus:
1511 2163 1651 2232 quod
1682 2162 1916 2217 videlicet
1947 2164 2134 2232 ﬁerent

540 2245 595 2299 in
640 2255 901 2317 stuporem
928 2257 979 2302 et
1008 2249 1364 2316 maledictum,
1393 2261 1441 2305 et
1469 2252 1670 2306 scidisti
1691 2255 1988 2308 vestimenta
2017 2265 2129 2323 tua,

538 2346 586 2389 et
611 2338 797 2407 ﬂeviin
826 2356 1002 2394 coram
1028 2356 1130 2406 me,
1154 2350 1202 2396 et
1229 2359 1324 2413 ego
1347 2342 1545 2410 audivi,
1572 2343 1701 2398 dicit
1729 2344 2005 2400 Dominus.
2030 2346 2128 2400 ld—

540 2428 928 2500 circocolligam
946 2439 994 2484 te
1023 2432 1092 2484 ad
1119 2442 1293 2501 patres
1328 2443 1468 2499 tuos,
1501 2443 1551 2487 et
1575 2433 1836 2506 colligeris
1860 2436 1929 2489 ad
1955 2437 2130 2505 sepul-

538 2532 682 2570 crum
723 2518 885 2572 tuum‘
922 2522 977 2574 in
1009 2536 1156 2590 pace,
1206 2530 1263 2574 ut
1309 2539 1413 2577 non
1459 2524 1667 2578 videant
1715 2525 1856 2579 oculi
1903 2528 1979 2581 tui
2019 2544 2131 2582 om-

540 2607 627 2660 nia
676 2608 841 2673 mala,
877 2626 996 2680 qua
1044 2612 1356 2667 inducturus
1404 2630 1521 2669 sum
1570 2631 1726 2685 super
1757 2615 1929 2671 locum
1966 2600 2125 2673 istiim

446 2752 451 2755 _
540 2695 861 2770 (lbid.,18).

606 2786 659 2841 4.
681 2786 946 2855 Quorsum
962 2797 1140 2846 tamen
1154 2791 1290 2858 haec,
1313 2794 1628 2851 detrahendi
1643 2797 1797 2854 avida
1811 2799 2127 2854 aunulorum

538 2875 586 2931 si
636 2878 876 2948 requirat
913 2880 1155 2936 invidia?
1207 2882 1475 2939 Nimirum
1513 2888 1739 2957 utquod
1784 2889 2125 2947 innotescere

537 2966 896 3037 nequiverunt
946 2971 1241 3039 prmmissa,
1296 2973 1673 3032 demonstrent
1718 2980 1953 3035 termino
1997 2994 2124 3050 pro-

2242 1800 2441 1854 raberis
2471 1798 2658 1871 (Miclt.
2685 1814 2761 1865 tv,
2799 1799 2909 1871 10),
2944 1801 3079 1854 dum
3116 1799 3267 1871 lego;
3318 1815 3440 1854 cum
3468 1799 3593 1869 quis
3615 1798 3683 1854 de
3708 1799 3820 1853 eri—-

2237 1890 2476 1946 minibus
2529 1898 2658 1945 ante
2714 1891 2850 1944 actis
2899 1888 3265 1956 cottl‘umtitur,
3311 1891 3569 1960 prodesse
3603 1888 3652 1943 ei
3685 1887 3821 1942 mul-

2238 1988 2350 2037 tum
2397 1981 2527 2036 mihi
2569 1980 2801 2035 videtur.
2847 1979 3008 2036 δαείω
3054 1996 3271 2052 quoque
3298 1980 3440 2051 regis
3469 1993 3557 2034 me
3591 1977 3818 2034 multum

2236 2069 2472 2128 oblectat
2498 2070 2825 2141 exemplum,
2857 2072 2984 2126 dum
3019 2070 3147 2125 illud
3171 2068 3299 2126 cum‘
3324 2084 3390 2126 eo
3416 2067 3645 2130 confero
3677 2068 3820 2139 quod

2235 2160 2430 2232 legitur
2458 2161 2510 2215 in
2554 2160 2956 2216 Pentateucho:
2999 2161 3102 2228 Qui
3149 2161 3399 2228 timuerit,
3458 2159 3659 2229 inquit,
3709 2173 3819 2212 verv

2234 2254 2356 2303 bum
2390 2249 2596 2304 Domini
2630 2249 2695 2303 de
2734 2248 2892 2303 servis
2924 2240 3249 2314 Pharaonis,
3281 2249 3517 2318 fecerunt
3536 2245 3819 2317 confugere

2226 2341 2463 2409 jumenta
2487 2349 2536 2394 et
2557 2356 2745 2410 pecora
2768 2357 2866 2395 sua
2895 2340 2951 2395 in
2971 2340 3161 2402 domo;
3199 2349 3247 2394 et
3292 2356 3398 2395 non
3430 2339 3618 2395 cecidit
3662 2354 3818 2409 super

2232 2449 2295 2487 ea
2324 2433 2526 2502 grando
2553 2432 2750 2501 (Exod.
2777 2448 2852 2499 xx,
2882 2433 2993 2504 20).
3036 2431 3171 2487 Illud
3194 2446 3409 2505 quoque
3433 2431 3652 2487 dicens:
3683 2428 3817 2483 Bea-

2232 2532 2315 2578 tus
2344 2523 2498 2578 homo
2525 2522 2615 2593 qui
2642 2539 2844 2591 semper
2860 2530 2936 2576 est
2956 2523 3212 2591 pavidus:
3259 2523 3349 2593 qui
3374 2537 3492 2576 vero
3531 2520 3720 2574 mentis
3740 2526 3815 2572 est

2228 2614 2400 2678 dum,
2423 2621 2629 2667 corruet
2657 2613 2711 2666 in
2734 2610 2933 2666 malum
2974 2608 3160 2683 (Prov.
3198 2627 3389 2679 xxvm,
3434 2609 3544 2681 14).
3600 2608 3810 2671 Vidisti,

2230 2702 2478 2773 inquiens
2520 2702 2797 2767 Dominus,
2855 2700 3054 2768 Achab,
3094 2701 3353 2774 quomodo
3405 2699 3718 2755 humiliatus
3738 2706 3811 2752 est

2230 2812 2406 2850 coram
2429 2795 2552 2850 me?
2583 2793 2721 2861 Quia
2745 2794 2909 2864 igitur
2945 2793 3251 2849 humiliatus
3272 2801 3347 2846 est
3370 2793 3469 2846 mei
3492 2806 3679 2855 causa,
3710 2805 3810 2843 non

2227 2888 2473 2942 inducam
2499 2872 2694 2941 malum
2720 2888 2773 2940 in
2799 2886 2977 2941 diebus
2999 2885 3111 2955 ejus
3140 2883 3259 2954 (111
3300 2883 3430 2953 Reg.
3462 2898 3574 2948 ut,
3597 2882 3715 2952 29).

2296 2979 2351 3034 6.
2386 2979 2515 3045 Qua:
2536 2979 2737 3048 utique
2788 2991 2961 3032 meam
2995 2976 3238 3032 relevare
3271 2974 3810 3046 quantulumcunque

538 3059 712 3114 sima:
769 3076 963 3132 nempe
996 3070 1055 3118 ut
1103 3064 1387 3134 patefieret
1433 3070 1719 3137 quaerenti,
1747 3070 1888 3125 unde
1911 3049 2034 3137 iste,
2066 3072 2119 3129 id
2148 3049 2196 3117 θ
2225 3084 2333 3124 non
2370 3067 2602 3123 dilliteor
2650 3067 3106 3138 desperationem,
3137 3065 3384 3138 quamvis
3422 3062 3629 3118 nullam
3670 3078 3807 3133 pra:-

535 3158 640 3215 est,
672 3151 964 3209 hodiernus
992 3155 1335 3224 prcevaluerit
1357 3172 1627 3214 canonum
1656 3173 1969 3218 sanctorum
2004 3173 2116 3220 tam

535 3241 858 3299 universalis
904 3256 1268 3318 contemptus.
1320 3250 1401 3305 Ad
1449 3250 1551 3305 boc
1587 3261 1908 3320 perventum
1934 3263 2121 3310 nostra

533 3338 620 3387 est
664 3330 1012 3401 inquisitione
1058 3344 1219 3404 atque
1248 3336 1580 3408 indagatum,
1609 3355 1797 3395 eorum
1833 3343 2121 3414 contigisse

533 3422 650 3477 sine
688 3424 852 3480 dubio
885 3428 1065 3497 culpa,
1102 3431 1194 3499 qui
1226 3447 1350 3487 cum
1370 3446 1465 3488 eos
1496 3432 1698 3504 legant,
1723 3444 1887 3506 atque
1922 3438 2120 3494 intelli-

531 3522 677 3582 gant,
710 3530 809 3584 pro
835 3516 1005 3572 nihilo
1031 3519 1256 3575 ducunt.
1290 3520 1425 3576 Tum
1456 3538 1626 3592 quare
1670 3526 1771 3581 hoc
1798 3526 2003 3583 faciant
2028 3544 2120 3599 pa—

530 3603 666 3689 riter
707 3615 786 3660 est
810 3607 1154 3679 indagatum:
1194 3612 1323 3680 quia
1370 3615 1621 3670 videlicet
1670 3632 1794 3671 cum
1847 3618 1955 3682 illa,
1997 3635 2118 3689 quae

531 3684 607 3738 illi
665 3702 986 3758 magnopere
1053 3692 1408 3760 interdicunt,
1483 3697 1569 3750 isti
1623 3696 1876 3754 libentius
1921 3684 2113 3770 agant;

530 3773 679 3847 (8l5)
706 3793 826 3846 quae
870 3781 1190 3851 praecipiunt
1233 3785 1467 3851 enixius,
1520 3792 1745 3859 exsequi
1789 3793 2116 3850 omnimodis

528 3867 735 3920 nolunt.
769 3866 899 3935 Quae
938 3879 1063 3925 sunt
1094 3873 1280 3943 utique
1323 3875 1448 3930 illa?
1474 3878 1623 3939 Duo;
1655 3880 1945 3938 Doctorum
1970 3884 2115 3939 scili-

530 3964 620 4011 cet
643 3955 897 4015 Ecclesia:
920 3964 1198 4039 prohibita
1217 3967 1413 4025 millies
1440 3971 1825 4042 mulierositas,
1858 3977 1973 4034 sive
1994 3977 2112 4035 ille-

529 4046 755 4105 cebrosa
805 4067 911 4108 non
950 4054 1256 4130 uniformis,
1310 4061 1531 4132 Deoque
1580 4066 1752 4136 magis
1798 4068 2111 4126 detestanda

528 4137 795 4209 voluptas,
824 4154 880 4198 et
907 4146 1153 4216 neglecta
1189 4150 1427 4220 ipsorum
1459 4152 1676 4210 Christo
1700 4157 1951 4216 amabilis
1979 4176 2105 4216 cas-

531 4226 676 4285 titas.
706 4229 835 4296 Quae
860 4231 1140 4306 (816)}tria
1163 4249 1520 4304 cum‘caetera,
1546 4258 1667 4312 qua:
1693 4245 1744 4300 in
1772 4247 1922 4317 libris
1944 4249 2111 4323 3'70

529 4322 873 4378 continentur
899 4327 1119 4393 divinis,
1147 4329 1350 4389 faciant
1394 4335 1614 4414 omnino
1646 4341 1938 4408 contemni,
1971 4322 2101 4399 con-

2222 3159 2386 3215 beant
2410 3158 2781 3223 securitatem.
2812 3155 2929 3214 Non
2964 3157 3173 3211 modice
3199 3170 3324 3210 nam
3365 3170 3452 3210 me
3473 3162 3646 3209 terret
3680 3154 3807 3208 dum

2222 3250 2349 3307 alibi
2380 3249 2519 3320 lego,
2546 3249 2673 3320 quia
2699 3248 2843 3304 sicut
2877 3262 2984 3301 non
3018 3245 3230 3317 prolicit
3257 3245 3473 3316 plagato
3522 3242 3806 3299 medicina:

2220 3337 2448 3409 alicujus
2477 3338 2763 3409 impensio,
2788 3338 2833 3393 si
2862 3338 3035 3392 adhuc
3064 3336 3264 3391 ferrum
3289 3336 3342 3390 in
3375 3351 3439 3391 eo
3461 3335 3563 3389 sit:
3597 3334 3672 3388 ita
3700 3349 3804 3388 non

2219 3429 2438 3501 prodest
2465 3427 2781 3498 poenitentia
2821 3426 2962 3481 illius
2993 3426 3084 3495 qui
3116 3435 3421 3495 peccatum,
3480 3423 3625 3493 quod
3653 3422 3804 3492 plan-

2219 3522 2316 3592 git,
2351 3536 2455 3575 non
2489 3519 2708 3584 deserit,
2744 3527 2802 3572 ut
2838 3517 3062 3572 Balaam
3124 3516 3313 3585 utique
3344 3514 3707 3584 compunctio,
3750 3520 3804 3567 et

2219 3613 2359 3668 Esau
2386 3609 2762 3667 consternatio
2798 3608 3007 3679 prodit:
3044 3608 3149 3663 hoc
3173 3607 3315 3661 idem
3354 3618 3571 3676 quoque
3599 3602 3803 3672 astipu-

2217 3704 2362 3759 lante
2389 3702 2640 3767 Domino,
2674 3700 2801 3755 dum
2849 3699 3013 3755 dicit:
3065 3697 3238 3765 Quam
3260 3697 3376 3751 vilis
3406 3696 3581 3767 factus
3631 3710 3686 3749 es
3710 3695 3801 3747 ite-

2217 3810 2342 3848 rans
2368 3793 2481 3847 vias
2512 3802 2635 3846 tuas
2667 3790 2806 3862 (Jer.
2847 3806 2907 3856 tt,
2947 3790 3062 3861 56),
3092 3789 3409 3862 Gregorium
3474 3785 3681 3864 Ilomil.
3711 3787 3796 3849 37,

2215 3883 2273 3937 iu
2328 3881 2554 3952 Evang.)
2613 3896 2826 3951 quoque
2878 3881 3080 3936 dixisse
3132 3880 3258 3934 dum
3310 3879 3451 3950 lego,
3495 3875 3582 3933 sel
3618 3878 3796 3941 audio,

2214 3976 2355 4048 quod
2377 3975 2444 4029 ad
2466 3989 2659 4045 magna
2687 3973 2907 4044 praemia
2929 3972 3198 4043 perveniri
3226 3987 3334 4027 non
3354 3969 3547 4042 possit,
3577 3968 3680 4025 nisi
3705 3983 3798 4039 per

2212 4082 2437 4137 magnos
2489 4066 2739 4131 labores;
2778 4073 2834 4120 et
2867 4080 3019 4120 meos
3051 4063 3338 4119 considero
3367 4076 3582 4116 mores:
3624 4060 3671 4115 si
3696 4074 3795 4113 non

2211 4165 2538 4229 perterreor,
2570 4154 2807 4210 insanire
2855 4169 2941 4209 me
2973 4153 3162 4209 lateor.
3203 4152 3259 4207 Si
3291 4153 3434 4207 enim
3484 4151 3555 4206 ad
3600 4165 3796 4221 magna

2210 4247 2434 4318 praemia
2477 4262 2585 4319 non
2630 4245 2964 4316 pervcnitur,
2996 4244 3061 4299 ad
3094 4244 3327 4299 maxima
3358 4242 3621 4314 supplicia
3657 4241 3797 4312 quod

2212 4334 2328 4388 sine
2357 4332 2520 4388 dubio
2547 4331 2913 4401 perveniatur,
2953 4330 3178 4399 intelligi
3231 4329 3409 4384 datur.
3458 4327 3602 4395 Quid
3653 4328 3794 4383 enim

530 4419 823 4482 temptores
843 4416 988 4485 ipsos
1018 4417 1165 4491 (817)
1186 4422 1310 4492 jure
1329 4404 1584 4480 vicario'a
1613 4427 1724 4483 Deo
1744 4393 2105 4489 monstratum

2232 4440 2266 4479 n
2292 4423 2471 4495 coelo,
2490 4393 2632 4493 quod
2656 4437 2761 4478 non
2784 4420 2854 4478 sit
2882 4423 3160 4492 prtemium
3209 4421 3500 4493 magnum?
3559 4421 3701 4488 Quid
3742 4420 3793 4474 in

526 4511 612 4557 est
659 4504 961 4583 reprobari,
1014 4512 1447 4579 reprobationem
1478 4531 1606 4573 vero
1662 4506 1839 4591 ipsam
1890 4538 2106 4594 ptenam

527 4592 781 4664 subsequi
819 4598 1225 4668 sempiternam,
1272 4618 1381 4660 non
1427 4594 1704 4679 vero-pro
1749 4628 1857 4670 uno
1892 4592 2105 4673 tantum

525 4693 767 4748 peccato,
814 4686 919 4757 sed
975 4687 1139 4744 etiam
1179 4706 1280 4762 pro
1321 4694 1484 4763 malo,
1532 4713 1641 4768 quo
1674 4701 1812 4759 alios
1849 4706 2105 4773 perdunt,

525 4773 790 4842 exemplo.

597 4864 651 4922 5.
682 4866 852 4940 [luitis
892 4870 1211 4941 pestilentiae
1229 4891 1350 4933 cum
1387 4878 1591 4935 nullum
1624 4843 1901 4951 posuerim
1926 4902 2103 4943 reme-

596 5086 745 5169 (iils)
771 5088 1025 5172 Bglnzips
1043 5092 1123 5172 sic
1148 5092 1249 5172 legi
1266 5104 1519 5172 oportere
1562 5100 1789 5167 monuit,
1805 5102 1979 5172 inquit
2006 5119 2105 5158 no-

525 5156 780 5277 :ggrus
807 5158 1078 5233 Spicilegii
1109 5156 1316 5218 editor."
1345 5165 1561 5222 Editum
1606 5178 1743 5237 erat,
1775 5156 1908 5243 ἰιαῶ
1931 5156 2102 5243 perci-

523 5241 746 5352 Ρηῗὲἳϐ)
776 5296 888 5352 lmo
916 5298 1044 5352 duo.
1069 5309 1129 5352 ut
1149 5318 1311 5352 snnra
1331 5321 1346 5352 ε
1375 5261 1498 5352 nam
1530 5307 1637 5352 dum
1664 5308 1924 5352 (innisum
1952 5310 2107 5352 hiut-

2210 4516 2444 4584 inferno,
2467 4513 2611 4585 quod
2639 4529 2744 4569 non
2772 4514 2843 4568 sit
2865 4512 3160 4577 maximum
3192 4511 3471 4576 damnum,
3498 4509 3795 4566 tribuitur?

2209 4609 2381 4677 Quam
2403 4622 2532 4662 vero
2564 4618 2649 4659 me
2684 4603 2960 4659 dulcisona
3013 4601 3245 4657 oblectet
3292 4599 3380 4655 illa
3419 4599 3656 4665 Domini,
3690 4613 3792 4670 qua

2209 4700 2592 4761 dicituryvox:
2630 4693 2894 4749 Gaudium
2922 4700 2996 4747 est
3033 4692 3092 4746 in
3139 4690 3265 4746 caelo
3294 4704 3452 4761 super
3471 4705 3577 4743 uno
3605 4705 3790 4760 pecca-

2211 4799 2321 4842 tore
2351 4785 2500 4856 (Luc.
2531 4799 2625 4847 xv,
2665 4783 2750 4853 7):
2782 4780 2940 4852 371
2994 4794 3158 4850 quam
3209 4779 3351 4834 illico
3390 4785 3614 4844 terreat,
3663 4779 3788 4837 dum

2211 4876 2507 4947 subjungit,
2535 4873 2887 4942 paenitentiam
2916 4880 3132 4944 agente,
3173 4882 3382 4941 nequeo
3409 4868 3610 4926 dicere.
3649 4868 3783 4924 Dum

2209 5099 2280 5155 sit
2304 5094 2711 5168 longeturpius.
2749 5090 2918 5168 _Sic_i_n
2944 5087 3501 5168 notatione__laudatus
3525 5087 3716 5144 editor.

2281 5159 2819 5240 (817)1ure'vicario,
2843 5160 2895 5216 id
2919 5169 3035 5227 est,‘
3047 5160 3188 5240 sicut
3210 5159 3675 5240 ἱιιὶιιοιιξιθιιιιιιιιιε⁵
3689 5174 3779 5212 ca-

2205 5223 2375 5294 nones
2411 5223 2479 5291 ἐι
2525 5223 3101 5310 βοιίριιιιεθὲιηβιιειὲιε,
3143 5230 3237 5310 ita_
3257 5230 3375 5285 vice
3410 5223 3577 5310 versa
3633 5227 3795 5310 Dens-

2203 5314 2472 5352 mnngtrat
2524 5299 2668 5352 insuti
2697 5304 2765 5352 ab
2805 5301 2927 5352 aliis
2964 5301 3239 5352 contemni
3279 5314 3344 5352 ac
3369 5299 3668 5352 renrohari.
3698 5299 3770 5351 uti
