4032 5354
222 244 327 298 εει

1405 240 1815 307 QUALITATIS
1851 238 2319 293 CONJECTUIU.

3373 244 3477 299 5'22

220 359 377 415 enim
424 358 552 427 quid
594 356 667 412 sit
712 358 1045 427 paenitentia,
1074 358 1152 413 vel
1178 358 1232 413 in
1253 358 1549 414 canonibus
1582 356 1802 419 sanctis,
1836 362 1883 418 Α
1980 354 2030 407 7.
2064 352 2167 409 Sed
2192 353 2303 421 jam
2354 368 2494 408 nunc
2518 353 2784 409 sulliciant
2835 354 2955 420 ista,
2996 357 3319 428 scaturigine
3353 375 3482 415 cou-

225 447 311 501 vel
346 448 399 500 in
426 460 611 501 eorum
652 446 743 515 qui
773 461 892 500 eam
913 446 1070 517 digne
1097 447 1359 511 fecerunt,
1391 446 1649 515 exemplis
1674 460 1805 500 con-

224 538 436 600 sidero,
466 548 523 590 et
552 536 820 607 ignaviam
851 537 1055 606 pariter
1080 552 1257 591 meam
1285 538 1533 602 attendo;
1577 552 1674 601 we,
1706 551 1804 599 vaa,

224 642 327 690 vae,
361 634 567 682 tantum
593 626 829 680 clamare
852 626 1164 696 compellor.
1195 626 1351 692 Nam,
1385 627 1656 682 derelictis
1682 642 1806 681 sce-

220 717 451 782 leribus,
497 716 837 771 verissimum
882 724 1042 786 atque
1080 717 1380 786 piissimum
1416 725 1658 771 tenemus
1686 731 1809 786 pro-

222 806 453 861 missum
484 806 710 865 dicentis
744 824 757 859 :
799 804 1172 860 Convertimini
1201 807 1268 859 ad
1309 823 1410 870 me,
1436 816 1485 860 et
1512 822 1603 876 ego
1635 821 1805 859 recer-

218 907 309 947 iar
341 896 411 949 ad
440 912 527 949 vos
553 894 738 964 (Zach.
765 910 806 959 i,
823 894 899 965 5).
919 896 993 950 De
1015 895 1101 950 his
1124 910 1272 960 vero,
1298 911 1416 969 qua:
1440 896 1667 965 relinqui
1697 910 1805 950 non

221 984 425 1049 valent,
476 984 607 1054 quid
645 985 899 1053 cogitem,
935 984 1132 1040 nedum
1181 985 1380 1049 dicam,
1409 985 1602 1039 dubius
1630 994 1802 1039 exsto.

220 1073 502 1143 Scriptum
558 1074 701 1130 enim
763 1088 1032 1144 cognosco
1080 1075 1147 1128 de
1198 1075 1308 1129 Deo
1348 1092 1359 1127 :
1404 1072 1465 1129 Si
1499 1074 1806 1127 concluserit

219 1164 507 1225 hominem,
547 1164 661 1233 quis
697 1164 744 1217 ei
774 1164 945 1218 dicere
985 1174 1149 1234 potest
1184 1181 1202 1218 :
1239 1163 1346 1218 Cur
1372 1165 1448 1218 ita
1488 1163 1804 1234 facis?(Job

218 1268 379 1315 xviii,
410 1253 489 1323 8.)
532 1253 608 1307 De
632 1254 822 1323 quovis
850 1254 1014 1308 etiam
1047 1254 1231 1308 talium
1264 1271 1276 1306 :
1318 1253 1539 1307 Immisit
1578 1255 1715 1307 enim
1753 1254 1811 1307 in.

219 1357 328 1398 rete
369 1349 526 1413 pelles
561 1363 705 1409 suos,
756 1358 804 1400 et
844 1347 899 1400 in
951 1348 1065 1416 ejus
1104 1347 1321 1401 maculis
1346 1347 1600 1401 ambulat.
1635 1348 1805 1414 Quem

210 1437 410 1504 utique
438 1446 616 1490 utrum
646 1437 925 1492 absolvere
950 1438 1197 1507 dignetur
1220 1438 1306 1491 ille
1327 1437 1394 1493 de
1411 1454 1521 1507 quo
1545 1439 1760 1493 canitur
1788 1457 1801 1491 :

219 1525 327 1590 Qui
358 1528 547 1595 aperit,
574 1536 620 1580 et
660 1544 807 1581 nemo
846 1527 1078 1593 claudit;
1116 1528 1338 1593 claudit,
1376 1539 1421 1581 et
1462 1544 1609 1582 nemo
1638 1530 1805 1598 aperit

225 1614 415 1684 (Apoc.
450 1632 530 1679 iii,
560 1617 613 1686 7)
646 1633 831 1679 necne,
862 1633 966 1672 non
995 1630 1077 1673 est
1098 1619 1371 1673 hominum
1403 1619 1452 1671 in
1484 1620 1585 1673 hoc
1610 1620 1804 1674 saeculo

1912 450 2141 511 temptas
2213 442 2485 496 canonica:
2535 444 2827 497 sanctionis
2888 444 3095 498 abunde
3155 456 3474 501 monstrata.

1906 530 2066 599 372
2097 528 2229 582 Nam
2245 529 2390 583 stulti
2423 530 2699 599 proprium
2720 545 2839 586 esse
2868 546 3085 585 sensum
3113 540 3278 586 totum
3308 533 3480 589 eﬂ'un-

1907 622 2033 675 ilere
2084 637 2241 675 suum
2296 620 2478 691 (Prov.
2529 638 2678 685 xxix,
2734 622 2845 691 ll),
2878 631 3087 677 asserto
3139 634 3473 679 monstratur

1908 711 2230 782 Scriptura};
2279 713 2542 781 simulque
2580 714 2727 781 (8l9)
2763 714 3057 768 cavendum
3088 714 3139 768 iii
3171 715 3361 771 silvam
3406 732 3476 772 ne

1907 801 2051 871 ligna
2081 801 2243 866 ferre,
2281 802 2559 871 liortisque
2589 803 2896 858 sitientibus
2947 804 2998 857 in
3038 803 3259 859 ﬂumine
3287 820 3478 862 vecors

1907 908 2101 962 aquam
2123 894 2356 959 mittere,
2373 892 2496 962 jure
2518 894 2789 963 vituperer
2818 896 2952 964 ipse.
2983 896 3117 960 Quia
3145 908 3273 951 vero
3299 912 3476 952 meam

1907 982 2154 1036 inertiam
2195 982 2471 1037 urbanitas
2500 985 2789 1053 quondam,
2826 986 2870 1039 si
2903 986 3158 1050 recolitis,
3211 988 3480 1056 quomodo

1906 1086 2143 1136 orarem,
2172 1080 2255 1126 est
2287 1072 2504 1143 dignata
2530 1073 2813 1128 consulere
2838 1084 3047 1140 vestra;
3099 1075 3225 1143 quid
3254 1076 3382 1129 mihi
3408 1078 3479 1130 sit

1908 1160 2172 1215 instanter
2212 1164 2475 1218 orandum
2506 1164 2557 1218 in
2586 1165 2750 1219 vestri
2784 1166 2919 1220 libro
2950 1167 3105 1221 amici
3164 1168 3476 1237 :cquinomi,

1906 1262 2066 1322 atque
2080 1255 2149 1307 ad
2176 1269 2260 1308 me
2282 1257 2707 1325 persequendum
2736 1258 2889 1321 socii,
2922 1258 3190 1313 invenisse
3217 1260 3477 1314 conﬁteor

1908 1357 2081 1396 meam
2115 1343 2506 1408 modicitatem,
2538 1344 2782 1409 Huberti,
2813 1346 2955 1415 quod
3004 1355 3059 1401 et
3085 1347 3244 1401 isthic
3275 1363 3477 1417 ponere

1906 1445 2081 1499 operm
2105 1431 2337 1500 pretium
2374 1431 2521 1486 duxi.
3518 1430 3521 1431 ⁷

2538 1541 2828 1581 ςοιιεετλ.

1977 1614 2384 1683 Conspirantes,
2442 1616 2685 1679 Domine,
2735 1627 2923 1671 contra
2984 1627 3087 1673 tum
3139 1620 3475 1683 rectitudinis

210 1705 479 1773 judicare.
536 1706 806 1776 Scriptum
836 1717 919 1764 est
965 1708 1108 1762 enim
1142 1726 1156 1762 :
1194 1708 1370 1761 Nescit
1421 1709 1573 1761 liomo
1632 1720 1805 1761 utrum
1836 1719 1880 1778 Β
1911 1703 2326 1768 firmamentum,
2376 1708 2591 1761 dextera
2645 1708 2856 1762 virtutis
2906 1718 3009 1762 tua:
3059 1722 3357 1777 prosterne,
3415 1721 3473 1765 ut

213 1797 339 1849 odio
380 1814 449 1850 an
498 1814 677 1852 amore
734 1800 921 1868 dignus
970 1799 1074 1864 sit,
1114 1798 1203 1851 sed
1245 1800 1419 1851 omnia
1469 1800 1525 1851 in
1556 1799 1796 1867 futurum

208 1896 492 1939 servantur
516 1887 711 1941 incerta
738 1888 934 1958 (Eccle.
968 1905 1043 1953 ix,
1076 1889 1149 1958 1).
1197 1888 1326 1954 Qua:
1376 1898 1553 1943 tamen
1584 1897 1798 1943 senten-

212 1977 312 2039 tia,
340 1986 399 2031 ut
421 1980 693 2047 peccaturi
724 1982 1154 2050 desperationem
1185 1980 1395 2040 adimit,
1422 1981 1495 2033 ita
1518 1980 1665 2048 justo
1691 1980 1797 2035 sol-

200 2056 551 2121 licitudinem
591 2067 794 2135 adjicit,
824 2069 868 2122 si
898 2070 1040 2137 quod
1080 2068 1353 2137 competit,
1386 2081 1545 2137 agere
1559 2083 1662 2121 non
1699 2067 1793 2121 de-

208 2156 381 2211 sistit.
415 2154 483 2211 Ut
528 2159 734 2213 scilicet
756 2176 913 2214 neino
951 2160 1001 2214 in
1034 2160 1135 2214 hac
1159 2160 1268 2212 vita
1298 2160 1368 2214 sit
1390 2160 1505 2213 sine
1532 2158 1796 2223 cura,sed

208 2248 303 2315 qui
342 2257 525 2318 sperat
558 2250 611 2303 in
643 2250 886 2314 Domino,
941 2259 1140 2321 speret,
1189 2250 1262 2304 ita
1317 2259 1493 2306 tamen
1546 2258 1605 2303 ut
1652 2250 1794 2318 quod

206 2339 329 2405 ipse
360 2339 627 2407 promisit,
671 2355 776 2394 non
816 2339 959 2394 aliud
993 2340 1255 2409 quidlibet
1307 2338 1537 2393 inaniter
1581 2346 1790 2407 speret;

205 2442 265 2485 et
310 2432 402 2501 qui
437 2432 718 2500 gloriatur,
769 2447 873 2486 non
911 2433 962 2486 in
994 2448 1071 2494 se,
1108 2432 1160 2485 id
1191 2440 1273 2485 est
1303 2444 1463 2499 opere
1486 2444 1605 2493 suo,
1632 2438 1793 2498 atque

206 2522 436 2586 virtute,
488 2523 584 2577 sed
646 2523 692 2576 si
746 2522 1026 2592 gloriatur,
1064 2523 1114 2575 in
1161 2516 1791 2589 DominoglorieturUl

207 2610 336 2666 Cor.
373 2629 426 2679 x,
460 2613 568 2683 l7).

281 2762 429 2843 (8|?)
466 2762 770 2843 Constrne:
805 2761 1125 2826 Cavendum,
1159 2762 1353 2843 neipse
1387 2761 1509 2830 jure
1538 2761 1793 2843 vituperer

209 2833 349 2901 ferre
382 2830 524 2901 ligna
554 2835 608 2885 in
633 2832 839 2897 silvam,
869 2844 917 2887 et
968 2848 1138 2886 vecors
1170 2830 1370 2885 mittere
1400 2847 1589 2899 aquam
1616 2830 1669 2881 in
1691 2831 1793 2899 ﬂu-

208 2903 349 2955 mine
378 2902 541 2956 hortis
582 2903 898 2956 sitientibus.
950 2902 1086 2967 Quia
1133 2917 1249 2955 vero
1304 2901 1572 2953 urbanitas
1624 2909 1793 2952 vestra

206 2973 470 3039 quondam
511 2973 730 3041 dignata
757 2982 830 3026 est
878 2971 1163 3034 consulere,
1187 2972 1237 3024 si
1262 2968 1508 3033 recolitis,
1550 2969 1791 3041 inertiam

1898 1791 2121 1860 justitia:
2158 1809 2263 1847 non
2292 1796 2597 1849 dominetur
2626 1796 2904 1865 iniquitas,
2934 1798 3025 1852 sed
3056 1799 3314 1852 subdatur
3337 1814 3477 1867 sem:

1900 1896 1998 1949 per
2028 1881 2231 1937 falsitas
2261 1884 2492 1937 veritati.
2523 1884 2622 1938 Per
2654 1886 2953 1954 Dominum.

2564 1990 2821 2030 SECBETA.

1971 2066 2192 2131 Oblatis,
2209 2081 2535 2136 quaesumus,
2562 2068 2803 2131 Domine,
2834 2067 3047 2136 placare
3071 2068 3400 2131 muneribus,
3419 2077 3475 2123 et

1901 2172 1998 2211 nos
2049 2156 2117 2211 ab
2166 2156 2398 2211 inimicis
2444 2156 2736 2212 clementer
2787 2158 2949 2212 libera
2989 2158 3203 2212 nostris.
3236 2156 3341 2210 Per
3371 2159 3474 2211 Do-

1902 2246 2128 2301 milium.

2475 2354 2897 2395 POSTCOHMUNIO.

1971 2429 2093 2484 Haec
2146 2444 2243 2484 nos
2280 2431 2603 2494 communio,
2640 2430 2880 2495 Domine,
2920 2441 2973 2485 et
2996 2447 3023 2484 a
3056 2432 3263 2486 cunctis
3312 2440 3472 2484 exuat

1896 2519 2124 2581 delictis,
2157 2528 2210 2572 et
2236 2520 2303 2573 ab
2330 2518 2664 2575 inimicorum
2693 2519 2941 2575 defendat
2968 2531 3214 2590 potenter
3242 2521 3466 2575 insidiis.

1897 2604 1999 2661 Per
2021 2606 2323 2660 Dominum.

1896 2760 2022 2812 dum
2051 2759 2144 2832 sit_
2174 2759 2333 2823 milii;
2370 2762 2506 2832 quod
2543 2772 2589 2815 et
2640 2779 2828 2831 ponere
2881 2764 3032 2817 isti/ie
3075 2766 3204 2819 duxi
3245 2766 3470 2832 pretium

1897 2844 2081 2901 operte.
2112 2827 2358 2901 §equens
2383 2827 2617 2886 collecta
2641 2827 2898 2901 excerpta
2921 2834 3127 2889 scilicet
3158 2852 3187 2888 a
3217 2827 3473 2887 Ratlieriu

1897 2898 1996 2971 fuit
2017 2912 2083 2952 ex
2113 2897 2251 2971 libro
2278 2899 2553 2971 cujusdam
2596 2897 2836 2971 Huberti,
2868 2905 2955 2971 qui
2995 2919 3114 2957 cum
3151 2902 3471 2958 adversariis

1894 2969 2009 3021 suis
2046 2968 2361 3043 societatem
2416 2970 2627 3043 inierat.
2683 2970 2835 3043 Hunc
2885 2968 3071 3027 autem
3122 2975 3470 3043 wquinomum

206 3038 401 3121 meum,
440 3038 703 3122 quomodo
730 3057 937 3127 orarent
950 3042 1268 3127 ;'conﬁteor,
1287 3055 1488 3120 .meam.
1515 3039 1791 3127 modicita:
1819 3065 1864 3127 ρ
1896 3048 2121 3127 uestrum
2162 3038 2414 3127 appellat,
2446 3040 2685 3127 ejusdem
2712 3041 2917 3121 scilicet
2942 3038 3217 3127 npmiuisi
3256 3042 3469 3096 Huber-

209 3121 315 3162 tem
355 3106 609 3163 invenisse
639 3112 693 3163 in
724 3110 855 3163 libro
888 3106 1113 3163 Huberti
1142 3108 1298 3161 amici
1336 3109 1488 3162 vestri
1510 3106 1789 3176 mquinomi

204 3189 362 3245 atque
383 3180 514 3232 socii
542 3179 612 3232 ad
638 3195 721 3232 me
748 3180 1175 3251 persequendum,
1199 3177 1325 3248 quid
1351 3178 1606 3231 instanter
1631 3191 1791 3229 oran-

1897 3114 2007 3229 huin
2034 3108 2175 3229 enim
2207 3108 2548 3163 Parmensein
2585 3110 2894 3179 alloquitur,
2924 3111 2987 3165 ad
3018 3128 3173 3182 quem
3205 3114 3307 3167 hoc
3330 3126 3466 3183 opus

1935 3190 2063 3229 irexi
2099 3215 2109 3225 .

1935 3190 2109 3229 II'BXII.

207 3338 3441 3376 ἡ

920 3490 1602 3607 RATHERII
1684 3492 2523 3611 OPUSCULUM
2611 3471 2770 3549 (82°)

1506 3711 1594 3766 AB
1633 3711 1722 3768 ΕΟ
1755 3710 2175 3768 INSCRIPTUM

696 3898 1391 4076 QUAlil'l‘A'l‘IS
1499 3899 2218 4055 οθιιιιιιιιιιιιι
2328 3782 2951 4057 (ιιιιιιῡιιι.

270 4278 439 4350 373
478 4278 531 4333 1.
570 4279 749 4350 Cogor
800 4294 897 4350 per
953 4296 1142 4337 omnes
1204 4292 1355 4338 actus
1392 4324 1405 4345 ,
1469 4297 1749 4345 sermones
1776 4324 1790 4348 ,
1818 4283 2120 4351 Ddebeam
2162 4281 2228 4336 ad
2271 4281 2397 4336 illud
2445 4296 2753 4351 supremum
2793 4280 3087 4351 judicium,
3141 4284 3231 4340 ubi
3282 4288 3463 4342 omnia

202 4368 538 4427 intentiones
586 4373 804 4443 insuper
864 4386 1015 4427 meas
1081 4388 1294 4428 osorum
1357 4373 1784 4430 cavillationibus

205 4459 571 4529 respondere,
616 4461 769 4531 quasi
815 4475 913 4531 ego
956 4461 1057 4515 sim
1099 4462 1283 4532 utique
1327 4462 1493 4529 solus,
1540 4464 1628 4533 qui
1678 4479 1783 4518 non

277 4632 430 4703 (820i
470 4632 583 4689 Hoc
627 4634 942 4704 opusculum
976 4635 1042 4690 ab
1073 4634 1303 4691 Acherio
1348 4637 1550 4691 editum
1577 4653 1606 4692 e
1642 4638 1784 4693 Lau-

208 4703 438 4757 dunensi
484 4703 701 4767 codice,
750 4705 891 4759 inter
939 4704 1182 4759 Ratherii
1226 4706 1629 4761 lucubrationes
1660 4708 1785 4761 Ful-

209 4773 418 4845 cuinusr
455 4784 700 4845 recenset
745 4790 863 4844 cap.
910 4775 1015 4839 24,
1065 4790 1188 4845 cum
1242 4776 1440 4845 titulo:
1477 4775 1786 4845 Conjectura

211 4843 327 4896 rita:
371 4844 505 4912 ejus.
564 4844 759 4899 Totum
803 4843 1075 4899 enimvero
1132 4844 1186 4897 in
1229 4859 1295 4899 eo
1342 4844 1455 4899 fere
1500 4843 1783 4912 versatur,

213 4919 271 4982 ut
309 4929 487 4967 mores
530 4924 585 4968 et
632 4914 1074 4969 consuetudinem
1120 4914 1241 4968 vita:
1293 4913 1529 4982 ejusdem
1571 4917 1681 4969 acri
1733 4925 1787 4970 et

214 4980 414 5035 ironica
472 4984 706 5053 quadam
759 4983 968 5053 ratione
1009 4983 1280 5052 explicet,
1323 4980 1429 5053 qua
1492 4985 1786 5040 malevolus

215 5052 499 5107 cavillator
538 5054 724 5108 omnia
773 5052 889 5119 ejus
929 5067 1088 5120 opera
1131 5053 1291 5106 etiam
1344 5052 1561 5107 meliora
1611 5063 1786 5108 trans-

215 5134 365 5160 \'Drcn
423 5123 866 5160 inlarnmlnlinna
910 5122 1246 5160 diclnrailnrn
1273 5122 1486 5160 ﬂnailnr
1548 5125 1620 5160 ΔΛ
1654 5134 1788 5160 νοω-

1883 4372 1972 4426 hic
2024 4371 2322 4426 incorrecta
2372 4381 2496 4425 sunt
2544 4372 2847 4426 ventilanda
2888 4413 2901 4438 ,
2960 4374 3144 4427 venire
3183 4416 3196 4437 ,
3250 4378 3342 4431 sed
3397 4379 3462 4431 de

1882 4462 2131 4517 omnibus
2184 4462 2234 4515 in
2292 4462 2392 4516 hoc
2431 4461 2626 4516 sarculo
2667 4461 2928 4515 rationem
2978 4462 3287 4520 hominibus
3343 4467 3458 4521 rcd-

1886 4648 2026 4687 aimo
2070 4632 2206 4695 952,
2254 4632 2346 4705 sed
2392 4633 2460 4685 ab
2532 4641 2883 4705 eo__tempore
2936 4649 3042 4703 quo
3094 4636 3459 4705 episcopatum

1886 4712 2132 4771 appetere
2174 4702 2335 4770 cmpit
2354 4742 2368 4764 ,
2406 4709 2464 4754 ut
2491 4702 2876 4769 explicabimus
2904 4702 3015 4758 net.
3046 4702 3145 4768 θὶς
3181 4702 3293 4759 Ιιοιὶ
3312 4716 3458 4760 certe

1885 4787 2020 4839 opus
2064 4772 2359 4839 scriptum,
2409 4771 2536 4824 dum
2576 4771 2950 4842 _\_leronenscm
2992 4774 3358 4842 episcopatum
3392 4786 3464 4828 tc-

1885 4850 2069 4903 neret,
2119 4851 2173 4895 et
2227 4842 2350 4893 dum
2403 4856 2524 4894 eum
2575 4840 2753 4895 Miloni
2810 4842 2977 4898 nollet
3026 4840 3344 4908 dimittere,
3398 4860 3465 4898 ex

1883 4911 2127 4979 pluribus
2173 4910 2339 4979 ipsius
2380 4911 2622 4979 opusculi
2674 4912 2804 4964 locis
2852 4911 3192 4965 manifestum
3221 4922 3345 4977 est;
3385 4913 3465 4965 di-

1886 4982 2033 5034 misit
2088 4990 2264 5033 aiitein
2306 4980 2450 5033 illum
2482 4995 2623 5033 anno
2673 4981 2795 5035 968.
2833 4980 3228 5049 Assigiiandum
3285 4991 3463 5036 autem

1885 5050 2095 5104 videtur
2142 5049 2347 5104 ineunti
2406 5050 2625 5105 circiter
2670 5065 2810 5103 anno
2853 5048 2977 5104 966.
3036 5048 3168 5102 Cum
3208 5052 3469 5106 nimirum

1886 5119 2127 5160 Rnlhnrii
2176 5121 2357 5160 Ιιηςιρα
2405 5130 2514 5160 tum
2563 5133 2626 5160 nr
2682 5120 2797 5160 niti:
2851 5118 3048 5160 littoris
3100 5118 3165 5160 ml
3216 5116 3465 5160 Milnnnm
